2170 3147
26 236 75 264 An.
91 235 120 263 C.
142 235 209 264 ¹72⁶

27 1088 64 1109 Pio
77 1088 120 1108 obit
137 1090 156 1107 et
172 1094 209 1114 pro

26 1118 98 1135 nancto
113 1120 209 1140 agnosci·

27 1145 67 1164 tur.

33 2356 82 2378 Eine
97 2358 184 2378 virtutes
195 2360 216 2379 et.

33 2384 135 2405 miracula
159 2391 216 2405 cnm-

34 2410 123 2434 probata
147 2412 215 2437 deque

34 2442 58 2454 m
74 2437 136 2457 horas
152 2444 161 2455 c·
165 2445 216 2457 ......

33 2468 90 2482 mcv
99 2466 215 2485 etmizsam

34 2489 64 2508 ml
80 2489 136 2509 litari
153 2496 215 2516 [nisse

33 2521 45 2535 a
61 2516 126 2536 Paulo
141 2516 154 2537 V
167 2523 217 2538 con.

33 2546 121 2563 cessum,

804 235 998 260 BENEDICTUS
1022 235 1077 259 xm
1101 235 1152 259 PP.

219 285 400 327 ingruente,
426 284 511 327 quod
536 284 635 316 multa
658 284 760 317 millia
785 285 953 317 hominum

218 337 360 374 sustulit,
392 337 482 379 ipse,
509 337 655 379 quamvis
681 338 862 379 corpusculi
889 348 956 369 ma-

217 389 434 422 cerationibus
478 399 562 431 pene
603 390 770 422 confectus
815 389 953 432 pedibus

219 442 267 474 vix
292 441 507 480 consisteret,
535 453 552 473 a
570 441 746 473 maioribus
771 441 956 483 impetravit

216 501 252 527 ut
275 495 308 527 in
333 494 471 537 publicis
508 494 751 526 valetudinariis
789 495 957 527 lethaliter

217 552 424 590 aegrotantes
461 547 635 586 inviseret,
673 547 789 590 stipem
828 547 954 579 vicatim

216 611 276 644 per
300 600 419 633 Urbem
440 600 659 633 esurientibus
681 606 842 642 erogaret,
858 600 955 643 inque

218 654 381 686 communi
418 653 565 686 vastitate
602 653 772 696 languidos
804 653 891 696 ipsos
927 653 956 685 in

220 706 398 749 hospitales
436 707 551 739 domos
587 706 654 738 suis
696 706 839 738 humeris
875 707 956 739 latos

220 764 364 798 exueret,
392 758 539 791 sordibus
580 759 774 798 mundaret,
814 769 850 791 ae
885 758 957 791 cibo

220 812 316 845 etiarn
341 812 429 844 verbi
455 812 511 845 Dei
537 817 687 855 pasceret
709 823 716 844 z
744 822 824 855 quae
850 812 957 844 omnia

221 871 308 898 tanto
334 866 441 898 studio
477 865 606 908 peregit
645 870 681 898 ut
713 871 744 898 et
769 865 837 908 ipse
862 865 957 909 pesti-

220 919 300 952 lenti
341 919 442 952 halitu
480 919 604 952 afflatus
645 919 834 962 aliquandiu
874 929 957 952 novo

221 972 283 1005 hoc
318 972 539 1016 experimento
573 971 760 1015 probandus
807 971 958 1005 contabe-

220 1031 335 1058 sceret.

264 1078 279 1121 ἓ
303 1078 335 1111 3.
355 1077 496 1110 Tandem
515 1088 591 1111 snae
609 1078 812 1121 migrationis
833 1083 957 1121 tempus

221 1131 483 1174 appropinquare
504 1131 776 1170 animadvertens,
796 1131 958 1164 Ecclesiae

220 1183 433 1216 sacramentis
460 1184 499 1217 ad
525 1195 676 1226 magnum
708 1184 771 1217 iter
795 1184 956 1223 munitus,

221 1237 476 1280 dulcissimoque
498 1238 569 1270 Iesu
594 1238 739 1277 nomine,
765 1238 851 1281 quod
877 1248 959 1270 sem-

220 1301 279 1334 per
304 1290 337 1323 in
362 1291 461 1323 corde
486 1296 583 1334 atque
609 1301 666 1324 ore
699 1290 878 1330 habuerat,
911 1300 959 1322 re-

220 1344 346 1387 petito,
384 1349 479 1376 nocte
517 1354 614 1387 quam
650 1343 859 1387 praedixerat
883 1347 958 1376 ante

221 1396 307 1429 diem
324 1407 354 1430 x1
379 1396 535 1429 kalendas
554 1396 647 1430 iulias
668 1397 742 1429 anni
764 1406 872 1434 mcxci,
891 1397 960 1439 plu-

223 1449 311 1482 rimis
333 1450 540 1483 admirandae
567 1455 599 1483 et
629 1456 873 1483 consummatae
898 1450 961 1482 vir-

223 1502 298 1535 tutis
324 1503 556 1545 speciminibus
590 1503 702 1543 editis,
735 1503 960 1545 placidissima

223 1555 254 1588 in
280 1566 358 1598 pace
385 1555 514 1598 quievit,
534 1565 619 1588 anno
638 1556 751 1588 aetatis
773 1566 849 1588 suae
871 1565 959 1594 xxm,

222 1608 388 1651 religionis
406 1619 448 1649 vi,
469 1609 641 1642 clericatus
661 1619 704 1642 iv.
732 1609 778 1641 Ad
798 1609 866 1641 eius
886 1619 961 1641 exu-

221 1662 285 1695 vias
321 1663 520 1696 venerandas
556 1667 642 1695 tanta
674 1662 787 1706 populi
826 1661 960 1694 Romani

224 1715 315 1748 turba
346 1716 500 1749 confluxit
534 1722 570 1748 ut
595 1715 683 1748 aedis
718 1720 828 1759 portas
854 1714 960 1747 claudi

222 1769 414 1812 oportuerit,
433 1779 474 1802 ne
495 1779 619 1802 sacrum
638 1769 756 1811 pignus
778 1766 961 1801 devotionis

222 1825 317 1856 causa
342 1823 374 1855 in
396 1823 498 1856 frusta
523 1823 771 1866 discerperetur.
797 1821 834 1854 Et
855 1831 962 1865 quam-

223 1875 269 1909 vis
297 1876 438 1910 loculum
466 1876 723 1919 sepulchralem,
749 1875 778 1909 ei
803 1874 962 1907 servando

223 1929 446 1971 adsignatum,
470 1929 578 1962 nullus
604 1929 681 1962 foris
714 1929 826 1961 titulus
852 1928 964 1960 distin-

224 1987 350 2024 gueret,
378 1982 520 2015 fidelium
547 1987 652 2014 tamen
679 1981 783 2024 pietas
816 1980 962 2013 accensis

226 2033 357 2073 facibus,
384 2034 564 2077 votivisque
597 2033 725 2066 tabellis
762 2043 797 2065 ac
823 2032 964 2065 donariis

226 2087 366 2120 subinde
392 2088 512 2127 allatis,
550 2097 624 2119 eum
663 2086 764 2129 probe
804 2086 962 2119 distinxit.

227 2139 347 2184 Aloysii
372 2140 576 2173 sanctitatem
602 2140 723 2173 diserto
749 2138 845 2172 etiam
872 2149 966 2182 prae-

225 2193 320 2227 conio
347 2193 490 2236 vulgavit
523 2193 555 2226 in
588 2193 704 2225 mentis
739 2202 872 2225 excessu
908 2191 965 2224 Dei

225 2246 360 2287 ancilla,
393 2246 603 2289 postmodum
639 2245 759 2278 sanctis
783 2244 965 2287 virginibus

227 2299 451 2339 adnumerata,
470 2299 567 2332 Maria
584 2298 772 2340 Magdalena
790 2298 828 2330 dc
844 2297 965 2330 Pazzis.

271 2352 342 2396 §lt⁸
377 2352 459 2390 Quin
496 2352 610 2385 crebra
642 2357 673 2384 et
705 2351 840 2384 maxima
877 2350 969 2392 signa

228 2417 288 2450 per
313 2406 394 2439 servi
421 2405 469 2439 sui
495 2405 825 2438 intercereessionem
851 2414 868 2436 a
904 2403 969 2435 Deo

228 2464 355 2502 patrata
379 2458 525 2492 eiusdem
551 2457 734 2491 sanctitatis
772 2458 886 2490 samam
912 2465 970 2499 per

228 2513 417 2546 universam
441 2512 564 2544 Italiam
590 2511 629 2543 eo
656 2521 759 2554 usque
783 2510 968 2552 vulgarunt,
991 2545 993 2559 k

227 2570 263 2598 ut
287 2565 431 2609 synodus
448 2565 619 2598 Mantuana
637 2563 832 2598 recolendae
851 2573 971 2596 memo-
991 2562 992 2566 ’

230 2619 296 2652 riae
324 2619 524 2653 antecessori
551 2624 660 2652 nostro
694 2618 792 2651 Paulo
817 2616 923 2660 Papae
950 2615 994 2652 v,

1635 223 1700 257 485

1001 285 1111 317 enixas
1138 293 1252 327 preces
1276 283 1432 317 obtulerit
1456 293 1516 326 pro
1549 283 1679 325 Aloysio
1706 282 1738 314 in

1001 338 1171 369 beatorum
1198 347 1368 370 numerum
1395 336 1578 369 referendo.
1604 335 1739 368 Eodem<

1002 399 1065 431 que
1092 390 1205 428 relato,
1228 400 1328 432 quum
1344 388 1435 421 multi
1458 387 1626 421 christiani
1653 387 1740 430 prin-

1001 441 1088 484 cipes
1114 453 1131 474 a
1155 442 1238 475 Sede
1271 442 1455 485 Apostolica
1495 441 1680 484 flagitarent
1706 445 1739 471 ut

1000 495 1086 527 inter
1110 500 1238 527 sanctos
1263 505 1392 538 quoque
1418 498 1658 531 numeraretur,
1687 502 1739 525 res

1003 553 1089 580 tanta
1128 547 1365 580 venerabilium
1408 548 1543 580 fratrum
1569 547 1600 579 S.
1634 546 1672 578 R.
1702 545 1737 578 E.

1001 601 1213 633 cardinalium
1239 601 1337 634 sacris
1369 601 1483 633 ritibus
1517 599 1740 634 examinandis

1001 653 1257 696 praepositorum
1272 653 1393 686 iudicio
1410 654 1642 697 perpendenda
1658 663 1742 685 com-

1002 707 1099 739 missa
1125 712 1183 739 est.
1211 707 1248 739 Hi
1282 717 1356 740 vero
1389 707 1423 739 B.
1452 707 1571 750 Aloysii
1608 706 1741 739 virtutes

1003 764 1035 792 et
1058 760 1221 799 miracula,
1241 760 1280 793 de
1306 760 1424 803 quibus
1442 761 1538 803 plene
1564 759 1740 797 constabat,

1002 813 1041 846 ad
1067 823 1177 845 sacros
1203 813 1365 846 Ecclesiae
1383 823 1524 846 canones
1545 818 1575 845 et
1600 812 1743 855 discipli-

1002 876 1076 898 nam
1101 864 1261 907 sufl'ragiis
1296 865 1361 898 suis
1394 865 1525 898 omnino
1551 865 1741 908 comproba-

1002 923 1129 958 verunt,
1156 918 1233 950 itaut
1258 918 1312 951 Dei
1339 928 1466 950 servum
1493 918 1579 950 inter
1614 922 1742 950 sanctos

1002 971 1137 1010 referri,
1163 972 1268 1014 deque
1306 982 1342 1004 co
1377 976 1537 1014 tamquam
1575 970 1614 1003 de
1646 971 1742 1002 beato

1003 1024 1189 1056 confessore
1226 1023 1368 1056 officium
1396 1020 1532 1056 ⁴recitari
1566 1033 1661 1065 posse
1694 1022 1743 1054 iu-

1003 1077 1161 1109 dicarent.
1190 1076 1268 1109 Tres
1294 1077 1411 1109 deinde
1437 1076 1640 1119 antiquiores
1661 1077 1742 1109 sacri

1002 1130 1112 1173 palatii
1138 1129 1307 1173 apostolici
1334 1140 1502 1162 causarum
1532 1130 1655 1162 iudices
1682 1129 1743 1161 hac

1003 1184 1043 1216 de
1078 1194 1111 1216 re
1138 1194 1227 1215 suam
1260 1183 1472 1222 relationem,
1505 1182 1742 1225 quinquennali

1003 1236 1204 1269 discussione
1231 1236 1464 1279 compositam,
1491 1235 1684 1275 ediderunt3
1711 1235 1742 1267 in

1003 1291 1133 1333 praevio
1159 1290 1306 1323 examine
1332 1295 1364 1323 et
1389 1289 1627 1332 approbatione
1652 1289 1745 1321 virtu·

1004 1349 1072 1376 tum
1113 1354 1148 1376 ac
1193 1343 1422 1376 miraculorum
1469 1353 1597 1375 causam
1634 1342 1666 1374 in
1706 1352 1744 1374 eo

1003 1401 1086 1429 statu
1113 1407 1182 1429 esse
1209 1396 1369 1435 dixerunt,
1389 1400 1424 1428 ut
1450 1400 1527 1436 tuto,
1543 1401 1574 1428 et
1600 1394 1745 1438 quando-

1004 1460 1142 1492 cumque
1168 1449 1199 1481 id
1225 1449 1375 1489 luberet,
1404 1449 1517 1481 beatus
1542 1448 1596 1481 Dei
1633 1458 1745 1480 servus

1004 1502 1088 1535 inter
1103 1507 1232 1535 sanctos
1250 1502 1467 1541 confessores,
1485 1501 1602 1534 referri
1620 1506 1743 1543 posset.

1005 1556 1213 1588 Postmodum
1262 1555 1443 1588 cardinales
1488 1554 1586 1586 simul
1628 1554 1745 1586 iterum

1005 1609 1206 1652 congregati,
1233 1608 1438 1641 inhaerendo
1465 1607 1514 1640 liis
1545 1617 1626 1650 quae
1652 1612 1746 1639 antea

1005 1667 1202 1694 censuerant
1227 1666 1258 1694 et
1283 1660 1476 1704 praesertim
1509 1660 1659 1693 relationi
1692 1670 1746 1692 eo-

1006 1715 1155 1747 rumdem
1191 1715 1286 1747 trium
1321 1713 1403 1747 sacri
1437 1713 1547 1756 palatii
1582 1713 1744 1752 iudicum,

1006 1768 1132 1811 pridem
1159 1778 1175 1800 a
1201 1778 1234 1800 se
1260 1773 1330 1800 acta
1365 1772 1396 1799 et
1424 1766 1573 1807 iudicata,
1599 1776 1664 1798 uno
1689 1776 1746 1799 ore

1008 1826 1039 1854 et
1065 1821 1196 1853 nemine
1216 1821 1436 1863 discrepante,
1457 1819 1745 1852 confirmaverunt.

1007 1873 1110 1911 Quare
1136 1874 1254 1906 Paulus
1282 1873 1367 1915 Papa
1391 1873 1424 1912 V,
1450 1872 1499 1904 his
1524 1872 1660 1910 auditis,
1693 1882 1747 1904 au-

1008 1927 1155 1959 ctoritate
1182 1926 1370 1969 apostolica,
1392 1935 1458 1958 non
1479 1925 1583 1958 sotum
1608 1923 1745 1963 Romae,

1009 1980 1064 2012 scd
1086 1979 1117 2012 in
1133 1980 1395 2022 quibuscumque
1425 1978 1506 2011 locis
1531 1977 1648 2010 Italicis
1668 1977 1749 2010 Man-

1010 2033 1098 2065 tuani
1133 2032 1223 2065 ducis
1256 2037 1288 2065 et
1315 2031 1501 2075 principum
1529 2040 1566 2063 ex
1599 2030 1748 2072 Gonzaga

1010 2091 1106 2128 gente
1132 2084 1270 2129 imperio
1295 2084 1447 2117 subiectis
1472 2084 1570 2127 inque
1603 2083 1747 2116 ecclesiis

1010 2139 1178 2172 Societatis
1203 2138 1275 2171 Iesu
1300 2142 1543 2171 sacrosanctum
1569 2136 1683 2169 missae
1701 2146 1749 2169 sa-

1012 2191 1169 2225 crificium
1221 2197 1316 2234 atque
1360 2191 1462 2223 Horas
1503 2190 1673 2223 canonicas
1717 2189 1749 2221 in

1011 2245 1045 2277 B.
1075 2245 1196 2288 Aloysii
1222 2244 1379 2277 honorem
1406 2243 1569 2276 celebrari
1605 2248 1636 2275 et
1668 2242 1750 2275 reci-

1014 2298 1073 2330 tari
1098 2307 1192 2340 posse
1218 2297 1375 2330 decrevit:
1402 2297 1488 2340 quod
1522 2296 1694 2335 indultum,
1721 2306 1752 2328 a·

1013 2350 1180 2393 postolicis
1217 2349 1335 2382 litteris
1368 2349 1537 2389 traditum,
1575 2359 1633 2392 per
1672 2348 1752 2382 alios

1014 2407 1127 2445 postea
1152 2403 1314 2435 Romanos
1335 2401 1513 2434 Pontifices
1531 2408 1752 2435 antecessores

1015 2461 1144 2488 nostros
1169 2455 1206 2487 ad
1232 2455 1415 2487 universam
1453 2454 1644 2488 Societatem
1682 2454 1752 2487 Iesu

1015 2513 1045 2542 et
1069 2509 1237 2551 complura
1268 2508 1330 2540 alia
1366 2509 1458 2548 loca,
1491 2508 1530 2541 de
1564 2508 1753 2541 eorumdem

1014 2561 1250 2594 venerabilium
1288 2561 1423 2594 fratrum
1463 2561 1600 2594 consilio
1642 2560 1754 2594 sutl'ra-

1016 2615 1147 2659 gioque,
1175 2620 1346 2648 extensum
1372 2620 1430 2647 est.

1747 232 1798 259 An.
1815 231 1843 259 C.
1865 232 1934 259 172ss
