2170 3147
2 204 56 235 mu.
76 204 107 232 C.
124 204 193 233 ¹726

19 476 88 498 Variis
101 473 188 501 privile·

6 504 45 530 giis
60 502 114 523 idum
125 501 188 522 dcco·

6 533 70 553 ratur.

780 202 975 228 BENEDICTUS
1001 203 1055 227 xm
1079 202 1129 227 PP-

199 257 230 285 et
247 251 488 285 iurisdictiones
507 257 663 291 exerceat,
683 251 761 285 alias
779 262 796 284 a
813 252 936 285 locum-

199 310 330 338 tenente
355 304 440 338 civili
466 310 497 338 et
522 305 666 347 generali
692 305 833 337 exerceri
859 305 937 337 soli-

198 362 257 399 tas,
274 369 353 401 quas
375 368 487 391 omnes
512 359 734 402 approbamus
761 363 793 390 et
819 357 936 391 confir-

198 422 333 444 mamus.

242 464 257 507 ξ,
281 463 312 497 5.
340 464 503 505 Volumus,
524 469 558 496 ut
576 463 660 497 idem
682 469 792 497 noster
816 464 938 496 locum—

198 521 311 550 tenens
352 516 454 550 civilis
495 522 527 550 et
566 517 728 560 generalis
764 516 937 548 Ravennae

199 568 407 612 eiusdemque
433 569 533 602 futuri
559 579 768 602 successores
790 569 938 600 fruantur

198 633 258 656 usu
283 627 314 656 et
332 622 538 656 habitatione
557 623 589 656 in
607 623 742 656 aedibus
763 621 866 655 nostri
884 631 938 665 pa-

198 675 267 709 latii
285 675 455 719 apostolici
481 675 650 718 legationis
676 674 883 713 Ravennatis,
906 673 938 706 in

200 739 263 772 quo
290 728 449 761 habitavit
466 734 498 762 et
521 739 608 762 nunc
633 728 758 762 habitat
782 728 940 760 locumte-

199 792 280 816 nens
306 782 407 815 civilis
433 787 465 815 et
489 782 652 825 generalis
679 782 778 825 ipsius
804 780 940 823 legatio-

199 835 263 868 nis.
290 834 369 868 Item
395 835 550 875 volumus,
577 840 613 868 ut
637 835 723 868 idem
748 839 860 867 noster
885 834 936 866 lo-

200 892 394 921 cumtenens
419 887 586 931 speciatim
605 893 637 920 et
661 886 836 920 distinctim
855 898 871 919 a
889 895 940 918 ce·
960 888 962 896 ’

199 940 277 973 teris
295 940 485 973 doctoribus
505 939 633 982 collegii
653 939 847 972 Ravennatis
866 948 940 981 pos-

201 992 242 1025 sit
274 998 306 1026 et
336 992 453 1025 debeat
487 993 594 1036 palam
633 992 771 1025 induere
804 990 940 1035 pallium

201 1045 341 1088 nigrum,
360 1056 425 1089 quo
443 1051 575 1079 nostrae
594 1046 685 1078 aulae
704 1043 940 1077 consistorialis
961 1063 963 1069 ›

202 1098 346 1132 advocati
363 1098 499 1132 induere
517 1103 774 1136 consueverunt;
793 1097 879 1141 quod
896 1096 941 1128 in-

202 1150 393 1184 dumentum
418 1156 450 1184 et
469 1152 604 1195 pallium
622 1150 828 1184 concedimus
845 1149 941 1183 etiam

203 1205 412 1247 gubernatori
432 1205 576 1238 eiusdem
591 1204 725 1238 civitatis
737 1203 940 1238 Ravennatis.

201 1258 354 1291 Volumus
379 1258 486 1299 etiam,
515 1264 549 1291 ut
573 1259 760 1302 praedictus
786 1259 942 1290 locumte-

202 1324 284 1347 nens
309 1319 472 1356 tamquam
493 1312 572 1346 civis
594 1311 720 1345 nativus
747 1316 779 1344 et
803 1310 943 1353 origina-

203 1367 271 1399 rius
289 1366 427 1399 civitatis
453 1366 627 1398 Ravennae
653 1364 829 1398 sessionem
848 1368 879 1396 et
900 1364 944 1396 lo-

205 1431 276 1453 cum
302 1420 420 1453 habeat
445 1424 541 1463 atque
568 1419 756 1461 sutl'ragium
781 1418 812 1450 in
838 1417 945 1461 publi-

205 1472 250 1506 cis
268 1473 415 1506 consiliis
433 1478 465 1506 et
479 1472 624 1505 coetibus
643 1471 850 1515 generalibus
868 1470 944 1504 eius-

206 1525 280 1558 dem
312 1525 449 1558 civitatis
482 1525 653 1558 Ravennae
686 1524 804 1557 sedens
836 1523 945 1557 statim

204 1584 277 1622 post
301 1579 525 1621 magistratum
557 1578 751 1621 sapientum.
778 1577 879 1616 Quum
905 1576 947 1610 sit

205 1641 273 1665 mos
299 1636 335 1664 ut
358 1631 477 1674 singuli
504 1632 656 1664 doctores
677 1631 807 1673 collegii
830 1630 946 1663 Raven-

206 1684 292 1718 natis
320 1690 383 1717 tres
408 1689 555 1727 patentes
580 1684 704 1716 litteras
730 1682 946 1726 exemptionis

207 1748 225 1771 a
250 1737 435 1782 represaliis
460 1737 603 1780 aliasque
629 1737 794 1770 facultates
830 1736 863 1769 in
892 1736 947 1768 iis-

208 1791 281 1824 dem
307 1791 493 1835 patentibus
529 1790 647 1823 litteris
673 1790 809 1833 exprimi
835 1788 946 1822 solitas

209 1843 424 1883 distribuant,
450 1844 598 1877 volumus
625 1848 658 1875 ut
679 1848 792 1876 noster
823 1843 948 1875 locum-

208 1900 321 1932 tenens
336 1908 401 1931 non
417 1903 479 1930 tres
498 1903 618 1930 tantum
637 1897 693 1930 sed
712 1898 822 1930 decem
842 1896 948 1929 distri-

208 1950 309 1984 buere
333 1950 446 1994 possit,
465 1961 518 1983 eas
538 1951 576 1982 ad
602 1950 786 1983 universam
811 1950 948 1992 legatio-

210 2013 284 2037 nem
302 2009 334 2036 et
353 2003 552 2046 provinciam
578 2003 767 2035 extendens.
795 2002 872 2035 Item
894 2012 948 2035 vo-

210 2056 329 2094 lumus,
346 2061 380 2088 ut
404 2055 490 2088 idem
516 2056 742 2088 locumtenens
761 2065 821 2099 pro
842 2055 948 2088 iudice

211 2114 362 2152 suspecto
390 2109 502 2141 haberi
527 2113 560 2141 et
584 2109 717 2151 allegari
743 2119 807 2141 non
833 2108 946 2151 possit,

212 2161 276 2195 nisi
309 2161 475 2205 speciatim
514 2167 544 2194 et
578 2161 715 2194 iuridice
747 2162 885 2205 probata
917 2167 949 2193 et

212 2220 342 2248 ostensa
367 2214 464 2248 suerit
487 2224 551 2247 una
577 2225 612 2247 ex
639 2214 764 2254 causis,
789 2213 829 2247 ob
856 2223 948 2257 quas,

213 2267 393 2302 seeundum
426 2267 674 2310 dispositionem
703 2266 780 2299 iuris
806 2277 950 2300 commu-

212 2321 284 2362 nis,
310 2321 404 2354 iudex
441 2320 626 2353 ordinarius
659 2320 802 2353 recusari
835 2319 946 2362 possit.

213 2373 363 2417 Cognitio
393 2380 499 2407 autem
531 2373 715 2406 huiusmodi
747 2372 949 2416 exceptionis

215 2432 372 2461 etcausae
392 2427 616 2460 tantummodo
631 2431 756 2469 spectet
776 2427 815 2459 ad
833 2425 948 2458 S.R.E.

214 2481 397 2515 cardinales
422 2482 556 2523 legatos,
582 2480 807 2524 praesidentes
833 2480 881 2512 vel
902 2489 952 2511 re-

216 2541 326 2568 ctores
355 2534 542 2578 provinciae
576 2532 826 2573 Romandiolae,
855 2533 951 2573 itaut,

215 2597 280 2623 non
298 2587 432 2631 probata
450 2587 518 2620 ulla
535 2596 571 2620 ex
590 2586 702 2620 iisdem
724 2585 839 2628 causis,
856 2585 951 2619 iudex

978 252 1206 284 locumtenens
1225 250 1284 284 sub
1310 251 1415 294 poena
1433 249 1589 283 nullitatis
1609 248 1718 282 iudicii

980 304 1069 337 reiici
1096 314 1161 337 non
1192 304 1304 347 possit.
1333 304 1436 346 Atque
1468 304 1549 336 llaec
1574 304 1719 335 voluntas

979 362 1100 396 nostra,
1115 358 1200 400 quod
1216 357 1253 390 ad
1269 357 1456 390 exercitium
1474 356 1617 388 muneris
1636 356 1719 388 eius-

981 411 1053 443 dem
1080 411 1184 443 nostri
1209 411 1464 444 locun‘ttenentis
1491 409 1592 442 civilis
1619 414 1649 442 et
1668 419 1719 451 ge-

981 462 1108 500 neralis,
1130 463 1239 495 statim
1264 469 1338 505 post
1362 464 1559 506 completam
1587 461 1720 503 legatio-

981 525 1054 548 nem
1081 515 1188 548 dilccti
1214 515 1271 548 lilii
1297 515 1438 548 Cornelii
1463 516 1495 548 S.
1519 515 1555 548 R.
1576 515 1610 547 E.
1637 514 1719 547 tituli

980 568 1011 600 S.
1028 567 1215 611 Hieronymi
1236 568 1436 612 Illyricorum
1456 567 1637 610 presbyteri
1656 578 1723 599 ear-

982 620 1098 653 dinalis
1125 620 1286 653 Bentivoli
1312 620 1505 663 nuncupati,
1533 620 1720 663 provinciae

982 673 1215 706 Romandiolae
1249 673 1345 715 legati
1378 672 1563 716 apostolici,
1590 672 1640 705 vel
1668 682 1723 704 eo-

982 726 1054 759 dem
1088 736 1224 758 munere
1258 725 1510 758 locumtenentis
1550 730 1721 764 vacaturo,

983 789 1075 812 suum
1089 778 1237 812 etl'ectum
1252 783 1282 811 et
1300 778 1550 822 exequutionem
1567 778 1723 811 obtineat.

1027 832 1096 875 ἓὸ.
1124 831 1213 865 Licet
1246 831 1331 864 idem
1369 832 1597 864 locumtencns
1623 831 1724 864 civilis
1765 842 1850 862 mu<
1885 849 1894 861 ρ

983 891 1014 919 et
1035 886 1200 928 generalis
1226 884 1303 918 olim
1330 894 1389 927 pro
1416 886 1471 917 sua
1498 885 1635 917 honesta
1656 876 1768 916 sus-lii.

985 938 1164 971 tentatione
1199 937 1356 981 propinas
1393 941 1515 969 tantuin
1552 938 1600 969 vel
1633 948 1710 980 spor
1753 961 1756 968 i

985 993 1078 1032 tulas,
1101 992 1246 1035 aliosque
1272 997 1449 1035 proventus
1475 991 1617 1024 incertos
1643 982 1910 1027 eius-itisix'ss,aa'ji'st

984 1045 1057 1079 dem
1072 1046 1215 1078 muneris
1231 1045 1361 1088 exigere
1379 1044 1592 1083 consueverit,
1608 1044 1725 1077 nihilo·
1762 1036 1777 1048 ¹‘

984 1100 1100 1141 minus,
1121 1111 1219 1143 quum
1245 1100 1286 1132 ob
1309 1105 1493 1142 temporum
1520 1099 1725 1131 difficultates

985 1153 1117 1186 eaedem
1137 1153 1305 1196 propinae,
1324 1153 1499 1195 sportulae,
1519 1152 1639 1194 aliique
1658 1162 1728 1194 pro·

984 1211 1098 1240 ventus
1124 1206 1237 1239 incerti
1263 1206 1437 1249 plurimum
1465 1205 1612 1238 diminuti
1639 1215 1727 1248 repe.

985 1259 1121 1300 riantur,
1143 1260 1224 1292 itaut
1250 1260 1348 1292 ferme
1375 1259 1515 1302 impares
1541 1258 1605 1290 sint
1635 1258 1727 1290 susti-

986 1313 1094 1346 nendo
1122 1313 1213 1346 oneri
1244 1318 1274 1346 et
1309 1312 1454 1352 muneri,
1483 1318 1660 1355 propterea
1686 1312 1728 1345 ei-

987 1366 1059 1399 dem
1074 1372 1204 1399 nostrae
1223 1366 1343 1399 civitati
1370 1365 1598 1398 Ravennatium
1617 1375 1729 1398 conce-

988 1419 1102 1461 dimus,
1117 1424 1151 1452 ut
1168 1419 1200 1452 in
1220 1425 1385 1462 posterum
1400 1418 1537 1461 singulis
1557 1418 1650 1451 annis
1670 1418 1728 1450 tria

988 1472 1088 1506 millia
1113 1483 1342 1505 mensurarum
1368 1471 1477 1511 tritici,
1506 1482 1588 1514 quae
1613 1471 1729 1503 rechbz'a

989 1526 1084 1568 vulgo
1099 1526 1320 1568 appellantur,
1340 1535 1376 1557 ex
1397 1526 1462 1557 tota
1480 1523 1601 1556 ditione
1618 1523 1727 1556 S.R.E.

988 1589 1048 1622 per
1073 1589 1170 1621 aquas
1196 1578 1369 1611 extrahere
1396 1577 1509 1621 possit,
1530 1577 1606 1609 illuc
1625 1577 1730 1609 seren-

990 1632 1074 1671 dam,
1097 1631 1160 1674 quo
1186 1630 1390 1674 emptoribus
1417 1630 1529 1663 utilius
1554 1629 1726 1662 videbitur.

990 1684 1099 1717 Lucris
1130 1694 1206 1717 vero
1239 1695 1274 1717 ex
1310 1683 1495 1716 huiusmodi
1529 1683 1729 1715 extractione

990 1736 1222 1781 percipiendis,
1241 1737 1347 1770 eidem
1366 1741 1478 1769 nostro
1496 1735 1729 1769 locumtenenti

990 1791 1074 1824 civili
1096 1797 1128 1824 et
1147 1790 1292 1834 generali
1318 1790 1493 1833 anticipate
1511 1790 1654 1822 solvatur
1670 1789 1729 1821 sin-

990 1844 1073 1886 gulis
1100 1843 1269 1876 mensibus
1296 1853 1420 1875 summa
1446 1848 1610 1875 scutorum
1631 1851 1732 1874 roma·

990 1907 1106 1930 norum
1123 1896 1368 1940 quinquaginta,
1384 1896 1409 1928 si
1424 1895 1562 1938 pretium
1579 1895 1729 1927 eductum

992 1950 1112 1989 suerit,
1140 1950 1190 1982 sin
1216 1959 1302 1987 vero,
1330 1959 1365 1981 ex
1391 1948 1496 1992 pretio
1519 1952 1633 1990 postea
1654 1947 1730 1979 edu=

991 2003 1095 2036 cendo
1120 2002 1226 2035 statim
1260 2003 1422 2035 solvatur:
1452 2011 1547 2044 quain
1574 2010 1732 2033 summam

992 2056 1076 2089 idem
1102 2057 1326 2089 locumtenens
1343 2060 1441 2087 totam
1460 2054 1620 2097 percipiat
1639 2063 1732 2096 prae-2

993 2115 1040 2142 ter
1065 2110 1237 2153 sportulas,
1263 2108 1419 2151 propinas
1444 2113 1636 2149 ceterosque
1662 2116 1731 2149 pro*

993 2168 1105 2195 ventus
1132 2161 1273 2195 incertos
1299 2161 1446 2204 superius
1471 2158 1666 2197 nominatos,
1693 2170 1730 2193 ex

993 2216 1109 2248 eodem
1134 2225 1270 2247 munere
1297 2213 1419 2257 percipi
1446 2213 1583 2252 solitos,
1613 2212 1730 2256 quibus

993 2279 1052 2312 per
1088 2273 1278 2311 praesentes
1309 2267 1431 2300 litteras
1468 2271 1596 2299 nostras
1628 2265 1733 2299 neuti-

994 2331 1091 2364 quam
1109 2321 1311 2362 derogamus.
1327 2319 1463 2362 Reliqua
1478 2318 1634 2362 pecuniae
1652 2329 1733 2351 surn-

993 2384 1054 2413 ma,
1073 2383 1110 2406 ex
1136 2373 1250 2406 eadem
1269 2373 1365 2405 trium
1384 2372 1522 2405 millium
1540 2372 1731 2405 rubbiorum

995 2425 1091 2458 tritici
1117 2425 1315 2458 extractione
1340 2424 1560 2468 percipienda,
1588 2425 1617 2456 in
1645 2435 1732 2457 eom-

994 2478 1159 2512 munitatis
1173 2479 1346 2511 Ravennae
1363 2477 1557 2510 beneficium
1571 2483 1730 2517 vertatur,

996 2532 1115 2576 quibus
1140 2542 1179 2565 eo
1205 2531 1303 2564 modo
1327 2531 1389 2563 srui
1416 2531 1541 2574 possit,
1568 2541 1630 2574 quo
1656 2540 1732 2573 pera

996 2595 1091 2620 sonae
1132 2584 1388 2629 quibuscumque
1421 2584 1600 2628 privilegiis
1633 2583 1734 2617 honen

1618 192 1682 225 4:35
1729 202 1780 227 An.
1798 201 1825 227 c.
1845 200 1913 226 ¹72ss
