2170 3147
237 234 273 258 Αη
301 234 330 258 e.
350 233 417 259 1725
463 224 527 256 192

429 282 601 326 praetendi
621 286 742 324 posset,
762 282 974 322 restituimus,
991 281 1175 325 pristinum-

431 346 492 379 que
530 334 562 367 in
599 339 718 366 statum
749 334 939 377 reponimus
966 345 1002 367 ac
1028 333 1174 377 plenarie

430 386 684 429 reintegraiuus,
723 396 843 429 easque
880 386 918 418 ab
955 384 1105 418 omnibus
1143 389 1176 417 et

430 438 576 482 singulis,
608 439 647 472 ad
681 449 761 482 quos
798 444 923 483 spectat
953 443 985 471 et
1015 437 1176 482 spectabit

430 492 682 536 quomodolibet
699 492 732 524 in
750 492 902 533 futurum,
924 503 959 526 ac
981 491 1173 535 praesertim

430 558 446 579 a
472 546 631 579 moderno
663 551 696 578 et
732 557 789 589 pro
827 550 976 588 tempore
1014 545 1173 578 existente

430 601 586 644 episcopo
605 600 788 643 Eugubino,
809 600 841 632 in
867 605 1035 643 posterum
1062 599 1174 631 incon-

430 664 522 686 cusse
549 664 584 687 ac
611 654 880 696 irrefragabiliter
916 652 1082 686 observari
1120 662 1174 683 vo-

431 708 552 747 lumus,
580 707 798 750 praecipimus
823 712 854 740 et
879 706 1080 739 mandamus.

261 770 419 806 r›.-„u··cuan-
475 762 489 804 g
514 760 566 794 13.
597 761 643 793 ,td
670 761 762 800 haec,
787 766 820 793 ut
845 760 950 793 omnis
976 769 1054 792 ansa
1076 764 1105 791 et
1133 758 1174 791 fo-

234 797 575 848 '*'⁰f¹n=1·1151'0·'5}?·3³mentum
602 814 862 858 quibuscumque
889 812 1102 846 ulterioribus
1128 811 1169 844 li-

243 830 273 843 ar-

235 851 330 870 [rt-unu·
347 851 420 869 stitue-

233 879 267 896 ··¹a
296 876 419 895 ‹tm-matur
433 867 516 900 tibus
542 872 573 900 et
599 867 860 900 contentionibus
886 866 925 898 de
951 873 1060 898 cetero
1079 875 1173 908 prac-

233 903 576 961 {2¹llflllfi'ffst¹.ss¹¹.¹ematur,
603 931 638 953 ac
675 931 809 964 prorsus
841 931 857 953 e
884 919 991 953 medio
1030 919 1173 959 tollatur,

430 974 595 1018 praesat0s
622 984 812 1017 episcopum
847 973 1051 1016 Eugubinum
1080 972 1170 1005 eius-

432 1037 493 1070 que
520 1028 643 1060 clerum
669 1032 700 1059 et
732 1026 888 1070 populum
915 1025 1057 1068 (etiamsi
1084 1035 1175 1068 prae-

431 1079 510 1112 sulis
528 1078 691 1122 Eugubini
706 1089 887 1112 consensus
905 1078 1062 1112 erectioni
1080 1088 1173 1121 prae-

432 1133 513 1166 fatae
540 1132 813 1175 metropolitanae
831 1131 1060 1164 Urbinatensis
1092 1141 1173 1163 nun-

431 1196 528 1229 quam
553 1186 747 1224 accesserit,
773 1190 803 1217 et
839 1190 977 1228 propter
1011 1184 1098 1217 hunc
1124 1185 1172 1216 vel

430 1240 510 1273 alios
537 1239 742 1282 quantumvis
769 1239 1001 1271 substantiales
1028 1238 1172 1271 desectus

429 1293 526 1326 Piana
559 1291 748 1325 constitutio
782 1291 951 1334 praedicta
983 1291 1015 1323 in
1045 1291 1172 1324 civitate

430 1352 461 1379 et
488 1346 629 1379 di0ecesi
655 1345 826 1388 Eugubina
852 1355 1018 1388 nunquam
1046 1355 1104 1377 usu
1124 1355 1173 1378 re-

430 1404 526 1443 cepta
552 1409 610 1432 nec
630 1398 798 1431 observata
816 1398 928 1440 fuerit)
954 1397 1173 1441 archiepisco-

430 1465 472 1497 po
498 1452 645 1486 Urbiuati
672 1462 732 1496 pro
759 1457 904 1495 tempore
925 1451 1074 1484 existenti
1101 1452 1173 1484 sub-

430 1507 530 1540 iectos
556 1517 636 1546 esse,
662 1511 693 1538 et
720 1512 883 1549 tamquam
911 1505 1056 1538 membra
1074 1506 1171 1548 capiti

431 1570 555 1593 morem
582 1570 716 1602 gerere,
742 1569 777 1591 ac
810 1569 869 1601 per
895 1569 951 1591 eos
978 1558 1016 1590 de
1043 1559 1170 1591 archie-

429 1613 655 1658 piscopalibus
682 1613 805 1645 iuribus
824 1612 1019 1656 responderi
1040 1612 1171 1653 debere,

429 1672 529 1707 motu,
556 1666 692 1700 scientia
716 1676 751 1699 ac
777 1667 947 1710 potestatis
965 1666 1170 1710 plenitudine

430 1721 590 1754 similibus
616 1721 776 1761 volturius,
804 1721 1024 1762 decernimus,
1057 1720 1169 1753 statui-

428 1786 498 1808 mus
527 1781 558 1808 et
576 1775 789 1808 declaramus.
815 1773 895 1813 Quin
924 1775 1029 1815 etiam,
1048 1775 1085 1807 ad
1107 1785 1171 1807 ma-

429 1828 531 1862 iorem
552 1834 582 1861 et
599 1828 869 1861 abundantiorem
889 1829 1061 1867 cautelam,
1079 1839 1170 1871 prae-

429 1881 504 1915 dicti
531 1891 710 1914 consensus
737 1881 910 1920 desectum,
937 1886 1096 1924 quatenus
1131 1882 1169 1914 de

428 1936 496 1968 iure
524 1935 707 1968 necessario
734 1934 966 1978 requireretur,
993 1935 1169 1978 apostolica

427 1987 631 2027 auctoritate,
651 1993 762 2020 tenore
789 1987 1019 2031 praesentium,
1038 1990 1170 2032 supple-

427 2052 497 2074 mus
514 2068 521 2081 ,
548 2047 580 2074 et
605 2041 785 2084 praefatum
812 2041 1004 2084 episcopum
1036 2042 1168 2086 eiusque

428 2096 550 2128 clerum
578 2100 608 2127 et
637 2095 793 2137 populum
832 2094 976 2126 Urbinati
1011 2095 1170 2139 archiepi-

427 2159 529 2192 scopo
556 2147 660 2191 quoad
686 2147 794 2181 omnia
832 2147 901 2180 iura
934 2149 1169 2192 metropolitica

427 2213 524 2246 supra
550 2201 723 2235 enunciata
749 2207 858 2242 motu,
885 2201 1017 2234 scientia
1051 2207 1082 2235 et
1114 2213 1169 2246 po-

428 2256 550 2290 testatis
567 2255 770 2299 plenitudine
788 2255 923 2298 paribus
942 2256 981 2289 de
996 2266 1079 2289 novo
1097 2258 1169 2289 sub-

428 2309 553 2342 iicimus
579 2314 609 2341 et
634 2308 797 2341 subiectos
823 2319 895 2341 esse
926 2310 1095 2350 volumus,
1123 2317 1165 2351 et,

427 2368 589 2406 quatenus
615 2372 697 2405 opus
722 2361 779 2402 sit,
805 2362 965 2395 civitatem
992 2368 1021 2395 et
1042 2363 1168 2397 dioece-

427 2415 488 2447 sim
514 2414 694 2457 praedictas
722 2425 737 2447 a
763 2415 927 2458 provincia
958 2418 1068 2448 nostra
1104 2417 1167 2450 Ro-

426 2470 520 2501 mana
541 2473 700 2511 perpetuo
727 2479 923 2511 separamus,
950 2470 1118 2503 avellimus
1138 2476 1168 2503 et

427 2521 712 2560 disrricmtwanus,
741 2523 877 2565 illasque
907 2524 1068 2565 praefatae
1104 2534 1168 2557 me-

427 2574 642 2616 tropolitanae
668 2574 875 2607 Urbinatcusi
906 2576 938 2607 in
973 2581 1166 2619 perpetuum

427 2627 642 2670 attribuimus,
660 2628 868 2662 concedimus
897 2634 927 2662 et
953 2629 1164 2673 assignamus,

1007 232 1189 257 BULLARIUM
1215 231 1371 256 ROMANUM

1968 237 2020 262 An.
2038 237 2064 263 C.
2082 238 2147 268 1725

1221 292 1256 313 ac
1281 291 1340 324 pro
1365 281 1531 325 separatis,
1555 282 1671 315 avulsis
1690 287 1727 325 ,et
1752 282 1960 316 dismembra-

1221 334 1284 374 tis,
1310 344 1346 367 ac
1371 335 1550 378 respective
1577 335 1757 377 attributis,
1795 337 1961 370 concessis

1220 392 1252 420 et
1276 387 1460 430 assignatis,
1486 394 1520 421 ut
1546 400 1652 432 supra,
1679 389 1792 423 haberi
1810 391 1960 424 volumus

1220 445 1251 473 et
1275 440 1477 481 mandamus,
1504 442 1548 474 ita
1577 447 1610 474 ut
1634 442 1811 475 modernus
1846 454 1882 476 ac
1898 454 1959 487 pro

1219 500 1366 538 tempore
1380 495 1523 528 existens
1538 496 1805 540 archiepiscopus
1822 496 1960 531 Urbinas

1219 547 1257 580 de
1283 553 1394 582 cetero
1432 548 1464 580 in
1496 548 1626 581 civitate
1659 555 1690 582 et
1722 549 1865 583 dioecesi
1899 550 1960 583 Eu-

1218 600 1340 644 gubina
1364 602 1542 645 praedictis
1569 602 1678 635 omnia
1699 608 1730 635 et
1747 602 1960 646 singulaiura

1217 654 1461 698 metropolitica
1485 654 1619 698 pacifice
1645 665 1806 695 exercere,
1833 667 1868 688 ae
1893 657 1961 700 epi-

1217 717 1353 750 scopum
1385 707 1592 750 Eugubinum
1625 713 1660 739 ut
1692 718 1768 740 suae
1800 708 1959 742 ecclesiae

1218 759 1456 803 suffraganeum
1484 771 1699 802 consecrare,
1725 760 1765 794 ad
1801 762 1958 805 synodum

1218 813 1448 856 provincialem
1475 824 1622 854 evocare,
1646 820 1820 857 ceteraque
1850 815 1960 848 omnia

1217 865 1257 898 ad
1282 866 1520 909 archiepiscopi
1546 877 1661 899 munus
1687 872 1718 900 et
1742 867 1885 900 officium
1920 868 1960 901 de

1217 919 1286 951 iure
1320 920 1368 952 vel
1394 919 1645 953 -consuetudine
1682 925 1737 952 aut
1768 920 1848 953 alias
1880 931 1960 964 quo-

1217 971 1397 1005 modolibet
1421 973 1600 1016 spectantia
1627 978 1657 1006 et
1683 972 1881 1016 pertinentia
1919 974 1960 1007 sa-

1218 1036 1315 1065 cere,
1341 1036 1456 1069 gerere
1473 1054 1480 1068 ,
1509 1036 1706 1070 procurare,
1733 1027 1958 1061 administrare

1218 1085 1248 1112 et
1274 1080 1389 1123 exequi
1416 1080 1517 1114 libere
1543 1091 1579 1113 ac
1604 1080 1692 1114 licite
1718 1082 1833 1121 valeat,
1859 1086 1892 1114 et
1915 1081 1958 1114 vi-

1217 1132 1322 1165 cissim
1349 1133 1526 1167 modernus
1567 1145 1603 1167 ac
1638 1145 1698 1177 pro
1726 1139 1870 1177 tempore
1897 1134 1958 1167 exi-

1217 1190 1303 1217 stens
1329 1184 1503 1227 episcopus
1522 1185 1709 1228 Eugubinus
1724 1185 1891 1228 praedicto
1910 1196 1958 1218 ar-

1218 1238 1431 1282 chiepiscopo
1462 1244 1623 1282 tamquam
1657 1239 1839 1272 membrum
1859 1239 1956 1283 capiti

1217 1292 1423 1337 obsequens¹
1446 1293 1483 1326 ad
1504 1293 1612 1326 omnia
1630 1299 1661 1326 et
1689 1293 1818 1335 singula
1846 1298 1958 1327 tenea-

1218 1352 1268 1379 tur
1294 1353 1325 1380 et
1349 1347 1511 1389 obligatus
1536 1347 1599 1387 sit,
1628 1347 1665 1380 ad
1704 1357 1785 1390 quae
1819 1346 1873 1380 alii
1897 1347 1955 1380 sus-

1218 1400 1359 1443 sraganei
1386 1400 1451 1432 suis
1477 1400 1625 1434 ecclesiis
1651 1400 1901 1443 metropoliticis
1927 1406 1959 1434 et

1218 1453 1474 1496 archiepiscopis
1516 1453 1776 1497 metropolitanis
1810 1454 1850 1487 de
1886 1454 1957 1488 iure

1216 1508 1265 1540 vel
1281 1507 1522 1540 consuetudine
1539 1513 1593 1539 aut
1610 1507 1688 1540 alias
1710 1508 1958 1551 quomodolibet

1217 1566 1369 1595 tenentur
1395 1566 1427 1593 et
1451 1561 1587 1604 obligati
1614 1561 1780 1602 existunt,
1807 1572 1956 1606 quaeque

1216 1614 1315 1647 ceteri
1359 1624 1471 1647 omnes
1511 1613 1728 1656 suffraganei,
1766 1625 1847 1658 quos
1882 1615 1957 1648 Pius

1217 1667 1452 1710 praedecessor
1476 1667 1508 1699 in
1536 1666 1709 1700 antedictis
1734 1667 1850 1700 litteris
1869 1667 1956 1700 Urbi-

1215 1721 1340 1754 natensi
1368 1721 1625 1764 metropolitano
1652 1722 1812 1754 concessit
1834 1727 1866 1754 et
1883 1722 1957 1755 assi-

1214 1775 1342 1818 gnavit,
1372 1776 1528 1808 hactenus
1557 1775 1689 1818 pacifice
1723 1775 1957 1818 praestiterunt

1215 1835 1246 1863 et
1272 1834 1447 1872 praestant,
1470 1828 1735 1872 praedictamque
1753 1828 1956 1871 Eugubinam

1215 1882 1386 1915 ecclesiam
1413 1882 1569 1925 deinceps
1597 1888 1628 1914 et
1646 1882 1815 1925 perpetuis
1843 1882 1957 1915 futuris

1216 1934 1417 1979 temporibus
1443 1935 1526 1967 inter
1551 1935 1631 1967 alias
1656 1934 1876 1978 suffraganeas
1893 1946 1957 1969 me-

1214 1994 1358 2022 moratae
1384 1988 1637 2032 metropolitane
1663 1988 1885 2022 Urbinatensis
1903 2000 1956 2022 an-

1215 2043 1446 2075 numerandam
1474 2047 1505 2074 et
1530 2043 1734 2081 censendam,
1763 2048 1794 2075 et
1810 2043 1869 2076 sub
1887 2043 1956 2087 ipsa

1214 2096 1378 2140 provincia
1397 2095 1603 2128 Urbinatensi
1626 2096 1906 2140 comprehensam,
1925 2103 1957 2130 et

1213 2150 1397 2183 nullatenus
1422 2149 1461 2181 ab
1488 2151 1524 2182 ea
1550 2155 1753 2194 exemptam,
1785 2160 1845 2182 nec
1881 2150 1953 2184 Sedi

1214 2203 1419 2247 Apostolicae
1451 2203 1663 2243 immediate,
1699 2204 1756 2236 sed
1793 2204 1956 2248 archiepi-

1213 2267 1312 2300 scopo
1338 2256 1483 2300 praelato
1510 2256 1616 2300 quoad
1643 2257 1950 2301 archiepiscopalia,

1212 2309 1451 2353 metropolitica
1477 2315 1506 2342 et
1533 2309 1748 2353 provincialia
1772 2309 1842 2343 iura
1866 2316 1897 2344 et
1911 2310 1955 2344 iu-

1212 2364 1417 2396 risdictiones
1442 2363 1621 2396 subiectam
1648 2373 1718 2396 esse
1737 2368 1768 2396 et
1786 2363 1864 2404 sore,
1880 2374 1953 2397 san·-

1211 2418 1311 2451 cimus
1331 2446 1338 2459 ,
1366 2417 1583 2462 praecipimus
1608 2423 1639 2451 et
1664 2417 1866 2451 mandamus.

1254 2473 1269 2515 g
1304 2471 1357 2504 14.
1386 2471 1606 2504 Deeernentes
1639 2471 1780 2514 pariter,
1822 2471 2144 2524 easdemcufflffltaore·

1210 2530 1400 2568 praesentes
1426 2525 1549 2557 litteras
1579 2534 1709 2566 semper
1735 2529 1766 2556 et
1792 2530 1950 2567 perpetuo

1211 2578 1350 2617 validas,
1376 2577 1484 2610 sirmas
1510 2587 1545 2610 ac
1577 2576 1721 2610 efficaces
1753 2577 1890 2611 existere
1919 2583 1950 2611 et

1248 2641 1257 2667 t
1281 2638 1351 2667 Male
1373 2638 1438 2666 edit.
1458 2638 1539 2667 Main.
1557 2638 1623 2674 legit
1646 2638 1830 2674 obsequentes
1845 2638 1882 2675 (n.
1899 2639 1948 2676 ¹12).
