2170 3147
260 154 311 178 An.
333 153 361 180 C.
384 152 449 178 1728
496 142 560 172 nur»

318 215 384 235 neces
388 217 422 233 ιιιιι
425 220 441 233 11·

259 242 375 266 piilvtivauo

260 275 303 288 ium
315 269 392 288 littrrai

294 1643 298 1651 ι
314 1650 330 1661 ἱ,
340 1647 361 1660 ,η
375 1642 406 1666 ‘'1’ss
422 1647 455 1661 ω.

339 1670 455 1718 φ’ὙΜᾸῘΫὲ
468 1682 556 1725 scopi
569 1682 713 1715 Civitatis
727 1681 843 1720 Plebis,
859 1681 957 1724 quod,
970 1682 1012 1713 ob
1027 1680 1211 1713 reddituum

274 1805 301 1820 tim

356 1721 441 1741 'litabit

405 242 431 259 liii

401 273 432 286 um

497 200 511 241 ,Q
536 200 567 231 Ji.
593 198 629 231 t't
651 203 756 230 :uitem
777 196 912 228 eaedem
934 185 1197 237 praesentes-lit-

436 251 544 286 [tcrae
563 252 600 283 ad
621 250 765 283 onmium
792 248 939 281 notitiam
958 246 1101 285 facilius,
1121 244 1196 278 etc.¹

499 306 612 337 Datum
639 304 768 341 Romae,
796 302 882 344 apud
907 300 938 334 S.
968 300 1113 339 Petrum,
1140 299 1198 331 sub

455 358 577 390 annulo
593 356 763 388 Piscatori<
780 355 831 387 die
842 365 898 387 xxv
911 353 1200 391 iuniiiinccxxvni,

457 410 663 453 pontificatus
686 408 788 440 nostri
807 417 892 440 anno
911 417 942 439 v.

492 472 547 498 usu.
570 471 613 497 tliss
633 470 667 497 25
688 470 753 496 iunii
779 469 863 499 ¹728,
886 469 979 502 pontif.
1002 477 1073 495 anno
1094 476 1119 494 V.

754 611 909 644 ccxxxt.

457 692 681 735 Applicunlur
698 696 725 723 el
746 691 909 723 uniuntur
928 690 1088 733 capitalia
1109 699 1202 732 quac-

502 746 574 777 ‹lum
599 744 779 777 seminario
806 744 956 777 Ciuitatis
980 742 1089 775 Plebis
1105 742 1126 774 ⁹.

637 823 818 851 Benedictus
840 824 920 856 Papa
940 823 1025 855 XIII,

501 870 630 896 salutem
652 871 683 896 et
704 868 900 902 apostolicam
916 867 1165 895 benedictionem.

683 946 757 965 norU
779 945 906 972 rnoriuo,
929 942 980 964 ete.

508 995 592 1026 luter
618 993 815 1035 multiplices
833 1002 936 1031 curas,
955 1002 1037 1034 quae
1062 996 1203 1023 mentem

464 1052 605 1079 nostram
621 1046 840 1088 undequaque
857 1043 1043 1083 sollicitant,
1058 1043 1104 1076 illi
1120 1054 1204 1076 sum-

464 1102 515 1132 ma
534 1109 595 1142 ope
616 1099 675 1131 iam
694 1098 818 1140 pridem
838 1096 1091 1129 incumbendum
1110 1096 1206 1129 nobis

463 1163 534 1186 esse
553 1153 733 1190 statuimus,
751 1156 782 1182 ut
798 1150 987 1189 seminaria,
1003 1150 1056 1181 ubi
1076 1150 1137 1182 iam
1157 1160 1206 1182 re-

464 1205 636 1248 periuntur
651 1209 767 1243 erecta,
783 1204 839 1236 sed
855 1203 1009 1245 congruis
1025 1202 1206 1235 redditibus

464 1260 501 1291 ad
538 1260 746 1292 alumnorum
785 1257 1080 1299 magistrortmique
1114 1256 1208 1288 subs-

466 1312 682 1344 tentationem
717 1310 907 1343 necessariis
939 1320 1005 1342 non
1038 1314 1114 1342 sunt
1146 1310 1209 1341 sus-

465 1364 612 1397 !icieuter
639 1365 764 1403 dotata,
791 1364 829 1396 de
857 1363 893 1395 iis
924 1368 1110 1405 opportune
1136 1372 1208 1405 pro-

465 1418 653 1455 videantur,
680 1428 746 1460 quo
772 1416 874 1459 magis
908 1416 1137 1448 adolescentes
1164 1426 1207 1447 ce-

466 1471 665 1503 clesiasticac
693 1470 825 1503 militiae
844 1469 962 1502 addicti
983 1469 1021 1501 ad
1043 1469 1208 1512 pietatem,

468 1534 592 1556 morum
619 1523 805 1563 candorem,
833 1523 1080 1564 litterarumque
1107 1521 1210 1554 seien-

468 1577 541 1610 tiam
568 1577 801 1609 informentur.

511 1631 525 1674 g
550 1630 581 1662 l.
610 1630 823 1672 Quapropter,
838 1628 957 1661 auditis
976 1628 1128 1661 sensibus
1148 1628 1211 1670 cpi-

273 1728 600 1794 sssii.1111.1'1.2[alvu-mensae
635 1734 834 1778 episcopalis
867 1739 1115 1776 ceterorumque
1151 1738 1211 1765 tam

274 1781 325 1798 uiua
337 1781 359 1794 *u
370 1783 384 1794 ι)
399 1780 457 1795 cunt·

305 1808 339 1821 [1⁷3.

469 1789 575 1822 dictae
610 1788 746 1821 civitatis
783 1798 878 1830 quam
909 1787 1069 1820 dioecesis
1095 1786 1213 1818 benefi-

469 1843 594 1875 ciorum
615 1842 815 1881 tenuitatem,
835 1839 1064 1873 subsidiariam
1085 1849 1213 1882 respon-

469 1896 595 1928 sionem
636 1905 696 1938 pro
737 1893 824 1926 illius
863 1892 1029 1926 seminarii
1070 1893 1214 1934 congrua

470 1948 733 1980 substentatione
753 1957 812 1979 nec
831 1957 943 1979 mensa
969 1956 1030 1978 nec
1056 1945 1117 1978 sibi
1140 1944 1213 1977 sub-

471 2001 545 2034 iecti
573 2000 784 2033 eeclesiarum
815 2004 847 2032 et
880 1998 1115 2032 beneficiorum
1142 1997 1214 2030 titu-

471 2056 555 2087 lares
584 2055 716 2097 explere
747 2054 892 2093 valeant,
921 2053 1086 2091 volentes,
1118 2061 1214 2094 quan-

473 2114 538 2138 tum
565 2106 595 2138 in
622 2106 714 2139 nobis
740 2111 803 2146 est,
831 2111 893 2138 tam
926 2104 1128 2137 necessariae
1154 2104 1214 2136 cle-

472 2161 613 2192 ricorum
640 2158 834 2191 institutioni
865 2158 978 2190 sedulo
1010 2157 1212 2200 prospicere,

510 2232 517 2256 1
543 2230 575 2257 Ut
594 2238 675 2264 supra
696 2238 757 2264 pag.
780 2230 831 2256 660
852 2229 866 2254 b
889 2229 924 2263 (R.
942 2230 992 2262 T.).

506 2275 521 2300 ⁶2
542 2274 598 2300 Alia
619 2274 701 2299 liuius
731 2272 870 2299 Pontilicis
897 2276 983 2299 const.
1010 2271 1052 2298 ed.
1082 2278 1213 2305 MDCCXXV,

471 2318 513 2344 «lie
535 2327 580 2343 xxx
611 2317 688 2348 maii,
720 2317 814 2352 pontis.
835 2324 860 2347 1,
882 2320 980 2343 statuta
1008 2316 1119 2343 suerunt
1145 2323 1214 2342 uon-

472 2363 544 2388 nullu
566 2370 613 2396 pro
634 2362 765 2394 augendis
791 2361 944 2387 redditibus
969 2360 1106 2387 seminarii
1126 2361 1215 2386 eccle-

473 2406 573 2431 >uisuri
595 2406 814 2437 (laeseiiateusis3
836 2410 861 2431 et
881 2405 1028 2431 Clementis
1052 2404 1096 2430 ΧΗ
1128 2407 1214 2430 const.

474 2452 518 2475 eu.
541 2456 692 2481 sincensi,
723 2450 766 2475 die
796 2456 819 2475 vt
849 2450 1022 2482 novembris,
1054 2449 1149 2484 pontis.
1177 2455 1214 2482 Η,

473 2498 629 2519 statuuntur
658 2493 788 2519 nonnulla
817 2502 864 2528 pro
892 2494 963 2520 bono
993 2493 1126 2525 regimine
1146 2501 1214 2528 quo-

474 2538 596 2564 ruimhuu
617 2537 823 2563 sentium-iorum
847 2537 1045 2572 Hispaniarum.

1047 144 1225 169 EULLARIUM
1252 144 1407 168 ROMANUM

1243 198 1411 235 receptam
1438 193 1520 225 sacri
1556 192 1691 227 Concilii
1716 192 1982 236 dispositionem,

1242 255 1313 288 cap.
1340 255 1436 286 xvni,
1463 256 1541 279 sess.
1569 257 1661 285 xxm,
1690 245 1735 278 De
1760 246 1926 287 reformat.
1954 250 1986 278 et.

1243 299 1421 342 respective
1439 310 1511 342 cap.
1539 299 1607 331 Tua
1625 298 1715 331 nobis
1733 297 1770 331 de
1788 301 1983 339 testantem„

1244 352 1391 385 ducimus
1419 363 1488 385 esse
1514 352 1728 395 sequendum.

1289 405 1303 447 ἓ
1328 404 1360 438 ⁶2.
1388 405 1540 448 Exposuit
1565 404 1728 447 siquidem
1753 404 1840 436 idem
1866 404 1989 447 episeo-

1246 469 1305 501 pus
1331 470 1367 491 ex
1401 465 1491 501 parte
1524 458 1573 490 sui
1600 456 1764 490 seminarii
1791 456 1824 489 in
1849 456 1988 500 supplici

1246 513 1358 545 libello
1385 512 1477 544 nobis
1506 516 1670 554 porrecto,
1696 510 1858 553 quondam
1882 510 1988 544 Ludo-

1246 566 1350 598 vicum
1378 565 1482 598 Manui
1508 566 1547 597 de
1574 564 1658 597 dicta
1683 563 1811 597 civitate
1837 563 1921 596 inter
1945 563 1989 596 vi-

1247 630 1303 651 vos
1324 619 1466 651 donasse
1485 617 1529 650 illi
1549 616 1776 650 communitati
1795 620 1886 649 scuta
1911 616 1991 649 duo—

1247 672 1471 704 milleecutum
1487 670 1525 703 ad
1541 669 1691 703 effectum
1711 669 1765 702 illa
1782 668 1991 702 reinvestien-

1248 726 1279 759 di
1306 725 1336 757 in
1363 730 1408 758 tot
1432 724 1583 757 censibus
1611 723 1707 756 annui
1741 722 1889 756 redditus
1921 733 1992 755 scu-

1249 784 1353 812 torum
1390 782 1521 811 centum
1559 775 1814 820 quinquaginta,
1852 787 1992 820 quorum

1248 838 1376 865 centum
1403 836 1511 864 essent
1543 830 1741 874 applicanda
1775 840 1835 873 pro
1867 830 1991 864 alendis

1249 886 1333 918 binis
1359 884 1531 917 iuvenibus
1550 884 1589 917 de
1609 884 1722 917 eadem
1741 883 1868 916 civitate
1885 882 1993 916 oriun-

1250 938 1298 970 dis
1317 938 1348 970 iu
1368 937 1464 971 certis
1481 947 1540 980 pro
1559 946 1673 969 eorum
1694 935 1787 969 libito
1812 934 1994 969 civitatibus

1250 991 1411 1033 legalibus
1430 991 1480 1023 vel
1499 989 1697 1031 theologicis
1716 988 1899 1032 disciplinis
1916 999 1995 1031 ope-

1250 1054 1316 1076 ram
1343 1043 1493 1075 dantibus
1508 1069 1516 1083 ,
1536 1042 1664 1085 reliqua
1682 1052 1760 1074 vero
1786 1046 1877 1074 scuta
1902 1041 1996 1084 quin-

1250 1096 1405 1140 quaginta
1420 1107 1479 1138 pro
1499 1095 1667 1128 dotatione
1686 1095 1884 1138 puellarum;
1899 1096 1995 1138 quod-

1251 1161 1313 1193 que
1336 1149 1460 1192 priores
1478 1149 1640 1181 dictorum
1659 1148 1847 1191 capitalium
1872 1148 1994 1181 fructus

1253 1203 1284 1235 in
1310 1204 1435 1235 summa
1461 1207 1630 1234 scutorum
1658 1206 1880 1234 tercentorum
1906 1201 1996 1234 inve-

1252 1257 1409 1288 stirentur
1425 1257 1455 1287 in
1472 1255 1634 1288 similibus
1648 1254 1800 1287 censibus
1814 1255 1912 1288 annui
1928 1255 1997 1288 red-

1254 1310 1339 1342 ditus
1374 1314 1538 1341 scutorum
1568 1308 1751 1351 vigintiduo
1777 1313 1808 1341 et
1839 1308 1998 1351 quinqua-

1254 1362 1339 1404 ginta
1367 1362 1539 1394 obolorum
1572 1360 1718 1404 quolibet
1749 1372 1836 1394 anno
1871 1361 1998 1404 impen-

1255 1415 1352 1448 dendi
1387 1415 1419 1448 in
1454 1416 1556 1447 tribus
1588 1414 1727 1447 diversis
1763 1413 1996 1447 anniversariis

1256 1480 1315 1512 pro
1342 1469 1487 1501 ciusdem
1515 1468 1681 1501 donatoris
1708 1466 1860 1510 suffragio
1884 1472 1915 1500 et
1939 1473 1999 1500 sta-

1257 1522 1322 1553 tuta
1347 1521 1538 1563 elargitione
1565 1531 1622 1563 pro
1652 1520 1862 1563 magistratu;
1893 1525 1925 1552 et
1957 1520 1999 1553 si-

1257 1575 1379 1607 militer
1405 1574 1557 1607 cumdem
1584 1573 1783 1606 Ludovicum
1808 1573 1914 1606 Manni
1941 1573 2000 1607 do-

1257 1638 1349 1660 nasse
1372 1628 1433 1659 alia
1451 1632 1541 1659 scuta
1559 1626 1647 1659 mille
1668 1626 1888 1670 pariformiter
1913 1626 2000 1660 inve·

1257 1680 1379 1712 stienda
1402 1679 1432 1711 in
1459 1685 1503 1712 tot
1524 1679 1688 1719 censibus,
1708 1690 1745 1712 ex
1768 1689 1909 1722 quorum
1936 1679 2000 1712 sru-

1257 1733 1360 1766 ctibus
1394 1732 1647 1766 constitueretur
1679 1732 1766 1765 aliud
1800 1732 1940 1775 capitale
1967 1732 2000 1765 in

1257 1788 1381 1819 summa
1402 1791 1568 1819 scutorum
1590 1791 1821 1826 tercentorum,
1837 1785 1880 1818 ita
1902 1791 1936 1818 ut
1954 1786 2000 1819 es-

1258 1840 1455 1873 sormaretur
1468 1839 1698 1881 patrimonium
1713 1844 1881 1872 scutorum
1897 1840 2000 1873 mille-

1259 1898 1490 1931 tcrecntorum,
1509 1897 1541 1925 et
1558 1903 1594 1924 ex
1614 1892 1705 1925 istius
1723 1892 1906 1926 redditibus
1925 1893 2001 1926 sub-

1257 1946 1521 1979 ministrarentur
1547 1946 1674 1978 duobus
1700 1945 1876 1989 capellanis
1909 1951 2000 1979 scuta

1257 1999 1471 2044 quadraginta
1490 2009 1549 2042 pro
1568 1998 1733 2042 quolibet,
1753 1999 1907 2042 quodque
1926 1998 2001 2032 reli-

1258 2053 1311 2097 qui
1332 2053 1454 2085 fructus
1475 2057 1684 2085 remanerent
1700 2050 1861 2085 beneficio
1876 2051 2001 2095 primae

1258 2105 1456 2145 donationis,
1484 2115 1586 2138 onere
1618 2104 1763 2137 iniuncto
1797 2104 1919 2137 eisdem
1950 2115 2002 2138 ca-

1257 2158 1397 2203 pellanis
1435 2158 1612 2191 nonnullas
1651 2156 1764 2190 missas
1796 2156 2000 2198 celebrandi,

1259 2212 1446 2255 fructusque
1464 2210 1714 2243 enunciatorum
1734 2209 1919 2252 capitalium
1936 2209 2003 2243 cxi-

1258 2265 1369 2307 gentli,
1397 2269 1591 2306 exactosque
1621 2262 1835 2305 consignandi
1872 2262 2003 2306 deposi-

1260 2318 1341 2352 tario
1367 2317 1407 2350 ad
1434 2317 1495 2349 boc
1520 2315 1711 2359 specialiter
1736 2315 1901 2358 deputato,
1928 2315 2001 2357 lege

1259 2367 1459 2411 depositario
1479 2366 1681 2409 praescripta
1699 2366 1738 2398 de
1756 2375 1822 2398 non
1843 2365 2000 2398 solvendo

1258 2421 1373 2453 iisdem
1411 2419 1612 2462 stipendium
1645 2419 1710 2452 sive
1744 2419 1999 2461 eleemosynam,

1259 2474 1319 2506 nisi
1345 2473 1383 2506 ad
1411 2472 1572 2505 rationem
1598 2472 1714 2512 exacti,
1742 2476 1775 2505 et
1799 2481 1864 2505 non
1890 2470 1996 2504 aliter.

1304 2528 1317 2570 g
1344 2526 1375 2559 P».
1403 2525 1547 2568 Cumque
1572 2535 1607 2558 ex
1636 2525 1794 2558 dictorum
1819 2523 2002 2566 capellano-

1987 145 2037 172 An.
2059 145 2088 174 G.
2104 147 2164 177 ¹128

2037 417 2169 442 Recenseutur

1999 444 2102 470 quaedam
2141 446 2170 468 10-

2000 472 2047 496 gata
2069 471 2138 493 relicta
2157 479 2169 495 a

2000 496 2169 522 quondamLudo-

2000 529 2009 543 r
2014 523 2045 544 leo
2051 523 2117 545 Manui
2122 530 2170 547 com-

2001 549 2094 571 munitati
2116 556 2169 578 prae-

2000 578 2055 608 fatae
2069 580 2165 608 civitatis,

2000 610 2064 626 varus
2077 606 2116 632 piis
2125 613 2170 634 npe-

2001 631 2058 679 gbus
2072 633 2170 660 applican-

2016 664 2035 679 a.

2057 2527 2070 2547 Λ
2074 2524 2170 2554 pplieaniu
