2170 3147
0 231 39 258 ln.
54 229 83 259 C.
106 230 174 258 1727

173 380 253 418 'cedi
279 385 382 417 solitis
404 412 410 424 ,

38 2302 115 2323 Preces
136 2301 181 2322 sra-

0 2331 51 2349 tram
80 2334 181 2354 procura-

0 2357 66 2376 turum
95 2355 179 2380 proxin-

0 2382 46 2402 tiao
61 2381 169 2402 Baeticae.

760 229 955 254 BENEDICTUS
980 229 1037 253 xm
1062 229 1114 253 1³1³.

182 279 362 324 privilegiis
388 284 418 312 et
444 278 681 322 praerogativis
717 279 747 311 in
780 279 920 311 retribu-

184 333 305 365 tionem
342 332 488 365 laborum
531 332 561 364 in
589 333 675 365 dieto
700 331 819 364 Ordine
845 342 921 364 con-

437 395 472 417 ac
496 395 574 417 voce
612 385 714 416 activa
741 389 771 415 et
796 383 921 426 passiva

182 437 214 470 in
234 438 382 481 capitulis
399 437 460 470 srui
476 437 614 481 possint.
635 437 761 475 Verum,
779 437 852 479 quia
872 447 921 468 ex-

182 492 346 534 perientia
382 496 585 534 compertum
619 491 721 523 suerat
757 489 843 532 quod
871 499 920 521 re-

182 545 290 587 ligiosi
315 544 445 578 Ordinis
469 543 627 587 praedicti
647 543 685 576 ad
705 541 854 575 effectum
873 552 921 574 as-

183 597 341 640 sequendi
366 597 498 640 gradum
535 596 720 629 huiusmodi
759 606 824 628 non
850 595 920 627 sine

184 650 395 683 distractione
420 660 436 682 a
454 649 587 693 proprio
606 649 754 681 instituto
781 659 817 680 ac
834 653 921 680 certo

183 703 297 736 ordine
318 703 509 745 disciplinae
538 702 698 744 regularis
726 703 920 744 plerumque

184 756 280 798 longe
311 756 420 797 vagari
458 761 490 788 et
526 755 681 798 pecunias
721 753 920 786 necessarias

184 814 296 842 contra
321 808 519 851 paupertatis
544 814 650 840 votum
678 817 791 850 parare
826 816 921 848 coge-

184 862 312 900 bantur,
338 861 477 904 proinde
509 871 525 893 a
556 860 658 893 felicis
685 858 921 892 recordationis

184 913 314 948 Urbano
332 914 406 953 vui,
424 914 587 948 Clemente
606 915 644 946 lx
662 925 697 946 ac
711 913 878 947 Clemente
897 912 920 944 X

184 967 338 1001 Romanis
365 967 574 1000 Pontificibus
607 966 920 1010 praedecessoribus

184 1020 304 1054 nostris
328 1020 481 1053 attributa
508 1020 566 1052 suit
591 1020 724 1052 facultas
751 1019 851 1062 priori
872 1029 922 1061 ge·

183 1073 287 1107 nerali
315 1073 390 1106 dicti
416 1073 544 1106 Ordinis
581 1083 640 1117 pro
677 1077 824 1115 tempore
858 1071 923 1104 exi-

184 1127 279 1160 stenti
306 1127 441 1169 gradum
467 1126 650 1170 praefatum
676 1125 837 1168 religiosis
862 1124 921 1157 sub

184 1180 371 1213 immediata
402 1180 470 1213 eius
507 1178 694 1212 obedientia
725 1178 920 1220 degentibus

184 1232 406 1272 concedendi·,
434 1243 571 1276 cumque
601 1231 817 1265 nihilominus
847 1231 921 1265 reli-

185 1286 264 1330 giosi
285 1287 318 1320 in
335 1287 513 1330 provinciis
531 1286 749 1319 ultramarinis
767 1286 841 1319 inde
860 1285 922 1318 sibi

184 1340 316 1374 minime
341 1341 524 1373 consultum
551 1339 723 1378 doluerint,
745 1340 922 1382 pluresque

186 1403 316 1426 suorum
341 1393 489 1426 laborum
518 1393 663 1435 praemio
690 1392 923 1424 frustrarentur

186 1446 226 1480 ob
253 1446 415 1479 difficilem
441 1456 607 1478 accessum
633 1446 671 1477 ad
706 1450 922 1478 memoratum

186 1498 328 1542 priorem
355 1499 540 1541 generalem
575 1503 606 1530 et
641 1508 750 1530 rerum
778 1507 924 1530 necessa-

186 1552 305 1584 riarum
332 1551 498 1595 inopiam,
526 1552 720 1584 recolendae
746 1550 925 1583 memoriae

186 1605 395 1638 Innocentius
412 1604 471 1636 Pl).
493 1604 567 1643 xiil,
583 1604 815 1647 praedecessor
829 1603 924 1636 etiam

186 1664 311 1698 noster,
338 1658 441 1701 priori
468 1657 660 1701 provinciali
687 1668 723 1690 ae
753 1656 924 1689 nonnullis

187 1711 218 1744 in
245 1709 335 1744 sacra
361 1710 529 1753 theologia
554 1710 716 1752 magistris
742 1709 925 1753 provinciae

188 1765 406 1807 I’ortugalliae
434 1763 568 1797 indulsit
603 1769 637 1795 ut
662 1763 750 1796 illius
793 1763 926 1805 religio-

188 1828 259 1859 sos,
286 1817 404 1851 debitis
430 1817 640 1860 qualitatibus
667 1817 844 1859 praedito&
870 1817 927 1849 do-

188 1877 331 1905 ctoratus
357 1873 477 1911 laurea,
496 1872 554 1904 sub
581 1871 674 1904 certis
696 1872 793 1904 modo
813 1876 843 1904 et
865 1871 928 1903 sor-

187 1927 238 1957 mit
263 1930 338 1958 tunc
368 1925 549 1967 expressis.
577 1924 736 1967 insignire
769 1926 924 1964 valerent,

188 1987 312 2021 nosque
338 1977 444 2010 simile
471 1977 632 2009 indultum
659 1976 834 2019 provinciis
854 1978 927 2008 Ara-

189 2031 304 2073 goniae
340 2035 370 2062 et
410 2030 576 2062 Valentiae
618 2029 762 2061 eiusdem
799 2029 928 2062 Ordinis

190 2083 285 2114 etiam
310 2082 557 2121 concessimus3
585 2087 617 2115 et
651 2082 746 2121 alifis,
772 2086 871 2124 prout
895 2081 927 2113 in

190 2134 290 2178 ipsius
314 2134 494 2167 Innocentii
522 2134 785 2177 praedecessoris
819 2144 855 2167 ae
873 2144 929 2167 no-

191 2187 265 2220 stris
291 2187 432 2230 desuper
457 2187 487 2219 in
514 2187 610 2219 simili
631 2187 730 2220 forma
748 2187 856 2220 Brevis
876 2197 929 2220 ex-

192 2240 308 2284 peditis
332 2240 449 2273 litteris
474 2240 607 2273 uberius
631 2240 828 2273 continetur.

236 2294 250 2337 §
275 2292 305 2326 2.
334 2292 410 2326 Cum
435 2298 563 2332 autem,
591 2292 674 2325 sicut
698 2293 811 2325 eadem
838 2303 930 2335 expo-

195 2347 237 2380 tio
252 2346 479 2389 subiungebat,
504 2346 671 2389 provincia
689 2345 817 2379 Baetica
841 2357 930 2389 prae-

194 2401 256 2434 fata
281 2405 497 2433 conventuum
537 2410 674 2432 numero
700 2410 735 2432 ac
761 2399 930 2441 religioso-

194 2464 264 2486 rum
301 2452 484 2496 frequentia
510 2452 625 2485 ssoreat
645 2479 652 2492 ,
680 2457 711 2485 et
735 2452 766 2484 in
800 2452 929 2485 civitate

193 2506 416 2547 Cordubensi,
443 2506 474 2538 in
513 2505 581 2538 eius
620 2511 731 2539 centro
768 2505 848 2546 sita,
875 2505 929 2538 ubi

194 2613 306 2653 modi,
331 2613 395 2646 duo
421 2612 565 2646 eiusdem
591 2611 721 2644 Ordinis
754 2616 930 2645 conventus

964 279 1194 321 reperiantur,
1222 288 1359 321 quorum
1386 278 1467 310 alter
1493 281 1544 310 est
1575 276 1702 319 insigne

964 331 1135 373 collegium
1172 331 1232 363 sub
1268 331 1472 363 invocatione
1503 330 1533 363 S.
1573 330 1703 369 Rochi,

964 383 1016 414 ubi
1044 384 1190 416 eiusdem
1217 383 1400 426 theologiae
1427 383 1532 415 studia
1552 393 1614 415 nou
1633 383 1703 415 sine

964 435 1088 477 ingenti
1108 437 1222 478 plausu
1241 436 1366 477 vigent:
1390 436 1466 469 dicti
1489 441 1702 478 exponentes,

964 493 998 519 ut
1017 489 1131 520 fratres
1149 488 1334 531 provinciae
1360 489 1508 521 Baeticae
1540 488 1703 531 praefatae

965 541 1002 573 ad
1022 540 1200 573 litterarum
1216 542 1321 573 studia
1341 541 1491 574 alacriori
1512 542 1621 574 animo
1640 551 1705 573 sus-

964 592 1114 635 cipienda
1140 604 1175 625 ac
1201 593 1401 636 perficienda
1430 593 1613 626 excitentur
1645 604 1703 637 spe

965 645 1141 688 aliquando
1175 646 1322 678 laborum
1356 657 1488 678 suorum
1522 646 1702 689 praemium

966 698 996 730 in
1023 698 1154 740 propria
1178 698 1344 741 provincia
1364 700 1598 742 consequendi,
1617 694 1707 742 quod

966 749 1043 784 alias
1084 749 1137 784 au't
1174 762 1337 795 nunquam
1376 754 1425 785 vel
1460 752 1529 785 sine
1568 752 1705 785 maxima

966 804 1155 837 difficultate
1181 816 1216 837 ac
1234 805 1405 848 dispendio
1423 805 1572 838 obtinere
1592 805 1706 848 nequi-

966 863 1058 895 rent,
1084 863 1268 901 opportune
1294 858 1325 890 in
1352 859 1539 901 praemissis
1567 870 1583 891 a
1610 858 1705 891 nobis

966 912 1132 954 provideri
1160 917 1190 944 et
1216 918 1250 944 ut
1276 913 1306 944 in
1334 913 1416 945 int‘ra
1443 913 1605 955 indulgeri
1632 913 1706 956 plu-

966 965 1082 997 rimum
1110 965 1321 997 desiderentt

1009 1019 1023 1061 ἓ
1047 1018 1078 1051 3.
1099 1018 1170 1058 Nos,
1189 1018 1276 1061 ipsos
1294 1024 1494 1062 exponentes
1510 1019 1707 1062 specialibus

967 1071 1130 1104 favoribus
1149 1078 1179 1105 et
1197 1072 1310 1114 gratiis
1331 1073 1484 1116 prosequi
1501 1073 1659 1114 volentes,
1678 1078 1709 1106 et

966 1135 1077 1158 eorum
1108 1125 1291 1168 singulares
1316 1136 1473 1168 personas
1506 1137 1523 1158 a
1545 1126 1709 1169 quibusvis

966 1180 1318 1220 excommunicationis,
1347 1179 1572 1222 suspensionis
1602 1185 1633 1213 et
1661 1180 1709 1212 in-

966 1232 1104 1270 terdicti,
1120 1232 1258 1276 aliisque
1278 1233 1508 1265 ecclesiasticis
1528 1233 1707 1273 sententiis,

967 1285 1113 1318 censuris
1132 1291 1162 1318 et.
1180 1286 1306 1328 poenis,
1322 1298 1337 1318 a
1352 1286 1421 1319 iure
1441 1288 1489 1320 vel
1505 1287 1544 1319 ab
1564 1287 1708 1327 bomine,

967 1339 1078 1381 quavis
1099 1339 1269 1371 occasione
1290 1341 1338 1372 vel
1364 1341 1458 1371 causa
1483 1339 1568 1377 latis,
1593 1340 1617 1372 si
1644 1339 1710 1383 qui-

968 1391 1026 1422 bus
1045 1391 1294 1434 quomodolibet
1311 1392 1485 1425 innodatae
1504 1392 1655 1431 existunt,
1670 1392 1709 1425 ad

968 1443 1117 1477 ellectum
1144 1445 1364 1487 praesentium
1402 1446 1564 1478 dumtaxat
1598 1456 1710 1478 conse-

968 1498 1157 1539 quendum,
1185 1498 1301 1530 harum
1328 1499 1409 1531 serie
1442 1499 1648 1531 absolventes
1679 1504 1710 1532 et

968 1550 1132 1582 absolutas
1163 1551 1233 1584 sore
1266 1555 1462 1590 censentes,
1500 1551 1710 1594 supplicatio-

969 1603 1064 1636 nibus
1091 1614 1203 1636 eorum
1229 1605 1363 1637 nomine
1390 1605 1485 1637 nobis
1513 1615 1612 1647 super
1649 1605 1710 1637 hoc

970 1657 1142 1690 humiliter
1169 1658 1331 1699 porrectis
1359 1657 1517 1697 inclinati,
1537 1664 1571 1690 ut
1597 1669 1709 1691 omnes

969 1716 1001 1742 et
1027 1710 1146 1753 singuli
1174 1711 1287 1743 fratres
1313 1711 1499 1754 provinciae
1524 1715 1554 1742 et
1580 1710 1708 1743 Ordinis

969 1763 1208 1806 praefatorum,
1236 1764 1289 1807 qui
1318 1768 1450 1806 peracto
1476 1774 1581 1803 cursu,
1610 1769 1636 1795 et
1665 1765 1709 1796 le-

969 1822 1077 1848 cturae
1116 1816 1326 1849 scientiarum
1359 1816 1446 1848 iuxta
1477 1822 1595 1849 statuta
1633 1816 1708 1848 dieti

969 1868 1096 1901 Ordinis
1110 1869 1148 1901 ad
1165 1869 1390 1912 supradictum
1409 1869 1584 1911 collegium
1602 1868 1633 1901 S.
1650 1868 1710 1901 Ro-

970 1922 1022 1954 chi
1051 1922 1271 1955 Cordubensis
1311 1921 1531 1962 accesserint,
1567 1923 1707 1955 lauream

971 1976 1156 2008 doctoratus
1183 1975 1279 2014 inibi,
1303 1975 1435 2017 praevio
1462 1975 1611 2017 rigoroso
1638 1986 1709 2008 exa-

971 2028 1067 2067 mine,
1101 2038 1210 2060 coram
1240 2028 1385 2061 eiusdem
1419 2027 1548 2070 collegii
1582 2033 1708 2060 rectore

972 2086 1003 2113 et
1037 2081 1216 2113 actualibus
1249 2091 1359 2113 sacrae
1396 2080 1578 2123 theologiae
1612 2081 1709 2113 lecto-

971 2133 1087 2173 ribus,
1126 2134 1321 2176 duobusque
1356 2133 1387 2165 iu
1423 2133 1507 2165 dicta
1544 2132 1710 2175 theologia

972 2185 1132 2228 magistris
1146 2185 1275 2218 Ordinis
1296 2185 1442 2228 praefati,
1458 2195 1495 2217 ac
1510 2196 1582 2217 cum
1598 2195 1709 2218 eorum

973 2239 1229 2281 approbatione,
1257 2238 1456 2281 servatisque
1481 2238 1552 2271 aliis
1588 2238 1710 2270 servari

973 2292 1087 2330 solitis,
1113 2292 1152 2324 ab
1178 2291 1249 2334 ipso
1275 2296 1401 2324 rectore
1424 2291 1588 2333 suscipere
1606 2291 1709 2324 libere

974 2350 1006 2377 et.
1031 2345 1119 2377 licite
1144 2345 1270 2387 possint
1295 2349 1327 2377 et
1352 2346 1490 2386 valeant,
1518 2345 1708 2377 auctoritate

973 2397 1160 2440 apostolic-³1,
1185 2402 1297 2430 tenore
1327 2397 1568 2440 praesentium,
1596 2408 1711 2430 conee-

972 2451 1077 2484 dimus
1103 2456 1134 2483 et
1158 2450 1373 2493 impertimur.

1599 217 1664 251 507
1709 227 1759 253 An.
1777 226 1807 253 c.
1830 226 1895 255 1727

1789 1032 1902 1053 Concessio

1719 1059 1836 1084 praedicta.

1017 2504 1031 2547 g
1056 2503 1084 2535 4.
1111 2504 1339 2543 Decernentes,
1366 2504 1494 2536 easdem
1521 2510 1711 2546 praesentes
1750 2510 1871 2533 causum.

195 2562 282 2594 nulla
307 2560 398 2593 adest
427 2559 558 2603 publica
590 2559 781 2592 universitas
817 2559 929 2591 huius·
973 2557 1096 2590 litteras
1122 2556 1241 2595 firmas,
1270 2556 1402 2596 validas,
1431 2557 1526 2590 etc.¹.

1010 2620 1019 2646 1
1045 2618 1076 2646 Ut
1096 2626 1179 2652 supra
1200 2625 1259 2653 pag.
1283 2617 1328 2645 471
1353 2627 1371 2644 α
1389 2619 1428 2653 (n.
1445 2619 1492 2652 r).
