2139 3142
13 234 42 263 C.
63 234 130 263 1729

1 303 33 318 am
56 296 126 317 socie·

12 324 47 343 ubi
60 323 114 343 adsit
123 338 127 346 ,

2 350 49 370 liam
56 355 128 376 quam·

0 381 43 402 qus.

0 1502 62 1522 cultas
84 1508 121 1528 pro

0 1531 61 1548 ›usitu
84 1536 120 1550 seu

1 1560 20 1575 ιο
34 1561 122 1580 genera—

0 1586 22 1600 a:
35 1587 121 1605 conare-

0 1613 35 1637 με
48 1614 122 1633 aggre-

0 1639 11 1655 ι.

719 233 913 258 BENEDIC'I'US
936 233 991 257 xm
1016 234 1066 257 PP.

138 287 245 316 rantes
262 281 390 316 sodales
408 281 584 325 primariae
605 281 870 325 Congregationis

138 334 335 374 huiusmodi,
364 334 416 377 qui
443 334 577 376 singulis
613 335 872 378 quadragesima-

136 388 221 421 libus
245 393 275 420 et
302 387 372 420 aliis
397 387 472 419 anni
499 387 699 430 temporibus
717 397 734 420 a
754 387 869 421 diebus

136 440 310 473 stationum
336 440 546 473 ecelesiarum
581 440 683 473 dictae
710 434 814 481 Urbis,
840 446 871 473 et

136 499 225 526 extra
247 494 333 526 illius
359 504 479 533 muros,
505 503 585 536 quae
610 504 627 526 a
652 493 869 527 christifideli-

134 546 195 579 bus
218 557 277 589 pro
310 546 549 589 consequendis
586 545 798 588 indulgentiis
838 551 870 578 et

134 598 381 631 remissionibus
406 597 524 630 visitari
551 598 672 638 solent,
693 598 798 631 dictae
816 598 870 631 So-

134 651 276 691 cietatis,
311 651 337 683 si
374 651 417 683 ibi
442 650 553 690 suerit,
590 650 734 694 alioquin
773 651 868 683 aliam

134 704 301 736 ecclesiam
339 714 395 736 seu
433 704 605 746 capellam,
631 703 664 735 in
689 703 786 743 locis,
812 703 865 735 ubi

133 766 189 789 eos
214 766 274 798 pro
300 761 448 798 tempore
473 755 616 788 residere
652 766 706 788 seu
747 755 864 788 morari

132 809 314 851 contigerit,
340 813 374 840 ut
399 808 593 851 praefertur,
621 808 735 841 devote
759 808 867 840 visita-

132 860 248 901 verint,
273 866 304 895 et
327 860 372 893 ibi
397 860 517 903 septies
535 860 715 894 orationem
731 860 866 894 domini-

132 924 199 946 cam
226 920 257 946 et
281 914 402 957 septies
428 914 656 946 salutationem
686 913 865 956 angelicam

131 966 355 1007 recitaverint,
385 972 429 999 tot
447 972 477 999 et
494 967 621 999 easdem
647 965 865 1008 indulgentias

132 1025 379 1062 consequantur,
407 1030 485 1062 quas
521 1025 813 1062 consequerentur,
840 1019 863 1051 si

131 1072 244 1105 iisdem
277 1072 478 1115 temporibus
505 1078 535 1104 et
570 1072 683 1104 diebus
720 1071 864 1114 singulas

132 1125 283 1157 eeclesias
309 1125 413 1157 dietae
449 1124 544 1157 Urbis
582 1130 614 1157 et
649 1130 737 1157 extra
776 1124 864 1157 illius

131 1188 242 1210 muros
266 1177 450 1210 huiusmodi
487 1188 545 1221 pro
570 1177 684 1210 iisdem
722 1177 865 1210 stationi-

130 1232 191 1264 bus
217 1236 247 1263 et
270 1230 483 1273 indulgentiis
505 1230 742 1274 consequendis
769 1231 866 1273 depu-

132 1289 212 1317 tatas
238 1284 455 1327 personaliter
489 1284 665 1324 visitarent,
698 1294 733 1316 ac
757 1283 866 1316 onmia

132 1342 163 1369 et
186 1337 324 1379 singula,
351 1347 433 1380 quae
458 1347 518 1380 pro
543 1336 729 1370 huiusmodi
756 1337 867 1379 gratia-

132 1399 205 1421 rum
232 1389 451 1432 exequutione
483 1389 733 1432 quomodolibet
757 1390 866 1432 requi-

131 1448 257 1484 runtur,
283 1442 378 1485 plene
404 1442 645 1485 adimplerent;

176 1495 247 1538 58.
274 1495 448 1528 Praeterea
481 1495 585 1528 eidem
619 1494 769 1528 Michaeli
803 1495 867 1527 An-

133 1549 216 1591 gelo,
241 1559 279 1581 ac
303 1558 364 1591 pro
401 1553 547 1591 tempore
583 1547 730 1581 existenti
763 1547 865 1580 dictae

132 1600 301 1634 Societatis
326 1601 513 1644 praeposito
540 1610 598 1633 seu
622 1600 741 1633 vicario
768 1610 866 1642 geue-

132 1654 204 1694 rali,
230 1659 265 1686 ut
289 1654 319 1686 in
347 1653 511 1696 quibusvis
538 1653 608 1687 aliis
634 1653 738 1686 dictae
757 1652 867 1685 Socie-

132 1706 205 1739 tatis
232 1710 400 1739 domorum
421 1706 637 1749 professarum
670 1711 701 1737 et
724 1705 867 1738 residen-

132 1760 248 1792 tiarum
289 1765 377 1792 extra
416 1759 535 1793 Urbem
574 1760 772 1803 praedictam
809 1769 868 1802 per

131 1812 315 1845 universum
339 1812 453 1845 orbem
478 1822 564 1845 nune
589 1817 621 1845 et
637 1823 695 1855 pro
720 1818 866 1855 tempore

132 1864 342 1897 existentibus
367 1865 534 1905 ecclesiis,
574 1875 633 1907 pro
675 1864 866 1897 eorumdem

131 1916 262 1958 piorum
287 1927 421 1959 operum
452 1918 660 1958 incremento,
699 1927 867 1960 quascum-

133 1979 194 2011 que
220 1969 297 2001 alias
323 1969 457 2002 aliorum
480 1969 648 2013 utriusque
673 1980 768 2003 sexus
786 1970 867 2002 chri·

134 2021 317 2054 stifidelium
348 2022 616 2064 congregationes
641 2023 699 2054 sub
721 2022 815 2055 titulo
835 2027 867 2054 et

134 2074 401 2107 denominatione
425 2074 590 2117 praefatis,
621 2084 705 2117 quae
731 2075 770 2107 al:
796 2075 867 2117 ipsa

133 2126 286 2170 primaria
302 2126 571 2169 Congregatione,
587 2132 751 2169 tamquam
765 2137 866 2160 mem-

132 2180 190 2212 bra
219 2189 236 2212 a
273 2179 378 2222 capite
417 2179 632 2222 dependeant,
672 2179 865 2212 auctoritate

131 2235 249 2273 nostra,
266 2233 336 2265 sine
362 2238 469 2266 tamen
487 2232 655 2266 Societatis
680 2238 734 2266 aut
759 2233 866 2266 domo-

130 2295 200 2318 rum
226 2285 454 2328 professarum‚
493 2286 703 2327 collegiorum
729 2290 760 2318 et
784 2285 865 2318 resi-

132 2337 313 2370 dentiarum
335 2337 547 2371 eeclesiarum
565 2338 749 2372 huiusmodi
773 2348 865 2380 prae-

914 282 1152 325 indulgentias,
1179 286 1385 325 peecatorum
1412 281 1644 321 remissiones,

914 335 1151 375 relaxationes,
1178 336 1296 377 gratias
1321 340 1353 367 et
1384 335 1550 368 facultates
1584 340 1646 366 tam

913 388 1097 431 spirituales
1141 399 1235 430 quam
1278 389 1474 430 temporales
1511 387 1646 420 anobis

913 442 1063 484 dictaque
1087 440 1168 473 Sede
1194 441 1368 484 primariae
1394 440 1645 483 Congregationi

913 493 1095 526 huiusmodi
1123 493 1162 526 de
1180 499 1288 526 cetero
1307 493 1547 532 concedendas,
1567 493 1647 525 itaut

912 546 1039 579 sodales
1064 547 1199 579 aliarum
1225 546 1515 588 congregationum
1536 545 1646 577 huius-

911 600 1010 640 modi,
1053 599 1261 632 observantes
1300 605 1331 632 et
1371 604 1570 642 exequentes
1610 608 1646 630 ea

911 663 994 695 quae
1034 652 1136 695 ipsius
1172 651 1345 694 primariae
1378 650 1646 694 Congregationis

910 706 1039 737 sodales
1068 715 1127 748 pro
1153 705 1366 746 indulgentiis
1393 710 1423 736 et
1448 703 1646 737 remissioni-

910 757 968 790 bus
993 762 1025 790 et
1049 757 1300 791 relaxationibus
1326 757 1511 790 huiusmodi
1537 767 1646 789 conse-

911 810 1046 853 quendis
1085 810 1257 843 observare
1294 816 1326 843 et
1360 810 1474 853 exequi
1508 810 1643 849 debent,

910 863 1038 895 easdem
1056 862 1287 905 indulgentias,
1309 869 1514 905 peccatorum
1535 862 1646 894 remis-

909 916 1016 948 siones
1054 921 1085 947 et
1121 915 1338 948 relaxationes
1374 916 1496 958 pariter
1532 925 1646 947 couse-

910 974 1050 1011 quantur
1069 968 1240 1010 (sacultate
1261 968 1456 1011 aggregandi
1477 973 1507 1001 ct
1528 968 1645 1010 gratias

909 1021 1096 1054 huiusmodi
1132 1021 1202 1053 aliis
1238 1021 1439 1054 concedendi
1481 1021 1647 1053 dumtaxat

909 1074 1070 1117 excepta)
1111 1074 1377 1113 communioni-03
1416 1083 1541 1106 necnon
1579 1078 1644 1105 tam

909 1127 1093 1170 primariam
1113 1137 1205 1169 quam
1232 1137 1345 1159 omnes
1383 1131 1414 1159 et
1447 1126 1590 1168 singulas
1616 1125 1644 1157 ei

909 1179 1128 1222 aggregandas
1159 1179 1426 1221 congregationes
1460 1179 1644 1211 huiusmodi

908 1242 966 1274 per
984 1242 1018 1264 se
1038 1233 1084 1264 vel
1114 1231 1209 1264 alium
1234 1242 1288 1264 seu
1314 1232 1394 1264 alios
1419 1231 1561 1264 eiusdem
1587 1231 1645 1264 So-

909 1283 1033 1316 cietatis
1064 1285 1271 1327 presbyteros
1306 1285 1471 1327 regulares
1509 1284 1643 1316 idoneos

909 1336 947 1368 ad
983 1336 1014 1368 id
1049 1337 1087 1368 ab
1123 1347 1161 1369 eo
1201 1336 1404 1379 deputandos
1428 1336 1584 1376 visitare;
1612 1341 1644 1368 et

909 1399 968 1431 pro
1008 1399 1116 1421 earum
1149 1389 1233 1421 seliei
1270 1393 1376 1429 statu,
1417 1388 1574 1431 regimine
1615 1394 1646 1421 et

910 1442 1088 1475 directione
1128 1452 1349 1485 quaecumque
1389 1446 1532 1481 statuta,
1570 1451 1646 1474 con-

909 1494 1092 1527 stitutiones
1118 1499 1149 1527 et
1180 1495 1325 1533 decreta,
1360 1494 1447 1526 licita
1484 1499 1589 1526 tamen
1615 1498 1647 1526 et

910 1548 1064 1587 honesta,
1096 1548 1259 1590 sacrisque
1296 1547 1474 1580 canonibus
1499 1557 1534 1579 ac
1570 1557 1646 1579 con-

910 1600 1131 1632 stitutionibus
1157 1606 1190 1632 et
1214 1600 1473 1633 ordinationibus
1494 1600 1648 1643 apostoli-

910 1653 955 1686 eis
981 1659 1012 1686 et
1044 1652 1179 1686 Concilii
1205 1653 1381 1685 Tridentini
1415 1652 1555 1686 decretis
1582 1661 1646 1685 non

910 1706 1070 1738 contraria
1086 1732 1093 1745 ,
1131 1715 1257 1738 necnon
1294 1705 1332 1737 ab
1357 1704 1429 1748 ipso
1455 1705 1647 1738 Michaelan-

911 1759 982 1800 gelo
1013 1763 1045 1790 et
1077 1768 1137 1801 pro
1172 1763 1315 1801 ternpore
1348 1758 1506 1791 existente
1543 1758 1645 1791 dictae

909 1811 1078 1844 Societatis
1113 1811 1300 1855 praeposito
1336 1822 1394 1844 seu
1430 1811 1551 1843 vicario
1592 1821 1646 1853 ge-

909 1864 1035 1903 nerali,
1061 1864 1085 1896 si
1121 1875 1180 1907 per
1215 1864 1312 1897 alium
1347 1865 1396 1897 vel
1433 1864 1513 1897 alios
1548 1864 1646 1906 depu-

911 1917 1023 1950 tandos
1049 1916 1237 1949 huiusmodi
1262 1916 1348 1957 siant,
1376 1917 1590 1949 examinanda
1615 1922 1647 1949 et

909 1970 1136 2012 approbanda,
1155 1969 1266 2010 edere,
1285 1980 1333 2009 ac,
1360 1974 1533 2012 postquam
1560 1969 1646 2001 edita

911 2022 1050 2062 fuerint,
1079 2022 1205 2065 quoties
1231 2032 1289 2065 pro
1325 2032 1436 2054 eorum
1466 2027 1497 2055 et
1522 2027 1645 2065 tempo-

909 2085 979 2107 rum
1005 2075 1157 2118 qualitate
1193 2080 1247 2107 aut
1282 2075 1360 2107 alias
1400 2075 1576 2118 expediens
1616 2075 1645 2107 ei

907 2127 1077 2167 videbitur,
1104 2127 1286 2168 immutare,
1311 2127 1488 2170 corrigere,
1533 2127 1645 2160 mode-

908 2181 973 2212 rari
999 2184 1031 2212 et
1055 2180 1255 2220 reformare,
1283 2185 1336 2212 aut
1360 2180 1423 2212 alia
1449 2190 1486 2212 ex
1512 2180 1644 2222 integro

908 2233 1050 2266 condere
1075 2233 1178 2266 libere
1200 2238 1231 2266 et
1250 2233 1336 2266 licite
1361 2234 1489 2273 valeat,
1518 2233 1644 2266 eisdem

908 2286 1101 2320 auctoritate
1116 2286 1294 2329 apostolica
1309 2291 1339 2319 et
1354 2293 1475 2321 tenore.
1494 2286 1645 2319 similiter

908 2344 1065 2382 perpetuo
1094 2338 1303 2372 concedimus
1329 2344 1360 2371 et
1385 2339 1603 2381 indulgemus.

1543 223 1607 257 845
1654 232 1706 259 An.
1723 232 1750 260 c.
1773 232 1842 260 ΜΘ

131 2389 266 2430 iudicio,
293 2390 420 2433 erigere
452 2396 484 2423 et
511 2390 698 2431 instituere,
725 2391 864 2434 illasque

132 2443 237 2476 eidem
270 2443 443 2486 primariae
467 2443 720 2486 Congregationi
753 2454 866 2486 aggre-

132 2505 218 2537 gare,
262 2504 298 2528 ac
337 2495 382 2528 eis
419 2495 466 2528 sie
505 2495 629 2535 erectis,
656 2495 810 2528 institutis
835 2501 866 2529 et

132 2547 323 2591 aggregatis,
350 2558 526 2592 earumque
544 2548 721 2589 sodalibus,
735 2548 865 2591 praedi-

132 2605 198 2635 ctas
238 2611 275 2634 ae
313 2611 425 2635 omnes
456 2607 488 2635 et
524 2611 743 2645 quascumque
787 2601 864 2636 alias

952 2392 966 2435 ἓ
991 2391 1019 2424 9.
1045 2391 1282 2432 Decernentes‚
1320 2397 1459 2434 statuta,
1489 2392 1644 2425 constitu·
1669 2397 1838 2420 Praesentoztir

1655 2426 1712 2445 teras
1729 2432 1769 2445 non
1782 2432 1828 2446 coin
1835 2437 1841 2441 -

909 2444 1011 2477 tiones
1037 2449 1068 2478 et
1092 2445 1221 2478 decreta
1245 2444 1444 2486 huiusmodi,
1470 2449 1643 2488 postquam
1654 2452 1756 2481 prehendi
1799 2453 1839 2472 ⁵⁰¹³

1655 2478 1763 2503 quibusvis
1775 2481 1839 2498 etiam

908 2496 1012 2537 edita,
1037 2497 1202 2530 immutata
1215 2524 1222 2537 ,
1257 2504 1401 2530 correcta
1415 2524 1423 2538 ,
1455 2497 1641 2538 moderata,
1654 2507 1762 2524 erumna]
1791 2510 1839 2523 sau·

1622 2551 1628 2556 ,
1654 2533 1702 2550 ctae
1718 2535 1840 2550 concessu]-

906 2549 1076 2583 resormata
1108 2556 1139 2584 et
1167 2550 1295 2584 condita
1322 2551 1451 2591 suerint,
1476 2551 1514 2584 ab
1541 2556 1838 2604 omn¹‘2ii]iis¹‘⁰'⁰⁰³¹¹⁰'

907 2602 965 2636 bus
1002 2602 1164 2637 sodalibus
1202 2603 1376 2646 praedictis
1412 2604 1642 2638 inviolabiliter
