2170 3147
0 234 35 255 tn.
50 226 80 254 G.
102 226 168 254 ¹727

15 1447 135 1469 ctansutuo.

57 1552 171 1583 Derogatio

3 1581 151 1600 ontrariorum.

751 227 945 250 BENEDICTUS

176 276 261 317 latis,
283 276 308 309 si
334 275 452 319 quibus
470 275 721 318 quomodolibet
737 275 913 307 innodatus

177 328 304 368 existit,
338 328 378 360 ad
407 327 555 360 effectum
580 327 802 370 praesentium
827 327 916 359 dum-

177 385 263 413 taxat
287 379 574 423 consequendum,
607 380 721 412 harum
756 379 839 411 serie
865 379 916 411 ab·

178 433 341 466 solventes
368 438 400 466 et
423 433 609 465 absolutum
638 433 705 464 sore
730 437 913 470 censentes,

178 486 363 519 huiusmodi
407 485 699 528 supplicationibus
740 484 885 517 inclinati
908 511 915 523 ‚

177 539 417 582 praeinsertum
437 539 602 571 decretum
615 549 631 570 a
646 542 828 570 memorato
845 537 917 569 Ful-

177 592 288 635 gentio
320 592 431 635 priore
464 591 624 634 generali,
651 590 733 623 sicut
761 590 916 632 praemit-

178 644 266 684 titur,
292 644 426 685 editum,
454 655 524 677 cum
545 643 698 676 omnibus
723 648 756 675 et
779 642 916 684 singulis

179 697 211 729 in
236 708 274 730 eo
301 698 481 736 contentis,
507 697 699 730 auctoritate
724 696 914 739 apostolica,
939 718 941 730 ι

179 757 292 784 tenore
335 751 555 794 praesentium
578 777 584 789 ‚
610 750 830 794 approbamus
851 777 858 788 ,
887 755 919 781 et
939 739 941 777 i

179 805 430 843 confirmamus,
468 805 581 847 illique
613 803 809 837 inviolabilis
843 814 918 847 apo-

180 858 315 890 stolicae
341 857 502 889 firmitatis
533 858 634 889 robur
663 857 856 896 adjicimus,
882 867 919 888 ae

179 921 291 944 omnes
310 916 341 943 et
358 911 503 953 singulos
520 910 598 942 iuris
617 916 649 942 et
669 909 743 942 sacti
762 910 918 949 desectus,

180 963 206 995 si
232 963 286 1006 qui
320 964 462 1006 desuper
497 963 748 1005 quomodolibet
780 963 919 994 interve-

179 1017 308 1055 nerint,
345 1019 532 1059 supplemus
569 1022 600 1049 et
635 1008 797 1048 sana-mus
824 1016 919 1048 Prae-

180 1077 269 1103 terea
300 1071 386 1112 quod
420 1079 513 1101 nemo
540 1079 576 1101 ex
602 1068 844 1111 professoribus
868 1078 942 1116 su-l

179 1123 346 1165 pradictae
372 1117 556 1164 pro'vineiae
583 1122 738 1164 deinceps
769 1122 862 1153 titulo
889 1127 919 1153 et

180 1176 387 1218 exemptione
414 1175 573 1217 exprioris
599 1174 807 1217 provincialis
833 1174 919 1207 eius·
941 1181 943 1211 ζ

180 1228 253 1259 dem
279 1227 466 1270 provinciae
485 1228 557 1265 frui,
578 1229 721 1270 gaudere
747 1233 800 1260 aut
820 1228 919 1270 potiri
940 1221 942 1276 i

179 1280 301 1322 possit,
338 1281 392 1323 qui
430 1281 520 1322 prior
545 1281 754 1324 provincialis
785 1281 919 1313 actualis

179 1342 245 1364 non
273 1333 381 1372 suerit,
415 1333 606 1365 arietoritate
633 1339 664 1366 et
689 1339 802 1366 tenore
826 1343 920 1376 prae-

180 1385 253 1418 satis
277 1387 447 1418 statuimus
466 1391 496 1419 et
513 1387 714 1419 ordinamus.

225 1440 239 1482 g
264 1438 295 1472 3.
323 1439 543 1472 Deeernentes
569 1441 702 1473 easdem
728 1446 921 1483 praesentes

182 1492 308 1524 litteras
334 1491 462 1533 firmas,
488 1492 572 1531 etc.,¹

226 1544 241 1587 ἓ
264 1544 296 1577 3.
323 1544 391 1577 Non
410 1546 616 1578 obstantibus
634 1545 922 1578 constitutionibus
942 1569 944 1593 3

183 1603 215 1630 et
239 1598 501 1630 ordinationibus
525 1599 735 1641 apostolicis,
763 1610 817 1635 ae,
843 1610 922 1641 qua-

184 1657 279 1683 tenus
305 1658 387 1694 opus
412 1651 468 1690 sit,
490 1652 712 1694 praefatorum
738 1651 866 1684 Ordinis
891 1658 944 1688 eti

183 1703 392 1745 provinciae,
419 1704 516 1736 ctiam
541 1705 744 1743 iuramento,
769 1704 856 1743 etc.‚²
942 1694 944 1703 Α

227 1757 340 1789 Datum
359 1757 490 1797 Romae,
509 1759 593 1799 apud
617 1758 648 1791 S.
682 1759 810 1791 Petrum
831 1785 837 1797 ‚
863 1759 921 1790 sub
942 1759 944 1772 ¹

184 1810 304 1842 annulo
319 1810 505 1849 piscatoris,
520 1812 571 1843 die
587 1822 624 1844 xx
639 1812 718 1844 iunii
732 1822 919 1853 uocexxvu,

184 1862 393 1904 pontificatus
416 1864 522 1896 nostri
544 1875 631 1897 anno
661 1875 701 1897 1v.

220 1924 279 1952 Dat.
300 1925 344 1952 die
363 1927 397 1952 20
416 1926 481 1952 iunii
508 1927 584 1959 1727,
607 1927 701 1961 pontif.
724 1936 793 1954 anno
814 1934 849 1953 tv.

464 2119 643 2152 CLXXXVI.

191 2222 410 2264 Confirmutur
445 2224 639 2257 constitutio
674 2225 732 2257 Pii
772 2225 798 2257 V
829 2236 927 2268 super

229 2277 456 2319 praecedenlz'ci
481 2278 709 2309 canonicorum
725 2279 923 2320 reglularz‘um

233 2330 501 2372 congr—eqatz'om's
529 2331 758 2363 Lateranensis
791 2332 927 2365 Ordinis

230 2382 264 2415 S.
302 2383 486 2425 Auqustini
528 2384 563 2415 in
599 2385 858 2425 processionibus
898 2390 926 2418 el

231 2434 311 2467 aliis
335 2436 459 2467 (lctibus
480 2435 622 2478 publicis
645 2441 673 2468 ec
695 2438 834 2480 privatis
848 2437 869 2471 ³.

225 2515 236 2540 1
258 2513 292 2540 Ut
310 2522 391 2548 supra
412 2523 473 2550 pag.
495 2515 543 2541 471
567 2524 584 2541 a
603 2515 645 2549 (n.
666 2516 715 2549 T.).

222 2557 239 2583 2
259 2557 292 2584 Ut
311 2566 393 2593 supra
413 2567 474 2593 pag.
495 2559 542 2586 471
567 2569 586 2586 α
605 2567 646 2591 tn.
662 2561 711 2594 T.).

223 2601 240 2627 3
259 2602 371 2629 Constit.
392 2603 434 2629 Pii
454 2604 475 2629 V
494 2603 563 2630 infra
584 2604 692 2631 citatur.

971 227 1027 249 xm
1053 227 1101 249 Pl'.

1136 275 1318 302 Benedictus
1341 276 1421 309 Papa
1441 276 1525 307 XIII,

1076 319 1114 345 ad
1135 322 1313 352 perpetuam
1336 320 1381 347 rei
1405 321 1593 347 memoriam.

1600 217 1665 251 575
1711 228 1761 253 An.
1778 227 1806 254 c.
1829 227 1897 254 ¹727

1004 380 1170 413 Militantis
1194 381 1357 414 Ecclesiae
1380 382 1552 424 regimini,
1577 381 1703 414 meritis

961 432 1238 475 lieetimparibus,
1254 434 1362 467 divina
1376 435 1591 477 dispositione
1609 446 1704 478 prae-

961 484 1130 524 sidenteS,
1170 496 1229 524 ea,
1267 497 1351 529 quae
1388 497 1424 519 ex
1461 487 1702 530 circumspecta

963 536 1184 570 Romanorum
1232 538 1425 571 Pontificum
1474 541 1702 583 praedeeesso-

963 599 1032 620 rum
1047 596 1235 623 nostrorum
1257 593 1460 634 providentia
1473 594 1513 626 ad
1528 593 1704 635 insignium

963 643 1255 685 congregationum·
1278 647 1479 687 regularium
1502 647 1704 689 antiquitatis

963 697 1088 739 aliaque
1115 698 1285 740 multiplici
1311 699 1406 731 laude
1432 699 1463 731 in
1490 699 1631 732 Ecclesia
1648 700 1704 733 Dei

965 750 1157 790 fulgentium
1185 751 1325 784 savorem
1351 762 1416 783 non
1436 752 1543 784 minus
1565 753 1704 795 pruden-

965 807 1014 834 ter
1027 813 1122 844 quam
1138 803 1321 836 liberaliter
1334 815 1501 837 emanasse
1513 812 1703 846 noscuntur,

965 861 999 886 ut
1024 855 1115 888 firma
1140 866 1269 898 semper
1300 863 1397 900 atque
1424 858 1581 891 inviolata
1606 860 1707 901 persi-

964 913 1060 947 stant,
1087 909 1256 951 apostoliei
1283 910 1469 943 muniminis
1491 911 1593 943 nostri
1612 923 1706 954 prae-

963 961 1064 1001 sidio,
1090 973 1162 994 cum
1188 962 1219 994 id
1245 975 1262 994 a
1287 963 1383 996 nobis
1409 964 1547 1006 petitur,
1567 965 1707 998 libenter

964 1014 1221 1047 constabilimus.

1008 1067 1078 1109 §l
1106 1067 1230 1099 Dudum
1264 1068 1427 1111 siquidem
1460 1070 1564 1103 felicis
1599 1082 1707 1104 recor-
1789 1078 1901 1108 canonicis

964 1119 1104 1151 dationis
1130 1120 1202 1152 Pius
1235 1120 1294 1153 PP.
1325 1121 1348 1152 V
1381 1123 1618 1164 praedecessor
1649 1105 1902 1166 no-ffiffiil-fsfflffi

964 1178 1029 1204 ster
1054 1173 1230 1205 canonicos
1249 1175 1417 1216 regulares
1437 1174 1707 1217 Congregationis
1719 1159 1902 1213 ῗιῗῖὲῖὲῗτῖῗῗῖἶῖ

964 1226 1190 1258 Lateranensis
1227 1226 1356 1260 Ordinis
1382 1228 1413 1260 S.
1443 1228 1612 1269 Augustini
1638 1211 1880 1261 uhi-mufflfflsmt'

964 1288 1103 1320 cumque
1134 1279 1277 1310 locorum
1311 1280 1487 1312 existentes
1518 1281 1550 1312 in
1576 1291 1709 1323 proces-

964 1330 1111 1362 sionibus
1148 1336 1180 1362 et
1217 1331 1287 1364 aliis
1321 1333 1445 1365 actibus
1484 1334 1621 1375 publicis
1658 1337 1708 1368 vel

965 1384 1098 1426 privatis
1133 1384 1241 1416 statim
1267 1386 1388 1417 clerum
1415 1387 1615 1419 saecularem
1643 1398 1707 1420 non

965 1442 1151 1479 exemptum
1187 1437 1363 1480 subsequi,
1401 1439 1477 1471 dum
1510 1439 1572 1481 ipsi
1596 1440 1710 1473 subse-

961 1490 1096 1532 quendo
1123 1491 1383 1532 praecedebant,
1419 1492 1494 1523 dum
1516 1503 1592 1525 vero
1617 1504 1711 1535 prae-

965 1543 1114 1575 cedendo
1137 1544 1390 1585 praecedebant,
1412 1545 1504 1576 illum
1523 1545 1711 1579 immediate

966 1597 1056 1639 sequi
1083 1597 1203 1629 debere
1234 1597 1422 1635 declaravit,
1450 1605 1482 1630 et
1505 1599 1594 1637 alias,
1613 1606 1710 1641 prout

966 1650 1099 1681 uberius
1125 1650 1315 1682 continetur
1340 1651 1370 1682 in
1390 1651 1534 1683 eiusdem
1554 1652 1598 1684 Pii
1617 1663 1711 1695 prae-

966 1703 1146 1735 decessoris
1172 1703 1290 1735 litteris
1317 1704 1459 1749 desuper
1489 1705 1548 1736 sub
1574 1706 1710 1747 plumbo

966 1755 1126 1798 expeditis
1164 1756 1286 1788 tenoris
1322 1757 1376 1798 qui
1411 1757 1583 1799 sequitur,
1622 1758 1710 1791 vide-

967 1809 1064 1840 licet:

1011 1862 1095 1894 Pius
1120 1862 1295 1904 episcopus,
1316 1873 1425 1894 servus
1449 1873 1615 1896 servorum
1639 1865 1709 1905 Dei,

967 1914 1010 1946 acl
1039 1918 1227 1956 perpetuam
1257 1914 1306 1945 ree?
1334 1915 1540 1947 memoriam.
1568 1916 1646 1948 Cum
1673 1928 1710 1949 ex

967 1966 1124 1998 Ordinum
1163 1966 1397 2006 universitate,
1426 1967 1481 2010 qui
1507 1968 1540 1999 in
1566 1968 1622 2000 Dei
1651 1969 1711 2001 Ec-

970 2020 1079 2058 clesia,
1107 2025 1170 2052 etc.
1186 2018 1208 2052 ⁴.

1740 392 1862 415 Exordium.

1780 1871 1906 1892 Constitutio

1721 1898 1833 1924 praedicta
1843 1897 1909 1920 νην.

1004 2088 1099 2115 Datum
1121 2088 1230 2122 Romae,
1247 2089 1319 2123 apud
1340 2088 1365 2115 S.
1388 2090 1509 2121 Petrum,
1531 2098 1602 2117 anno
1622 2092 1712 2118 Incar-

969 2133 1086 2158 nationis
1107 2132 1243 2158 dominica
1263 2139 1351 2159 MDLxx
1364 2153 1370 2165 ‚
1392 2142 1407 2158 x
1429 2133 1559 2160 haleudas
1578 2134 1710 2170 ianuarii,

969 2177 1142 2210 pontificatus
1162 2177 1247 2202 nostri
1269 2184 1341 2202 anno
1362 2183 1399 2203 111.

1014 2232 1027 2272 ᾖ
1050 2230 1078 2262 2.
1105 2230 1181 2262 Cum
1207 2235 1331 2268 autem,
1356 2230 1440 2262 sieut
1465 2231 1600 2264 dilectus
1627 2232 1712 2266 tilius
1736 2242 1905 2271 Proceseorpm-

970 2283 1152 2315 Alexander
1176 2282 1409 2315 Maximilianus
1428 2283 1592 2325 Koboseh,
1620 2267 1769 2319 cano-{¹5:¹1³¹
1782 2272 1905 2319 υῗῖηὲἓιιιῖῗῖ

969 2336 1059 2367 nicus
1092 2335 1252 2377 regularis
1289 2346 1441 2378 expresse
1472 2338 1637 2380 professus
1674 2322 1822 2373 aemma&

970 2388 1175 2430 praepositus
1200 2394 1378 2420 conventus
1403 2389 1553 2423 Omnium
1578 2391 1712 2425 Sancto-

968 2451 1038 2472 rum
1063 2439 1202 2472 civitatis
1224 2440 1449 2474 Olomucensis
1467 2442 1612 2476 eiusdem
1631 2444 1712 2477 Con-

969 2492 1172 2535 gregationis
1212 2493 1458 2533 Lateranensis,
1486 2495 1578 2528 nobis
1606 2508 1712 2540 nuper

1005 2564 1015 2588 1
1034 2562 1147 2598 Reliqua
1163 2562 1247 2589 habes
1262 2571 1311 2590 suo
1325 2564 1397 2598 loco,
1414 2567 1478 2592 tom.
1491 2572 1537 2598 vu,
1554 2575 1615 2603 pag.
1628 2567 1679 2595 877
1693 2568 1708 2594 h

969 2610 1064 2642 etseq.
1082 2610 1120 2641 (u.
1137 2613 1187 2640 τ,).
