2170 3147
18 207 68 237 An.
88 206 118 235 C.
136 205 204 235 1726

47 899 132 920 statuta
142 904 204 924 prae-

21 925 76 946 dicta
86 931 122 951 pru
131 931 203 946 mona-
229 945 235 951 ,

22 952 66 972 cbis
81 954 107 972 do
122 953 202 978 priora-

20 978 76 999 tibus
101 978 203 1004 praetatis
250 999 256 1004 ,

20 1004 116 1032 provisis.

788 206 982 231 BENEchus

211 254 345 298 insuper
370 255 571 295 documenta,
593 254 683 288 iura¹
702 255 751 288 vel
773 255 948 298 scripturas

211 307 386 350 originales
403 308 440 340 ad
460 308 547 351 ipsos
567 308 728 351 prioratus
748 308 948 351 pertinentes

211 371 313 404 penes
338 371 370 394 se
395 361 556 400 retinere,
575 370 629 393 seu
650 361 747 394 etiam
774 361 947 400 occultare,

211 413 243 445 in
271 424 365 456 grave
390 413 591 457 prioratuum
618 424 653 446 ac
678 413 948 446 monasteriorum

211 466 431 508 praefatorum
474 466 626 499 damnum
669 472 701 499 et
735 465 949 508 irreparabile

212 519 447 561 praeiudicium
484 524 712 563 praesumant,
746 528 875 551 necnon
911 518 950 550 de

213 572 369 606 fructibus
394 573 582 606 eorumdem
608 572 811 616 prioratuum
838 570 876 604 ad
902 570 949 602 sui

213 625 336 659 libitum
358 626 520 660 interdum
547 626 743 669 disponant:
766 624 860 658 nobis
879 634 947 666 pro·
972 635 974 677 ᾗ

212 685 323 723 pterea
359 684 557 723 exponentes
594 677 750 722 praedicti
788 677 974 710 immitam—³

213 732 390 776 supplicari
411 732 573 772 fecerunt,
593 737 627 764 ut
644 731 675 764 in
694 730 881 775 praemissis
899 740 951 773 op-

212 791 353 830 portune
378 787 551 829 providere
572 792 603 818 et
619 791 653 818 ut
673 785 756 818 intra
782 785 951 827 indulgere

213 839 253 872 de
278 838 480 881 benignitate
505 838 685 882 apostolica
708 838 927 880 dignaremur.

258 892 321 936 53.
348 892 411 925 Nos
437 893 551 935 igitur,
572 892 760 925 eorumdem
786 900 953 933 exponen-

214 951 294 978 tium
319 945 402 979 votis
426 945 487 978 hac
513 945 543 978 in
563 956 609 985 re,
630 949 785 988 quantum
802 954 875 977 cum
892 943 953 976 Do-

213 1009 302 1032 mino
339 1008 508 1042 possumus
528 1025 535 1037 ,
564 997 785 1030 favorabiliter
809 1006 953 1029 annuere

217 1052 371 1092 volentes,
390 1061 568 1094 eorumque
589 1050 772 1093 singulares
797 1059 953 1093 personas

214 1116 231 1138 a
255 1103 420 1148 quibusvis
445 1102 800 1142 excommunicationis,
818 1112 954 1145 suspen-

213 1156 314 1189 sionis
341 1161 372 1190 et
402 1156 591 1196 interdicti,
628 1155 765 1199 aliisque
801 1154 955 1187 ecclesia-

214 1210 304 1243 sticis
331 1210 521 1250 sententiis,
546 1209 693 1243 censuris
723 1214 754 1242 et
782 1208 906 1252 poenis,
938 1218 954 1239 a

213 1263 284 1298 iure
310 1265 358 1298 vel
385 1264 425 1297 ab
451 1264 605 1303 homine,
632 1263 744 1306 quavis
783 1260 953 1295 occasione
975 1275 977 1291 t

213 1318 264 1351 vel
289 1319 386 1351 causa
410 1317 494 1357 latis,
521 1317 547 1349 si
573 1316 689 1359 quibus
707 1314 956 1359 quomodolibet

215 1371 390 1404 innodatae
412 1371 563 1410 existunt,
579 1371 618 1403 ad
637 1369 785 1403 etl'ectum
804 1378 955 1412 praesen-

217 1424 295 1456 tium
321 1424 485 1457 dumtaxat
521 1423 792 1466 consequendum
808 1448 815 1462 ,
841 1422 955 1454 harum

216 1477 302 1510 serie
329 1476 536 1510 absolventes
555 1481 586 1509 et
604 1475 766 1508 absolutas
793 1475 862 1508 sore
881 1484 955 1507 cen-

216 1535 324 1563 sentes
341 1557 348 1570 ,
374 1529 562 1562 huiusmodi
588 1527 881 1572 supplicationibus
910 1527 956 1560 in-

216 1582 337 1623 clinati,
367 1583 453 1625 quod
483 1582 522 1615 de
548 1587 660 1615 cetero
678 1582 786 1614 nullus
805 1591 841 1614 ex
861 1580 955 1613 dictis

215 1635 385 1668 monachis
404 1635 443 1668 de
465 1634 665 1678 prioratibus
686 1633 840 1677 praetatis
859 1633 956 1666 etiam

216 1688 397 1732 apostolica
432 1687 620 1721 auctoritate
657 1687 806 1730 provisis,
834 1697 890 1719 seu
925 1685 955 1718 in

216 1746 384 1785 posterum
409 1740 639 1784 providendis,
664 1740 696 1774 in
722 1740 844 1774 eisdem
870 1739 957 1783 prio-

220 1792 353 1833 ratibus,
379 1803 436 1825 seu
462 1792 546 1836 apud
583 1801 638 1825 eos
674 1802 824 1824 eorumve
857 1791 958 1824 eccle-

218 1845 292 1886 sias,
307 1845 377 1878 sine
391 1845 597 1888 superiorum
613 1855 744 1878 suorum
760 1844 956 1887 regularium

217 1897 349 1930 licentia
374 1897 518 1930 residere
545 1907 603 1930 seu
630 1897 835 1936 commorari,
861 1902 958 1939 atque

219 1950 313 1984 aliter
337 1950 376 1983 de
395 1949 552 1982 fructibus
571 1950 729 1982 eiusmodi
748 1950 956 1992 prioratuum,

220 2015 314 2047 quam
341 2003 380 2036 ad
407 2003 540 2035 sormam
566 2009 598 2035 et
622 2003 856 2046 praescriptum
883 2012 959 2035 con-

220 2056 397 2089 stitutionis
422 2055 615 2089 recolendae
641 2055 819 2088 memoriae
837 2055 957 2088 Urbani

220 2109 323 2152 Papae
343 2108 407 2141 Vlll
432 2109 695 2152 praedecessoris
722 2109 832 2141 itidem
857 2109 957 2142 nostri

222 2172 304 2205 quae
330 2161 445 2204 incipit
468 2161 509 2194 In
534 2161 788 2204 supereminenti
811 2172 870 2204 pro
895 2172 959 2194 mo-

220 2213 335 2246 nachis
359 2213 628 2256 Congregationis
654 2213 685 2246 S.
705 2213 804 2246 Mauri
830 2214 862 2246 in
888 2213 959 2247 Gal-

221 2267 264 2300 lia
289 2266 433 2299 eiusdem
459 2266 589 2299 Ordinis
613 2267 644 2299 S.
672 2267 839 2299 Benedicti
872 2277 958 2299 anno

221 2329 375 2354 mocxxvil
397 2319 514 2359 editae,
531 2319 707 2362 disponere
725 2319 829 2362 possit
853 2327 885 2352 et
909 2330 959 2351 va-

221 2373 307 2413 leat3
335 2372 486 2415 quodque
512 2377 681 2415 praeterea
705 2382 816 2406 omnes
841 2377 872 2405 et
896 2372 959 2405 sin-

223 2426 288 2468 guli
310 2425 460 2459 monaehi
486 2425 525 2458 de
551 2425 644 2458 dictis
665 2425 860 2468 prioratibus
885 2435 960 2469 pro-

223 2479 281 2513 visi
306 2484 338 2512 et
360 2478 554 2523 providendi
586 2479 781 2512 documenta
819 2484 849 2512 et
885 2479 961 2512 scri-

224 2537 333 2576 pturas
360 2531 549 2575 originales,
577 2532 664 2576 ipsos
690 2532 864 2575 prioratus,
890 2532 962 2566 illo-

263 2595 272 2621 t
290 2593 361 2621 Male
375 2593 441 2620 edit.
453 2593 531 2621 Maia.
547 2593 611 2629 legit
627 2602 697 2622 cura
713 2602 761 2629 pro
776 2594 845 2623 iura
857 2594 896 2629 (n.
912 2595 961 2630 Τ.).

1008 206 1064 230 xm
1089 207 1138 231 rr.

991 266 1101 288 rumve
1126 256 1205 296 iura,
1231 255 1318 288 bona
1344 259 1375 288 et
1400 265 1451 287 res
1483 254 1731 297 quomodolibet

993 313 1186 351 spectantes,
1219 308 1268 340 vel
1294 308 1409 340 saltem
1437 318 1545 340 earum
1582 307 1730 348 evempla

994 360 1191 400 authentica,
1216 361 1247 393 in
1281 360 1423 393 archivio
1449 358 1730 396 monasteriorum,

993 424 1010 444 a
1034 413 1149 455 quibus
1174 413 1250 446 dicti
1276 413 1441 456 prioratus
1468 412 1664 455 dependent,
1689 422 1733 443 rt·-

993 476 1115 508 ponere
1151 466 1283 499 omnino
1316 467 1457 499 debeant
1490 477 1525 499 ac
1551 470 1734 502 tencantur,

995 519 1054 551 sub
1095 519 1437 552 excomn'iunieationis
1472 530 1508 552 ac
1543 519 1732 562 privationis

997 571 1082 604 vocis
1103 571 1223 604 activae
1250 576 1282 604 et
1306 571 1449 615 passivae
1482 582 1540 614 per
1574 571 1733 603 contrata-

995 624 1116 657 cientes
1144 631 1175 657 et
1199 630 1405 658 contumaces
1435 625 1467 657 in
1494 624 1678 667 praemissis
1696 634 1734 656 eo

995 677 1065 720 ipso
1091 678 1295 711 incurrendis
1321 678 1445 720 poenis
1483 678 1593 710 eadem
1627 682 1735 709 aucto-

997 731 1107 771 ritate,
1128 731 1243 764 barum
1262 731 1355 771 serie,
1376 731 1566 769 statuimus,
1587 730 1735 764 decerni-

996 794 1065 816 mus
1091 789 1123 817 et
1148 783 1345 816 ordinamus.

1039 839 1053 882 ἓ
1077 838 1108 871 li.
1131 837 1201 871 Non
1227 837 1431 870 obstantibus
1450 837 1735 870 constitutionibus

997 899 1028 926 et
1054 891 1317 925 ordinationibus
1342 890 1552 934 apostolicis,
1578 902 1614 923 ae
1646 890 1737 923 Ordi-

997 946 1046 979 nis
1063 972 1070 985 ,
1096 943 1380 988 Congregationis‚
1407 944 1682 976 monasteriorum
1708 949 1740 976 et

997 999 1197 1042 prioratuum
1233 997 1487 1040 praedictorum,
1525 997 1620 1029 etiam
1657 996 1740 1029 iura-

998 1057 1107 1085 mento
1124 1078 1131 1091 ,
1170 1050 1420 1084 confirmatione
1460 1050 1652 1093 apostolica,
1691 1052 1739 1083 vel

997 1105 1107 1149 quavis
1133 1104 1288 1137 firmitate
1315 1103 1376 1136 alia
1408 1102 1587 1142 roboratis,
1613 1103 1739 1135 statutis

998 1165 1030 1192 et
1058 1156 1367 1196 consuetudinibus,
1394 1155 1572 1199 privilegiis
1592 1167 1738 1199 quoque,

998 1212 1134 1245 indultis
1164 1216 1194 1244 et
1224 1210 1342 1243 litteris
1375 1209 1564 1252 apostolicis
1594 1210 1626 1242 in
1663 1221 1741 1242 con-

1000 1265 1131 1298 trarium
1182 1262 1439 1307 praemissorum
1493 1263 1740 1306 quomodolibet

999 1318 1175 1357 concessis,
1198 1315 1399 1349 confirmatis
1417 1320 1448 1348 et
1472 1315 1651 1355 innovatis;
1672 1316 1740 1359 qui-

999 1371 1058 1403 bus
1084 1370 1235 1403 omnibus
1261 1373 1293 1401 et
1317 1367 1462 1410 singulis,
1493 1368 1624 1400 illorum
1653 1373 1740 1400 teno-

1000 1434 1051 1456 res
1065 1421 1292 1466 praesentibus
1308 1431 1366 1464 pro
1380 1421 1477 1464 plene
1496 1425 1528 1453 et
1543 1420 1739 1453 sufficienter

999 1476 1164 1519 expressis
1197 1485 1233 1507 ac
1266 1475 1304 1507 de
1336 1474 1435 1507 verbo
1462 1475 1501 1506 ad
1528 1473 1660 1506 verbum
1694 1474 1739 1505 in-

999 1528 1096 1562 sertis
1123 1528 1296 1567 habentes,
1315 1526 1380 1561 illis
1399 1526 1476 1559 alias
1495 1525 1527 1558 in
1545 1536 1602 1559 suo
1621 1526 1740 1559 robore

1000 1580 1232 1625 permansuris,
1251 1579 1289 1612 ad
1308 1579 1564 1622 praemissorum
1583 1578 1740 1617 effectum,

1001 1636 1060 1668 hac
1078 1635 1145 1667 vice
1164 1634 1344 1674 dumtaxat,
1362 1632 1547 1676 specialiter
1565 1637 1595 1664 et
1613 1642 1742 1674 expres-

1000 1699 1033 1721 se
1052 1689 1265 1730 derogamns3
1286 1686 1468 1729 ceterisque
1487 1684 1655 1718 contrariis
1675 1685 1742 1727 qui-

1000 1741 1217 1782 buseumque.

1045 1793 1059 1836 §
1084 1792 1115 1825 5.
1142 1792 1295 1825 Volumus
1320 1797 1427 1824 autem
1460 1795 1494 1823 ut
1523 1790 1741 1834 praesentium
1779 1800 1935 1821 tssi'ilushabun-

1753 1830 1779 1850 ila
1791 1832 1935 1855 trancuuipus„

1001 1846 1181 1879 litterarum
1216 1844 1443 1887 transumptis,
1477 1854 1533 1876 seu
1566 1844 1740 1886 exemplis,

1002 1900 1099 1932 etiam
1125 1897 1304 1942 impressis,
1339 1907 1435 1929 manu
1462 1896 1599 1929 alicuius
1623 1896 1741 1929 notarii

1002 1952 1123 1995 publici
1155 1950 1355 1994 subscriptis,
1382 1955 1412 1982 et
1443 1949 1552 1992 sigillo
1578 1960 1739 1992 personae

1002 2006 1034 2038 in
1053 2004 1269 2038 ecelesiastica
1291 2003 1447 2046 dignitate
1466 2002 1660 2035 constitutae
1678 2013 1742 2034 mu-

1002 2058 1095 2098 nitis,
1130 2057 1242 2090 eadem
1277 2066 1413 2099 prorsus
1447 2055 1524 2088 tides
1554 2055 1674 2098 ubique
1700 2057 1741 2088 lo-

1002 2121 1113 2144 corum
1139 2115 1169 2143 et
1195 2109 1339 2153 gentium
1370 2108 1484 2141 tamin
1506 2107 1624 2141 iudicio
1644 2118 1739 2151 quam

1002 2168 1091 2196 extra
1123 2163 1203 2196 illud
1240 2163 1420 2201 habeatur,
1450 2171 1531 2204 quae
1564 2161 1742 2193 haberetur

1002 2215 1079 2258 ipsis
1111 2214 1340 2258 praesentibus
1374 2213 1398 2246 si
1437 2214 1543 2246 forent
1575 2213 1741 2245 exhibitae

1001 2269 1051 2301 vel
1076 2274 1237 2301 ostensae.

1046 2322 1161 2354 Datum
1187 2321 1320 2361 Romae,
1347 2321 1431 2363 apud
1457 2320 1488 2353 S.
1516 2320 1656 2359 Petrum,
1684 2321 1742 2351 sub

1003 2376 1124 2408 annulo
1170 2373 1363 2414 Piscatoris,
1409 2374 1460 2406 die
1504 2384 1521 2405 v
1563 2374 1742 2406 decembris

1003 2437 1178 2467 unccxxvi,
1205 2426 1409 2470 pontificatus
1433 2425 1536 2459 nostri
1558 2436 1643 2459 anno
1671 2436 1717 2458 ui.

1039 2489 1101 2516 Dat.
1121 2489 1165 2516 (lie
1180 2489 1196 2516 5
1212 2487 1365 2515 decembris
1382 2487 1460 2522 1726,
1477 2488 1575 2523 pontis.
1594 2496 1666 2514 anuo
1684 2494 1723 2514 ui.

1630 196 1694 229 459
1741 205 1789 231 An.
1811 203 1839 230 C.
1856 204 1925 230 1720

1821 846 1932 867 Clausulas

1745 874 1906 898 utorigatxiriaa,
