2170 3147
0 214 48 240 Αιι.
65 211 93 240 C.
115 211 184 239 1725

26 1485 143 1507 Clausulas.

168 2415 171 2417 ‚
194 2372 340 2415 infringi,
361 2375 537 2415 retractari,
558 2375 702 2417 limitari,
722 2383 775 2409 aut
801 2378 839 2410 ad
866 2383 928 2411 ter-

764 212 957 235 rmfflrffrs

192 261 225 293 in
251 260 449 293 motionibus
464 259 503 292 ad
522 260 724 292 doctoratum
742 259 928 292 huiusmodi
950 264 952 275 ¹

193 324 251 356 per
285 312 369 345 idem
405 311 579 354 collegium
613 312 769 344 hactenus
806 313 927 344 servari

192 365 369 399 consuetis.
397 364 478 398 Sede
510 371 617 398 autem
644 365 820 408 episcopali
855 365 929 398 Cae-

193 419 357 452 senatensi
394 423 537 458 vacante,
575 419 709 451 vicarius
746 418 929 460 capitularis

193 472 292 515 ipsius
316 471 471 505 ecclesiae
489 471 755 510 Caesenatensis,
785 476 859 503 tunc
885 472 930 504 le-

192 525 303 568 gitime
329 525 521 568 deputatus,
546 524 690 557 eiusdem
716 524 861 566 episcopi
884 524 929 556 vi-

192 589 246 611 ces
283 577 314 610 in
355 577 503 610 omnihus
542 576 730 619 praemissis
770 582 859 618 gerat,
898 582 927 609 et

192 631 360 664 sustineat.
389 630 505 669 Porro,
532 640 603 662 cum
632 629 725 673 prior
751 630 850 662 laicus
875 640 928 661 su-

191 683 328 727 pradicti
354 683 514 726 praetoris
539 682 680 715 absentis
707 683 755 715 vel
781 682 926 725 impediti

191 741 300 779 partes
325 736 476 779 supplere
494 735 632 768 antehac
657 735 874 772 consueverit„
896 741 929 767 ut

193 789 384 832 praefertur,
412 789 498 831 quod
524 788 563 820 de
589 793 697 821 cetero
725 788 839 821 doctor
872 788 929 820 lai-

192 853 246 875 cus
271 842 434 885 antiquior
460 842 617 875 eiusmodi
637 841 742 875 officio
767 841 926 884 fungatur,

191 895 283 929 sicuti
325 896 420 929 etiam
463 895 625 928 secundus
667 895 699 927 in
740 894 927 927 antianitate

191 948 306 982 iudicis
331 949 584 992 appellationum
620 958 735 981 munus
768 953 926 988 exerceat,

192 1006 350 1045 quatenus
375 1011 449 1033 usus
475 1001 661 1044 appellandi
694 1001 732 1034 ad
760 1001 926 1034 doctorem

193 1054 269 1087 dicti
296 1054 424 1097 collegii
450 1054 574 1097 vigeat,
608 1065 643 1087 ac
670 1055 784 1087 tertius
817 1055 929 1087 doctor

193 1107 223 1139 in
249 1107 390 1149 negotiis
415 1117 578 1150 aquarum,
604 1107 726 1139 viarum
747 1113 777 1140 et
793 1107 928 1140 aliarum

193 1171 299 1193 rerum
326 1160 476 1193 similium
502 1161 550 1193 ius
575 1161 704 1194 dicendi
740 1162 928 1194 facultatem

193 1213 329 1252 haheat,
356 1213 380 1245 si
407 1219 439 1245 et
471 1213 645 1246 dummodo
671 1214 766 1247 alicui
804 1214 927 1247 doctori

192 1265 334 1298 eiusdem
353 1266 479 1308 collegii
499 1272 677 1309 competat,
705 1271 805 1305 motu,
826 1267 929 1299 scic-u-

193 1314 236 1351 iia
258 1325 289 1352 et
320 1320 489 1362 potestatis
514 1318 717 1362 plenitudine
743 1319 926 1359 similibus,

192 1372 378 1405 earumdem
395 1377 503 1404 tenore
518 1372 745 1414 praesentium,
759 1372 927 1405 statuimus

192 1424 303 1458 itidem
330 1429 360 1458 et
386 1425 585 1458 ordinamus.

234 1478 249 1522 ἓ
274 1477 304 1511 6.
333 1477 563 1519 Decernentes‚
583 1478 712 1512 easdem
737 1483 927 1522 praesentes

192 1531 328 1571 litteras,
353 1534 384 1563 et
405 1530 436 1563 in
456 1530 501 1563 eis
519 1535 672 1564 contenta
693 1542 928 1575 quaecumque,

192 1582 288 1616 etiam
315 1593 351 1616 ex
388 1593 425 1616 eo
462 1584 547 1627 quod
585 1584 742 1627 praedicti
779 1585 928 1618 doctores

191 1636 277 1677 laici,
303 1647 359 1670 seu
386 1636 440 1669 alii
467 1636 604 1679 quilibet
623 1637 654 1669 in
675 1637 862 1680 praemissis
880 1638 928 1670 in—

193 1695 313 1723 teresse
340 1689 498 1722 habcntes
534 1700 591 1723 seu
624 1690 744 1723 habere
778 1696 928 1733 praeten-

193 1742 320 1781 dentes,
347 1743 412 1776 illis
443 1754 507 1776 non
533 1744 777 1783 consenserint,
804 1755 862 1777 nee
889 1745 927 1778 ad

193 1806 229 1828 ea
243 1795 361 1836 vocati,
381 1796 467 1829 citati
486 1802 517 1829 et
537 1797 657 1837 auditi,
680 1807 785 1840 neque
803 1807 926 1838 causae,

193 1853 325 1892 propter
347 1859 424 1892 quas
453 1855 640 1892 praesentes
659 1856 849 1883 emanarunt
865 1852 928 1884 sus-

195 1899 336 1933 ticienter
361 1901 530 1942 adductae,
556 1902 734 1936 vei-iiicatae
759 1908 791 1937 et
814 1903 928 1936 iustifi-

194 1958 281 1986 catae
308 1953 446 1995 suerint,
482 1960 537 1988 aut
562 1965 598 1988 ex
632 1956 693 1988 alia
723 1966 927 2000 quacumque

194 2007 300 2046 causa,
326 2007 443 2047 colore,
461 2013 629 2050 praetextu
647 2014 679 2041 et
704 2009 809 2052 capite
831 2009 926 2043 etiam

197 2056 228 2090 in
252 2068 385 2101 corpore
408 2059 485 2093 iuris
509 2061 640 2102 clauso,
666 2063 758 2096 nullo
783 2073 926 2106 unquam

197 2115 342 2153 tempore
364 2110 402 2144 de
419 2112 637 2156 subreptionis
657 2115 706 2148 vel
724 2115 927 2158 obreptionis

196 2167 249 2195 aut
273 2164 428 2197 nullitatis
453 2165 547 2205 vitio,
573 2176 627 2198 seu
653 2166 845 2201 intentionis
871 2179 928 2202 no-

195 2220 297 2255 strae,
321 2222 375 2248 aut
399 2217 552 2251 interesse
579 2219 768 2253 habentium
790 2231 927 2255 consen-

195 2269 266 2306 sus,
294 2268 395 2301 aliove
427 2270 574 2312 quolibet
607 2272 703 2304 etiam
740 2273 866 2306 formali
897 2279 928 2307 et

194 2320 394 2353 substantiali
420 2321 548 2355 defectu
575 2324 694 2363 notari,
722 2324 926 2368 impugnari,

192 2425 297 2457 minos
322 2425 400 2458 iuris
418 2428 537 2467 reduci,
553 2439 609 2461 seu
628 2429 659 2461 in
674 2431 927 2463 controversiam

191 2478 309 2517 vocari,
331 2484 383 2510 aut
396 2479 547 2512 adversus
567 2480 621 2512 illa
639 2481 829 2523 aperitionis
848 2483 924 2523 oris,

190 2530 402 2563 restitutionis
428 2531 458 2564 in
486 2532 663 2575 integrum,
683 2534 807 2567 aliudve
826 2536 928 2578 quod-

192 2594 326 2628 cumque
341 2584 429 2627 iuris,
447 2586 516 2619 facti
538 2587 585 2620 vel
605 2587 725 2630 gratiae
743 2588 924 2622 remedium

986 212 1041 236 xm
1069 213 1116 236 rr.
1615 204 1679 238 143

973 260 1128 294 intentari
1155 263 1206 296 vel
1232 262 1410 306 impetrari,
1439 274 1494 296 seu
1521 263 1708 307 impetrato,

973 314 1047 345 aut¹
1073 314 1168 347 etiam
1195 320 1296 355 motu,
1325 316 1458 349 scientia
1484 322 1515 349 et
1540 318 1709 359 potestatis

950 409 951 414 1
972 366 1176 408 plenitudiue
1208 367 1340 409 paribus
1372 379 1527 402 concesso
1552 371 1601 403 vel
1627 381 1711 403 ema-

972 424 1057 458 nato,
1073 421 1254 462 quempiam
1275 421 1305 452 in
1324 421 1442 453 iudicio
1460 423 1507 455 vel
1527 428 1614 456 extra
1632 424 1710 456 illud

973 471 1017 503 uti
1045 482 1100 503 seu
1120 482 1153 504 se
1172 472 1283 505 iuvare
1301 484 1415 516 posse;
1435 475 1490 507 sed
1510 476 1595 517 ipsas
1620 487 1711 518 prae-

973 529 1082 556 sentes
1109 524 1231 557 litteras
1255 535 1384 568 semper
1409 532 1440 559 et
1472 533 1630 570 perpetuo
1656 528 1709 561 fir-

973 586 1050 613 mas„
1072 577 1192 610 validas
1213 582 1243 610 et
1262 578 1407 611 efficaces
1425 579 1565 613 existere
1584 586 1615 613 et
1631 582 1709 620 fore.

973 639 1114 671 suosque
1148 631 1312 672 plenarios
1338 637 1369 663 et
1396 632 1540 673 integros
1577 633 1708 667 effectus

973 681 1081 714 sortiri
1108 688 1137 714 et
1164 683 1320 722 obtinere,
1348 695 1383 717 ac
1410 685 1448 717 ab
1473 684 1550 724 illis,
1571 687 1609 719 ad
1628 698 1710 729 quos

973 739 1098 777 spectat
1124 740 1155 767 ct
1178 746 1237 778 pro
1263 741 1409 779 tempore
1428 737 1595 780 spectabit,
1616 750 1708 782 quan-

974 788 1156 829 documque
1182 788 1214 819 in
1252 789 1401 822 omnibus
1440 795 1470 823 et
1506 801 1566 833 per
1602 792 1710 824 omnia

972 840 1204 873 inviolabiliter
1215 842 1394 883 observari,
1406 848 1435 875 et
1450 843 1514 876 illis
1531 844 1709 887 respective

972 892 1162 935 plenissime
1201 893 1393 937 suffragari,
1431 896 1540 939 sicque
1578 902 1610 929 et
1645 908 1709 931 non

973 944 1068 978 aliter
1094 945 1126 977 in
1144 946 1330 988 praemissis
1349 958 1405 990 per
1426 959 1646 993 quoscumque
1668 950 1711 983 iu-

973 998 1061 1031 dices
1102 999 1288 1033 ordinarios
1325 1006 1356 1034 et
1396 1002 1583 1045 delegatos,
1614 1003 1709 1036 etiam

972 1061 1140 1084 causarum
1166 1053 1276 1095 palatii
1296 1054 1466 1097 apostolici
1492 1055 1656 1089 auditores
1675 1067 1711 1089 ac

973 1105 1079 1137 dictae
1097 1104 1211 1137 S.R.E.
1233 1106 1426 1147 cardinales,
1445 1107 1542 1140 etiam
1557 1108 1709 1142 delatere

972 1158 1100 1200 legatos
1128 1163 1158 1190 et
1184 1158 1390 1201 Apostolicae
1430 1159 1522 1192 Sedis
1558 1160 1708 1201 nuncios,

973 1210 1092 1243 aliosve
1119 1211 1293 1254 quoslibet,
1321 1223 1523 1255 quacumque
1548 1214 1710 1257 praeemi-

972 1264 1080 1296 nentia
1106 1269 1137 1296 et
1155 1269 1314 1307 potestate
1335 1266 1505 1307 fungentes
1531 1271 1562 1298 et
1589 1267 1711 1299 sunctu-

971 1326 1034 1355 ros,
1061 1316 1186 1349 sublata
1208 1317 1254 1349 eis
1281 1323 1312 1350 et
1338 1328 1450 1351 eorum
1476 1318 1609 1352 cuilibet
1635 1331 1711 1364 qua-

971 1370 1018 1403 vis
1044 1370 1139 1403 aliter
1164 1370 1325 1404 iudicandi
1353 1377 1382 1404 et
1406 1372 1642 1415 interpretandi
1670 1374 1710 1406 sa-

972 1425 1090 1456 cultate
1110 1428 1141 1456 et
1158 1424 1358 1466 auctoritate,
1379 1424 1514 1458 iudicari
1534 1430 1565 1458 et
1584 1425 1710 1459 definiri

972 1476 1110 1516 debete,
1150 1487 1186 1509 ac
1219 1477 1344 1510 irritum
1382 1483 1413 1510 et
1446 1478 1542 1511 inane
1566 1480 1590 1511 si
1617 1490 1710 1514 secus

972 1540 1070 1572 super
1088 1530 1138 1562 his
1152 1541 1168 1562 a
1184 1541 1358 1574 quoquam,
1379 1531 1489 1574 quavis
1508 1532 1712 1574 auctoritate,

972 1582 1112 1616 scienter
1144 1583 1192 1616 vel
1226 1583 1431 1626 ignoranter,
1458 1585 1633 1628 contigerit
1666 1592 1712 1620 at-

973 1636 1102 1668 tentari.

1015 1689 1030 1731 §
1056 1689 1085 1721 7.
1113 1688 1271 1727 Quocirca
1298 1691 1475 1724 venerabili
1512 1691 1600 1724 fratri
1638 1693 1799 1748 ilie-lutiam·

972 1752 1107 1786 ronymo
1133 1744 1294 1776 moderno
1328 1754 1363 1776 ac
1396 1755 1454 1787 pro
1482 1749 1629 1788 tempore
1655 1757 1759 1789 pa-m.

972 1796 1049 1828 riter
1074 1796 1226 1829 existenti
1264 1796 1513 1841 archiepiscopo
1547 1798 1713 1832 Ravenna-

972 1849 1052 1882 tensi
1079 1860 1137 1892 per
1162 1855 1350 1892 praesentes
1370 1855 1458 1883 motu
1477 1851 1545 1894 pari
1565 1852 1712 1885 commit-

971 1903 1065 1935 timus
1085 1908 1116 1936 et
1137 1903 1341 1944 mandamus,
1369 1910 1527 1946 quatenus
1552 1905 1633 1947 ipse,
1651 1915 1712 1948 per

971 1966 1015 1997 se,
1041 1956 1089 1988 vel
1115 1955 1224 1995 alium,
1245 1966 1300 1988 seu
1327 1956 1420 1996 alios,
1446 1963 1635 2000 praesentes
1661 1957 1712 1991 lit-

972 2013 1056 2041 teras
1083 2014 1112 2041 et
1143 2008 1175 2041 in
1210 2008 1254 2041 eis
1284 2014 1438 2042 contenta
1471 2020 1712 2054 quaecumque,

971 2061 1025 2093 ubi
1052 2067 1082 2094 et
1107 2061 1238 2104 quando
1265 2072 1346 2104 opus
1383 2062 1499 2103 suerit,
1525 2067 1556 2096 et
1581 2063 1710 2107 quoties

970 2124 1029 2157 pro
1053 2120 1144 2157 parte
1170 2114 1327 2147 interesse
1365 2115 1396 2147 in
1434 2116 1618 2159 praemissis
1655 2117 1712 2151 ha-

970 2167 1126 2207 bentium,
1153 2178 1209 2200 seu
1236 2168 1372 2201 alicuius
1393 2179 1515 2210 eorum,
1541 2169 1637 2203 suerit
1661 2181 1711 2204 re-

971 2220 1119 2263 quisitus,
1147 2221 1337 2254 solemniter
1362 2222 1541 2264 publicam,
1579 2223 1709 2267 illisque

971 2272 1003 2305 in
1029 2273 1150 2306 eisdem
1178 2274 1367 2316 praemissis
1385 2275 1522 2308 efficacis
1549 2276 1710 2309 defensio-

972 2325 1020 2358 nis
1038 2327 1203 2370 praesidio
1222 2327 1386 2367 assistenS,
1406 2328 1500 2361 saciat
1517 2330 1710 2364 auctoritate

972 2381 1079 2411 nostra
1104 2379 1177 2412 illos
1203 2385 1233 2412 et
1258 2390 1369 2413 eorum
1406 2381 1585 2424 quemlibet
1619 2394 1711 2426 prae-

972 2432 1111 2463 sentium
1139 2432 1318 2465 litterarum
1345 2439 1376 2466 et
1400 2434 1432 2466 in
1466 2434 1511 2467 eis
1540 2441 1711 2468 contento-

972 2494 1041 2516 rum
1069 2485 1254 2518 huiusmodi
1281 2488 1450 2519 commodo
1465 2493 1497 2519 et
1521 2488 1635 2520 etl'ectu
1655 2499 1710 2531 pa-

971 2536 1059 2569 citice
1087 2537 1146 2569 frui
1172 2543 1201 2570 et
1227 2539 1387 2581 gaudere,
1427 2550 1489 2572 non
1517 2541 1708 2582 permittens

1008 2599 1016 2625 1
1042 2597 1203 2627 Particulam
1219 2602 1270 2627 aut
1287 2608 1337 2628 nos
1353 2599 1478 2628 addimus
1495 2601 1531 2637 (R.
1548 2603 1597 2635 T.).

1725 214 1771 239 An⁴
1789 213 1816 240 C.
1838 214 1908 241 1725

1819 1703 1843 1722 ula

1847 1707 1906 1726 ulula·

1810 1734 1906 1749 ixi-rut„-
