2170 3147
29 237 78 264 Aa.
93 236 122 263 C.
144 233 211 263 1724

53 403 134 423 muzae
147 402 208 422 liuius

26 430 187 450 constitutionis.

51 1189 130 1209 Caum
146 1190 207 1209 huius

24 1215 191 1236 Comtittitir·ni-.

49 2240 168 2263 clausulae.

806 233 1001 259 BENEDICTUS
1027 234 1081 257 x111
1107 234 1155 258 1¹1³.

220 293 294 317 nem
320 284 389 317 eius
416 284 618 323 memoiiam,
646 287 679 315 ut
705 283 806 316 sancti
833 283 957 316 conses-

220 336 301 369 soris
326 336 377 378 pie
405 336 502 368 recoli
530 346 624 378 posse
651 335 799 368 sancivit.

263 389 277 431 ξ
303 389 333 421 5.
357 389 500 431 Denique
528 388 640 431 gratiis
667 389 731 421 Deo
770 398 841 420 cuni
867 388 955 420 exul-

221 441 340 474 tatione
355 442 450 479 actis,
465 442 550 484 quod
567 447 710 474 sanctum
736 442 953 473 consessorem

219 494 357 527 Felicem
385 505 456 526 cum
481 494 598 526 ceteris
625 494 686 525 iam
711 492 897 525 memoratis
923 492 953 523 in

217 552 389 589 conspectu
417 546 559 578 oninium
577 547 723 588 gentium
746 544 953 577 honorificari

218 604 250 632 et
270 599 457 631 militantem
479 599 653 631 Ecclesiam
673 603 734 630 tain
752 597 866 639 insigni
885 597 954 638 glo-

217 652 263 684 ria
289 652 436 685 decorari
463 651 637 691 voluisset,
658 651 688 682 in
711 649 859 683 eiusdem
881 658 953 681 con-

218 705 346 739 fessoris
372 711 403 738 et
438 710 618 738 ceterorum
654 704 781 737 laudem
818 701 951 735 solemni

216 758 361 791 oratione
387 759 526 796 cantata,
560 757 590 789 in
616 758 670 790 ara
695 756 830 789 maxima
856 765 953 798 supra

216 811 458 844 consessionem
489 810 573 843 beati
607 810 691 842 Petri
730 809 952 852 apostolorum

215 863 383 908 principis,
411 865 547 896 unacum
563 863 747 896 eorumdem
769 866 952 894 sanctoruni

215 916 537 955 commemoratione,
556 915 671 948 missae
693 913 885 947 sacrificium
901 924 952 945 ce-

216 970 363 1009 lebravit,
389 969 589 1012 singulisque
610 967 790 1006 catholicis,
816 967 869 1009 qui
890 971 951 998 tan·

217 1026 264 1056 tae
289 1022 512 1055 caeremoniae
549 1022 737 1059 intererant,
771 1019 951 1063 plenariam

216 1081 422 1118 peccatorum
461 1074 696 1117 indulgentiam
726 1079 757 1106 et
789 1073 951 1107 remissio-

216 1139 291 1161 nem
317 1128 451 1170 largitus
477 1132 538 1160 est.

261 1181 276 1223 ξ
300 1180 330 1213 6.
358 1180 402 1213 Ne
427 1191 503 1213 vero
530 1181 570 1213 de
602 1179 784 1212 huiusmodi
811 1179 949 1212 solemni

219 1233 405 1266 definitione
430 1239 462 1266 et
486 1233 652 1266 sanctione
678 1232 867 1275 apostolica,
901 1242 951 1264 ce-

219 1287 360 1330 terisque
386 1286 580 1329 praemissis,
607 1292 782 1329 propterea
804 1285 891 1328 quod
911 1285 949 1317 (lc

217 1340 281 1372 illis
308 1350 368 1383 per
392 1339 541 1372 eumdem
574 1339 772 1372 Clementem
802 1344 856 1371 aut
881 1338 949 1370 eins

216 1403 440 1426 successorem
467 1391 568 1424 felicis
594 1391 770 1424 memoriae
796 1392 951 1424 Innocen-

217 1446 293 1478 tium
312 1445 378 1477 XIlI
400 1445 587 1478 decessores
605 1450 732 1478 nostros
750 1444 876 1477 litterae
896 1445 950 1477 de-

215 1498 351 1532 cretales
383 1498 586 1541 conscriptae
623 1509 688 1531 non
726 1498 853 1537 suerint,
892 1509 950 1530 un—

216 1562 311 1594 quam
334 1551 439 1593 possit
463 1550 675 1593 imposterum
702 1550 950 1594 quomodolibet

215 1603 383 1642 lmesitari,
410 1613 477 1644 nos,
503 1603 556 1646 qui
582 1603 724 1646 utrique,
752 1603 948 1646 disponente

213 1656 369 1696 Domino,
412 1656 488 1688 licet
523 1656 687 1697 immeriti,
726 1656 758 1688 in
794 1657 946 1689 cathedra

213 1709 248 1741 B.
262 1708 346 1741 Petri
363 1708 590 1748 successimus,
606 1710 762 1748 volumus,
777 1715 808 1742 et
821 1716 948 1752 aposto-

212 1762 274 1794 lica
298 1761 490 1794 auctoritate
511 1761 697 1801 statuimus,
720 1767 755 1794 nt
783 1762 946 1795 decretum

213 1814 345 1854 sanctio,
381 1814 545 1853 delinitio,
585 1815 777 1857 adscriptio,
816 1816 944 1856 relatio,

213 1867 393 1906 concessio,
429 1873 601 1910 ceteraque
635 1867 792 1900 hactenus
824 1879 947 1901 memo-

214 1926 291 1960 rata,
317 1932 333 1953 a
359 1921 420 1953 iam
445 1920 528 1953 dicta
545 1920 595 1953 die
614 1931 645 1954 xi
663 1921 818 1953 kalendas
841 1922 945 1954 iunias

213 1973 285 2005 anni
311 1982 445 2006 nucem
470 1983 563 2005 suum
595 1979 841 2016 consequantur
873 1973 946 2006 ette-

214 2031 310 2065 ctum,
337 2036 372 2058 ac
397 2026 421 2058 si
440 2025 478 2058 de
499 2025 563 2058 illis
585 2026 622 2058 ab
641 2026 755 2059 eodem
782 2026 945 2059 Clemente

214 2089 324 2111 revera
359 2079 484 2112 litterae
522 2080 701 2112 decretales
742 2080 853 2113 eadem
895 2080 944 2113 «tie

214 2131 415 2174 conscriptae
440 2137 472 2164 et
496 2133 720 2176 promulgatae
747 2133 892 2174 fuissent,
912 2140 946 2166 ut

216 2184 363 2226 superius
389 2191 566 2217 enarratur.

259 2236 273 2278 ἓ
305 2235 335 2268 7.
369 2236 518 2269 Volumus
554 2238 649 2270 etiam
688 2244 722 2270 ut
757 2244 944 2281 praesentes

214 2289 340 2322 litterae
376 2295 505 2322 nostrae
531 2291 569 2322 ad
601 2291 805 2332 probandum
838 2292 947 2325 deere-

215 2348 290 2383 tum,
326 2343 536 2383 sanctionem,
564 2343 794 2384 definitionem,
824 2346 947 2379 adscri-

213 2395 366 2437 ptionem,
393 2397 596 2437 relationem,
623 2398 879 2439 concessionem,
900 2410 947 2432 ce-

213 2453 344 2491 teraque
359 2449 535 2491 praemissa
553 2450 773 2493 undequaque
788 2451 947 2484 sufficiant

211 2510 315 2543 neque
340 2501 471 2534 alternis
497 2502 725 2546 cuiuscui‘nque
742 2504 946 2546 probationis

212 2558 244 2585 et
267 2554 481 2586 solemnitatis
508 2555 741 2589 adminiculinu
762 2557 800 2589 ad
827 2557 857 2590 id
884 2569 948 2590 aiu-

211 2607 294 2650 plius
319 2607 514 2652 requiratur.

1658 224 1700 258 113
1746 234 1794 260 An.
1810 233 1838 260 c.
1861 233 1928 261 1724

1044 281 1112 325 §.8
1135 282 1299 323 Gemini-‚11
1320 294 1395 326 quia
1414 282 1543 315 difficile
1563 282 1656 322 soret,
1676 282 1733 314 has
1779 295 1817 314 Γ.

1001 341 1126 368 nostras
1152 336 1190 368 ad
1217 336 1285 378 sing
1280 310 1343 369 ·iila
1367 337 1449 375 loca,
1475 337 1514 369 ad
1541 346 1624 379 quae
1651 346 1733 378 opus
1746 326 1782 339 '¹¹¹¹
1786 324 1863 343 ¹³⁰³*

999 394 1103 427 esset,
1129 390 1268 429 adferri⁷
1293 391 1460 429 volumus,
1486 395 1518 422 ut
1546 389 1733 422 earumdem

1000 443 1162 484 exempla,
1190 443 1286 474 etiam
1321 443 1401 485 typis
1434 442 1615 485 impressa,
1641 452 1735 474 mauu

999 494 1119 536 publici
1160 494 1278 527 notarii
1317 495 1525 537 subscripta,
1562 494 1734 537 sigilloque

998 546 1132 579 alicuius
1172 558 1333 590 personae
1368 547 1398 579 in
1435 547 1591 589 dignitate
1633 548 1736 579 eccle-

998 599 1128 631 siastiea
1165 600 1362 632 constitutae
1402 599 1549 638 munita,
1587 600 1735 632 eamdem

997 651 1116 694 ubique
1141 651 1235 685 iidem
1262 652 1442 691 obtineant,
1469 663 1564 694 quam
1592 652 1651 684 liae
1679 662 1735 684 no-

996 709 1081 736 strae
1103 704 1300 744 obtinerent,
1315 705 1419 737 sicubi
1439 716 1492 738 eas
1520 704 1666 737 exbiberi
1684 706 1733 737 vel

998 757 1124 789 ostendi
1152 757 1370 799 contingeret

1041 809 1111 853 §9
1154 810 1238 843 Nulli
1276 821 1354 853 ergo
1392 811 1526 844 omnino
1562 811 1731 844 bominum
1772 822 1859 843 Sanctio
1879 830 1930 850 poo-

997 863 1092 897 liceat
1118 863 1200 896 lianc
1226 864 1378 906 piginam
1400 864 1500 897 nostri
1520 864 1656 905 decreti
1680 865 1735 898 de·
1746 850 1800 870 ”³⁴⁵¹

997 915 1170 956 linitionis,
1197 916 1391 957 sanctionis,
1418 917 1661 960 adsrriptionis,
1689 928 1734 951 re-

997 968 1146 1008 lationis,
1171 970 1280 1002 statuti
1306 974 1338 1002 et
1367 970 1587 1003 concessionis
1621 971 1734 1003 inl‘rin-

997 1033 1082 1065 gere,
1109 1029 1163 1055 aut
1188 1022 1216 1055 ei
1243 1023 1412 1056 temerario
1438 1033 1515 1055 ausu
1548 1024 1731 1062 contraire;

997 1075 1021 1107 si
1049 1076 1119 1118 quis
1145 1080 1250 1108 autem
1285 1076 1348 1108 lioc
1384 1081 1544 1109 attentare
1571 1087 1734 1119 praesum-

996 1128 1112 1171 pserit,
1139 1128 1398 1170 indignationem
1424 1129 1659 1172 omnipotentis
1677 1129 1733 1162 Dei

995 1193 1031 1214 ac
1056 1182 1221 1214 beatorum
1250 1181 1333 1214 Petri
1351 1188 1382 1214 et
1400 1182 1490 1215 Pauli
1509 1183 1733 1226 apostolorum

995 1235 1064 1267 eins
1089 1245 1122 1267 se
1148 1235 1272 1267 noverit
1297 1234 1515 1268 incursurum.

1039 1288 1152 1320 Datum
1178 1288 1308 1327 Romae,
1335 1288 1419 1331 apud
1438 1288 1469 1321 S.
1491 1288 1630 1328 Petrum,
1649 1298 1733 1321 anno

995 1341 1229 1374 lncarnationis
1259 1341 1440 1374 dominicae
1466 1350 1640 1380 Muccxxiv,
1669 1341 1732 1383 pri-

995 1394 1045 1426 die
1083 1404 1184 1426 nonas
1221 1393 1342 1435 iunias,
1383 1393 1592 1436 pontificatus
1630 1393 1733 1426 nostri

994 1456 1079 1480 anuo
1106 1457 1127 1480 L

1029 1508 1088 1536 Dat.
1111 1509 1155 1536 die
1177 1510 1191 1536 4
1211 1509 1279 1536 iunii
1302 1509 1379 1544 1724,
1402 1508 1502 1545 pontif.
1525 1516 1596 1536 anno
1613 1516 1631 1535 ι,

1862 300 1929 322 nipto-

1129 1606 1179 1655 ᾖ
1205 1607 1289 1642 nco
1323 1606 1595 1642 BENEmcrus

1056 1679 1255 1703 CATIIOLICAE
1286 1679 1461 1703 ECCLESIAE
1488 1679 1669 1703 EPISCOI'US.

990 1840 1007 1875 -ῐ-
1031 1838 1089 1875 Ego
1125 1838 1298 1867 Franciscus
1334 1838 1489 1876 episcopus
1527 1838 1733 1867 Praenestinus

1068 1887 1226 1916 cardinalis
1245 1886 1430 1916 Barberiuus.

989 1987 1006 2021 †
1030 1984 1087 2022 Ego
1104 1984 1207 2014 Petrus
1223 1983 1376 2023 episcopus
1391 1984 1559 2013 Sabiuensis
1575 1985 1733 2014 cardinalis

1069 2032 1243 2070 ffltobonus,
1266 2033 1294 2061 S.
1313 2033 1347 2061 n.
1367 2033 1397 2061 E.
1417 2033 1683 2063 vicerancelhnrius.

989 2084 1006 2119 Τ
1030 2082 1087 2120 Ego
1109 2081 1285 2111 Laurentius
1307 2081 1459 2121 episcopus
1475 2082 1655 2112 'l‘usrulanus
1671 2092 1733 2112 car-

1068 2130 1172 2159 dinalis
1195 2129 1343 2159 Corsinus.

988 2229 1006 2264 †
1029 2228 1086 2265 Ego
1109 2227 1209 2266 Ioseph
1246 2227 1323 2256 tituli
1359 2227 1388 2256 S.
1411 2227 1547 2256 Praxeilis
1582 2228 1731 2267 presbyter

1068 2276 1222 2306 cardinalis
1244 2276 1440 2315 Sacripantes.

988 2375 1006 2409 †
1027 2374 1085 2411 Ego
1103 2374 1226 2402 'l'liomas
1249 2373 1325 2403 tituli
1343 2376 1371 2402 S.
1389 2374 1493 2403 Mariae
1509 2374 1728 2414 'l'ranstyberiiu

1069 2423 1218 2461 presbyter
1236 2423 1393 2452 cardinalis
1413 2424 1515 2454 tintus.

989 2472 1006 2506 ἦ·
1030 2471 1086 2507 Ego
1109 2471 1262 2509 I’liilippus
1278 2471 1423 2501 Antonius
1447 2473 1522 2502 tituli
1542 2473 1570 2503 S.
1588 2474 1729 2504 Caeciliae

1071 2519 1219 2557 presbyter
1242 2520 1399 2550 cardinalis
1422 2520 1600 2551 Gualterius.

990 2579 1007 2603 't'

989 2618 1007 2631 ‚t-
