2170 3147
3 177 54 206 An.
70 176 100 203 C.
119 173 187 203 ¹726

784 173 981 198 BENEDICTUS
1005 172 1063 197 xm
1086 172 1135 196 1⁵1³.

196 232 274 266 quas
298 220 498 254 voluntariae
525 220 726 263 paupertatis
744 220 818 262 iugo
843 220 933 253 novit

195 285 268 308 csse
292 273 486 317 suppositas,
511 273 739 316 oppressiones
765 278 796 305 et
819 284 932 316 grava-

193 328 281 360 mina
305 327 447 364 relevat,
469 331 513 364 nt,
538 325 738 368 quibuslibet
762 326 933 368 perturba-
953 349 954 359 i

195 380 338 413 tionibus
363 379 513 418 semotis,
541 378 663 411 facilius
689 380 816 411 valeant
839 379 954 411 Altis-2

194 432 275 465 simo
300 442 394 464 suum
428 431 582 463 exhibere
621 431 822 463 famulatum.
850 430 931 463 llinc

194 491 244 518 cst
264 485 352 528 quod
370 495 438 524 nos,
456 483 582 517 dilectis
609 483 682 515 filiis
701 483 931 525 Congregatio-

193 537 258 570 nis¹
283 537 481 571 Clericorum
501 535 710 578 Regularium
732 535 764 567 S.
783 535 929 568 Silvestri
951 562 952 568 ,

951 594 952 620 ξ
974 598 1033 620 nae
1053 592 1083 620 et
1100 587 1206 620 Status
1220 587 1434 620 Ecclesiastici
1455 588 1591 620 tuitione
1614 592 1646 620 et
1660 588 1713 619 de-

193 592 232 624 de
250 590 335 624 Urbe
357 590 439 633 (qui,
463 595 496 622 ut
521 589 715 632 accepimus,
740 589 827 631 gravi
853 598 929 631 pau-

192 649 317 687 pertate
342 642 513 686 oppressi,
542 642 574 674 in
611 641 678 674 dies
712 637 952 694 eleemosynis}

191 695 308 734 vivere,
327 705 425 738 seque
443 705 507 727 non
525 694 594 727 sine
609 694 745 727 maxima
760 699 792 726 et
806 693 928 735 ingenti

191 759 300 782 rerum
325 748 459 791 penuria
488 752 671 779 sustentare
690 746 876 788 eoguntur),
896 752 930 778 ut

191 801 345 845 quietiori
370 802 479 834 animo
516 811 552 832 ac
584 799 784 832 commodius
810 799 927 832 divinis

191 865 224 887 se
248 853 429 887 immiscere
462 859 494 886 et
517 853 556 886 ad
582 852 638 886 illa
673 853 843 885 intendere
868 862 926 884 va-

189 908 297 946 leant,
325 906 364 939 de
389 906 524 939 alicuius
561 905 783 938 subventionis
809 904 926 938 auxilio

189 959 377 1003 providere,
404 969 527 1003 eosque
553 958 704 1001 specialis
731 958 852 1000 gratiae
884 958 928 990 sa-

188 1022 266 1046 vore
291 1013 443 1055 prosequi
467 1013 634 1050 volentes,
657 1012 811 1054 ipsosque
845 1010 927 1044 Con-

189 1065 422 1108 giegationem,
446 1070 476 1097 et
498 1065 626 1098 illorum
650 1063 831 1105 singulares
854 1074 926 1106 per-

189 1128 300 1158 sonas,
326 1128 344 1151 a
368 1117 533 1161 quibusvis
558 1116 900 1150 excommunicationis
916 1142 923 1156 ,

188 1171 411 1215 suspensionis
429 1176 460 1204 et
479 1170 650 1209 interdicti,
669 1170 807 1212 aliisque
827 1170 926 1202 cccle-

188 1224 325 1257 siasticis
351 1224 539 1263 sententiis,
566 1222 711 1256 censuris
738 1229 769 1254 et
793 1222 923 1265 poenis,
946 1255 947 1259 ,

187 1288 203 1310 a
226 1277 295 1310 iure
320 1278 370 1310 vel
389 1277 428 1310 ab
455 1277 596 1315 bomine,
617 1275 727 1319 quavis
753 1275 924 1308 occasione

186 1332 236 1364 vel
261 1332 356 1363 causa
381 1330 464 1370 latis,
486 1330 510 1362 si
537 1330 653 1372 quibus
679 1328 947 1377 quomodolibetA

945 1379 1271 1418 ‘communicationis
1305 1384 1437 1416 maioris
1470 1385 1551 1416 latae
1577 1391 1708 1416 senten-

186 1383 333 1417 innodati
359 1383 511 1421 existunt,
533 1382 570 1414 ad
597 1381 745 1414 ellectum
770 1392 924 1424 praesen-

187 1437 266 1469 tium
292 1436 454 1469 dumtaxat
492 1435 781 1478 consequendum,
810 1435 923 1467 liarmn

185 1489 271 1523 serie
297 1489 503 1522 absolventes
529 1495 560 1521 et
577 1489 742 1521 absolutos
761 1489 827 1521 l'ore
849 1499 924 1521 ceu·
944 1487 946 1520 Ξ

186 1549 303 1581 senteS,
330 1547 419 1575 motu
446 1541 589 1585 proprio,
614 1552 679 1574 non
707 1543 743 1574 ad
777 1541 922 1583 ipsorum
945 1545 946 1583 g

185 1595 457 1639 Congregationis
483 1596 531 1627 vel
558 1595 691 1627 alterius
716 1605 776 1638 pro
804 1595 849 1627 eis
867 1584 946 1630 no-Jl

944 1660 945 1666 ¹
966 1652 1079 1684 dorum
1094 1654 1212 1694 poena,
1234 1661 1272 1683 eo
1292 1651 1373 1693 ipso,
1393 1650 1417 1681 si
1441 1657 1471 1682 et
1486 1650 1613 1692 quoties
1631 1660 1706 1682 con-

184 1649 234 1682 bis
254 1660 353 1692 super
374 1649 435 1682 lioc
461 1649 589 1681 oblatae
616 1649 784 1691 petitionis
805 1649 923 1681 instan-

187 1703 262 1736 tiam
279 1729 286 1743 ‚
311 1703 368 1736 sed
394 1703 432 1735 de
463 1704 570 1735 nostra
596 1705 682 1734 mera
716 1701 921 1741 liberalitate,
943 1709 945 1728 ³

184 1756 350 1800 praefatos
386 1754 675 1797 Congrcgationem
702 1761 733 1787 et
757 1765 816 1798 pro
844 1761 920 1788 tem-

184 1819 266 1853 pore
292 1809 468 1842 existentes
494 1808 581 1842 illius
606 1809 751 1848 clericos
779 1809 811 1841 in
838 1809 923 1841 dicta

184 1863 268 1897 Urbe
302 1868 540 1897 commorantes
566 1873 601 1895 ae
628 1863 658 1894 in
684 1863 848 1895 communi
878 1862 943 1894 vi-¹

184 1922 307 1957 venteS,
323 1916 361 1949 ab
383 1915 534 1949 omnibus
549 1920 579 1948 et
593 1915 729 1958 singulis
755 1915 918 1956 subsidiis,

185 1969 331 2013 gabelliS,
357 1968 460 2007 datiis,
487 1968 652 2008 collectis,
683 1968 842 2011 angariis,
870 1979 922 2001 ve-

185 2023 356 2066 ctigalibus
377 2028 409 2055 et
433 2022 504 2056 aliis
531 2022 788 2065 quibuscumque
815 2023 922 2055 oneri-

183 2077 254 2116 bus,
280 2075 451 2109 ordinariis
477 2081 508 2108 et
532 2075 806 2116 extraordinariis,
829 2076 922 2108 reali·
942 2110 943 2114 ,

182 2129 252 2169 bus,
268 2128 496 2173 personalibus
510 2139 546 2161 ac
560 2128 678 2168 mixtis,
693 2128 755 2161 olei
770 2129 922 2161 videlicet

183 2193 241 2226 pro
266 2193 341 2222 uno,
370 2187 402 2214 et
425 2181 489 2214 vini
515 2192 572 2224 pro
598 2182 708 2214 decem
727 2188 758 2214 et
773 2187 846 2214 octo
865 2182 921 2214 do-

183 2235 245 2276 liis,
259 2245 387 2268 necnon
407 2235 537 2275 farinae,
553 2234 709 2275 carnium,
722 2235 920 2278 aliarumque

184 2299 463 2333 quarumcumque
484 2298 609 2327 rerum,
625 2288 857 2331 cuiuscumque
873 2300 922 2331 ge-

182 2343 269 2377 neris
297 2348 329 2376 et
354 2342 518 2386 qualitatis
540 2341 758 2380 existentium,
776 2353 835 2385 pro
862 2353 920 2375 usu

185 2395 454 2439 Congregationis
469 2399 500 2428 et
516 2394 704 2428 clericorum
731 2395 919 2429 huiusmodi

185 2454 249 2482 tam
274 2459 334 2492 per
358 2458 444 2481 mare
470 2452 502 2480 et
527 2457 641 2490 aquam
666 2448 791 2481 dulcem
824 2459 920 2492 quam

183 2511 244 2545 per
269 2507 389 2534 terram
413 2500 641 2543 undecumque
667 2500 706 2533 ad
731 2501 846 2533 almam
863 2500 921 2534 Ur-

220 2563 231 2590 1
253 2562 348 2589 Potius
367 2562 425 2597 lege
447 2561 673 2596 Conqreyationz‘
692 2563 730 2596 (n.
747 2562 796 2596 T.).

270 2615 353 2644 Butz.
372 2616 456 2644 Rom.
478 2632 511 2635 -
535 2615 595 2644 Vol.
615 2615 708 2643 XXII.
852 2616 887 2645 53

975 220 1050 253 bem
1072 230 1133 263 pro
1162 224 1309 262 tempore
1336 219 1513 252 delatarum
1540 223 1569 251 et
1595 218 1715 251 condu-

976 278 1119 311 ctarum,
1145 283 1180 305 ae
1215 273 1293 304 alliis
1329 271 1576 315 quomodolibet
1612 276 1643 302 et
1677 282 1713 303 cx

976 336 1178 368 quacumque
1197 327 1292 357 causa
1311 325 1408 357 etiam
1428 324 1600 356 iustissima
1622 329 1653 356 et
1675 325 1713 356 de

975 378 1168 410 necessitate
1191 377 1411 420 exprimenda,
1432 382 1493 409 tam
1513 388 1570 420 per
1584 376 1713 419 praede-

975 441 1119 463 cessores
1144 436 1274 463 nostros
1298 441 1394 473 quam
1416 440 1475 462 nos
1501 435 1533 462 et
1553 430 1713 472 Apostoli-

952 486 953 489 ’
974 492 1029 514 cae
1048 482 1138 515 Sedis
1156 483 1281 524 legatos
1300 482 1396 514 etiam
1418 492 1477 525 pro
1503 481 1712 524 expeditione

974 540 1087 568 contra
1106 535 1253 567 infideles
1281 544 1315 566 ac
1337 534 1537 577 reipublicae
1564 535 1712 567 christia-

974 639 1119 673 sensione
1135 640 1295 682 impositis
1312 645 1340 673 et
1357 641 1711 682 imponendisnecnon

973 693 1215 726 contributione
1231 693 1341 726 inillis
1357 693 1513 731 facienda,
1533 694 1708 736 apostolica

973 747 1162 780 auctoritate
1188 752 1219 780 et
1245 758 1282 780 ex
1308 750 1396 780 certa
1430 750 1540 780 nostra
1575 747 1709 779 scientia

973 806 1085 833 tenore
1109 800 1329 843 praesentium
1355 805 1515 844 perpetuo
1542 799 1711 832 eximimus

973 858 1004 885 et
1029 853 1174 886 totaliter
1199 853 1393 892 liberamus,
1419 863 1454 885 ae
1480 852 1648 889 immunes,
1675 852 1711 884 li-

971 905 1069 938 beros
1096 910 1128 938 et
1149 910 1316 948 exemptos
1333 905 1401 937 sore
1422 910 1452 937 et
1471 915 1550 943 esse,
1569 904 1710 947 illosque

971 959 1008 992 ad
1026 959 1275 1001 praemissorum
1300 959 1442 991 omnium
1459 963 1489 990 et
1506 957 1708 999 singulorum

970 1013 1020 1045 rel
1046 1012 1181 1045 alieuius
1219 1023 1331 1045 eorum
1366 1011 1560 1046 solutionem
1583 1011 1614 1042 in
1643 1016 1708 1044 toto

947 1084 948 1087 =
970 1065 1019 1098 vel
1045 1065 1077 1097 in
1103 1071 1192 1108 parte
1223 1065 1317 1098 etiam
1339 1070 1638 1108 quantumcumque
1656 1064 1711 1095 mi·

970 1118 1065 1156 nima,
1088 1118 1199 1161 quavis
1225 1119 1395 1151 occasione
1421 1118 1470 1151 vel
1494 1119 1599 1152 causa,
1618 1117 1707 1149 nullo

946 1178 948 1182 ‘
968 1181 1111 1214 unquam
1138 1177 1286 1215 tempore
1315 1171 1427 1210 teneri,
1447 1181 1507 1203 nec
1526 1171 1562 1203 ad
1586 1170 1615 1203 id
1635 1169 1707 1212 cogi

969 1231 1019 1257 aut
1042 1225 1194 1267 compelli
1220 1226 1268 1257 vel
1288 1224 1411 1266 gravari
1431 1235 1541 1267 posse,
1562 1224 1708 1256 decerni-

969 1288 1062 1316 mus3
1082 1278 1256 1310 districtius
1272 1278 1368 1310 etiam
1390 1277 1420 1309 in
1443 1277 1559 1309 virtute
1578 1283 1706 1309 sanctae

967 1331 1173 1364 obedientiae
1188 1358 1195 1371 ,
1218 1336 1249 1363 et
1267 1331 1327 1363 sub
1345 1330 1576 1372 indignationis
1598 1341 1633 1361 ae
1654 1341 1707 1362 ex-

967 1439 1027 1471 tiae
1048 1440 1162 1481 poena,
1177 1449 1213 1470 ae
1231 1438 1318 1470 mille
1337 1438 1527 1470 ducatorum
1549 1437 1630 1472 auri,
1650 1448 1706 1479 pro

966 1492 1113 1534 qualibet
1138 1491 1204 1523 vice
1242 1502 1306 1533 qua
1344 1490 1530 1533 praemissis
1564 1495 1618 1522 aut
1644 1490 1704 1522 ali-

966 1545 1015 1576 cui
1035 1555 1146 1577 eorum
1168 1544 1391 1576 contravenire
1418 1542 1706 1585 praesumpserint,

967 1597 1040 1630 fiseo
1059 1597 1237 1640 apostolico
1256 1595 1525 1628 irremissibiliter
1545 1596 1707 1637 applican-

967 1704 1135 1737 trafactum
1156 1703 1260 1742 suerit,
1293 1703 1499 1743 incurrentia,
1520 1703 1705 1735 inhibentes

965 1757 1092 1790 dilectis
1125 1756 1199 1789 tiliis
1232 1756 1389 1789 moderno
1415 1762 1445 1788 et
1471 1766 1530 1799 pro
1558 1762 1704 1798 tempore

965 1810 1176 1844 existentibus
1213 1809 1425 1852 gubernatori
1463 1816 1492 1842 et
1537 1809 1703 1852 quibusvis

964 1865 1035 1898 aliis
1052 1864 1278 1908 superioribus
1300 1869 1361 1896 tam
1381 1864 1484 1896 almae
1503 1862 1598 1896 Urbis
1616 1874 1705 1906 prae-

964 1918 1047 1951 fatae
1073 1928 1168 1960 quam
1195 1917 1330 1950 aliarum
1356 1916 1538 1955 civitatum,
1565 1916 1705 1959 oppido-

965 1981 1055 2011 rum,
1087 1972 1244 2008 locorum,
1269 1975 1449 2002 castrorum
1475 1975 1507 2002 et
1532 1975 1702 2011 terrarum,

964 2035 1092 2057 necnon
1130 2025 1281 2057 omnibus
1312 2029 1344 2056 et
1374 2024 1510 2066 singulis
1543 2023 1700 2065 datariis,

964 2077 1169 2121 gabellariis,
1199 2077 1418 2117 thesaurariis,
1453 2077 1702 2120 quaestoribus,

964 2131 1193 2173 depositariis‚
1219 2130 1419 2174 capitaneis,
1446 2131 1646 2163 marescallis
1672 2135 1704 2163 et

964 2183 1033 2216 aliis
1064 2183 1102 2216 ad
1129 2184 1209 2216 haec
1245 2183 1493 2226 quomodolibet
1528 2183 1701 2226 praesectis

964 2242 1019 2269 aut
1045 2237 1210 2280 deputatis
1237 2236 1382 2269 eiusdem
1403 2236 1507 2269 Status
1526 2237 1627 2269 nostri
1645 2236 1703 2269 Ee-

963 2290 1146 2329 clesiastici,
1163 2300 1203 2322 ne
1221 2289 1517 2332 Congregationem
1547 2289 1702 2333 illiusque

963 2354 1021 2386 pro
1043 2349 1189 2386 tempore
1215 2343 1389 2376 existentes
1418 2343 1551 2376 clericos
1578 2343 1703 2386 praefa-

965 2401 1012 2429 tos
1051 2406 1149 2439 super
1180 2395 1369 2439 praemissis
1402 2401 1456 2428 aut
1491 2406 1603 2429 eorum
1640 2406 1702 2428 usu

963 2449 1083 2482 directe
1118 2450 1166 2482 vel
1198 2449 1357 2482 indirecte
1394 2449 1508 2492 quovis
1552 2450 1701 2493 quaesito

963 2503 1072 2535 colore
1095 2503 1145 2535 vel
1177 2501 1309 2544 ingenio
1341 2502 1535 2542 molestare,
1560 2512 1698 2543 vexare,

963 2555 1144 2599 impedire,
1175 2555 1225 2589 vel
1250 2555 1328 2589 alias
1354 2555 1598 2599 quomodolibet
1628 2565 1700 2598 per-

1610 160 1674 194 4⁴17
1723 169 1772 195 An.
1791 169 1819 195 c.
1843 168 1910 196 1726
