2170 3147
0 199 39 224 in.
57 197 86 223 C.
107 195 174 222 1725

13 520 134 541 Exordium.

16 1361 96 1390 Causae
110 1366 170 1386 pran-

1 1390 54 1417 entis
71 1389 170 1408 coustitu-

0 1419 58 1434 ionis,

769 189 961 213 BEAEDIOEUS

222 245 379 274 armatam
411 239 529 271 solvere
570 242 740 271 teneantur
772 236 916 279 fabricae

220 305 356 327 suarum
384 293 551 335 respective
577 289 816 323 ecclesiia-zon&

360 356 541 383 Benedictus
563 354 734 387 Episcopus,

371 406 475 426 servus
490 405 643 425 servorum
661 397 720 431 nei,

303 444 338 470 ad
354 445 529 477 perpetuam
547 441 591 468 rei
611 441 794 467 memoriam.

222 507 294 540 Pius
312 511 344 539 et
362 504 547 538 misericors
569 503 736 542 Dominus,
757 502 821 545 qui,
840 503 914 535 dmn

179 571 236 603 pro
268 558 412 603 peccatis
446 556 567 589 nostris
599 555 759 594 irascitur,
787 555 915 588 miseri-

178 611 307 645 cordiae
349 610 554 649 recordatur,
594 608 712 651 templa
754 607 917 640 dominica

178 663 321 698 construi
349 668 378 696 et
404 662 520 695 divinis
553 661 705 704 precibus
731 659 915 693 consecrari

177 717 280 751 voluit
305 722 336 749 et
361 715 535 759 praecepit,
563 714 596 746 in
623 713 738 757 quibus
763 724 834 745 cum
862 713 916 745 ho-

179 770 321 802 minibus
348 768 490 807 habitat,
517 772 550 799 ut
577 767 668 809 plebs
707 765 831 804 tidelis,
859 775 921 808 per>

179 821 360 856 oblationes
386 826 417 853 et
442 819 592 863 pacificas
630 818 755 851 hostias
781 818 916 851 devotae

179 875 358 914 orationis,
393 873 470 906 iram
499 873 613 906 iudicis
638 872 788 914 mitiget,
816 872 916 914 ipsius

179 928 381 962 clementiam
418 926 584 960 humiliter
620 925 833 969 postulando,
872 924 916 957 Ne

178 981 274 1024 igitur
299 981 412 1014 domos
431 980 496 1020 Dei,
520 991 599 1023 quas
619 979 713 1012 decet
733 977 916 1011 sanctitudo

179 1039 210 1067 et
239 1045 372 1077 quarum
409 1033 561 1066 decorem
599 1042 807 1075 summopere
845 1030 917 1064 dili-

179 1087 318 1130 gendum
336 1096 425 1119 sacra
443 1085 572 1128 eloquia
590 1089 759 1123 testantur,
781 1089 917 1127 propter

180 1146 364 1181 temporum
402 1138 551 1171 Iniuriam
585 1137 724 1177 collabi,
754 1137 784 1168 in
824 1136 916 1179 peius

181 1203 288 1232 ruere,
314 1192 487 1234 minusque
507 1191 663 1224 decenter
681 1190 817 1223 retineri
843 1201 916 1222 con⁴

182 1246 296 1289 tingat,
323 1255 432 1278 sacros
459 1254 598 1277 canones
625 1243 729 1276 modis
764 1243 916 1276 omnibus

182 1298 352 1343 providere
378 1309 441 1330 non
469 1297 662 1329 mulserunt.

224 1353 240 1396 ἓ
268 1352 294 1384 l.
319 1351 548 1384 Verumtamen
581 1349 780 1392 experientia
812 1355 915 1382 osten-

183 1405 238 1445 dit,
275 1404 360 1448 quod
395 1404 544 1436 dolenter
580 1403 726 1442 dicimus,
760 1403 918 1436 hactenus

183 1458 358 1492 constituta
394 1457 480 1489 haud
517 1456 714 1489 sufficienter
753 1456 917 1499 praesidio

185 1513 253 1544 sore
280 1516 312 1543 ut
337 1519 497 1543 sacrarum
524 1510 631 1552 legum
658 1514 731 1542 vota
760 1509 918 1552 adimple-

183 1571 288 1598 antur.
316 1564 539 1603 Quamobrem,
566 1574 638 1596 cum
665 1563 703 1595 ad
728 1562 918 1595 universalis

183 1617 345 1651 Ecclesiae
363 1622 526 1660 pastorem
546 1615 708 1659 pertineat
729 1614 816 1657 vigili
843 1618 918 1648 cura

185 1671 216 1704 in
241 1681 275 1703 re
302 1675 363 1702 tam
391 1670 511 1709 sancta,
539 1670 570 1701 in
599 1679 660 1712 qua
686 1669 775 1701 nulla
800 1668 918 1701 sollici—

186 1723 262 1757 tudo
289 1722 385 1756 nimia
410 1723 510 1755 videri
537 1727 653 1765 potest,
688 1732 767 1754 nova
800 1721 919 1753 submi-

186 1777 325 1809 nistrare
365 1775 520 1815 subsidia,
557 1775 748 1818 praesertim
785 1774 836 1806 ubi
879 1775 917 1807 dc

187 1829 383 1873 reparandis,
419 1829 497 1862 iisve
524 1828 632 1862 debito
668 1828 765 1861 modo
791 1839 919 1861 conser-

187 1882 295 1914 vandis
320 1881 463 1914 ecclesiis
495 1880 735 1914 cathedralibus
761 1880 863 1922 agitur
889 1885 920 1913 et

189 1933 384 1976 collegiatis,
422 1933 452 1965 in
489 1933 605 1977 quibus
642 1933 743 1966 tidelis
782 1934 919 1976 populus

191 1986 389 2028 frequentius
413 1987 452 2018 ad
477 1987 634 2019 orandum
659 1986 834 2019 convenire
870 1997 920 2019 so-

192 2038 251 2077 let,
277 2037 315 2070 de
341 2039 570 2071 nonnullorum
602 2039 834 2072 venerabilium
861 2040 920 2072 sra-

194 2095 273 2122 trum
304 2096 485 2124 nostrorum
517 2092 547 2125 S.
574 2092 612 2125 R.
638 2093 672 2125 E.
707 2092 920 2125 cardinalium

194 2147 225 2175 ct
249 2142 369 2185 aliquot
398 2143 531 2187 insuper
557 2145 748 2178 dilectorum
779 2144 920 2178 filiorum

988 189 1041 211 xm
1068 189 1115 211 Pe.
1592 175 1655 208 1:³3

960 290 1072 328 nimus,
1100 289 1321 332 praecipimus
1347 294 1378 321 et
1402 287 1612 327 mandamus,
1641 297 1699 330 per

961 348 1057 374 totam
1086 341 1205 374 ltaliam
1238 347 1265 373 et
1300 341 1419 374 insulas
1445 339 1638 380 adiacentes,
1666 345 1699 371 ut

960 395 1183 437 inposterum
1217 394 1338 437 provisi
1377 393 1415 426 de
1453 393 1697 426 canonicatibus

960 453 990 479 et
1007 446 1187 487 beneficiis,
1208 453 1268 477 tam
1288 446 1550 480 residentialibus
1566 456 1629 478 non
1647 457 1699 477 cu-

961 499 1058 539 ratis,
1098 499 1292 542 computatis
1321 498 1417 531 etiam
1443 498 1595 537 incertis,
1634 509 1697 531 non

960 551 1189 585 excedentibus
1209 553 1350 584 valorem
1369 561 1510 584 annuum
1538 556 1698 584 scutorum

960 611 1089 638 centum
1117 611 1266 637 monetae
1298 615 1472 642 romanae,
1511 615 1605 647 (piam
1634 615 1698 637 non

961 658 1224 691 residentialibus
1250 664 1281 690 et
1299 658 1499 701 simplicibus
1525 657 1592 689 sitis
1612 660 1699 690 extra

961 711 1112 745 ecclesias
1138 712 1350 754 collegiatas,
1380 716 1550 744 tencantur
1575 712 1699 743 solvere

960 769 990 797 et
1016 765 1195 808 respective
1233 766 1399 808 deponere
1437 763 1573 796 mediam
1601 774 1700 796 anna-

961 824 1022 850 tam
1056 828 1113 861 pro
1145 818 1264 850 fabrica
1296 816 1451 850 ecclesiae
1477 816 1698 856 cathedralis,

960 871 1078 914 provisi
1104 881 1179 903 vero
1211 871 1250 903 de
1276 869 1517 903 canonicatibus
1544 876 1574 902 ct
1599 869 1700 902 bene-

961 923 1039 957 ficiis
1075 929 1135 956 tam
1162 923 1426 957 residentialilnis
1462 933 1525 956 non
1558 922 1696 962 curatis,

961 977 1157 1020 computatis
1176 978 1272 1010 etiam
1293 977 1432 1016 incertis,
1452 987 1515 1009 non
1542 976 1699 1008 exceden-

962 1030 1045 1062 tibus
1070 1031 1210 1063 valorem
1230 1040 1370 1062 annuum
1388 1032 1550 1062 scutorum
1569 1033 1699 1061 centum

960 1088 1108 1116 monetae
1138 1083 1311 1126 praelatae,
1337 1093 1431 1126 quam
1459 1092 1522 1114 non
1556 1080 1702 1114 residen-

961 1137 1089 1169 tialibus
1115 1142 1146 1169 et
1171 1136 1376 1180 simplicibus
1402 1135 1469 1167 sitis
1494 1135 1525 1167 in
1553 1134 1701 1167 ecelesiis

959 1189 1154 1232 collegiatis,
1187 1190 1234 1221 vel
1270 1189 1307 1221 ad
1341 1188 1414 1222 illas
1443 1188 1618 1228 translatis,
1651 1187 1701 1220 iti-

960 1244 1030 1276 dem
1073 1247 1243 1275 teneantur
1283 1244 1411 1275 solvere
1453 1247 1483 1274 et
1523 1242 1701 1285 respective

960 1296 1124 1338 deponere
1151 1295 1287 1327 mediam
1314 1300 1463 1327 annatam
1496 1305 1554 1337 pro
1582 1294 1702 1327 fabrica

961 1349 1116 1382 ecelesiae
1132 1349 1336 1391 collegiatae:
1355 1349 1419 1380 sive
1438 1347 1595 1381 beneficia
1609 1359 1701 1391 prae-

961 1403 1044 1436 dicta
1069 1403 1191 1436 liberae
1211 1402 1403 1442 collationis,
1422 1402 1486 1434 sive
1514 1401 1702 1444 iurispatro-

962 1459 1054 1489 nattis
1082 1456 1170 1489 mixti
1204 1467 1240 1489 ae
1277 1456 1372 1488 etiam
1409 1455 1531 1488 laicalis
1569 1455 1698 1495 suerint,

961 1516 992 1544 et
1016 1511 1053 1543 ad
1081 1520 1319 1554 quemeumque
1346 1509 1473 1548 electio,
1491 1508 1635 1548 collatio,
1655 1509 1700 1541 in-

961 1563 1084 1596 stitutio
1111 1569 1141 1596 et
1168 1563 1309 1606 provisio
1330 1562 1504 1605 pertineat,
1524 1562 1589 1595 sive
1609 1561 1701 1594 nimi-

962 1628 1031 1650 rum
1050 1617 1088 1650 ad
1108 1616 1391 1659 metropolitamun
1410 1617 1457 1648 vel
1476 1615 1700 1654 Oratam-ium,

962 1670 1027 1703 sive
1052 1670 1090 1702 ad
1116 1669 1303 1712 capitulum,
1332 1668 1396 1701 sive
1415 1668 1452 1699 ad
1473 1668 1570 1700 alium
1590 1679 1700 1711 quem-

962 1734 1098 1766 cumque
1124 1722 1334 1760 inferiorem3
1363 1722 1538 1754 dummodo
1557 1722 1701 1754 collatio-

962 1777 1022 1815 nis,
1050 1775 1259 1808 institutionis
1286 1780 1318 1807 et
1343 1774 1538 1817 provisionis
1566 1773 1700 1806 Sanctae

962 1829 1053 1862 Sedis
1081 1828 1212 1861 minime
1237 1827 1392 1868 existant,
1420 1832 1475 1860 aut
1500 1827 1595 1859 etiam
1622 1827 1700 1869 legi-

964 1883 1038 1915 tima
1064 1891 1126 1914 non
1153 1880 1276 1924 vigeret
1308 1880 1510 1913 consuetudo
1543 1880 1700 1919 solvendi,

964 1933 1145 1967 dimittendi
1187 1933 1308 1965 fructus
1345 1943 1397 1966 sev
1436 1932 1608 1972 mensium,
1648 1937 1701 1965 aut

964 1987 1126 2026 similem,
1153 1996 1218 2018 non
1245 1991 1353 2018 tamen
1387 1985 1569 2025 minorem,
1599 1990 1700 2018 ratam

966 2041 1071 2073 favore
1098 2039 1235 2072 fabricae
1263 2039 1311 2071 vel
1337 2038 1526 2078 sacristiae;
1562 2043 1700 2082 utroque

964 2093 1049 2125 enim
1076 2093 1108 2124 in
1133 2103 1207 2125 casu
1234 2101 1294 2135 pro
1322 2091 1441 2124 fabrica
1467 2091 1632 2134 praedicta
1653 2091 1700 2123 ni-

967 2145 1010 2178 bil
1035 2145 1225 2178 solvendum
1251 2143 1324 2176 aut¹
1351 2143 1582 2187 deponendum
1610 2144 1680 2177 crit.

1707 185 1756 209 An.
1774 184 1800 208 C‚
1826 183 1892 210 1725

960 235 1158 279 apostolicae
1177 235 1344 279 potestatis
1361 234 1574 278 plenitudine,
1590 234 1812 291 de⁶¹³¹²w⁵¹j³¹ss¹³¹
1833 246 1854 264 ui
1871 243 1892 263 in

1727 276 1786 291 1¹1'ss'
1798 286 1802 291 .

193 2194 352 2228 Romanae
377 2195 490 2228 Curiae
522 2197 753 2238 praelatorum,
779 2208 858 2240 quos
883 2197 921 2229 ad

194 2247 222 2279 id
249 2247 433 2290 specialiter
457 2248 690 2292 deputavimus,
715 2250 862 2290 consilio,
887 2261 922 2283 ac

192 2300 287 2333 etiam
313 2305 398 2333 motu
424 2301 569 2344 proprio,
608 2312 642 2334 ex
670 2303 755 2334 certa
788 2303 923 2335 scientia

191 2358 222 2386 et
247 2355 372 2386 matura
395 2353 632 2388 deliberatione
658 2355 792 2397 nostris,
818 2356 922 2398 deque

1008 2197 1078 2241 §2
1114 2197 1153 2230 Ut
1188 2202 1294 2230 autem
1321 2197 1510 2239 praemissa,
1546 2207 1629 2240 quae
1663 2197 1897 2252 “dili'i'lifflpssll'lnug

965 2251 1201 2283 consulendum
1227 2250 1335 2283 debito
1377 2250 1700 2293 metropolitanarum
1714 2261 1820 2304 affl-3¹³2]
1833 2266 1896 2310 Ιέξμΐ).

966 2309 997 2336 et
1021 2303 1252 2336 cathedralium
1280 2313 1316 2335 ac
1341 2302 1583 2345 collegiatarum
1602 2303 1746 2347 eccle-11³3

1885 2320 1888 2329 ι

1715 2338 1808 2357 nummi
1834 2337 1858 2357 de
1877 2343 1898 2357 ⁶·

965 2356 1083 2388 siarum
1120 2356 1229 2388 decori
1263 2355 1420 2399 disposita
1457 2356 1758 2399 dignoscuntumi
1780 2369 1816 2388 vro
1847 2363 1896 2392 dote

965 2419 1056 2441 suum
1088 2409 1267 2441 sortiantur
1299 2407 1457 2448 effectum,
1484 2390 1808 2451 praecipimusifssidffl
1833 2389 1897 2410 mm·

966 2467 998 2494 et
1023 2461 1219 2501 mandamus,
1239 2461 1325 2504 quod
1345 2461 1467 2494 mediae
1490 2468 1626 2494 amiatae
1646 2463 1704 2494 bu-

966 2515 1104 2548 iusmodi
1144 2515 1348 2558 deponantur
1391 2525 1490 2558 penes
1529 2525 1701 2557 personam

1003 2578 1010 2603 1
1037 2575 1106 2603 Edit.
1124 2575 1202 2604 Μαίη.
1219 2575 1284 2611 legit
1302 2579 1333 2603 ut
1354 2584 1401 2612 pro
1417 2579 1469 2605 aut
1488 2577 1526 2611 (n.
1544 2576 1594 2610 T.).

227 2444 236 2469 1
260 2442 408 2468 innocentii
428 2441 462 2468 XI
482 2446 567 2469 const.
595 2443 660 2469 edit.
690 2449 851 2477 mocrxxxiu,
880 2443 924 2470 die

189 2486 222 2512 27
251 2485 429 2520 septembris,
452 2486 545 2520 pontis.
573 2492 635 2520 vin,
658 2486 812 2514 indicuntur
838 2496 922 2522 quae-

190 2529 250 2556 dam
270 2529 392 2556 decimae
411 2537 494 2564 super
519 2530 652 2557 fructibus
671 2535 699 2557 et
717 2530 858 2558 beneficiis
877 2539 921 2559 ec-

190 2573 346 2601 clesiasticis
365 2574 390 2600 in
411 2573 487 2600 Italia
506 2578 533 2601 et
551 2574 644 2601 insulis
664 2575 862 2603 adiacentibus.

277 2627 358 2655 Butz.
378 2628 460 2655 Rom.
486 2645 508 2646 ἡ
538 2629 597 2656 Ῐόἷ.
619 2629 709 2656 ΧΧΙῙ,
854 2629 889 2657 ⁵20
