2170 3147
244 190 281 214 An
315 190 430 216 e.1725
477 182 539 214 924

266 988 367 1009 Omnibus
394 995 423 1009 tn·

240 1016 332 1039 iungitur

239 1047 313 1067 quatio
339 1043 423 1067 111110111-

239 1073 327 1089 [10111111.

1023 190 1201 214 nummum

438 239 540 271 dictos
578 239 699 271 habere
737 238 878 278 debere,
917 237 1028 281 sicque
1060 243 1182 271 0111011

437 291 513 324 alia>
533 302 591 334 per
609 301 835 333 quoscumque
854 290 978 323 iudices
998 290 1183 323 ordinarios
1203 300 1205 331 ς

436 345 485 376 vel
513 344 679 386 delegatos
698 343 809 386 quavis
827 343 1019 376 auctoritate
1047 343 1183 386 sungen-

437 402 495 437 tes,
530 397 625 428 etiam
662 407 828 429 causarum
866 396 976 440 palatii
1010 396 1183 439 apostolici

437 449 613 488 auditores,
652 460 779 482 necnon
814 449 1002 492 praedictae
1037 448 1068 481 S.
1089 448 1125 480 R.
1146 448 1180 481 E.

435 502 631 541 cardinales,
651 502 746 534 etiam
766 502 804 535 de
824 503 924 535 latere
944 503 1081 544 legatos,
1101 500 1183 533 rice-

435 556 574 597 togatos,
612 555 782 598 dictaeque
808 555 900 588 Sedis
927 555 1074 594 nuncios,
1109 554 1185 586 sub-

434 608 497 640 lata
523 609 568 641 eis
594 614 626 641 et
651 619 762 641 cortun
790 608 926 640 cuilibet
951 607 1064 650 <pravis
1090 607 1184 639 aliter

437 662 617 699 indicandi,
658 661 834 694 definiendi
876 666 907 694 et
943 659 1182 704 interpretandi

438 716 587 747 facultate
616 721 646 748 et
671 715 875 755 auctoritate,
905 714 1040 746 iudicari
1069 719 1100 746 et
1126 713 1182 746 de-

434 767 521 800 1111111
542 768 679 807 debere,
707 774 758 807 et,
783 767 943 810 quidqirid
969 777 1059 800 secus
1085 776 1183 809 super

435 821 486 853 liis
504 833 520 853 a
539 831 713 864 quoquam,
732 820 844 864 (piaris
863 820 1065 859 auctoritate,
1083 820 1183 852 scien·
1203 831 1204 840 ¹

435 881 485 907 ter
510 876 560 908 rel
587 875 789 917 ignoranter,
819 874 994 917 contigerit
1019 873 1180 913 attentari,

435 927 563 961 irritum
590 935 621 961 et
644 928 739 961 inane
767 929 988 961 decernimus.

479 983 493 1025 ἓ
520 982 550 1014 7.
578 981 734 1020 Quocirca
758 982 877 1015 dilecto
897 981 962 1014 tilio
980 987 1096 1014 nostro
1123 992 1181 1025 pro

436 1040 579 1079 tempore
617 1035 766 1068 existenti
804 1036 991 1079 praedictae
1028 1035 1058 1068 S.
1085 1035 1120 1067 R.
1144 1035 1179 1068 E.

434 1090 591 1122 cardinali
618 1089 747 1122 Ordinis
773 1090 808 1122 B.
831 1089 947 1122 Mariae
976 1090 1014 1122 de
1032 1089 1181 1122 Mercede
1202 1094 1204 1110 ¹

434 1142 673 1185 redemptionis
690 1142 891 1185 captivorum
908 1142 1093 1175 huiusmodi
1114 1153 1182 1185 pro-

434 1195 559 1234 tectori,
579 1206 614 1227 ac
632 1195 875 1227 venerabilibus
895 1195 1045 1227 fratribus
1064 1195 1182 1227 nostris
1203 1213 1204 1220 1

434 1247 640 1291 patriarchis
661 1247 930 1289 archiepiscopis,
951 1247 1127 1290 episcopis,
1146 1258 1181 1279 ac

435 1300 561 1334 dilectis
599 1300 696 1333 etiam
736 1300 808 1332 liliis
842 1310 955 1332 eorum
994 1299 1119 1332 vicariis
1149 1298 1204 1331 in‘*

434 1354 670 1398 spiritualibus,
685 1359 738 1386 aut
752 1352 946 1386 officialibus
962 1353 1179 1395 generalibus,

434 1415 464 1441 et
491 1419 660 1442 causatum
698 1408 806 1441 curiae
839 1407 991 1441 Gamerae
1018 1408 1204 1450 Apostoli-3

434 1473 489 1495 cae
516 1462 661 1504 generali
683 1461 833 1502 auditori,
851 1472 979 1494 necnon
998 1460 1181 1502 abbatibus,
1202 1453 1204 1457 ⁵

433 1516 598 1559 prioribus
614 1543 621 1556 ,
651 1515 869 1558 praepositis,
896 1515 1050 1561 decanis,
1076 1515 1182 1547 archi·
1202 1515 1203 1546 ἕ

434 1569 598 1609 diaconis,
618 1568 781 1602 canonicis
800 1574 831 1601 et
849 1568 1010 1611 capitulis,
1035 1579 1071 1601 ae
1093 1567 1179 1606 abis,
1201 1612 1203 1616 .

433 1623 472 1655 ad
496 1632 576 1664 quos
603 1622 634 1654 id
661 1621 906 1665 quomodolibet
923 1627 1046 1665 spectat
1064 1627 1094 1654 et
1112 1632 1181 1664 spe·

434 1676 545 1715 ctabit,
573 1681 663 1709 motu
689 1675 785 1708 simili
811 1686 870 1718 per
894 1676 1075 1718 apostolica
1108 1676 1203 1708 scri-³

432 1735 487 1772 pta
514 1730 716 1769 mandamus,
743 1734 907 1772 quatenus
931 1729 1005 1772 ipsi,
1027 1730 1075 1762 vel
1101 1730 1177 1768 duo,
1201 1768 1202 1778 ¹

433 1789 487 1815 aut
513 1793 594 1815 unus
621 1793 746 1822 eorum,
767 1793 826 1826 per
843 1794 888 1822 se,
913 1784 961 1816 rel
988 1783 1098 1822 alium,
1124 1793 1179 1816 seu
1201 1780 1202 1803 1

434 1836 523 1875 alios,
552 1842 744 1879 praesentes
769 1837 893 1869 litteras
922 1842 952 1869 et
978 1837 1008 1869 in
1036 1837 1081 1869 eis
1107 1847 1202 1876 eon-3

434 1894 520 1921 tenta
545 1899 778 1932 quaceumque,
806 1889 859 1922 ubi
888 1895 918 1922 et
943 1890 1072 1933 quando
1099 1900 1201 1933 opus¹

1228 189 1381 213 Romanum

1226 237 1382 278 remedia,
1409 238 1629 281 appellatione
1666 239 1858 282 postposita,
1885 251 1968 273 eom-

1225 291 1400 334 pescendo‚
1426 291 1644 335 legitimisque
1663 302 1759 336 super
1776 292 1827 325 his
1844 293 1968 326 liaben-

1226 343 1274 376 dis
1298 344 1432 377 servatis
1458 350 1563 377 tamen
1593 345 1630 377 ad
1659 345 1795 377 sormam
1823 345 1968 379 decreto-

1226 407 1296 429 rum
1332 397 1465 431 Concilii
1507 397 1693 431 huiusmodi
1737 398 1965 441 processibus,

1204 451 1425 491 sententias,
1465 461 1617 484 censuras
1654 456 1685 483 et
1721 461 1843 494 poenas
1881 452 1968 496 ipsas

1225 504 1320 536 etiam
1358 504 1481 537 iteratis
1518 505 1642 537 vicibus
1679 505 1887 546 declarando,
1914 517 1968 549 ag-

1225 558 1400 599 gravando,
1413 558 1663 600 reaggravando‚
1680 557 1859 591 invocando
1873 559 1968 592 etiam

1226 611 1264 643 ad
1291 610 1363 651 boc,
1390 611 1415 643 si
1442 621 1522 654 opus
1550 610 1656 650 suerit,
1685 610 1805 644 auxilio
1841 611 1967 645 brachii

1225 665 1411 697 saecularis.

1269 717 1283 760 g
1309 716 1340 749 8.
1366 716 1435 749 Non
1460 717 1609 750 obstante
1636 720 1745 750 nostra
1781 722 1811 750 et
1836 717 1968 751 Cancel-
1979 727 2092 754 nerngauo
2116 730 2160 755 qui-

1979 755 2109 781 buscumque
2124 755 2159 776 ub—

1225 770 1323 802 lariae
1349 770 1557 813 Apostolicae
1583 771 1695 813 regula
1720 770 1759 803 de
1787 781 1851 803 non
1873 781 1967 815 expe·
1978 782 2090 803 stauttbus.

1226 823 1353 856 diendis
1390 823 1506 856 litteris
1544 834 1642 866 super
1677 823 1891 866 indulgentiis
1928 824 1968 857 ad

1225 877 1338 917 instar,
1367 887 1403 909 ae
1429 877 1623 909 recolendae
1650 879 1826 910 memoriae
1844 877 1970 911 Bonisa-

1225 929 1264 962 cii
1290 929 1395 973 Papae
1413 929 1477 962 vul
1503 930 1541 962 de
1567 931 1641 969 una,
1660 935 1691 963 et
1710 929 1844 963 Concilii
1872 941 1970 974 gene-

1226 982 1302 1014 ralis
1332 982 1370 1015 de
1398 982 1521 1015 duabus
1546 982 1651 1023 dietis,
1684 983 1859 1016 dummodo
1884 984 1971 1017 ultra

1226 1042 1290 1068 tres
1316 1035 1419 1068 dietas
1439 1036 1511 1078 quis
1531 1035 1642 1078 vigore
1662 1036 1850 1069 earumdem
1876 1047 1970 1079 prae.-

1224 1089 1363 1121 sentium
1401 1089 1438 1121 ad
1473 1088 1627 1121 iudicium
1653 1099 1716 1121 non
1745 1089 1903 1129 trahatur,
1935 1100 1971 1122 ac

1224 1141 1330 1174 Calisti
1357 1142 1406 1180 111,
1427 1142 1649 1174 Romanorum
1668 1142 1857 1175 Pontificum
1883 1143 1971 1175 simi-

1224 1196 1299 1228 liter
1335 1195 1626 1238 praedecessorum
1665 1201 1862 1237 nostrorum,
1887 1207 1970 1240 quae

1225 1248 1339 1291 incipit
1370 1248 1474 1291 Super
1504 1259 1632 1291 yrngem
1663 1248 1884 1289 dominicum,
1911 1260 1971 1293 per

1225 1312 1303 1344 quas
1330 1302 1444 1333 fratres
1468 1301 1598 1334 Ordinis
1635 1302 1670 1336 Β.
1690 1302 1806 1335 Mariae
1833 1303 1969 1336 11011101-

1203 1351 1302 1387 lcede
1348 1354 1586 1397 redemptionis
1623 1355 1824 1398 captivorum
1857 1356 1970 1390 huius-

1224 1408 1311 1440 modi
1339 1408 1377 1441 ad
1396 1408 1533 1440 Ordines
1552 1408 1802 1442 Mendicantium
1831 1410 1970 1443 transire

1223 1462 1449 1505 probibentur,
1469 1461 1608 1505 aliisque
1626 1462 1913 1496 constitutionibus
1939 1468 1970 1496 et

1224 1514 1486 1548 ordinationibus
1501 1515 1885 1559 apostolicis‚p1·ivilegiis
1895 1527 1970 1560 quo-

1223 1580 1294 1612 que,
1314 1568 1449 1602 indultis
1475 1574 1505 1601 et
1530 1568 1647 1601 litteris
1674 1569 1876 1613 apostolicis,
1897 1570 1969 1613 qui-

1223 1623 1332 1655 busvis
1357 1622 1507 1665 personis
1532 1633 1591 1665 per
1613 1633 1837 1666 quoscumque
1855 1623 1969 1656 Roma-

1223 1688 1280 1710 nos
1313 1677 1486 1710 Pontifices
1524 1677 1795 1719 praedecessores
1838 1682 1968 1710 nostros

1224 1741 1259 1763 ae
1286 1741 1345 1763 nos
1372 1735 1401 1763 et
1419 1730 1534 1763 Sedein
1555 1729 1764 1772 praedictam,
1788 1730 1882 1762 etiam
1900 1740 1969 1762 mo-

1225 1789 1269 1822 tu,
1298 1783 1433 1816 seientia
1459 1788 1489 1815 et
1507 1783 1679 1825 potestatis
1696 1782 1901 1826 plenitudine
1927 1783 1969 1815 si-

1224 1837 1378 1876 milibus,
1406 1848 1441 1869 ae
1477 1847 1548 1869 cum
1586 1836 1750 1879 quibusvis
1775 1836 1940 1869 irritativis
1959 1864 1966 1877 ,

1222 1890 1448 1929 annullatiris,
1474 1889 1652 1929 0055311115,
1673 1890 1884 1931 revocativis,
1902 1901 1970 1924 mo-

1971 192 2020 217 Αη.
2038 193 2064 218 C.
2089 193 2158 223 1725

433 1941 540 1981 suerit,
569 1952 604 1974 ac
629 1942 757 1985 quoties
795 1953 855 1986 pro
894 1950 984 1986 parte
1018 1943 1178 1975 dictorum
1200 1932 1201 1990 1
1223 1943 1404 1984 difieativis,
1431 1943 1691 1987 praeservativis‚
1712 1943 1897 1986 exeeptivis‚
1916 1944 1969 1976 de-

433 2004 492 2037 pro
518 2000 661 2038 tempore
689 1995 894 2028 existentium
912 1996 1040 2029 Ordinis
1067 1996 1100 2028 B.
1122 1996 1180 2028 Ma-
1199 1992 1201 2031 l
1222 1996 1396 2036 elatativis,
1415 1995 1615 2037 attestatius,
1634 2002 1664 2028 et
1685 1996 1968 2038 derogator-iarum

433 2046 499 2079 riae
527 2048 565 2080 de
600 2048 748 2081 Mercede
774 2049 1011 2092 redemptionis
1038 2049 1179 2092 captivo-
1199 2061 1200 2088 1
1222 2050 1453 2092 derogatoriis,
1492 2050 1630 2093 aliisque
1667 2049 1901 2083 efficacioribus
1937 2054 1969 2083 et

432 2111 504 2133 rum
532 2101 718 2135 huiusmodi
739 2102 883 2145 magistri
901 2103 1062 2145 generaIIs
1079 2103 1179 2136 illius-
1198 2089 1200 2154 1
1222 2103 1360 2136 insolitis
1398 2103 1560 2144 clausulis,
1598 2103 1800 2136 irritantibus
1834 2108 1865 2136 et
1895 2104 1967 2137 aliis

432 2165 494 2197 que
521 2155 655 2188 fratrum
680 2157 730 2188 vel
756 2156 892 2189 alieuius
918 2167 1032 2190 eorum
1060 2157 1179 2190 suerint
1198 2155 1200 2184 l
1222 2156 1386 2195 decretis,
1421 2157 1451 2189 in
1483 2167 1604 2198 genere
1643 2156 1691 2189 vel
1717 2156 1750 2189 in
1786 2156 1905 2200 specie,
1932 2167 1968 2190 ac

432 2207 603 2250 requisiti,
638 2209 833 2241 solemniter
868 2210 1100 2252 publicantes,
1126 2210 1173 2242 sa—
1197 2206 1200 2235 Ι
1221 2210 1299 2243 alias
1326 2210 1573 2253 quomodolibet
1610 2210 1705 2243 etiam
1741 2210 1866 2253 pluries
1892 2221 1969 2244 con-

432 2260 519 2292 ciant
540 2272 595 2293 eos
626 2261 817 2303 praemissis
843 2262 994 2295 omnibus
1016 2269 1048 2295 et
1072 2262 1178 2305 singu-
1221 2264 1330 2303 cessis,
1358 2262 1556 2296 confirmatis
1586 2269 1618 2297 et
1643 2264 1824 2304 innoratis;
1851 2264 1967 2307 quihus

431 2312 471 2344 lis
503 2312 635 2355 pacifice
674 2314 735 2346 l‘rui
763 2319 794 2347 et
819 2315 959 2356 gaudere
977 2342 984 2355 ‚
1011 2326 1076 2347 non
1102 2326 1177 2358 per-

432 2365 599 2398 mittentes
625 2377 681 2399 005
709 2367 850 2411 desuper
871 2379 930 2411 per
955 2379 1177 2411 quoscumque

431 2419 677 2460 quomodolibet
712 2420 856 2453 indebite
894 2422 1068 2459 molestari,
1102 2432 1179 2454 eon-

433 2471 628 2504 traulietores
669 2474 828 2515 quoslibet
871 2480 899 2507 et
940 2475 1080 2508 rebelles
1120 2486 1179 2518 per

434 2524 625 2564 sententias,
653 2535 805 2558 censuras
832 2531 862 2559 et
888 2537 1010 2570 poenas
1031 2527 1180 2560 ecclesia-

432 2576 541 2617 sticas,
567 2576 692 2621 aliaque
718 2584 904 2622 opportuna
932 2580 1010 2613 iuris
1044 2586 1075 2614 et
1106 2581 1178 2614 sacti

1221 2316 1376 2349 omnibus
1392 2322 1422 2349 et
1436 2316 1586 2359 singulis,
1602 2317 1725 2349 etiamsi
1745 2316 1776 2349 in
1799 2316 1846 2349 eis
1860 2327 1967 2350 cavea·

1222 2376 1272 2402 tur
1293 2380 1445 2413 expresse
1468 2369 1554 2412 quod
1582 2369 1646 2403 illis
1669 2370 1855 2403 nullatenus
1875 2370 1967 2403 dero-

1221 2422 1289 2463 gari
1316 2422 1432 2465 possit,
1453 2420 1511 2454 ae¹
1541 2433 1600 2465 pro
1630 2422 1762 2455 illorum
1791 2422 1965 2456 sufficienti

1221 2475 1438 2516 derogatione
1457 2475 1495 2508 de
1515 2475 1577 2508 illis
1597 2485 1772 2518 eorumque
1796 2475 1966 2509 tenoribus

1221 2528 1381 2571 specialis,
1415 2527 1566 2571 specifica
1599 2534 1630 2560 et
1662 2537 1815 2571 expressa
1841 2529 1964 2562 mentio

1256 2591 1267 2617 1
1291 2590 1457 2618 Parae-utam
1477 2599 1510 2618 ac
1531 2597 1582 2617 non
1605 2588 1730 2617 addimus
1750 2591 1789 2625 (n.
1808 2590 1859 2626 τ.).
