2170 3147
220 204 269 228 Au.
292 203 308 227 Γ.
341 203 407 228 17:³5

248 2182 409 2207 Derogatoriae.

454 193 517 226 975
996 202 1176 226 attributati

417 262 554 295 cumque
582 251 746 284 Romanos
764 250 934 284 Pontifices
954 261 1159 284 successores

416 310 557 344 nostros,
577 304 761 347 Sedenique.
780 304 991 347 praedictam,
1012 305 1072 337 sub
1094 304 1160 347 qui·
1182 340 1184 355 δ

415 358 615 400 buscunique
644 359 816 390 verborum
845 358 1015 390 tenoribus
1042 362 1071 390 et
1099 358 1183 404 sor-J

417 410 496 448 inis,
538 422 573 442 ai·
615 421 687 443 cum
725 410 892 453 quibusris
935 410 1088 444 clausulis
1130 416 1161 442 et
1182 407 1183 421 ¹

416 463 582 503 decretis,
618 469 644 496 et
684 464 763 497 alias
796 464 1103 508 quomodocumque
1130 463 1183 497 et*

417 517 686 561 quandocumque
714 517 881 558 faciendis,
900 529 1043 561 unquam
1072 529 1159 551 coin-

417 571 578 613 preliendi
606 576 634 603 et
663 571 918 614 comprehensas
944 571 1082 610 censeri,
1103 571 1159 604 sed
1181 588 1183 603 ,ι

416 634 548 666 semper
567 623 606 655 ab
626 623 690 657 illis
707 630 871 667 exceptas,
887 630 926 664 et,
943 624 1070 668 quoties
1085 624 1159 657 illae

418 677 626 717 emanabant,
655 677 748 710 toties
776 679 806 710 in
834 678 1008 721 pristinum
1035 684 1062 711 et
1091 677 1161 710 vali-

417 730 586 763 dissimum
614 736 731 763 statum
758 731 933 771 restitutas,
959 731 1116 774 repositas
1131 736 1162 763 ct

417 783 565 826 plenarie
594 783 819 826 reintegratus,
846 795 881 816 ae
908 784 1003 817 ctiam
1019 784 1058 816 de
1078 794 1161 816 novo

417 838 475 869 sub
503 848 707 880 (puteumque
734 837 910 881 posteriori
934 837 1007 870 data
1026 848 1085 881 per
1106 848 1162 870 eos

418 891 456 923 ad
484 901 565 933 quos
592 896 717 933 spectat
742 896 773 923 et
799 900 857 934 pro
878 896 1021 933 tempore
1041 895 1163 933 specta-

417 943 462 976 bit
497 944 770 987 quandocumque
804 944 955 987 eligenda
989 954 1162 976 concessas

418 997 575 1040 intelllgi,
603 1008 798 1041 semperque
817 1003 848 1031 et
866 1002 1027 1041 perpetuo
1043 997 1161 1036 firmas,

418 1050 539 1083 validas
556 1057 587 1083 et
602 1051 746 1083 efficaces
764 1051 906 1083 existere
926 1056 957 1083 et
973 1051 1053 1089 sore,
1073 1060 1164 1083 suos-

419 1115 481 1147 que
508 1103 674 1146 plenarios
699 1108 731 1136 ct
755 1104 903 1146 integros
934 1102 1068 1136 effectus
1094 1113 1164 1136 sor-

419 1157 471 1189 tiri
498 1162 528 1189 et
555 1157 719 1197 obtinere,
746 1168 782 1189 ac
806 1157 884 1194 illis,
914 1157 952 1189 ad
979 1167 1061 1200 quos
1094 1167 1165 1199 spe-

418 1215 483 1242 ctat
509 1216 536 1242 et
566 1221 625 1253 pro
653 1215 799 1252 tempore
825 1210 993 1252 spectabit,
1013 1209 1044 1241 in
1064 1208 1165 1241 omni-

418 1263 477 1295 bus
497 1269 527 1295 et
541 1273 598 1305 per
611 1262 718 1295 omnia
733 1263 923 1305 plenissime
939 1262 1119 1305 sull'ragari,
1134 1267 1165 1294 et

420 1315 1163 1359 :itiittisresset-tivoinviotaliitiierobservari,

420 1370 534 1413 sicque
553 1375 581 1402 et
607 1381 670 1402 titul]
689 1370 785 1403 aliter
803 1369 834 1401 in
854 1369 1040 1413 praemissis
1060 1369 1164 1402 omni-
1184 1370 1186 1410 i

421 1423 479 1455 luis
506 1429 534 1455 et
562 1423 698 1466 singulis
726 1423 878 1462 censeri,
914 1429 1011 1466 atque
1038 1423 1081 1455 ita
1107 1433 1164 1466 per

421 1488 644 1521 quoscumque
671 1477 794 1509 iudices
820 1477 1006 1510 ordinarios
1027 1482 1058 1510 et
1079 1477 1165 1510 dele·
1185 1482 1187 1511 Ξ

421 1536 523 1571 gatos,
542 1530 638 1563 etiam
661 1540 832 1563 causarum
862 1530 971 1574 palatii
993 1530 1163 1574 apostolici

421 1583 601 1624 auditores,
622 1593 657 1616 ac
677 1583 708 1616 S.
729 1583 765 1616 R.
786 1583 820 1616 E.
841 1583 1038 1623 cardinales,
1066 1583 1162 1616 etiam

421 1637 460 1669 de
486 1637 588 1669 latere
626 1638 750 1679 legatos
777 1642 809 1669 et
833 1637 936 1670 dictae
967 1636 1057 1669 Sedis
1083 1647 1164 1669 nun-

421 1690 501 1730 cios,
522 1689 642 1723 aliosve
660 1690 825 1733 quoslibet
843 1692 952 1733 quavis
970 1690 1162 1723 auctoritate
1185 1703 1186 1720 t

421 1750 452 1775 et
470 1748 631 1786 potestate
645 1744 829 1786 ‘fungentes
847 1749 877 1776 et
897 1744 1070 1784 iuncturos,
1090 1745 1164 1776 sub-

421 1798 483 1830 lata
503 1797 549 1829 eis
571 1802 602 1829 et
628 1808 739 1830 eorum
767 1797 901 1831 cuilibet
932 1798 1043 1841 quavis
1069 1799 1164 1831 aliter

422 1851 586 1884 iudicandi
615 1856 647 1884 et
677 1851 912 1895 interpretandi
950 1852 1099 1885 facultate
1134 1857 1186 1885 et'

421 1905 622 1944 auctoritate,
649 1905 783 1937 iudicari
805 1910 838 1937 et
862 1904 988 1938 definiri
1015 1905 1135 1939 debere
1156 1934 1162 1946 ,
1185 1906 1187 1943 ξ

422 1969 457 1990 ac
497 1958 622 1991 irritum
663 1964 695 1991 et
733 1958 830 1991 inane
873 1958 1031 2002 quidquid
1069 1969 1164 1992 secus

421 2021 523 2055 super
538 2011 588 2044 his
607 2023 624 2043 a
642 2022 815 2055 quoquam,
828 2012 939 2055 quavis
961 2014 1163 2053 auctoritate,
1186 2018 1188 2032 ⁴

421 2065 564 2097 scienter
593 2065 642 2097 vel
677 2065 889 2108 ignoranter,
917 2066 1091 2109 contigerit
1119 2069 1189 2099 at-'

423 2118 552 2152 tentari.

467 2174 481 2216 g
507 2172 536 2206 7.
562 2172 632 2206 Non
659 2173 867 2206 obstantibus
891 2174 1099 2218 praemissis,
1118 2186 1166 2215 ac,

424 2233 581 2269 quatenus
600 2238 681 2271 opus
697 2228 801 2268 sit,de
830 2227 899 2261 iure
925 2229 1073 2272 quaesito
1099 2240 1164 2262 non

424 2281 597 2321 tollendo,
636 2282 743 2325 deque
779 2282 958 2315 unionibus
997 2283 1164 2327 perpetuis

424 2335 662 2368 committendis
688 2335 727 2367 ad
753 2341 868 2379 partes,
889 2336 1008 2369 vocatis
1026 2347 1164 2380 quorum

424 2387 570 2427 interest,
598 2393 629 2420 et
654 2388 692 2420 de
719 2399 784 2421 uon
810 2389 1033 2421 concedendis
1060 2389 1166 2421 indul-

424 2441 541 2482 gentiis
567 2441 604 2473 ad
643 2441 766 2481 instar,
805 2441 943 2485 aliisque
978 2442 1098 2475 nostris
1136 2442 1188 2474 et*

424 2494 642 2527 Cancellariae
659 2494 863 2536 Apostolicae
886 2496 1019 2537 regulis,
1037 2505 1165 2528 necnon
1187 2518 1188 2522 ,

425 2547 653 2580 Lateranensis
679 2546 812 2579 Concilii
839 2548 975 2580 uniones
990 2554 1165 2592 perpetuas

425 2600 488 2634 nisi
525 2600 556 2632 in
590 2600 716 2633 casibus
752 2610 768 2632 a
803 2599 871 2633 iure
901 2601 1069 2644 permissis
1095 2601 1165 2635 fieri

1204 201 1244 225 RO
1251 203 1268 225 .ll
1275 203 1288 225 ,l
1296 203 1359 225 Nt’at

1182 250 1184 296 ζ
1205 250 1420 293 prohibentis,
1449 261 1484 283 ac
1511 251 1612 284 felicis
1631 250 1867 284 recordationis
1885 250 1946 283 Bo-

1205 304 1313 337 nisacii
1341 305 1399 338 PP.
1423 306 1487 338 l'lll
1510 305 1769 348 praedecessoris
1788 304 1887 337 nostri
1907 304 1945 336 de

1204 360 1280 396 una,
1309 364 1340 391 et
1365 359 1494 391 concilii
1521 359 1683 402 generalis
1718 358 1756 391 de
1793 358 1944 396 duabus,

1205 411 1379 445 dummodo
1407 413 1489 444 ultra
1516 418 1578 444 tres
1606 412 1707 444 dietas
1740 411 1857 454 aliquis
1893 421 1946 443 au-

1204 465 1355 498 ctoritate
1383 465 1599 508 praesentium
1627 465 1664 497 ad
1698 463 1850 496 iudicium
1882 474 1944 495 nou

1206 518 1359 558 trabatur,
1387 519 1522 561 aliisque
1550 517 1752 560 apostolicis,
1771 528 1806 549 ac
1829 517 1858 549 in
1879 517 1949 549 uni-

1205 571 1395 610 versalibus,
1407 571 1661 615 provincialibus
1676 570 1823 603 conciliis
1840 571 1947 611 editis,

1206 625 1416 667 generalibus
1444 625 1491 657 rel
1519 623 1727 667 specialibus,
1745 623 1948 658 constitutio-

1205 678 1299 710 nibus
1317 683 1344 710 et
1368 676 1637 716 ordinationibus,
1658 687 1693 709 ac
1709 676 1947 718 praedictarum

1205 731 1502 773 (longia-gationuni
1536 735 1566 763 et
1592 730 1853 773 provinciarum,
1881 731 1948 764 illa·

1206 786 1367 828 rumquc¹
1389 784 1551 824 domuum,
1569 783 1784 827 collegiorum
1812 789 1843 817 et
1864 785 1948 817 loco-

1207 848 1277 869 rum
1306 838 1506 881 quorumvis,
1520 842 1551 870 et
1568 837 1639 870 aliis
1656 837 1834 880 quibusvis,
1853 837 1948 870 ctiam

1206 891 1399 930 iuramento,
1417 890 1665 923 confirmatione
1688 891 1878 934 apostolica,
1898 892 1948 924 vel

1207 944 1318 986 quatis
1343 944 1494 976 firmitate
1515 943 1577 976 alia
1602 943 1782 983 roboratis,
1811 944 1948 983 statutis,

1206 997 1306 1040 stylis,
1332 996 1442 1029 usibus
1469 1002 1499 1029 et
1525 996 1829 1037 consuetudinibus,
1853 997 1948 1030 etiarn

1209 1050 1520 1084 immemorabilibus
1541 1078 1547 1089 ,
1577 1050 1757 1093 privilegiis
1790 1061 1919 1094 quoque
1940 1077 1948 1090 ,

1209 1104 1344 1137 indultis
1379 1109 1409 1136 et
1446 1103 1563 1136 litteris
1592 1103 1794 1146 apostolicis,
1826 1103 1948 1136 eisdem

1208 1157 1537 1200 congregationibus,
1555 1168 1610 1189 seu
1630 1167 1738 1189 earum
1758 1157 1863 1195 alteri,
1883 1157 1950 1190 illa-

1209 1222 1345 1254 rumque
1360 1222 1415 1244 seu
1437 1211 1570 1244 alterius
1590 1221 1698 1244 earum
1718 1210 1949 1253 superioribus,

1208 1264 1335 1298 clericis
1362 1264 1606 1304 saecularibus,
1645 1263 1820 1307 personis„
1850 1264 1951 1297 domi-

1208 1318 1290 1359 bus,
1317 1318 1465 1360 collegiis
1491 1322 1522 1351 et
1547 1317 1627 1350 locis
1652 1317 1863 1361 quibuslibet,
1890 1318 1950 1350 sul)

1209 1372 1470 1415 quibuscumque
1508 1371 1680 1404 verborum
1721 1371 1885 1404 tenoribus
1921 1377 1951 1404 et

1209 1425 1321 1458 formis
1343 1452 1350 1465 ,
1378 1436 1414 1458 ac
1440 1436 1511 1457 eum
1537 1424 1703 1468 ‹piibusvis
1728 1425 1822 1457 etiam
1860 1425 1953 1458 dero-

1209 1479 1406 1522 gatoriarum
1433 1479 1673 1521 derogatori-is,
1712 1478 1851 1522 aliisque
1887 1479 1952 1511 eff-

1209 1532 1403 1572 cacioribus,
1419 1531 1649 1565 efficacissimis
1668 1537 1698 1565 et
1718 1531 1856 1565 insolitis
1870 1533 1953 1565 clau-

1210 1586 1288 1619 sulis
1305 1612 1312 1625 ,
1339 1585 1609 1629 irritantibusque
1636 1590 1667 1618 et
1693 1585 1764 1618 aliis
1790 1585 1952 1624 decretis,

1209 1639 1241 1672 in
1268 1649 1389 1682 genere
1416 1640 1467 1672 vel
1494 1639 1524 1671 in
1562 1639 1671 1682 specie
1694 1666 1701 1680 ‚
1737 1650 1774 1671 ac
1810 1638 1887 1672 alias
1920 1639 1951 1672 in

1209 1693 1410 1726 contrarium
1424 1692 1679 1736 praemissorum
1706 1693 1954 1736 quomodolibet

1208 1746 1382 1786 concessis,
1403 1746 1604 1779 confirmatis
1630 1751 1663 1779 et
1685 1746 1863 1787 innovatis;
1887 1749 1954 1790 qui<

1208 1800 1269 1832 bus
1302 1800 1452 1832 omnibns
1485 1805 1515 1832 et
1540 1799 1698 1842 singulis,
1732 1799 1859 1832 etiamsi
1893 1811 1952 1843 pro

1209 1853 1341 1886 illorum
1378 1853 1550 1886 sufficienti
1587 1853 1797 1896 derogatione
1823 1854 1862 1886 de
1889 1854 1952 1886 illis

1210 1917 1389 1950 eorumque
1407 1906 1481 1939 totis
1500 1906 1681 1947 tenoribus,
1701 1906 1864 1949 specialis,
1882 1917 1953 1950 spe-

1186 1960 1323 2000 cifica,
1358 1971 1514 2003 expressa
1549 1966 1581 1993 et
1617 1960 1813 2000 individua,
1851 1970 1886 1992 ac
1912 1960 1951 1992 dc.

1210 2013 1309 2046 verbo
1331 2014 1368 2046 ad
1385 2013 1529 2052 verbum,
1548 2023 1611 2046 non
1628 2018 1735 2045 autem
1753 2023 1814 2056 per
1832 2014 1953 2046 clausu-

1211 2067 1257 2099 las
1278 2067 1451 2109 generales
1475 2066 1561 2099 idem
1584 2066 1808 2109 importantes,
1830 2066 1953 2100 mentio

1187 2164 1189 2169 ἲ
1211 2130 1266 2152 seu
1294 2120 1424 2163 quaevis
1449 2120 1511 2152 alia
1536 2119 1700 2162 expressio
1730 2120 1881 2153 habenda
1899 2125 1954 2153 aut

1211 2173 1319 2216 aliqua
1345 2173 1405 2206 alia
1433 2172 1594 2216 exquisita
1619 2173 1721 2205 forma
1747 2173 1785 2205 ad
1807 2173 1869 2206 hoc
1885 2183 1954 2206 ser-

1954 202 2004 228 Αη,
2027 201 2056 229 C.
2075 202 2143 229 ¹725

1210 2228 1313 2260 vanda
1340 2228 1447 2268 soret,
1478 2227 1611 2260 illorum
1638 2234 1791 2267 tenores,
1818 2237 1965 2266 causas,¹

1212 2282 1331 2314 formas
1358 2286 1389 2313 et
1413 2281 1604 2314 occasiones
1635 2281 1862 2324 praesentibus
1894 2291 1953 2324 pro

1211 2336 1307 2379 plene
1340 2341 1371 2367 et
1403 2334 1601 2367 sufficienter
1637 2335 1800 2378 ex'pressis
1838 2345 1875 2367 ac
1912 2334 1952 2367 de

1211 2390 1310 2421 verbo
1336 2389 1374 2421 ad
1402 2390 1542 2428 verbum,
1563 2388 1644 2420 nitiit
1671 2388 1800 2431 penitus
1819 2387 1950 2427 omisso,

1211 2441 1368 2481 insertis,
1396 2441 1569 2484 expressis,
1595 2441 1764 2473 reservatis
1791 2446 1821 2473 et
1847 2440 1953 2484 speci-

1211 2495 1312 2528 fii-aiis
1336 2496 1503 2532 babentes,
1522 2495 1587 2527 illis
1609 2495 1687 2527 alins
1705 2494 1736 2526 iu
1756 2505 1813 2526 suo
1832 2494 1951 2527 robore

1211 2548 1447 2590 permansuris,
1467 2547 1504 2579 ad
1520 2546 1772 2589 praemissorum
1791 2545 1951 2587 ellectum,

1246 2610 1257 2636 1
1282 2609 1354 2636 Edit.
1376 2609 1453 2635 Maio.
1477 2609 1542 2643 legit
1560 2609 1735 2642 illorumque
1756 2609 1793 2642 (a.
1816 2608 1866 2643 Τ.).
