2170 3147
242 209 293 234 Αη.
314 208 332 234 C
363 209 430 235 ΠΜ
476 200 517 233 83
1016 207 1195 232 oct-„Azara

429 258 657 299 abdicabatur,
686 263 716 290 et
744 257 783 290 ad
813 257 1006 291 inferiorem
1036 257 1108 300 ipso
1135 267 1173 290 eo

430 311 678 343 devolvebatur:
691 311 776 343 idem
791 311 911 344 Paulus
927 311 1174 354 praedecessor,
1197 315 1199 326 ’

430 364 482 406 qui
508 364 541 396 in
568 363 751 396 minoribus
787 364 984 397 constitutus
1016 363 1175 397 ecclesiae

431 418 684 450 Beneventanae
707 417 912 460 praefuerat,
933 417 971 450 de
990 416 1175 459 praemissis

429 471 528 513 plene
566 469 772 508 informatus,
804 470 953 503 eamdem
991 469 1174 509 eeclesiam,

429 535 526 567 quam
546 523 577 557 in
597 524 777 558 visceribus
796 524 929 567 gerebat
946 523 1129 563 charitatis,
1143 523 1175 555 in

429 577 495 610 suis
515 577 640 610 iuribus
658 577 845 611 conservari
872 578 996 616 volens,
1017 576 1177 609 eiusdem-

430 640 494 673 que
520 629 774 673 archiepiscopi,
793 629 847 673 qui
872 640 971 662 unum
999 639 1035 662 ex
1062 627 1176 661 officiis

430 683 626 727 scriptorum
652 683 837 716 litterarum
866 681 1120 725 apostolicarum
1139 691 1174 714 ex

429 736 646 769 concessione
672 735 854 779 apostolica
879 734 1060 775 obtinebat,
1088 733 1173 766 eius¹

430 789 460 822 in
482 789 542 822 bac
560 794 652 833 parte
671 787 969 832 supplicationibus
986 787 1173 827 inclinatus,

431 843 557 877 litteras
575 843 760 887 praedictas
787 848 819 876 et
843 842 918 876 inde
944 846 1056 875 secuta
1082 851 1177 885 quae-

430 908 590 941 cumque,
613 898 721 941 quoad
748 908 785 930 ea
811 907 892 940 quae
919 906 1088 929 causarum
1116 895 1176 928 hu-

429 950 568 984 iusmodi
595 950 835 993 cognitionem,
864 948 1078 988 decisionem,
1107 953 1171 981 ter-

428 1003 642 1037 minationem
662 1003 860 1045 illarumque
879 1001 1123 1035 devolutionem
1144 1005 1176 1033 et

428 1056 540 1088 statuti
555 1056 712 1099 praedicti
738 1054 980 1089 observantiam
998 1063 1175 1087 concerne-

428 1110 516 1148 bant‚
541 1107 734 1141 auctoritate
760 1107 940 1150 apostolica
960 1106 1123 1140 revocavit
1142 1111 1174 1139 et

428 1160 620 1201 annullavit,
650 1160 770 1203 illaque
798 1160 917 1193 nullius
950 1170 1086 1202 prorsus
1120 1170 1174 1192 ro-

428 1216 516 1249 boris
534 1216 584 1248 vel
607 1215 764 1248 momenti
786 1214 888 1247 fuisse
907 1219 939 1246 et
957 1224 1027 1247 esse
1054 1224 1091 1246 ac
1116 1224 1175 1257 pro

430 1269 559 1311 penitus
579 1268 708 1301 infectis
727 1267 835 1311 quoad
860 1267 970 1300 omnia
996 1266 1110 1299 haberi
1129 1277 1176 1300 vo-

430 1321 490 1354 luit
515 1326 547 1354 et
573 1320 739 1361 decrevit,
775 1330 905 1353 necnon
939 1319 1093 1351 eumdem
1128 1328 1176 1351 ar-

428 1374 680 1418 ehiepiscopum
699 1379 729 1406 et
746 1372 983 1417 praescriptam
1004 1371 1176 1405 ecclesiam

429 1428 461 1460 in
488 1427 678 1471 pristinum,
706 1432 736 1460 et
761 1437 835 1460 eum
861 1426 893 1459 in
911 1436 975 1469 quo
1002 1430 1178 1469 antequam

430 1482 560 1514 litterae
587 1481 676 1524 ipsae
703 1481 742 1513 ab
769 1479 884 1513 codem
911 1478 1009 1511 Paulo
1040 1478 1178 1522 praede-

429 1545 560 1568 cessore
579 1538 788 1567 emanassent
806 1532 1055 1576 quomodolibet
1073 1536 1176 1572 erant,

431 1593 550 1620 statum
587 1586 741 1627 restituit,
780 1585 927 1629 reposuit
963 1591 994 1619 et
1027 1585 1177 1628 plenarie

429 1640 655 1684 reintegravit,
680 1650 717 1673 ac
743 1641 919 1682 repositos,
950 1639 1119 1671 restitutos
1146 1643 1178 1671 et

431 1695 652 1737 reintegratos
686 1693 836 1733 existere,
863 1702 993 1725 necnon
1028 1702 1112 1735 quae
1145 1692 1177 1724 in

429 1747 535 1781 causis
560 1746 822 1790 appellationum
849 1746 1046 1785 huiusmodi,
1064 1750 1125 1778 tam
1146 1745 1177 1778 in

429 1801 580 1834 civilibus
608 1811 706 1844 quam
733 1800 765 1832 in
792 1800 1028 1839 criminalibus,
1050 1809 1086 1832 ac
1112 1800 1177 1843 qui·

430 1855 633 1897 buseumque
658 1852 741 1893 aliis,
766 1863 803 1885 ac
828 1852 934 1896 quoad
972 1852 1176 1885 exactionem

430 1906 671 1951 procurationis
697 1916 714 1939 a
738 1905 954 1948 suffraganeis
988 1905 1092 1938 dictae
1127 1916 1178 1938 ec-

430 1961 550 1994 clesiae
576 1964 608 1993 et
634 1960 897 2004 quibuscumque
931 1958 1002 1992 aliis
1026 1959 1176 2002 personis

430 2012 607 2047 visitationi
640 2012 797 2045 subiectis
827 2012 954 2045 ratione
986 2012 1177 2045 visitationis

431 2066 616 2100 huiusmodi
636 2065 775 2100 debitis⁴²
792 2066 825 2099 in
843 2065 983 2109 pecunia
1007 2068 1177 2099 numerata

431 2121 516 2153 iuxta
535 2120 681 2161 solitum,
699 2129 826 2153 necnon
846 2130 1070 2163 quascumque
1096 2119 1176 2152 alias

432 2174 538 2209 dictae
558 2173 718 2207 eeclesiae
738 2172 1002 2213 consuetudines,
1022 2183 1104 2215 quae
1126 2183 1178 2206 ea-

432 2231 525 2260 tenus
552 2226 585 2258 in
611 2225 705 2258 viridi
728 2225 930 2258 observantia
958 2225 1097 2266 fuerant,
1122 2237 1177 2269 ap-

431 2279 596 2322 probavit,
624 2278 826 2312 confirmavit
851 2283 882 2312 et
906 2278 1086 2319 innovavit,
1107 2278 1178 2312 illa-

432 2343 507 2376 que,
522 2337 621 2375 prout
639 2337 713 2365 ante
732 2331 978 2364 concessionem
995 2331 1177 2365 litteiarum

433 2384 623 2417 huiusmodi
649 2390 776 2418 servata
802 2385 940 2425 fuerant,
961 2385 993 2417 in
1011 2390 1177 2428 posterum

432 2437 551 2471 servari
571 2437 705 2477 debere,
724 2447 854 2471 necnon
875 2447 963 2470 suam
982 2444 1013 2470 et
1031 2438 1178 2471 eiusdem

433 2490 592 2524 ecclesiae
618 2490 818 2523 ordinariam
851 2490 1112 2524 iurisdictionem
1144 2491 1176 2523 in

412 2569 420 2578 ⁴
468 2562 480 2588 1
503 2560 558 2588 Vox
574 2560 635 2587 eius
649 2560 785 2587 redundat
799 2561 837 2595 (n.
854 2562 902 2594 Τ.).

1222 207 1378 233 ΠΟΜᾹΝῘῙΜ

1221 258 1344 291 eisdem
1370 259 1477 292 causis
1514 263 1545 292 et
1580 259 1874 293 consuetudinibus
1905 259 1967 293 illi-

1220 311 1324 343 batam
1351 319 1578 351 1·e1nanere,et
1602 323 1713 346 causas
1741 313 1825 356 ipsas
1850 323 1907 356 per
1933 324 1966 346 se

1221 365 1270 397 vel
1297 375 1388 397 snum
1415 365 1448 397 in
1474 365 1701 408 spiritualibus
1726 366 1880 398 vicarium
1912 376 1966 408 ge-

1220 419 1366 451 neralem
1385 429 1444 462 pro
1463 424 1613 462 tempore
1639 419 1832 452 existentem
1859 419 1966 452 decidi

1221 471 1343 504 debere
1370 477 1401 504 et
1425 472 1514 505 licite
1541 482 1649 515 posse,
1674 483 1735 505 nec
1760 483 1821 516 per
1846 472 1967 506 dictum

1220 525 1472 566 gubernatorem
1490 530 1657 568 praetextu
1677 525 1858 558 litterarum
1876 535 1968 568 prae-

1221 577 1391 618 dictarum,
1417 588 1475 611 seu
1501 588 1724 621 quoscumque
1754 578 1835 611 alios
1868 579 1966 612 etiam

1221 641 1429 674 quacumque
1444 631 1602 674 dignitate
1618 631 1967 674 fungentes,expedire

1221 694 1334 726 posse,
1362 683 1472 727 sicque
1499 694 1557 726 per
1587 694 1811 727 quoscumque
1843 683 1966 717 iudices

1221 741 1253 768 et
1278 736 1520 769 commissarios
1547 736 1657 780 quavis
1683 735 1878 769 auctoritate
1898 736 1967 769 fun-

1220 793 1348 831 gentes,
1373 788 1501 821 sublata
1535 788 1580 822 eis
1614 788 1726 832 quavis
1761 788 1857 822 aliter
1883 788 1966 822 iudi-

1220 842 1314 874 candi
1340 847 1372 874 et
1396 841 1633 885 interpretandi
1668 842 1820 875 facultate
1854 847 1884 875 et
1911 853 1966 875 au·

1220 894 1385 935 ctoritate,
1423 895 1559 928 iudicari
1597 900 1628 928 et
1665 894 1792 928 definiri
1831 895 1964 935 debere,

1221 958 1359 987 necnon,
1383 948 1542 991 quidquid
1568 958 1659 981 secus
1685 948 1836 981 attentari
1863 948 1966 982 conti-

1221 1000 1331 1043 gisset,
1358 1001 1487 1034 irritum
1515 1006 1546 1034 et
1571 1001 1667 1034 inane
1694 1001 1848 1034 decrevit.

1265 1055 1279 1098 ᾗ
1304 1053 1335 1087 4.
1364 1054 1409 1088 Ac
1427 1054 1557 1087 demum
1576 1054 1769 1087 recolendae
1787 1054 1964 1087 memoriae
1999 1062 2013 1082 Α
2030 1062 2066 1082 Pin
2081 1062 2108 1083 iv
2122 1063 2154 1084 ‹to-

1976 1094 2040 1115 mque
2051 1089 2104 1110 idem
2118 1092 2154 1112 cir-

1223 1106 1295 1140 Pius
1321 1107 1381 1140 PP.
1401 1107 1449 1147 lv,
1470 1107 1564 1140 etiam
1585 1107 1817 1150 praedeeessor
1842 1113 1965 1150 noster,
1976 1121 2001 1135 ea
2015 1116 2152 1141 coenni-mum

1976 1147 2087 1163 cansarum
2096 1144 2114 1164 in
2124 1149 2154 1165 s·-

1221 1171 1281 1204 per
1306 1161 1460 1204 quasdam
1481 1161 1602 1204 pariter
1619 1172 1691 1194 suas
1708 1161 1834 1194 litteras
1853 1161 1885 1194 in
1900 1161 2045 1194 for-cumin
2060 1170 2154 1206 ⁵¹!‘'³⁰'¹-²

1223 1215 1273 1246 ma
1298 1213 1408 1246 Brevis
1434 1213 1485 1247 die
1511 1224 1548 1246 xx
1575 1214 1700 1257 augusti
1725 1224 1811 1248 MDLx
1838 1196 2154 1257 expedi-§.iiiiiii'fflessfssffl'ss

1224 1273 1281 1306 tas,
1308 1272 1341 1300 et
1364 1266 1468 1300 bonae
1494 1267 1671 1300 memoriae
1695 1267 1812 1300 Iacobo
1830 1256 2030 1301 S.R.E.⁵⁰¹¹¹'

1222 1319 1379 1353 cardinali
1404 1320 1545 1359 Sabello,
1581 1320 1654 1353 dum
1690 1321 1776 1361 vixit,
1802 1320 1967 1365 archiepi-

1222 1384 1323 1417 scopo
1350 1374 1581 1407 Beneventano
1608 1372 1781 1417 inscriptas
1801 1374 1888 1416 (cum
1908 1384 1967 1417 per

1223 1427 1303 1461 alias
1321 1438 1394 1461 suas
1412 1427 1535 1461 litteras
1554 1427 1718 1470 quondam
1736 1427 1871 1460 Paulum
1890 1427 1967 1460 Ode-

1223 1482 1378 1522 scalcum,
1405 1481 1480 1514 dum
1507 1481 1602 1514 etiam
1629 1480 1719 1522 vixit,
1748 1481 1909 1514 notarium
1935 1485 1967 1514 et

1223 1534 1397 1578 utriusque
1423 1534 1610 1577 signaturae
1637 1533 1910 1574 referendarium,
1936 1539 1968 1566 et

1222 1588 1254 1620 in
1273 1597 1374 1631 regno
1393 1587 1608 1631 Neapolitano
1626 1587 1792 1628 nuncium,
1814 1597 1908 1620 suum
1933 1587 1966 1620 in

1222 1641 1351 1674 civitate
1385 1643 1510 1681 nostra,
1538 1647 1613 1674 tunc
1638 1642 1713 1681 sua,
1739 1641 1967 1673 Beneventani}

1222 1694 1358 1738 eiusque
1385 1694 1545 1734 districtu,
1581 1704 1708 1727 necnon
1734 1703 1968 1737 quorumcum-

1222 1759 1284 1791 que
1322 1748 1579 1790 magistratuum,
1605 1746 1898 1780 locurntenentium
1935 1752 1968 1779 et

1222 1801 1358 1835 aliorum
1385 1801 1570 1834 officialium
1590 1806 1621 1834 et
1639 1800 1780 1833 iustitiae
1798 1799 1967 1833 ministro-

1221 1865 1301 1893 rum,
1328 1854 1488 1897 simulque
1514 1853 1629 1886 civium
1664 1858 1696 1886 et
1727 1853 1908 1886 incolarum
1934 1852 1964 1885 in

1221 1908 1286 1942 illis
1314 1913 1389 1940 tunc
1415 1913 1446 1941 et
1471 1918 1529 1951 pro
1558 1913 1704 1950 tempore
1740 1907 1963 1947 existentium,

1221 1962 1253 1994 in
1289 1961 1526 2004 temporalibus
1552 1960 1880 2004 superintendentem
1913 1970 1967 2002 ge-

1221 2016 1365 2049 neralem
1385 2015 1577 2048 auctoritate
1596 2014 1776 2057 apostoliea
1802 2014 1839 2046 ad
1865 2013 1966 2046 bene-

1221 2068 1377 2112 placitum
1404 2078 1496 2100 suum
1523 2067 1660 2107 fecisset,
1683 2066 1910 2099 constituisset
1935 2072 1968 2100 et

1221 2122 1419 2165 deputasset,
1437 2121 1516 2153 dans
1542 2120 1648 2153 eidem
1674 2121 1803 2163 plenam
1830 2125 1862 2153 et
1885 2119 1967 2152 libe-

1222 2186 1288 2208 ram
1316 2179 1511 2218 potestatem
1538 2178 1569 2206 et
1593 2173 1779 2206 facultatem
1800 2183 1966 2217 quascum-

1221 2239 1282 2272 que
1309 2238 1424 2261 causas
1444 2227 1562 2266 civiles,
1585 2227 1774 2260 criminales
1797 2230 1827 2260 et
1851 2226 1965 2259 mixtas

1222 2281 1347 2314 ratione
1365 2279 1690 2323 superintendentiae
1713 2279 1899 2313 huiusmodi
1926 2280 1964 2312 ad

1221 2334 1315 2367 illum
1342 2338 1565 2377 expectantes,
1591 2343 1626 2365 ac
1662 2332 1749 2365 inter
1784 2337 1815 2365 et
1850 2336 1964 2365 contra

1222 2386 1387 2431 quoslibet
1423 2397 1458 2420 ex
1496 2385 1690 2429 supradictis
1722 2395 1782 2428 pro
1819 2391 1964 2428 tempore

1222 2446 1335 2482 motaS,
1361 2451 1421 2483 per
1446 2450 1479 2473 se
1505 2440 1611 2483 ipsum
1632 2440 1681 2472 vel
1700 2439 1800 2472 aliurn
1827 2439 1866 2472 ab
1892 2439 1962 2482 ipso

1222 2494 1443 2537 deputandum
1460 2519 1467 2533 ‚
1493 2492 1668 2532 audiendi,
1689 2492 1908 2535 cognoscendi
1933 2498 1964 2525 et

1221 2546 1285 2579 fine
1311 2545 1434 2586 debito,
1461 2550 1561 2589 prout
1584 2544 1664 2578 iuris
1686 2544 1808 2585 fuisset,
1824 2554 1964 2578 summa-

1972 211 2011 237 An
2046 212 2065 237 C
2092 213 2156 241 ¹72⁴

467 2605 599 2634 eforsan
614 2605 725 2634 debitae
737 2606 1175 2642 nempeprocuralionis(n.·r.).
1221 2598 1281 2639 rie,
1309 2598 1502 2643 simpliciter
1534 2602 1565 2632 et
1590 2598 1629 2632 de
1653 2598 1763 2642 plano,
1789 2596 1859 2632 Sine
1882 2602 1964 2632 stre-
