2170 3147
0 217 42 244 tn.
63 215 90 240 C.
111 213 175 239 1727

17 1219 128 1244 Concessio
142 1218 170 1238 sa·

4 1252 73 1272 ultatis
111 1251 170 1273 ΨΜ·

0 1279 67 1299 lictae.

766 210 960 233 nExEDtc'Tt's

186 260 371 300 Mediolani,
392 259 616 297 Alexandriae,
639 258 850 298 Pelestrinae,
867 258 925 291 Fo-

185 313 311 353 rolivii,
337 313 528 346 praenestae
555 318 586 344 et
610 312 783 351 Cotronae‚
810 322 844 344 ex
873 311 923 344 liis

184 366 336 400 omnibus
374 366 423 398 vel
460 375 572 398 eorum
610 364 786 407 aliquibus,
827 368 946 407 prout;

183 419 259 452 dieti
283 418 431 451 minister
454 417 618 460 generalis
644 422 675 449 et
701 416 922 449 definitorium
944 430 946 445 ,ι

183 471 284 514 magis
309 471 341 504 in
366 470 502 503 Domino
523 469 676 513 expedire
694 468 922 511 iudicaverint,

183 535 247 558 una
272 524 364 568 quasi
391 524 431 556 de
456 534 540 556 novo
572 522 740 566 provincia
766 521 920 564 erigatur,

185 588 268 621 quae
292 583 397 610 tamen
427 576 554 609 titulum
579 576 610 608 S.
638 574 765 607 Ioannis
791 574 830 607 de
862 574 945 606 Ma-¹

185 632 263 671 tba,
290 635 322 662 et
346 629 574 673 antiquitatem
611 639 628 661 a
665 633 812 671 tempore
848 638 923 660 suae

185 683 369 727 primaevae
395 681 568 715 erectionis
586 685 767 720 conservet,
787 680 923 712 fruatur·
943 684 945 690 ’

184 747 246 780 que
284 742 316 769 et
351 735 489 778 gaudeat
525 735 676 768 omnibus
717 739 748 766 et
785 733 922 776 singulis

184 790 308 831 gratiis,
334 787 620 832 praeeminentiis,
644 786 778 819 indultis
804 791 835 819 et
859 786 922 829 pri-

183 842 322 885 vilegiis,
343 841 459 885 quibus
485 840 566 873 aliae
594 839 716 872 similes
737 838 922 882 provinciae

185 896 332 927 fruuntur
363 899 395 926 et
426 893 587 936 gaudent:
620 892 713 924 nobis
747 896 922 935 propterea

183 947 392 991 supradictus
433 946 569 979 michael
608 944 849 978 commissarius
892 949 923 976 et

183 1005 377 1044 procurator
409 998 572 1042 generalis
598 998 764 1031 humiliter
799 997 922 1041 suppli-

183 1053 248 1086 cari
275 1053 350 1086 fecit
385 1059 420 1085 ut
451 1053 483 1084 in
516 1051 704 1095 praemissis
736 1056 922 1094 opportune

183 1107 355 1150 providere
374 1111 406 1138 et
431 1105 510 1138 alias
535 1110 568 1136 ut
586 1104 669 1137 int'ra
694 1104 865 1147 indulgere
883 1104 922 1137 de

182 1159 383 1202 benignitate
409 1158 589 1201 apostolica
611 1158 832 1200 dignaremur.

225 1213 240 1256 ξ
260 1213 291 1246 3.
311 1211 375 1245 Nos
394 1212 502 1255 igitur,
521 1211 624 1254 ipsius
648 1210 814 1243 Michaelis
839 1220 922 1242 com.

182 1266 319 1300 missarii
346 1271 378 1299 et
401 1264 623 1308 procuratoris
648 1264 812 1306 generalis
843 1264 923 1296 votis

183 1322 244 1354 liae
268 1321 301 1353 in
327 1330 381 1359 re,
409 1323 564 1362 quantum
596 1328 668 1349 cum
695 1317 831 1350 Domino
852 1328 922 1360 pos-

182 1384 307 1413 sumus,
334 1371 556 1405 favorabiliter
580 1380 726 1403 annuere
766 1371 922 1416 volentes,

182 1437 322 1470 eumque
358 1437 376 1458 a
414 1425 581 1468 quibusvis
617 1423 925 1456 excommunicatio-

181 1481 239 1522 nis,
265 1478 489 1523 suspensionis
519 1483 551 1511 et
578 1477 760 1517 interdicti,
787 1477 923 1520 aliisque

182 1532 411 1567 ecelesiasticis
435 1530 615 1570 sententiis,
634 1531 781 1563 censuris
799 1535 830 1562 et
847 1541 923 1573 poe-

182 1586 247 1626 nis,
264 1597 281 1618 a
299 1585 368 1618 iure
386 1585 436 1618 vel
462 1584 500 1616 ab
526 1583 670 1623 homine,
696 1583 806 1626 quavis
832 1594 924 1615 occa-

183 1638 274 1671 sione
300 1639 349 1671 vel
375 1638 471 1670 causa
494 1635 579 1676 latis,
599 1636 625 1668 si
652 1636 767 1679 quibus
792 1647 924 1679 quomo-

183 1692 306 1725 dolibet
339 1689 516 1723 innodatus
548 1688 674 1729 existit,
700 1689 739 1721 ad
772 1689 922 1723 effectum

183 1743 402 1788 praesentium
436 1742 600 1775 dumtaxat
636 1743 921 1785 consequendum,

185 1799 297 1830 barum
323 1796 408 1829 serie
440 1795 647 1828 absolventes
672 1801 704 1827 et
736 1795 921 1828 absolutum

185 1852 253 1883 sore
281 1854 469 1888 censentes,
502 1848 687 1880 huiusmodi
714 1849 922 1891 supplicatio-

186 1904 281 1936 nibus
316 1901 477 1941 inclinati‚
502 1901 672 1944 praedicto
697 1901 845 1935 ministro
871 1913 923 1945 ge-

186 1954 287 1989 nerali
312 1956 376 1986 una
399 1964 470 1986 eum
496 1954 702 1995 detinitorio,
727 1965 763 1987 ex
797 1956 922 1988 antedi-

188 2009 246 2041 ctis
270 2007 373 2040 tribus
390 2006 601 2039 conventibus
623 2006 764 2048 Taurini,
791 2007 921 2041 Liburni

190 2066 221 2094 et
253 2060 397 2093 Faleonii
422 2070 519 2092 unam
545 2060 636 2102 quasi
667 2061 705 2093 de
730 2071 814 2093 novo
848 2073 923 2104 pro-

187 2114 327 2146 vinciam
352 2112 461 2145 ltaliae
497 2123 533 2144 ex
559 2123 656 2155 supra
681 2123 733 2145 sex
759 2114 828 2146 aliis
854 2125 923 2158 spe-

189 2166 321 2200 cificatis
346 2165 559 2198 conventibus
585 2166 635 2198 vel
661 2176 697 2198 ex
731 2177 841 2199 eorum
867 2169 924 2200 ali-

189 2220 315 2264 quibus,
331 2230 402 2252 eum
421 2219 512 2251 titulo
531 2224 563 2251 et
580 2219 770 2262 antiquitate
788 2221 924 2263 primae-

189 2285 245 2307 vae
270 2283 348 2306 suae
369 2271 555 2311 erectionis,
577 2282 613 2304 ac
634 2272 753 2314 gratiis,
771 2275 925 2315 praeemi-

189 2327 328 2366 nentiis,
360 2324 491 2358 indultis
516 2330 548 2357 et
572 2325 753 2368 privilegiis
778 2327 925 2369 supradi-

189 2380 257 2419 ctis,
281 2378 428 2422 erigendi
453 2378 584 2420 plenam
610 2383 640 2410 et
665 2378 803 2421 amplam
828 2379 925 2412 sacul-

191 2438 308 2472 tatem,
348 2430 539 2464 auctoritate
581 2431 772 2475 apostoliea,
811 2436 924 2465 tenore

188 2484 419 2529 praesentium,
434 2484 640 2517 concedimus
658 2489 691 2517 et
703 2484 923 2528 impartimnr;

190 2543 222 2571 et
246 2537 331 2581 quod
349 2536 396 2569 sic
412 2536 445 2569 in
463 2536 573 2569 ltaliae
591 2537 790 2580 provinciam
805 2536 924 2578 erecta,

189 2590 221 2624 in
246 2589 395 2623 omnibus
422 2594 454 2622 et
483 2600 543 2633 per
575 2590 682 2623 omnia
714 2590 753 2624 ad
787 2591 921 2625 sormam

243 2653 323 2684 Bau.
344 2653 429 2682 Rom.
452 2667 485 2673 -
511 2652 570 2684 Vol.
592 2652 684 2681 XXII.
828 2653 862 2681 78

1605 200 1668 233 017

966 258 1214 291 novissimarum
1250 259 1515 292 constitutionum
1552 269 1611 302 per
1650 269 1708 291 nos

967 311 1231 345 consu-matarum
1255 323 1315 356 pro
1341 312 1509 355 provincia
1526 311 1558 345 S.
1586 312 1709 344 loaelii-

967 364 1008 396 mi
1044 364 1182 407 aliisque
1209 365 1387 408 provinciis
1411 364 1443 396 in
1466 370 1628 407 posterum
1650 364 1708 396 eri-

967 417 1080 458 gendis
1106 418 1321 460 gubernetur.
1350 418 1521 450 Praeterea
1558 428 1596 450 eo
1633 418 1709 460 quia

967 470 1102 512 exiguus
1128 471 1301 504 admodum
1327 477 1374 503 est
1399 481 1554 503 numerus
1579 470 1709 511 religio-

965 534 1074 557 sorum
1100 525 1274 564 Italorum,
1302 530 1335 556 nt
1361 525 1391 556 in
1418 524 1635 557 electionibus
1663 524 1707 556 sa-

966 577 1094 609 ciendis
1120 578 1278 620 requisita
1304 588 1320 610 a
1346 577 1636 609 constitutionibus
1654 588 1709 619 ge-

966 630 1133 663 neralibus
1164 630 1292 663 Ordinis
1324 630 1430 672 quoad
1462 630 1707 672 graduationem

966 692 1002 714 ex
1044 682 1159 715 officiis
1195 683 1445 726 provenientem
1486 683 1704 726 praescripta,

967 735 1077 768 habita
1102 740 1207 769 tamen
1234 736 1359 768 ratione
1394 735 1563 778 probitatis
1595 741 1625 767 et
1651 735 1707 767 do-

965 788 1090 821 ctrinae
1112 789 1350 831 eligendorum,
1368 789 1502 821 minime
1520 793 1704 827 serventur,

965 842 1003 875 ad
1034 842 1223 875 sexennium
1251 842 1432 883 dumtaxat,
1457 841 1650 874 auctoritate
1677 847 1707 873 et

966 900 1079 928 tenore
1106 895 1281 937 praedietis
1307 895 1526 937 indulgemus.

1009 948 1023 990 ἓ
1048 948 1080 980 4.
1108 947 1178 981 Non
1204 947 1407 981 obstantibus
1442 945 1642 989 praemissis,
1670 957 1706 978 ac,
1745 957 1900 977 cumutamu-

965 1001 1118 1033 omnibus
1155 1006 1187 1033 et
1223 999 1359 1041 singulis
1397 999 1461 1032 illis
1497 1009 1581 1041 quae
1619 986 1848 1030 ideutf‘m‘ssmi'w‘

966 1053 1115 1086 Clemens
1148 1054 1385 1096 praedecessor
1420 1052 1451 1084 in
1487 1052 1552 1083 suis
1590 1051 1706 1083 litteris

966 1106 1068 1139 voluit
1092 1117 1157 1140 non
1184 1108 1332 1146 obstare,
1360 1106 1542 1149 ceterisque
1576 1111 1706 1139 eontra-

966 1159 1021 1192 riis
1048 1160 1317 1203 quibuscumque.

1010 1213 1067 1255 ,ξ5.
1086 1213 1240 1246 Volumus
1256 1219 1408 1246 autemut
1422 1214 1643 1257 praesentium
1661 1215 1706 1247 lit·
1751 1223 1913 1252 ¹¹·1⁴·,·1=<·1·==i›¹0-„

968 1271 1106 1298 terarum
1122 1267 1344 1309 transumptis,
1362 1277 1415 1299 seu
1433 1267 1602 1309 exemplis,
1620 1267 1705 1299 etc.¹.
1718 1256 1761 1269 Μ’
1778 1250 1837 1268 ''dv‘'

1011 1318 1124 1351 Datum
1157 1320 1294 1359 Romae,
1322 1321 1405 1362 apud
1435 1320 1467 1352 S.
1490 1320 1620 1352 Mariam
1647 1320 1707 1352 Ma-

967 1372 1087 1411 iorem,
1112 1373 1170 1405 sub
1198 1374 1319 1406 annulo
1345 1373 1536 1412 Piscatoris,
1564 1373 1615 1405 die
1648 1385 1705 1406 xxx

967 1426 1160 1469 septembris
1175 1436 1360 1465 iinccxxv11‚
1379 1426 1586 1470 pontificatus
1602 1427 1706 1460 nostri

967 1489 1053 1511 anno
1080 1488 1123 1512 ιν.

1004 1540 1061 1567 Dat.
1079 1540 1124 1567 die
1140 1541 1174 1568 30
1188 1541 1353 1576 septembris
1368 1542 1443 1575 1727,
1458 1542 1559 1576 pontif.
1577 1550 1651 1569 anuo
1669 1549 1705 1569 iv.

986 211 1042 233 Xttt
1069 211 1118 233 ΓΡ.
1717 210 1763 234 ΑΗ.
1787 212 1814 235 (ἶ,
1838 211 1899 236 1727

1286 1674 1381 1707 CCVI.

967 1755 1160 1789 Conceditur
1183 1756 1335 1788 ministro
1358 1756 1506 1797 (fenerati
1538 1756 1704 1788 Minorum.

1010 1808 1268 1851 Capuceinorum
1321 1808 1462 1850 facultas
1508 1809 1707 1840 restituendi

1008 1861 1159 1894 discretos
1195 1862 1422 1894 cmzventuales
1458 1862 1493 1893 in
1527 1862 1706 1904 provinciis

1008 1915 1251 1958 Hispaniarum
1261 1914 1280 1947 ¹.

1144 1997 1324 2026 Benedictus
1345 1996 1425 2030 Papa
1445 1995 1527 2027 XIII,

1114 2044 1150 2070 ad
1170 2043 1302 2069 futuram
1323 2041 1367 2068 rei
1389 2040 1571 2067 memoriam.

1755 2119 1784 2138 Ab
1801 2120 1900 2140 luuoren·

1010 2115 1066 2158 {4-
1078 2115 1215 2151 Dudum,
1233 2123 1291 2156 pro
1306 2117 1396 2155 parte
1410 2112 1516 2144 clarae
1528 2111 1705 2144 memoriae
1718 2145 1746 2165 m
1764 2146 1797 2165 m
1814 2146 1899 2165 mmm

966 2167 1071 2201 Caroli
1096 2167 1131 2207 Il,
1151 2167 1225 2199 dum
1250 2165 1338 2204 vixit,
1363 2164 1594 2207 Hispaniarum
1621 2173 1900 2205 regisvramnenmni-

1717 2204 1837 2223 spautaruui
1852 2205 1900 2224 pro-

967 2221 1131 2260 eatbolici,
1146 2220 1247 2253 felicis
1266 2217 1500 2251 recordationis
1514 2217 1705 2250 Innocentio
1719 2231 1791 2244 vinem
1811 2225 1900 2251 alnogi-

1717 2253 1731 2271 ti
1749 2252 1838 2273 suerunt.

968 2274 1070 2316 Papae
1095 2273 1147 2306 Xll
1184 2270 1429 2315 praedecessori
1461 2276 1575 2304 nostro
1607 2281 1706 2313 expo-

968 2326 1041 2365 sito,
1067 2326 1154 2368 quod
1180 2325 1277 2364 alias,
1295 2325 1335 2357 ad
1361 2324 1507 2357 tollenda
1532 2324 1649 2356 damna
1674 2328 1705 2356 et

1003 2422 1014 2448 1
1039 2422 1070 2449 Ut
1090 2430 1172 2457 supra
1192 2430 1253 2456 pag.
1274 2421 1307 2448 72
1326 2422 1341 2447 b
1361 2421 1399 2455 (n.
1416 2424 1465 2448 TA.

1003 2467 1017 2493 Ξ
1037 2466 1092 2494 Hae
1112 2467 1145 2493 de
1165 2474 1193 2493 re
1215 2466 1274 2493 vide
1294 2465 1443 2492 Innocentii
1464 2465 1506 2492 ΧΗ
1533 2466 1706 2493 constitutio-

967 2519 1030 2538 nem
1051 2511 1116 2538 edit.
1139 2516 1278 2543 MDcxcin,
1304 2509 1346 2536 die
1366 2509 1399 2536 29
1421 2510 1528 2541 martii,
1551 2510 1643 2545 pontif.
1670 2517 1704 2546 ιι,

967 2560 993 2582 et
1012 2555 1093 2582 aliam
1114 2554 1180 2581 edit.
1200 2559 1330 2585 Mocxetn,
1346 2553 1389 2581 die
1405 2555 1436 2581 12
1454 2554 1625 2589 septembris,
1641 2563 1707 2590 pon-

967 2599 1005 2628 tif.
1025 2606 1065 2636 111,
1088 2599 1134 2628 ubi
1152 2598 1218 2628 dicti
1232 2598 1343 2628 discreti
1361 2598 1485 2636 abrogati
1502 2598 1622 2628 fuerunt.
