2170 3147
91 295 154 323 1728

168 343 270 376 <lictae
311 341 661 375 archicontraternitati
702 341 809 374 debite
845 351 898 373 an-

172 395 285 436 nexis,
310 395 462 438 illiusque
499 399 531 426 et
567 394 694 427 illarum
731 393 897 436 utriusque

166 458 259 481 sexus
286 447 462 491 respective
488 445 706 480 confratribus
732 456 789 488 pro
820 451 899 478 tem-

167 510 246 544 pore
271 500 484 534 existentibus
512 509 677 538 concessa,
696 499 734 532 de
754 509 848 538 novo,
870 504 899 530 et

167 553 341 596 Gregorius
377 553 442 585 XIII
478 553 715 596 praedeeessor
752 551 900 585 similiter

169 606 313 639 omnium
341 606 615 649 indulgentiarum
634 604 843 648 omniumque
870 609 901 637 et

167 659 367 702 singularum
383 659 557 701 gratiarum
574 658 788 702 spiritualium
808 668 901 701 prae-

0 306 20 326 t.
40 297 69 325 C.

168 712 252 746 dicto
278 711 389 745 Ordini
415 712 513 745 sancti
539 709 708 753 Augustini
734 714 922 743 concessa-'

170 774 260 805 rum,
287 774 369 808 quae
397 764 426 797 in
453 765 567 798 eodem
592 764 712 797 Ordine
737 773 795 806 pro
823 768 901 796 tem-

171 828 250 861 pore
276 817 368 858 fiunt,
388 817 755 851 arcliiconfraternitatis
775 822 805 849 et
825 826 901 850 con·
921 827 923 844 2

175 871 412 904 fraternitatum
456 871 639 903 earumdem
682 870 900 903 ‹·0ns1=atrihus

172 934 231 966 pro
259 929 405 968 tempore
438 924 648 957 existentibus
684 923 901 967 participatio-

174 988 247 1010 nem
274 978 451 1021 respective
469 978 724 1019 concesserunt),
743 987 813 1015 nos,
831 987 903 1008 rou-
923 978 925 1024 ξ
947 978 1047 1010 sancti
1076 976 1242 1019 Augustini
1271 987 1355 1008 nunc
1387 983 1418 1009 ct
1443 986 1500 1018 pro
1539 981 1747 1018 temporem-u

170 1031 311 1064 cessioni
338 1031 518 1064 huiusmodi
546 1031 776 1066 inhaerentes,
806 1029 902 1061 illam·

171 1094 232 1127 que
269 1084 507 1127 approbantes,
535 1083 686 1116 ominibus
714 1088 743 1114 et
770 1082 904 1123 singuiis
925 1092 926 1128 ζ
949 1084 1093 1117 eamdem
1125 1083 1269 1124 aliasque
1296 1081 1522 1125 processiones
1547 1091 1606 1125 per
1631 1091 1685 1114 eos

171 1136 340 1177 fratribus,
367 1136 581 1175 monialibus,
607 1136 802 1169 mantellatis
841 1136 903 1168 sive
925 1156 927 1176 ι,
949 1137 1016 1169 fleri
1044 1136 1153 1169 solitas
1190 1135 1313 1178 absque
1340 1135 1523 1167 interventu
1551 1134 1685 1166 rectoris

172 1188 368 1231 pinzocariis
387 1188 532 1221 eiusdem
551 1189 677 1221 Ordinis
693 1190 723 1221 B.
737 1189 905 1232 Augustini
926 1181 928 1238 Ἰ
951 1189 1147 1233 parochialis
1174 1187 1341 1227 ecclesiae,
1365 1188 1403 1220 de
1423 1187 1552 1220 licentia
1579 1193 1687 1219 tamen

172 1252 232 1284 pro
258 1247 402 1285 tempore
428 1242 638 1274 existentibus
657 1253 769 1275 omnes
797 1248 829 1274 et
846 1243 907 1275 siu-
926 1241 928 1266 ⁴}

171 1295 261 1337 gulas
282 1295 399 1339 gratias
418 1294 601 1337 spirituales
620 1301 651 1328 et
672 1295 907 1338 indulgentias,

172 1349 408 1391 praedictarum

171 1403 472 1437 confraternitatum
501 1403 678 1446 respective
697 1403 910 1436 confratribus

171 1464 205 1490 ut
240 1458 421 1501 praefertur
446 1468 627 1497 concessas,
647 1463 672 1489 et
698 1458 735 1490 de
762 1457 807 1490 eis
835 1467 909 1500 par-

176 1510 290 1554 ticipes
307 1511 483 1554 respective
503 1510 781 1553 participantibus,
801 1511 910 1554 plena-

174 1563 221 1596 rie
248 1570 278 1596 et
310 1563 532 1607 pariformiter
562 1558 740 1606 'apostolica
774 1563 910 1596 auctori-

176 1621 239 1648 tate
265 1620 425 1659 perpetuo
451 1616 659 1648 concedimus
677 1622 707 1648 et
725 1616 910 1657 elargimur,

175 1669 312 1712 perinde
338 1679 374 1702 ac
399 1669 424 1701 si
451 1679 467 1701 a
492 1668 658 1702 Clemente
687 1669 708 1700 X
740 1675 770 1702 et
794 1668 911 1712 Grego-

175 1720 224 1754 rio
274 1719 340 1752 XIII
388 1719 692 1762 praedecessoribus
734 1720 933 1762 respective,

178 1782 350 1806 concessae
376 1772 500 1811 forent,
527 1778 558 1804 et
581 1772 753 1815 Gregorius
780 1773 846 1806 xtu
872 1773 911 1806 de

177 1826 221 1859 eis
259 1831 333 1858 tune
358 1835 412 1858 eos
438 1825 612 1869 participes
643 1826 789 1866 fecisset;
817 1825 910 1859 etiam

179 1879 408 1922 indulgentias,
436 1878 646 1912 remissiones
681 1885 909 1922 peccatorum,

180 1942 256 1975 quas
280 1932 447 1964 visitantes
472 1932 641 1964 ecclesiam
671 1933 703 1964 [ξ.
731 1933 845 1966 Mariae
879 1933 909 1965 in

180 1984 406 2024 Portiuncula,
443 1985 520 2017 alias
559 1985 674 2018 dictam
701 1985 737 2018 sle
762 1987 910 2029 Amyclis,

183 2042 271 2069 extra
296 2046 402 2069 muros
429 2036 682 2070 Assisinatenses
709 2040 912 2081 quomodoli-

182 2089 237 2121 bet
261 2094 515 2132 consequuntur,
541 2099 719 2131 concessas,
746 2091 822 2134 ipsis
840 2103 913 2126 con-

183 2141 334 2174 fratribus
358 2150 430 2173 vere
451 2141 693 2184 poenitentibus
707 2149 738 2175 ct
756 2144 912 2177 confessis

184 2195 237 2238 qui
263 2194 390 2227 Ordinis
417 2194 584 2227 ecclesiam
613 2201 644 2227 ct
667 2197 767 2228 altare
792 2198 913 2231 confra-

185 2247 341 2281 ternitatis
379 2253 409 2279 et
446 2247 477 2279 B.
510 2247 629 2280 Nicolai
664 2249 702 2281 dc
743 2249 914 2284 'l‘olentino

184 2301 363 2344 respective
389 2311 405 2333 a
430 2300 544 2343 primis
569 2302 712 2344 vesperis
738 2313 843 2345 usque
868 2315 915 2336 ve-

185 2364 297 2397 speras
323 2353 503 2385 Nativitatis
522 2353 555 2385 13.
579 2353 694 2387 Mariae
721 2354 858 2398 Virginis
884 2362 916 2389 et

186 2406 367 2439 dominicae
392 2405 473 2438 iufra
498 2411 641 2439 octavam
667 2408 701 2440 Β.
729 2407 851 2441 Nicolai
877 2410 915 2442 de

184 2458 369 2499 Tolentino‚
396 2468 473 2501 quas
499 2459 715 2502 indulgentias
741 2462 916 2504 respective

184 2513 306 2556 pariter
330 2512 542 2555 approbamus
575 2522 611 2545 ac
636 2513 742 2546 denuo
767 2515 917 2547 concedi-

184 2575 267 2604 mus,
294 2570 326 2598 et
342 2565 612 2608 quemadmodum
631 2566 715 2599 idem
730 2566 876 2600 Clemens
893 2568 913 2600 X

186 2618 305 2661 aliique
339 2617 453 2650 summi
484 2617 654 2651 Pontifices
680 2619 857 2661 plenariam
883 2631 916 2653 o-

186 2671 304 2703 mnium
324 2677 529 2714 peccatorum
549 2671 784 2715 indulgentiam
805 2674 915 2708 utrIus·

738 291 931 316 BENEDICTI'S

957 291 1012 315 xin
1039 292 1087 315 rr.
1577 281 1642 315 1535
1688 291 1736 317 An.
1758 289 1872 319 01728

941 350 1004 383 que
1029 350 1124 373 sexus
1148 338 1364 373 confratribus
1400 339 1588 372 cincturatis
1615 338 1679 371 sin-

942 393 1025 435 gulis
1051 392 1143 425 annis
1171 392 1201 425 in
1224 392 1275 425 die
1294 392 1457 425 dominica
1482 392 1566 425 infra
1592 397 1677 424 octa-

941 455 1009 478 vam
1036 446 1107 477 festi
1132 446 1163 478 S.
1192 445 1364 488 Augustini
1398 445 1467 478 lieri
1493 445 1606 478 solitae
1631 445 1678 476 iu-

943 499 1189 539 teressentibus,
1217 500 1265 531 vel
1292 498 1451 542 capellam
1486 509 1541 530 seu
1578 498 1677 530 altare

943 551 977 584 B.
1020 551 1136 584 Mariae
1178 551 1315 594 Virginis
1361 552 1400 584 de
1447 551 1677 584 Consolatione
1714 543 1719 546 ’

944 610 1148 648 nuncupatae
1174 604 1398 643 visitantibus,
1424 604 1600 642 concessit,
1621 614 1679 635 nos

945 658 1181 700 indulgentiam
1209 658 1391 691 huiusmodi
1419 657 1456 690 ad
1480 663 1577 690 totam
1605 656 1679 689 dicti

945 711 1015 744 sesti
1051 717 1194 744 octavam
1235 710 1420 743 cincturatis
1463 710 1541 753 ipsis
1578 710 1681 752 capel-

946 765 1007 797 lam
1033 775 1090 796 seu
1115 765 1214 797 altare
1234 763 1422 797 huiusmodi
1448 764 1500 806 pic
1528 762 1683 795 visitanti-

946 818 1013 857 bus,
1033 823 1067 850 ut
1085 818 1279 860 praefertur,
1299 827 1497 856 concessam,
1519 826 1577 859 per
1596 826 1683 858 prae·

946 875 1054 904 sentes
1082 871 1286 903 extendimus
1312 876 1343 902 et
1368 870 1571 913 ampliamus.

990 927 1004 964 ,ξ
1030 924 1081 957 10.
1112 924 1245 966 Insuper
1280 924 1429 956 fratribus
1455 923 1529 956 dicti
1556 922 1684 955 Ordinis
1749 932 1879 954 conceditur

1697 961 1796 981 nauibus
1805 966 1879 985 saepe-

1795 987 1880 1006 Oranus

1696 1014 1765 1039 ampla
1791 1014 1879 1033 facultas

948 1031 1163 1064 existentibus
1183 1029 1400 1069 ‹·‹·›nceslimus‚
1417 1035 1450 1061 ut
1468 1031 1500 1061 in
1520 1034 1879 1071 posterum1‚=1.c.·.›1-02÷0⁵s.0·

1698 1073 1733 1088 nes
1740 1074 1772 1093 pei
1779 1067 1880 1092 agendas.

950 1242 1109 1275 ordinarii
1137 1241 1210 1281 loci,
1229 1252 1300 1274 cuni
1327 1251 1421 1273 cruce
1440 1242 1548 1273 erecta
1574 1240 1687 1273 stolam

928 1325 929 1332 ,
952 1301 1128 1338 gestantes,
1155 1295 1203 1327 via
1228 1305 1286 1338 per
1312 1294 1442 1328 eosdem
1482 1294 1595 1326 fratres
1632 1293 1688 1326 eli-

468 1349 834 1382 arcliiconfraternitatis
878 1354 930 1383 eti

952 1350 1065 1392 genda,
1093 1348 1151 1381 nisi
1179 1348 1257 1381 alias
1283 1358 1317 1381 ex
1346 1347 1478 1390 antiqua
1514 1352 1688 1380 consuetu-

953 1403 1027 1436 dine
1064 1407 1191 1435 constet
1236 1402 1292 1433 lias
1322 1400 1548 1443 processiones
1575 1399 1605 1432 in
1632 1399 1689 1432 ali-

954 1455 1069 1498 quibus
1096 1454 1175 1487 locis
1203 1454 1298 1486 factas
1324 1454 1421 1485 fuisse
1456 1452 1525 1485 sine
1561 1453 1626 1485 ulla
1652 1453 1690 1485 li-

954 1507 1058 1541 centia
1076 1506 1230 1549 episcopi,
1246 1506 1424 1539 secundum
1446 1506 1577 1538 decreta
1595 1505 1688 1537 buius

955 1559 1162 1604 Apostolicae
1187 1558 1291 1599 Sedis,
1319 1568 1420 1590 unum
1449 1558 1600 1590 videlicet
1625 1557 1689 1590 diei

957 1624 985 1647 vi
1012 1613 1089 1646 iunii
1115 1621 1271 1651 nncm'iu,
1298 1612 1385 1644 aliud
1411 1611 1475 1644 diei
1502 1621 1585 1644 xxvii
1611 1611 1691 1654 apri-

956 1666 994 1700 lis
1018 1675 1114 1705 num,
1140 1676 1174 1699 ac
1192 1665 1278 1698 aliud
1298 1665 1361 1697 diei
1383 1675 1412 1698 x1
1439 1664 1512 1697 maii
1538 1673 1690 1697 nncxcvu

956 1732 972 1753 a
998 1729 1164 1752 sacrorum
1197 1718 1316 1750 rituum
1349 1717 1608 1759 Congregatione
1639 1717 1690 1749 die

955 1784 1012 1807 xxv
1038 1771 1221 1806 novembris
1245 1780 1393 1810 uncxcix,
1420 1781 1501 1814 quae
1521 1781 1579 1814 per
1601 1780 1692 1813 prac-

956 1833 1062 1860 sentes
1096 1825 1247 1859 similiter
1276 1824 1495 1868 approbamus
1522 1830 1550 1856 et
1579 1823 1693 1856 contir-

956 1891 1089 1919 mauuis,
1115 1884 1274 1922 perpetuo
1300 1888 1396 1921 agere
1424 1877 1524 1911 libere
1550 1883 1581 1910 ct
1607 1878 1691 1911 licite

956 1935 1093 1978 possint.

1000 1988 1014 2030 g
1044 1987 1090 2018 ll.
1126 1986 1323 2027 Quamquam
1363 1995 1438 2017 vero
1479 1985 1511 2016 in
1547 1984 1886 2017 Conciliouoncomiurw-

1704 2019 1750 2038 dvm
1767 2021 1811 2039 tutu
1825 2024 1885 2042 possa

958 2042 1100 2073 Romano
1127 2051 1143 2071 a
1168 2038 1262 2071 nobis
1288 2048 1373 2071 anno
1394 2038 1521 2070 Domini
1547 2044 1886 2091 MDCCXXV{¹1131m1‚?1'.'‘;¹¹1⁰.-²'{-‘.‘3

957 2094 1133 2131 celebrato,
1144 2092 1240 2135 inque
1253 2091 1396 2124 eiusdem
1411 2091 1545 2124 Concilii
1560 2090 1653 2124 titulo
1667 2102 1692 2131 v,
1705 2083 1886 2138 *ss-¹1unyusisx'1rss2

957 2146 1096 2188 capitulo
1119 2155 1153 2185 ιι,
1175 2145 1259 2177 inter
1284 2143 1357 2183 alia,
1378 2145 1558 2186 regulares,
1582 2129 1805 2187 vigorch'mw‘

958 2209 1091 2231 suorum
1124 2197 1390 2241 privilegiorum,
1418 2202 1485 2229 tuto
1512 2202 1543 2229 ct
1568 2197 1692 2239 absque

960 2261 1042 2284 novo
1068 2251 1193 2283 indulto
1219 2250 1398 2293 apostolico
1428 2256 1517 2282 extra
1548 2255 1693 2293 tempora

959 2315 976 2336 a
1001 2304 1068 2336 iure
1092 2307 1222 2343 statuta,
1242 2302 1336 2335 etiam
1355 2308 1430 2345 post
1456 2303 1587 2335 decreta
1612 2302 1693 2335 Con-

959 2357 1025 2389 cilii
1050 2356 1229 2389 Tridentini
1256 2356 1316 2388 liac
1343 2356 1381 2388 de
1405 2366 1437 2388 re
1464 2356 1566 2396 edita,
1593 2356 1694 2389 sacris

960 2410 1127 2447 ordinibus
1152 2408 1272 2441 initiari
1298 2419 1392 2452 posse
1417 2409 1629 2442 decernatur:
1652 2409 1694 2442 ni<

961 2462 1151 2501 liiloininus‚
1176 2462 1251 2504 quia
1270 2462 1437 2495 nonnullis
1458 2462 1554 2495 etiam
1572 2461 1695 2505 episco-

960 2516 1009 2558 pis
1035 2515 1180 2548 eiusdem
1207 2514 1341 2548 Concilii
1367 2514 1500 2549 Romani
1528 2516 1694 2549 decretum

961 2567 1146 2601 huiusmodi
1172 2567 1203 2600 in
1230 2567 1363 2601 dubium
1382 2569 1523 2602 revocari
1545 2575 1696 2612 praeten-

961 2620 1045 2653 ditur
1070 2626 1122 2653 aut
1139 2620 1306 2663 praetendi
1330 2627 1453 2663 potest:
1481 2632 1555 2661 uos,
1573 2633 1696 2654 cariun-

962 2673 1033 2706 dem
1060 2679 1173 2708 tenore
1209 2675 1449 2717 praesentium,
1478 2676 1591 2708 fratres
1619 2675 1693 2707 dicti
