2170 3147
38 234 89 261 An.
109 233 138 262 C.
156 233 223 262 1728

39 295 113 325 aona,
136 297 216 315 conim-
228 282 426 316 ediderimus
451 292 509 326 pro
535 283 736 317 institutione
755 294 790 317 ac
809 285 965 328 regimine

38 328 119 378 ἷιῗιῗῆῗθ
144 327 445 377 ’ἶ-ἷῗῗᾷἶῑενῑίανίοηηῃ
472 336 616 368 eiusdem
646 337 806 380 seraphici
836 336 964 370 Ordinis

38 374 217 421 (Taiiiiii'aso‘dm
229 388 260 420 in
286 388 429 432 propriis
455 388 602 421 domibus
628 388 812 429 viventium,
831 389 964 432 primam

228 441 279 474 die
305 450 323 473 x
350 441 529 474 decembris
555 451 703 475 iiinccxxv
727 452 785 484 pro
812 442 963 475 frati-ibus

226 493 402 527 Minoribus
430 494 584 537 regularis
609 494 855 533 observantiae,
882 505 963 538 quae

223 545 338 590 incipit
362 546 508 579 Paterna
527 546 618 580 Sedis
633 546 837 590 Apostolicae
858 548 964 590 provi-

223 598 346 638 dentia,
370 600 503 632 alteram
531 599 582 632 die
607 609 680 632 xxiv
705 599 778 632 maii
804 608 963 632 iiinccxxvi

222 661 283 694 pro
311 652 462 684 fratribus
499 651 676 684 Minoribus
709 652 761 695 qui
788 651 962 694 Capuccini

223 705 441 747 appellantur,
468 715 550 747 quae
578 704 690 747 incipit
720 705 817 738 Ratio
842 709 963 747 aposto-

224 756 282 789 lici
305 757 502 793 ministerii,
535 757 662 790 tertiam
694 757 835 800 denique
868 757 919 789 die
946 767 963 789 v

223 809 292 842 iulii
319 810 464 842 eiusdem
490 810 563 842 anni
594 821 654 853 pro
688 810 838 843 fratribus
864 809 963 842 Mino-

222 862 312 895 ribus
337 862 621 901 Conventiialibiis,
650 874 731 906 quae
758 862 870 906 incipit
887 863 961 895 Sin-

221 915 350 959 9ularis
374 916 523 957 demum
550 927 613 950 uon
633 916 702 949 sine
722 916 842 959 ingenti
864 916 961 949 animi

223 970 369 1002 molestia
394 969 594 1009 rescivimus,
614 970 852 1003 controversias
877 969 962 1002 inter

221 1023 397 1055 antedictas
422 1022 538 1055 laudati
565 1021 691 1055 Ordinis
717 1022 853 1054 familias
879 1021 961 1054 inva-

222 1075 323 1108 luisse
341 1075 380 1108 de
398 1075 537 1118 primatu
556 1082 587 1108 et
611 1075 805 1118 antiquitate
830 1075 961 1108 alterius

223 1138 300 1171 prae
317 1128 429 1164 altera,
451 1127 490 1160 de
508 1127 679 1171 multiplici
699 1128 862 1161 erectione
884 1138 960 1160 con-

221 1181 449 1223 gregationum
468 1181 564 1214 Tertii
581 1182 718 1222 Ordinis,
745 1182 850 1224 deque
876 1187 961 1214 tran-

221 1234 282 1267 situ
317 1234 535 1267 tei-tiariorum
569 1235 662 1267 unius
695 1234 959 1278 congregationis

222 1288 260 1320 ad
280 1288 393 1320 aliam:
411 1298 507 1331 quae,
527 1299 596 1320 cum
623 1288 795 1331 religiosae
822 1287 961 1330 discipli-

221 1350 281 1373 nae
308 1341 512 1381 detrimento,
537 1340 685 1374 scaudala
711 1341 806 1374 etiam
838 1341 870 1373 in
904 1351 960 1384 po-

222 1393 305 1436 pulis
342 1403 451 1426 serere
488 1393 631 1436 possint,
669 1399 700 1426 et
736 1393 821 1426 beati
859 1392 959 1436 patris

222 1446 401 1478 Francisci¹
421 1447 450 1478 in
471 1446 638 1489 discipulis
664 1446 731 1479 eius
757 1446 956 1489 extinguere.

46 1503 212 1550 comsstffifflgr
266 1499 281 1542 ἓ
306 1498 335 1531 ⁶2.
361 1499 623 1532 Dissensionibus
648 1499 746 1542 igitur
775 1510 810 1532 ac
847 1499 959 1542 iurgiis

33 1560 110 1603 2:233„
129 1552 343 1585 praedi-aditum
369 1551 548 1591 obstruere,
573 1558 604 1584 et
629 1552 843 1585 necessariam
870 1563 961 1594 regu-

112 1597 118 1604 ’
222 1604 280 1638 lari
302 1604 496 1648 disciplinae
514 1615 624 1648 pacem
644 1610 674 1638 et
694 1605 958 1648 tranquillitatem

223 1658 331 1691 fovere
357 1664 410 1691 aut
447 1659 618 1691 restituere
651 1659 821 1702 cupientes
838 1685 845 1698 ‚
872 1663 960 1691 motu

222 1711 367 1754 proprio,
386 1721 422 1743 ex
445 1713 530 1743 certa
556 1711 699 1750 scientia,
717 1722 782 1744 non
809 1711 848 1744 ad
873 1712 960 1744 obla-

223 1770 272 1797 tae
297 1764 483 1808 cuiusquam
508 1765 673 1808 petitionis
699 1766 902 1806 instantiam,
928 1765 959 1798 in

223 1816 337 1860 primis
363 1828 476 1850 omnes
503 1823 535 1850 et
559 1818 701 1861 singulas
720 1818 758 1851 de
776 1819 960 1851 memoratis

223 1871 328 1903 causis
354 1871 425 1904 lites
453 1877 485 1904 et
516 1872 761 1911 controversias,
788 1877 959 1915 utcumque

225 1928 257 1955 et
292 1924 323 1955 in
360 1934 564 1967 quacumque
598 1925 750 1957 instantia
785 1935 881 1968 super
909 1925 960 1958 liis

224 1980 320 2015 ortas,
345 1975 476 2018 agitatas
502 1982 533 2009 et
550 1982 619 2010 actu
644 1978 826 2021 pendentes
853 1989 960 2012 coram

225 2027 484 2072 quibuscumque
504 2029 660 2063 iudicibus
677 2042 713 2063 ac
731 2031 959 2071 tribunalibus,

226 2079 320 2113 etiam
345 2081 475 2123 speciali
501 2083 662 2116 mentione
688 2083 803 2126 dignis,
821 2095 960 2127 quorum

224 2132 356 2165 nomina
381 2143 439 2176 pro
464 2135 622 2177 expressis
658 2136 770 2169 haberi
804 2138 959 2177 volumus,

226 2184 265 2217 ad
292 2195 348 2217 nos
374 2191 553 2227 avocantes,
573 2194 730 2231 perpetuo
755 2188 887 2222 silentio
908 2190 962 2222 im-

225 2237 344 2280 posito,
371 2238 586 2281 extinguimus
611 2245 642 2273 et
665 2242 843 2275 abolemus.

33 2290 216 2346 gg‘fffflffgffi}
272 2290 287 2334 g
306 2290 339 2323 a.
366 2291 533 2325 Praeterea
550 2303 768 2338 quascumque
788 2295 961 2338 indulgen-

33 2344 294 2395 ssfflffig'ssfflssfljfiasi
329 2344 461 2384 indulta,
493 2346 674 2389 privilegia,
709 2348 960 2391 praerogativas,

35 2400 74 2419 teri
89 2397 362 2438 ‹11¹0a11esa-savoreS‚
388 2399 617 2441 exemptiones,
650 2400 828 2439 libertates,
854 2406 962 2434 exten-

225 2450 333 2483 siones
359 2456 389 2483 et
413 2452 658 2493 concessiones,
686 2458 748 2485 tam
774 2453 805 2485 in
842 2464 960 2496 genere

34 2425 103 2447 miliae
119 2429 216 2450 tertiato-

34 2457 84 2473 rum.

225 2513 321 2546 quam
346 2504 377 2536 in
403 2505 520 2547 specie,
547 2504 579 2537 in
605 2508 780 2539 memorata
805 2507 962 2539 eonstitu-

261 2574 271 2600 1
294 2574 400 2609 Aliquid
421 2575 518 2609 deest,
534 2583 576 2602 ex.
597 2583 624 2610 g.
642 2584 744 2610 pacem
766 2576 806 2603 vel
822 2576 962 2611 spiritum

223 2618 261 2652 (κ.
278 2618 328 2651 in).

806 235 1000 261 BENEDICTUS
1024 236 1083 262 xm
1108 237 1157 262 PP„

1644 227 1707 260 669
1755 236 1804 262 An.
1826 235 1853 262 c.
1873 236 1938 263 1728

1009 285 1110 326 tione,
1146 296 1227 329 quae
1264 285 1378 329 incipit
1406 284 1561 325 Paterna,
1595 284 1748 318 tertiariis

1010 337 1140 370 fratrum
1166 338 1323 371 Minorum
1351 337 1389 370 de
1415 337 1626 371 Observantia
1653 337 1749 369 tribu-

1009 396 1071 429 tas,
1101 396 1133 423 et
1157 401 1216 433 per
1241 391 1319 424 alias
1344 391 1495 434 superius
1520 391 1676 423 indicatas
1708 390 1747 423 ad

1009 443 1166 477 tertiarios
1193 444 1324 477 fratrum
1357 444 1513 476 Minorum
1545 444 1749 477 Conventua-

1008 495 1084 528 lium
1112 501 1143 529 et
1167 496 1421 540 Capuccinorum
1451 507 1629 540 eorumque
1655 507 1748 539 supe-

1008 547 1111 581 riores
1152 554 1299 583 extensas
1340 556 1370 582 et
1411 550 1599 592 ampliatas,
1637 555 1746 582 tenore

1007 602 1224 643 praesentium
1238 602 1465 635 confirmamus
1476 608 1507 635 et
1518 603 1745 646 approbamus,

1007 659 1058 693 et,
1084 659 1244 696 quatenus
1271 665 1350 697 opus
1376 655 1437 695 sit,
1475 655 1553 698 ipsis
1595 655 1746 687 fratribus

1007 705 1279 740 Conveiitualibus
1297 712 1324 739 et
1345 707 1546 750 Capuccinis,
1565 718 1746 751 eorumque

1008 758 1175 799 tertiariis,
1208 760 1238 792 in
1266 760 1303 792 iis
1332 766 1437 792 tamen
1469 770 1551 803 quae
1583 760 1746 803 praefatae

1007 817 1138 844 nostrae
1163 811 1404 845 constitutioni⁴
1426 823 1482 855 pro
1499 812 1745 846 Observantium

1008 864 1159 896 tertiariis
1200 865 1304 896 editae
1342 875 1405 897 non
1447 865 1677 906 adversantur,
1715 871 1747 898 et

1006 927 1070 948 non
1099 917 1194 956 alias,
1224 917 1263 949 de
1288 927 1370 950 novo
1397 918 1625 957 coneedimiis;
1658 929 1746 951 man-

1006 969 1119 1002 dantes
1135 969 1347 1012 potissimum,
1366 976 1407 1009 ut,
1427 981 1507 1013 quae
1526 971 1557 1003 in
1578 971 1644 1014 ipsa
1663 971 1745 1003 circa

1006 1022 1204 1055 erectionem
1223 1022 1317 1055 unius
1336 1023 1499 1055 dumtaxat
1522 1024 1746 1065 congregatio-

1007 1076 1054 1107 nis
1081 1075 1300 1108 tertiariorum
1319 1086 1377 1118 pro
1395 1077 1590 1119 unaquaque
1616 1076 1744 1109 civitate

1005 1134 1059 1160 aut
1085 1130 1174 1169 loco,
1201 1129 1304 1172 deque
1331 1139 1442 1162 eorum
1472 1130 1625 1169 transitu,
1653 1140 1746 1173 prae-

1005 1180 1125 1224 scripta
1146 1185 1176 1215 et
1201 1182 1323 1214 sancita
1348 1188 1430 1221 sunt,
1466 1182 1535 1215 aliis
1560 1182 1746 1225 posteriori-

1005 1235 1063 1266 bus
1089 1234 1208 1267 nostris
1235 1245 1298 1267 non
1326 1235 1540 1274 obstantibus,
1578 1235 1746 1268 inviolabi-

1004 1287 1078 1320 liter
1104 1287 1330 1320 observentur.

1048 1340 1062 1382 ἓ
1087 1340 1118 1372 li.
1142 1339 1296 1377 Quoniam
1326 1346 1431 1373 autem
1457 1351 1474 1373 a
1499 1347 1607 1374 monte
1633 1344 1743 1373 nostrii
1801 1351 1935 1375 melai-mur,

1004 1398 1036 1425 et
1060 1404 1077 1425 a
1102 1394 1269 1436 proposito
1289 1399 1485 1427 memoratae
1504 1394 1743 1427 constitutionis
1755 1377 1860 1429 xiiidie&
1879 1380 1938 1424 aat'iisiss

1754 1436 1794 1455 qui:
1807 1432 1938 1455 praerogati-

1005 1457 1087 1489 quae
1114 1446 1227 1489 incipit
1251 1447 1443 1489 Si'ngyularis
1468 1447 1591 1480 (levatio
1611 1458 1784 1490 prot-susus
1817 1459 1937 1476 controver-

1755 1489 1782 1502 sis
1803 1489 1822 1502 iii
1837 1484 1937 1503 constitu·

1005 1499 1143 1531 alienum
1169 1505 1248 1539 erat,
1267 1505 1299 1531 iit
1325 1500 1475 1532 fratribus
1492 1500 1670 1533 Minoribus
1697 1509 1938 1556 re'ffiissi'ssssssuaffissl

1005 1553 1124 1595 galai-is
1146 1552 1375 1585 Observantiae
1401 1553 1577 1596 quidquam
1596 1553 1643 1585 sui
1666 1553 1938 1609 iurisfligi-‹iepuils'&risngg¹

1004 1612 1058 1638 aut
1082 1606 1300 1649 possessionis
1334 1616 1409 1648 erga
1433 1606 1667 1639 Conventualcs
1694 1607 1938 1639 ‹lc-<aethnicum-

1756 1642 1872 1661 troversiae
1909 1646 1938 1660 si-

1006 1659 1221 1699 traheremus,
1249 1665 1302 1691 aut
1327 1658 1402 1702 ipsis
1421 1659 1573 1692 fratribus
1598 1659 1841 1714 convcn'iiiiiiif¹''¹
1873 1669 1938 1693 imru-

1006 1712 1144 1746 tualibus
1160 1713 1314 1746 maiorem
1333 1712 1559 1755 antiquitatem
1579 1718 1632 1746 aut
1649 1713 1744 1746 aliam
1813 1710 1817 1714 ’

1005 1776 1241 1809 quamcumque
1260 1766 1518 1809 praerogativam
1537 1777 1614 1809 prae
1633 1766 1745 1799 Obser-

1006 1819 1153 1851 vantibus
1179 1819 1449 1858 concederemus,
1483 1825 1571 1852 motu
1607 1819 1676 1862 pari
1714 1824 1745 1851 et

1005 1871 1140 1904 scientia
1165 1871 1324 1903 similibus
1351 1870 1557 1903 decernimus
1583 1877 1613 1904 et
1638 1871 1744 1903 decla-

1005 1934 1125 1963 ramus,
1159 1923 1254 1956 rerba
1291 1928 1323 1955 et
1357 1923 1623 1963 enunciationes,
1662 1934 1744 1967 quae

1005 1977 1228 2020 antiquitatem
1255 1982 1288 2009 et
1321 1976 1558 2019 praerogativas
1588 1977 1744 2010 eiusmodi

1006 2029 1205 2073 respiciunt,
1237 2030 1357 2062 nullius
1391 2029 1536 2069 roboris,
1572 2035 1667 2073 atque
1705 2040 1743 2063 eo

1005 2093 1137 2125 prorsus
1155 2082 1249 2115 ruodo
1267 2093 1303 2114 ac
1320 2082 1343 2114 si
1365 2081 1514 2125 apposita
1532 2092 1594 2115 non
1621 2088 1741 2123 essent,

1005 2136 1044 2168 de
1070 2139 1180 2169 cetero
1206 2135 1358 2168 liabenda
1384 2135 1451 2167 sore
1476 2140 1507 2168 ct
1532 2145 1625 2175 esse;
1647 2135 1744 2169 immo

1005 2197 1063 2230 pro
1089 2187 1185 2221 totius
1206 2186 1342 2230 praefati
1360 2187 1488 2220 Ordinis
1512 2188 1744 2231 tranquillitate

1005 2246 1036 2273 et
1060 2250 1138 2283 pace
1164 2245 1357 2283 perpetuum
1384 2241 1549 2273 silentium
1570 2251 1667 2284 super
1684 2241 1744 2273 liu—

1005 2292 1143 2326 iusmodi
1164 2292 1385 2325 controversia
1402 2292 1607 2335 imponimus,
1632 2298 1664 2325 et
1684 2303 1744 2337 pro

1005 2346 1156 2389 imposito
1182 2345 1295 2377 haberi
1317 2346 1464 2378 volumus
1489 2350 1520 2378 et
1539 2346 1742 2380 mandamus.

1048 2400 1063 2443 ἓ
1088 2398 1119 2431 5.
1141 2398 1186 2432 Ne
1205 2398 1276 2442 quis
1298 2398 1439 2442 denique
1464 2399 1633 2433 basilicam
1657 2399 1742 2434 beati
1777 2405 1936 2432 Prsemviturut

1754 2431 1855 2452 basilicae
1885 2433 1937 2452 civi-

1004 2451 1167 2484 Francisci
1182 2451 1316 2483 civitatis
1330 2451 1531 2491 Assisiensis,
1544 2453 1598 2485 ubi
1618 2463 1743 2486 sacrum
1755 2461 1804 2505 3¹¹3<
1814 2459 1937 2505 ffiffirgfi

1006 2504 1074 2537 eius
1100 2515 1219 2547 corpus
1244 2504 1432 2547 requiescit,
1460 2515 1476 2537 a
1494 2504 1648 2538 Romanis
1667 2505 1848 2539 Pon-[iuncum
1867 2516 1936 2536 aeque

1755 2538 1840 2558 Ordinis
1866 2537 1936 2557 mairi-

1006 2557 1144 2591 tisicibus
1169 2557 1475 2600 praedecessoribus
1506 2560 1625 2592 nostris
1650 2559 1790 2612 Vsssfissfiss'?
1821 2569 1936 2590 aanoscau·

1041 2622 1050 2647 1
1075 2619 1146 2648 Edit.
1168 2620 1250 2647 Maiu.
1272 2620 1336 2655 legit
1354 2621 1571 2649 constitutionis
1585 2626 1624 2656 tn.
1643 2623 1693 2656 r).
