2170 3147
270 233 320 258 An.
336 231 365 259 c.
389 233 455 259 1726
502 224 568 258 374

291 610 411 631 Comuntur
429 610 448 631 iu

264 636 364 658 futui-uni.

284 1298 405 1320 clausulae,

463 287 508 321 ut,
530 288 692 325 tamquam
719 283 889 326 delegatus
915 293 1046 327 quoque
1072 290 1206 327 aposto-

462 335 561 375 licus,
590 336 630 368 ad
655 336 832 368 ulteriores
868 347 990 379 poenas
1025 338 1208 380 procedere

461 388 579 430 possis,
604 398 727 431 eosque
757 388 851 421 etiam
878 389 1048 431 dignitate,
1074 390 1208 423 canoni-

461 447 532 472 catu
560 446 592 473 et
617 442 806 484 praebenda
832 442 969 484 privare,
992 443 1209 486 eamdemque

461 492 647 526 facultatem
673 494 779 534 alteri,
797 494 823 527 si
850 495 966 528 absens
992 495 1103 537 fueris,
1119 506 1209 529 exer-

460 546 595 579 cendam
622 546 840 589 subdelegare
867 549 987 581 valeas.

504 599 519 642 ξ
543 599 575 633 3.
602 599 673 633 Non
699 601 777 633 satis
810 606 918 634 autem
950 601 1060 635 officio
1094 607 1206 635 nostro

459 653 576 686 secisse
614 654 707 686 nobis
732 654 894 695 videmur,
921 655 1004 695 nisi,
1031 655 1207 698 praeterita

459 706 637 739 emendare
663 708 993 749 satagente5,1'11t11ris
1019 708 1116 741 etiam
1143 708 1207 741 dis-

457 759 549 792 sidiis
574 760 696 793 aditum
723 760 991 794 intercludamus.
1018 761 1203 804 Propterea,

456 823 528 845 cum
554 824 589 846 ex
617 813 779 847 antedicta
804 814 954 847 matutini
988 814 1086 847 officii
1121 815 1204 847 reci-

455 866 579 900 tatione
616 878 726 900 ansam
764 868 968 910 repugnandi
1005 868 1204 911 arripuerint

455 919 615 960 canonici,
639 931 700 964 per
724 926 913 964 praesentes
947 921 1043 954 etiam
1076 921 1202 954 litteras

456 972 661 1005 declaramus
692 979 767 1007 tuae
802 974 1005 1007 auctoritatis
1043 974 1202 1006 hactenus

454 1024 564 1065 fuisse,
592 1036 787 1069 semperque
812 1026 882 1059 sore
909 1027 1128 1066 decernimus,
1147 1037 1202 1069 po-

455 1082 604 1111 testatem
637 1078 752 1111 iisdem
789 1079 953 1112 canonicis
979 1081 1109 1120 facere,
1135 1079 1200 1112 sive

453 1130 617 1164 licentiam
644 1132 816 1175 impertiri,
845 1133 971 1176 quoties
998 1139 1029 1166 et
1054 1133 1199 1176 quandiu

454 1183 511 1215 tibi
541 1190 763 1226 opportunum
788 1185 968 1226 videbitur,
994 1192 1200 1219 anteverten-

453 1236 502 1269 dis
528 1237 657 1270 statutis
685 1238 887 1271 recitationis
913 1239 1125 1282 temporibus.

497 1290 513 1331 ἓ
534 1289 566 1322 4.
587 1289 676 1328 Quod
695 1291 827 1334 quidem
845 1291 1048 1325 auctoritatis
1066 1297 1198 1325 nostrae

450 1343 617 1384 iudicium,
644 1345 753 1387 quoad
779 1344 909 1388 singula
929 1356 1014 1388 quae
1039 1346 1198 1389 praescri-

449 1396 589 1440 psimus,
615 1397 741 1430 firmum
768 1409 902 1432 manere
930 1400 1096 1440 volumus,
1118 1399 1198 1432 itaut

449 1452 541 1484 nulla
581 1452 776 1485 auctoritate
816 1458 871 1485 aut
907 1453 1101 1496 exceptione
1142 1458 1198 1486 aut

449 1509 618 1546 praetextu
646 1504 780 1547 infringi
815 1510 868 1537 aut
904 1507 1063 1538 retardari
1089 1506 1138 1539 vel
1166 1506 1198 1538 in

449 1557 581 1590 dubium
600 1557 745 1591 revocari
760 1557 888 1602 possit'.
904 1558 972 1591 Non
991 1559 1197 1592 obstantibus

448 1612 752 1652 constitutionibus,
766 1613 916 1653 decretis,
932 1613 1109 1656 rescriptis,
1125 1623 1198 1646 con-

447 1665 685 1705 suetudinibus,
706 1666 842 1709 aliisque
868 1667 901 1698 in
928 1666 1129 1699 contrarium
1156 1666 1197 1698 sa-

448 1718 623 1759 cientibus,
641 1718 760 1761 quibus
783 1719 934 1752 omnibus
951 1720 1047 1753 simili
1064 1720 1197 1754 scientia

447 1777 480 1804 et
504 1777 595 1805 motu
614 1773 748 1816 proprio
767 1773 969 1816 amplissime
988 1775 1194 1817 derogamus,

447 1827 577 1859 sublata
611 1826 872 1870 quibuscumque
909 1827 1071 1861 indicibus
1103 1828 1195 1862 aliter

446 1880 685 1923 interpretandi
722 1885 777 1913 aut
812 1881 976 1914 iudicandi
1014 1881 1191 1919 facultate,

445 1932 639 1976 irritumque
662 1944 734 1966 esse
761 1934 977 1967 decernentes
995 1934 1022 1967 si
1041 1935 1118 1977 quid
1135 1934 1193 1967 ali-

446 1990 495 2019 ter
526 1997 543 2019 a
576 1986 690 2029 quovis
724 1987 821 2019 suerit
854 1992 1072 2027 attentatum,
1098 1998 1192 2030 quas-

444 2039 525 2072 libet
551 2039 647 2072 etiam
673 2041 836 2073 clausulas
863 2045 894 2073 et
919 2041 1091 2074 verborum
1110 2041 1193 2073 sole-

442 2092 593 2125 mnitates
619 2093 810 2125 auctoritate
847 2096 957 2126 nostra
977 2094 1190 2137 supplentes,

444 2155 481 2178 ac
506 2156 567 2188 pro
593 2156 746 2189 expresso
773 2146 933 2179 hahentes
958 2146 1080 2189 siquid
1100 2157 1192 2189 prac-

444 2203 533 2232 terea
558 2204 643 2232 essct
666 2200 928 2242 exprimendum.
964 2199 1050 2232 Tuae
1082 2200 1191 2242 itaque

442 2251 621 2295 sapientiae
647 2252 779 2293 contisi,
805 2264 841 2286 ac
868 2253 906 2286 de
932 2252 1072 2295 insignis
1098 2253 1191 2285 istius

442 2304 575 2347 capituli
592 2305 778 2348 perspecta²
791 2316 922 2348 semper
940 2305 1017 2338 alias
1032 2305 1190 2348 gravitate

443 2362 474 2389 et
511 2358 684 2400 prudentia
717 2359 884 2401 praeclare
917 2364 1103 2402 sperantes,
1128 2369 1189 2402 pro

442 2415 531 2442 certo
554 2410 722 2451 habemus,
740 2412 837 2444 nullis
859 2411 891 2443 in
910 2417 1078 2454 posterum
1105 2422 1188 2454 opus

441 2461 509 2495 sore
536 2464 628 2495 novis
654 2469 809 2506 paternae
836 2469 970 2497 nostrae
997 2464 1190 2497 sollicitudi-

440 2515 490 2548 nis
517 2515 653 2548 officiis:
679 2527 715 2548 ac
740 2517 934 2550 fraternitati
960 2523 1032 2550 tuae
1059 2522 1189 2560 aposto-

476 2587 486 2613 1
512 2585 581 2612 Edit.
599 2586 681 2612 Maia.
699 2586 767 2620 legit
785 2594 919 2614 revocare
937 2588 1031 2623 possis
1051 2591 1088 2620 (R.
1110 2588 1159 2623 Τ.).

473 2630 490 2658 2
509 2630 581 2658 Edit.
599 2631 682 2658 Main.
699 2631 766 2667 legit
781 2635 939 2667 perspectu
958 2634 997 2667 (R.
1015 2632 1064 2668 T.).

1044 236 1223 260 BULLARIUM
1248 236 1404 262 ROMANUM

1252 286 1345 318 licam
1364 286 1626 321 benedictionem
1643 293 1855 332 peramanter
1878 289 1997 333 irnper-

1253 339 1362 372 timur.

1295 391 1408 425 Datum
1433 393 1566 433 Romae,
1597 394 1682 437 apud
1715 394 1746 427 S.
1768 394 1909 434 Petrum,
1937 395 1995 428 sub

1252 447 1373 477 annulo
1391 445 1578 485 piscatoris,
1593 446 1644 479 die
1662 457 1716 480 vui
1734 448 1805 480 iulii
1823 457 1996 489 MDCCXXVI,

1251 497 1459 540 pontificatus
1485 499 1588 532 nostri
1614 510 1700 532 anno
1727 511 1773 534 111.

1287 559 1348 587 Dat.
1370 561 1418 587 die
1438 560 1454 587 8
1474 561 1531 588 iulii
1554 562 1633 593 1726,
1656 562 1758 597 pontif.
1781 571 1853 590 anno
1874 569 1911 591 111.

1552 703 1696 738 CXXXII.

1247 782 1432 815 Abolemur
1456 793 1561 816 onmes
1590 784 1812 818 coadiutoriae
1842 796 1994 829 quorum-

1292 845 1428 879 cumque
1446 836 1634 878 officiorum,
1653 848 1735 880 quae
1755 838 1795 871 ad
1812 838 1894 872 viam
1912 839 1993 872 iuris

1290 888 1496 922 reducuntur
1519 889 1538 922 ¹.

1409 959 1543 1001 lllonsiqnore
1559 961 1631 992 Nicolt')
1646 961 1715 992 Maria
1730 962 1830 999 Lei-cari,

1293 1010 1431 1040 arcivescovo
1447 1011 1468 1040 di
1483 1011 1601 1047 Nazianzo,
1619 1017 1691 1041 nostro
1706 1013 1825 1052 segretario
1840 1013 1862 1042 di
1877 1012 1944 1043 stato.

1289 1069 1313 1109 13]
1339 1077 1450 1111 debito
1477 1078 1528 1111 del
1559 1084 1670 1112 nostro
1696 1081 1861 1122 pastorale
1881 1079 1990 1114 uffizio

1245 1129 1276 1163 d'
1294 1130 1470 1174 impiegare
1496 1133 1525 1164 la
1546 1143 1696 1176 suprema
1721 1134 1864 1166 autorita
1888 1133 1990 1177 ponti-

1245 1182 1327 1223 ficia,
1354 1184 1494 1218 aflinelie
1522 1191 1602 1218 tutto
1628 1186 1673 1219 sia
1698 1187 1818 1220 diretto
1849 1187 1878 1220 al
1903 1187 1988 1220 bene

1244 1236 1330 1269 dello
1355 1237 1443 1270 Stato
1468 1248 1485 1271 e
1511 1238 1677 1272 de'nostri
1704 1241 1838 1280 sudditi,
1872 1251 1889 1274 e
1925 1241 1988 1275 che

1243 1290 1348 1332 questi
1375 1290 1471 1324 diano
1497 1292 1526 1324 la
1550 1292 1621 1325 loro
1648 1303 1746 1336 opera
1763 1304 1822 1337 per
1840 1294 1988 1328 rendersi

1242 1355 1370 1388 sempre
1396 1345 1452 1388 pisi
1479 1346 1554 1378 abili
1575 1357 1591 1380 e
1612 1348 1794 1381 meritevoli
1814 1348 1844 1381 di
1864 1348 1987 1382 servire

1242 1398 1272 1430 la
1297 1397 1394 1432 Santa
1418 1399 1501 1432 Sede
1534 1400 1622 1442 negli
1659 1400 1830 1444 impieghi,
1858 1401 1988 1435 cariche

2003 241 2051 268 An.
2067 242 2095 270 C.
2118 243 2170 271 ¹72-

2027 1094 2148 1118 Exordium.

1242 1450 1280 1483 ed
1306 1451 1393 1484 usfizi
1411 1453 1473 1485 alla
1490 1453 1666 1486 medesima
1687 1454 1987 1488 immediatamente
2027 1497 2031 1500 ῃ

1242 1515 1260 1537 o
1298 1505 1548 1539 mediatamente
1589 1508 1754 1549 spettanti.
1796 1507 1819 1540 E
1849 1508 1989 1541 siccome

1242 1563 1358 1600 questo
1384 1559 1478 1592 viene
1504 1559 1636 1593 nudrito
1662 1561 1749 1594 dalla
1774 1571 1931 1604 speranza
1955 1560 1988 1594 di

1242 1617 1357 1652 potere
1384 1613 1472 1645 nelle
1498 1613 1661 1646 occasioni
1688 1615 1840 1647 meritare
1872 1615 1903 1647 la
1932 1614 1989 1647 be-

1242 1664 1407 1698 neficenza
1439 1666 1491 1699 del
1530 1666 1689 1710 principe,
1716 1668 1780 1700 cosi
1818 1668 1890 1700 vien
1925 1668 1989 1701 sra-

1241 1723 1387 1751 storuato
1409 1718 1582 1752 dall'esser
1607 1719 1767 1753 destinate
1784 1721 1988 1763 preventiva-

1240 1776 1348 1804 mente
1376 1772 1405 1804 le
1427 1772 1557 1805 cariclie
1584 1783 1644 1805 con
1672 1774 1866 1816 aspettative
1892 1784 1908 1806 e
1938 1784 1988 1807 so-

1239 1825 1460 1866 pravvivcnze,
1487 1826 1684 1859 rendendosi
1705 1826 1776 1858 tutti
1795 1827 1984 1870 neghittosi,

1238 1877 1281 1918 gli
1308 1877 1363 1910 uni
1383 1878 1505 1920 perche
1524 1889 1585 1911 con
1605 1879 1702 1911 simili
1720 1879 1828 1921 grazie
1846 1879 1985 1914 stimano

1238 1941 1332 1963 avere
1354 1931 1524 1964 assicurati
1551 1931 1777 1975 gl’impieghi,
1797 1943 1813 1966 e
1839 1933 1883 1976 gli
1910 1934 1984 1968 altri

1237 1994 1298 2017 con
1325 1984 1493 2027 disperare
1526 1984 1556 2017 di
1582 1986 1701 2028 poterli
1728 1986 1936 2028 conseguire.

1280 2038 1295 2080 ἓ
1320 2037 1349 2069 1.
1371 2037 1416 2070 Ed
1442 2038 1593 2071 abbiamo
1610 2039 1665 2071 noi
1683 2038 1905 2073 riconosciuto
1927 2051 1983 2074 an-

1235 2091 1296 2123 che
1335 2090 1631 2134 coll’esperienza,
1658 2092 1739 2132 che,
1766 2099 1980 2137 quantunque

1234 2155 1294 2177 con
1320 2144 1416 2176 simili
1439 2145 1546 2187 grazie
1573 2145 1663 2178 siano
1684 2146 1854 2179 conceduti
1872 2145 1982 2190 gl’im-

1233 2197 1346 2240 pieglii
1372 2208 1389 2230 a
1406 2197 1625 2240 beneplacito,
1646 2209 1662 2231 e
1679 2199 1817 2232 siccome
1838 2210 1981 2243 possono

1233 2250 1401 2283 rimoversi
1429 2251 1513 2284 dalle
1545 2251 1675 2284 cariclie
1707 2252 1794 2295 dopo
1823 2257 1981 2294 ottenute,

1233 2304 1299 2336 cosi
1324 2309 1486 2346 potevano
1513 2314 1579 2336 non
1605 2305 1802 2337 ammettersi
1820 2316 1836 2337 a
1854 2305 1979 2348 quelle:

1232 2368 1293 2389 con
1314 2360 1393 2390 tutto
1413 2357 1475 2398 cio,
1495 2357 1545 2390 col
1565 2357 1690 2390 rissesso
1707 2357 1768 2390 elie
1789 2359 1819 2390 le
1837 2368 1979 2400 persone

1231 2409 1372 2452 graziate
1387 2410 1512 2443 sossero
1531 2410 1564 2442 in
1582 2420 1647 2443 una
1665 2415 1754 2443 certa
1771 2410 1879 2443 buona
1894 2410 1978 2452 sede,

1267 2502 1276 2526 1
1301 2500 1448 2527 Clementis
1468 2500 1512 2526 Xll
1540 2503 1627 2527 const.
1650 2500 1715 2527 edit..
1742 2506 1903 2535 iunccxxxlr,
1933 2499 1978 2528 die

1232 2544 1262 2570 12
1283 2544 1425 2577 februarii,
1445 2544 1540 2579 pontif.
1559 2553 1589 2579 11,
1610 2547 1775 2571 revocantur
1795 2545 1918 2572 diversae
1937 2545 1978 2572 sa-

1230 2588 1344 2615 cultates
1363 2597 1379 2615 a
1400 2589 1527 2616 Romanis
1543 2589 1723 2616 Pontificibus
1738 2589 1875 2617 nonnullis
1889 2589 1977 2618 factae

1228 2640 1293 2661 voce
1314 2633 1355 2660 vel
1376 2633 1490 2669 scripto.

2018 2049 2099 2070 Causae
2114 2053 2170 2076 prae-

1990 2077 2056 2106 sentis
2074 2077 2170 2098 constitu·

1992 2104 2061 2124 tionis.
