2139 3142
765 253 857 276 inflex
886 254 989 277 acaum
1543 246 1607 279 879

206 303 392 346 praesertim
417 314 511 347 super
534 305 680 337 facultate
703 306 894 338 concedendi
919 306 1040 338 litteras
1063 306 1288 340 dimissoriales
1305 306 1438 340 subditis
1456 317 1565 340 eorum
1585 319 1653 342 mo-

206 356 427 396 nasteriorum,
451 367 532 400 quae
563 357 592 389 in
619 357 867 400 Congregatione
892 357 1113 401 episcoporum
1138 364 1168 390 et
1191 358 1386 400 regularium
1413 359 1531 402 pluries
1555 360 1653 393 disce-

206 413 311 450 ptatae
336 409 433 447 fuere,
457 414 578 448 narrat,
597 410 683 449 ibid.;
710 410 889 442 facultatem
915 410 1107 443 concedendi
1127 411 1322 443 dimissorias
1347 411 1384 443 ad
1409 422 1517 445 omnes
1542 422 1649 446 sacros

207 459 340 493 Ordines
364 461 497 494 subditis
522 462 786 495 monasteriorum
813 462 912 494 eidem
933 463 1093 496 unitorum
1120 463 1263 496 concedit
1279 491 1286 503 ,
1315 463 1371 496 5⁶21
1402 475 1423 496 α
1447 469 1477 496 et
1503 465 1530 497 b.

113 512 316 554 cardinales,
340 514 411 547 vide
432 514 564 547 Decreta
588 515 872 557 Congregationum
898 516 927 548 S.
953 516 991 549 R.
1017 516 1053 548 E.
1079 516 1294 548 cardinalium.

115 565 263 610 Capuaua
286 568 426 600 ecclesia.
458 586 500 591 —
525 568 688 611 Capuanae
712 568 862 601 ecclesiae
887 568 1144 611 metropolitanae
1165 568 1301 611 capitulo
1325 580 1415 601 usum
1442 570 1553 602 mitrae
1577 570 1652 603 alio-

207 629 343 662 rumque
376 619 546 661 insignium
578 620 616 652 ad
641 620 738 654 instar
774 620 902 663 capituli
931 620 1081 653 ecclesiae
1116 621 1350 654 Beneventanae
1378 623 1533 655 concessit
1558 623 1651 655 Bene-

206 671 308 705 dictus
334 672 424 710 XIII,
450 672 512 705 173
537 673 554 704 b
579 678 609 705 et
633 684 695 716 seq.

113 723 291 756 -Cardinalis
316 725 452 757 decanus
467 752 474 766 ,
498 725 569 758 vide
592 726 766 758 Decanatus
791 725 913 766 collegii
941 726 1157 758 cardinalium.

118 775 313 809 Carmelitae.
340 796 381 801 —
406 778 523 819 Eorum
546 778 726 820 provinciae
751 778 780 810 S.
805 777 923 810 Alberti
949 778 981 809 in
1005 788 1102 819 regno
1127 778 1250 811 Siciliae
1279 779 1440 812 decretum
1473 781 1653 823 Congrega-

207 828 302 862 tionis
326 840 421 873 super
445 830 612 872 disciplina
629 830 766 872 regulari
786 841 881 872 super
897 830 1121 863 reformatione
1140 831 1169 862 in
1186 831 1310 864 duobus
1331 833 1536 865 conventibus
1553 833 1654 866 dictae

206 883 387 925 provinciae
407 883 575 916 confirmat
598 883 785 915 Benedictus
808 883 893 922 Xlll,
916 883 955 914 77
973 894 993 915 a
1010 888 1040 915 et
1063 893 1142 926 seq.;
1166 889 1339 916 conventus
1363 885 1514 927 quosdam
1541 896 1557 917 a
1582 897 1655 929 pro-

209 934 308 966 vincia
333 935 569 967 Terraelaboris
593 935 834 968 disinembratos
859 935 889 966 in
913 944 1025 967 novam
1050 935 1243 977 provinciam
1269 937 1502 979 Neapolitanam
1528 949 1652 971 nuncu-

206 986 340 1029 pandam
366 987 468 1028 erigit,
493 986 558 1019 179
579 987 596 1019 b
621 992 650 1019 et
674 998 749 1030 3*qu
774 987 812 1019 de
837 992 991 1019 conventu
1016 987 1228 1019 Mentissancti
1255 990 1404 1031 acephalo
1421 990 1573 1032 quaedam
1595 995 1656 1024 sta-

209 1039 284 1079 tuit,
313 1038 377 1071 180
401 1040 418 1071 b
443 1045 472 1071 et
495 1050 571 1082 seq.·,
599 1045 787 1072 conventum
810 1039 943 1072 Carmeli
975 1040 1103 1072 maioris
1128 1045 1341 1084 nuncupatm‘n
1367 1043 1546 1084 provinciae
1577 1044 1655 1076 Nea-

208 1092 393 1134 poletanae,
418 1102 519 1134 nuper
543 1097 684 1131 erectae,
711 1091 741 1123 in
766 1092 934 1134 collegium
960 1092 1054 1124 studii
1086 1094 1241 1134 generalis
1272 1104 1332 1136 pro
1362 1095 1533 1137 provinciis
1565 1097 1654 1139 regni

208 1144 405 1187 Neapolitani
437 1144 577 1177 eiusdem
609 1144 734 1177 Ordinis
766 1145 876 1187 erigit,
908 1145 972 1178 185
994 1145 1009 1177 b
1034 1151 1064 1177 et
1086 1157 1164 1189 seq.;
1196 1157 1254 1189 pro
1286 1147 1369 1180 dicto
1402 1148 1537 1190 collegio
1570 1150 1654 1192 leges

207 1197 357 1240 quasdam
383 1197 455 1236 edit,
481 1196 543 1229 ⁴186
564 1207 584 1229 α
609 1202 638 1229 et
661 1208 735 1239 seq.;
761 1197 934 1230 Carmelitis
957 1198 1137 1240 provinciae
1162 1198 1307 1231 Poloniae
1331 1199 1492 1232 decretum
1517 1200 1657 1244 Congre—

206 1249 340 1291 gationis
357 1250 577 1293 episcoporum
595 1255 625 1281 ct
646 1250 838 1291 regularium
860 1260 917 1293 pro
942 1253 1094 1293 perpetua
1120 1262 1196 1294 pace
1222 1251 1252 1283 in
1277 1262 1386 1283 eorum
1413 1253 1573 1295 provincia
1600 1255 1657 1286 Po-

207 1302 281 1334 lona
308 1302 459 1334 servanda
484 1302 668 1341 confirmat,
693 1302 756 1334 0229
791 1303 808 1334 h
837 1307 867 1334 et
891 1314 968 1345 .qu.;
993 1303 1177 1345 provinciali
1210 1304 1391 1346 proxinciac
1417 1306 1591 1347 Aragoniac
1616 1307 1658 1338 sa-
1691 1327 1702 1337 .

207 1355 354 1387 cultatem
380 1355 525 1388 concedit
548 1355 729 1387 conserendi
755 1355 871 1398 gradus
902 1356 1078 1387 doctorales
1112 1356 1141 1387 in
1175 1356 1274 1388 tribus
1301 1357 1459 1399 primariis
1491 1358 1654 1390 convrnti-

209 1407 266 1439 bus
287 1417 458 1449 regnorum
483 1408 778 1450 Cacscraugustani,
804 1408 1030 1440 Valentincnsis
1055 1414 1085 1440 et
1110 1409 1375 1451 l’ainpiloncnsis,
1397 1408 1461 1441 949
1481 1420 1517 1447 α;
1539 1410 1657 1442 eisdem

206 1460 390 1503 provinciae
415 1460 625 1503 Portugalliac
650 1461 811 1492 decretum
838 1461 996 1503 quoddam
1022 1461 1281 1503 Congregationis
1306 1462 1530 1504 episcoporum
1555 1469 1586 1494 et
1610 1474 1659 1495 re-

206 1512 365 1554 gularium
389 1524 448 1556 pro
476 1513 592 1545 eisdem
622 1524 717 1556 super
742 1513 810 1545 iure
835 1513 1025 1555 suffragandi
1051 1513 1234 1551 confirmat,
1255 1513 1318 1546 3:37
1339 1514 1356 1545 l)
1381 1518 1410 1546 et
1433 1525 1513 1558 scq.;
1539 1515 1657 1548 eisdem

207 1566 302 1598 Tertii
323 1566 449 1598 Ordinis
474 1566 656 1608 provinciae
682 1566 834 1599 Fluminis
857 1567 990 1598 Ianuarii
1008 1565 1169 1598 decretum
1189 1567 1345 1608 generalis
1364 1566 1506 1599 eiusdem
1522 1567 1658 1608 Ordinis,

207 1627 246 1650 ne
271 1618 507 1650 commissarius
532 1618 604 1650 dicti
632 1619 728 1650 Tertii
750 1618 874 1651 Ordinis
900 1618 928 1650 in
954 1619 1035 1650 dicta
1061 1619 1241 1660 provincia,
1267 1618 1444 1651 inconsulto
1470 1619 1538 1661 ipso
1563 1629 1661 1661 gene-

207 1670 283 1710 rali,
308 1671 466 1703 removeri
492 1672 608 1713 possit,
633 1672 815 1711 confirmat,
839 1670 904 1703 380
928 1671 945 1701 b
965 1676 995 1703 et
1018 1681 1095 1713 scq.;
1121 1671 1308 1703 eorumdem
1335 1671 1482 1712 regimini
1506 1676 1663 1705 monaste-

208 1723 291 1755 rium
316 1724 494 1766 puellarum
521 1724 614 1756 Tertii
640 1723 764 1756 Ordinis
792 1723 1031 1756 Carmelitarnm
1057 1723 1165 1766 oppidi
1195 1722 1410 1755 Guimarensis
1439 1723 1662 1756 Bracharensis

207 1775 359 1808 dioecesis
385 1775 534 1815 subiecit,
558 1775 623 1808 385
648 1787 668 1808 a
693 1781 722 1807 et
751 1787 829 1820 ssq.·,
862 1775 977 1807 eisdem
1016 1776 1198 1818 provinciae
1234 1776 1445 1817 Portngalliae
1481 1776 1660 1809 facultatem

208 1829 399 1872 quamdam,
425 1835 457 1861 ut
481 1830 574 1862 certis
603 1830 753 1862 oneribus
775 1830 954 1870 missarum,
980 1839 1057 1871 quas
1078 1829 1240 1861 celebrare
1264 1838 1329 1861 non
1353 1833 1519 1871 poterunt,
1545 1829 1662 1861 satissa-

208 1891 281 1913 cere
305 1882 426 1914 valeant
457 1884 520 1914 una
552 1882 647 1914 missa
673 1882 822 1921 solemni,
848 1882 1007 1921 concedit,
1034 1881 1097 1914 497
1122 1892 1142 1914 α
1167 1887 1196 1913 et
1219 1892 1300 1924 seq.;
1328 1882 1401 1913 item
1436 1881 1554 1914 eisdem
1585 1892 1662 1925 pro-

209 1934 330 1967 vinciae
346 1935 487 1967 Baeticae
512 1936 690 1967 facultatem
712 1936 904 1978 suscipiendi
927 1936 1066 1967 lauream
1092 1934 1273 1966 doctoratus
1299 1934 1329 1965 in
1353 1934 1487 1976 collegio
1511 1934 1542 1968 S.
1561 1935 1664 1973 Rochi

209 1987 346 2019 civitatis
370 1988 600 2027 CordubensiS,
626 1988 690 2020 506
714 1989 730 2020 b
754 1994 783 2020 et
807 1999 890 2030 stays,
919 1988 991 2019 item
1018 1986 1135 2018 eisdem
1165 1986 1298 2018 vicariae
1323 1986 1511 2018 Maranionis
1536 1987 1567 2018 in
1591 1987 1664 2019 Bra-

211 2039 299 2079 silia,
322 2050 339 2070 a
364 2041 500 2081 generali
525 2040 651 2073 Ordinis
675 2041 712 2072 ad
738 2041 957 2082 magisterium
984 2039 1013 2071 in
1039 2041 1128 2071 sacra
1154 2038 1312 2080 theologia
1337 2039 1513 2080 promotis,
1538 2044 1573 2071 ut
1597 2039 1664 2071 lau-

210 2102 296 2124 ream
323 2092 503 2124 doctoratus
527 2103 544 2124 a
570 2093 684 2126 vicario
710 2093 896 2135 provinciali
917 2092 1078 2135 suscipere
1103 2091 1231 2134 possint,
1250 2090 1312 2123 576
1339 2091 1356 2122 b
1381 2095 1411 2122 et
1434 2101 1519 2133 seq.;
1544 2091 1663 2124 eisdem

210 2145 335 2176 strictae
359 2144 578 2177 observantiae
606 2145 785 2187 provinciae
810 2146 839 2178 S.
866 2145 981 2177 Allicrti
1016 2145 1047 2176 in
1079 2145 1184 2177 Sicilia
1214 2144 1375 2176 decretum
1402 2143 1661 2185 Gongregationis

211 2206 306 2239 super
330 2196 495 2239 disciplina
519 2198 674 2239 regulari,
700 2209 763 2241 quo
789 2198 986 2238 decernitur⁷
1014 2203 1046 2229 nt
1071 2197 1271 2239 oppositorcs
1297 2196 1377 2229 vitae
1402 2196 1579 2229 communis
1605 2208 1661 2230 eo-

213 2248 358 2280 rumdem
390 2249 520 2280 fratrum
554 2249 683 2282 omnino
713 2250 929 2292 acquiescant,
955 2250 1139 2288 confirmat,
1164 2249 1227 2282 6022
1253 2250 1269 2281 b
1292 2254 1322 2281 et
1346 2260 1425 2292 seq.;
1453 2260 1511 2292 pro
1535 2260 1662 2283 eorum-

212 2302 281 2334 dem
307 2301 423 2334 Ordine
448 2302 645 2334 consiliarios
670 2303 819 2345 qninqnc,
844 2302 907 2334 sive
932 2302 1033 2334 socios
1058 2313 1093 2335 ac
1117 2302 1304 2334 secretarios
1329 2303 1515 2343 generales,
1544 2313 1581 2335 ex
1610 2302 1663 2334 di-

212 2354 312 2386 versis
331 2354 510 2387 nationibus
534 2355 710 2396 eligendos,
729 2355 876 2393 instituit,
899 2354 963 2386 644
985 2355 1002 2385 Ι)
1026 2360 1053 2387 et
1079 2367 1149 2398 seq,
1174 2356 1245 2387 vide
1269 2355 1413 2387 Tertiarii
1438 2355 1562 2387 Ordinis
1586 2355 1660 2388 Car-

212 2407 412 2447 melitarum·,
438 2407 622 2439 eorumdem
656 2408 842 2440 coenobium
868 2407 974 2450 oppidi
1008 2407 1177 2440 Medicinae
1208 2407 1414 2440 Bononiensis
1444 2407 1596 2440 dioecesis
1631 2409 1663 2440 in

212 2459 375 2501 grangiam
401 2460 529 2491 alterins
562 2460 684 2501 collegii
710 2460 946 2493 Carmelitarum
979 2460 1161 2492 eorumdem
1191 2460 1349 2492 Bononiae
1379 2459 1459 2501 origi
1488 2461 1660 2500 concessit,

213 2511 276 2544 746
302 2523 322 2544 α
346 2517 377 2545 et
400 2523 477 2555 seq.;
504 2512 542 2545 de
566 2513 750 2544 eorumdem
782 2512 936 2545 coenobio
962 2512 1124 2555 praedicto
1148 2513 1302 2555 quaedam
1329 2518 1524 2553 statuuntur,
1552 2513 1615 2546 747
1640 2525 1661 2546 a

212 2571 242 2597 et
265 2564 308 2604 b,·
331 2565 370 2598 de
402 2565 588 2598 eorumdem
615 2565 845 2598 reformationis
870 2566 899 2597 in
932 2566 1096 2609 provincia
1121 2565 1353 2598 Pedetnontana
1380 2566 1503 2607 origine
1528 2571 1559 2598 et
1587 2576 1663 2610 pro-

210 2627 321 2660 gressu
347 2618 497 2650 nonnulla
522 2618 628 2657 refert,
657 2617 722 2650 814
746 2618 762 2650 b
786 2623 818 2650 et
840 2629 919 2661 seq.;
946 2629 1003 2661 pro
1021 2618 1205 2650 eorumdem
1225 2618 1410 2651 stabilienda
1431 2618 1656 2652 reformatione
