2170 3147
31 241 80 270 An.
101 240 131 267 G.
153 239 218 267 ¹727

63 1514 92 1535 De
101 1514 217 1540 priuilegiu-

43 1541 208 1561 adolescentium

37 1567 176 1588 saecularium
197 1573 217 1586 m

36 1594 168 1619 prat-laudan
181 1593 218 1613 do-

37 1621 100 1641 ctor-ts
142 1621 218 1640 studiis

37 1647 191 1673 insigniornbw,

813 235 1007 259 BENEDICTUS
1035 235 1090 257 xm
1116 235 1163 257 PP.

229 287 319 319 abest
343 291 375 318 et
399 284 517 324 abfuit,
544 285 704 317 universis
737 289 799 316 tam
825 282 967 325 antiquis

230 349 324 382 quam
341 348 427 370 nunc
444 337 563 370 Christi
582 336 755 369 Ecclesiam
776 335 966 368 vexantibus
986 350 988 358 ι

229 390 418 424 haeresibus
457 396 489 422 et
523 388 717 432 perniciosis
749 388 882 420 assertis
914 387 967 419 ad-

231 453 373 477 versans.
400 444 594 476 Damnamus
631 442 709 473 item
735 441 832 480 solia,
860 440 967 472 theses

230 503 261 530 et
286 496 386 529 libros
411 495 550 528 antehac
575 494 658 538 typis
693 494 890 535 impressos,
916 493 966 525 vel

230 550 335 589 etiam,
355 549 440 592 quod
460 548 544 581 Deus
565 552 694 585 avertat,
714 546 965 589 impri1nend05‚

229 604 262 635 in
288 602 423 645 quihus,
451 601 489 634 ad
514 600 749 644 procreandam
775 609 832 631 scu
859 599 968 631 foven-

230 657 302 689 dam
316 655 480 688 doctrinae
493 654 522 687 S.
536 654 688 692 Thomae,
704 652 966 684 Praedicatorum

229 707 363 747 Ordini‚
395 707 532 749 aliisque
567 705 728 748 genuinae
763 703 966 737 thomisticae

231 760 398 793 doetrinae
422 758 555 792 asseclis
581 758 750 795 invidiam,
779 756 968 798 designatae

231 818 329 855 atque
354 812 524 845 damnatae
550 822 567 843 a
592 810 686 843 nobis
716 808 898 842 calumniae
923 818 968 840 as-

231 865 347 897 sertive
373 868 586 903 renovantur,
609 863 656 895 vel
683 863 715 894 in
741 862 836 894 aliam
862 872 879 894 a
900 871 968 903 ger-

231 919 324 950 mana
338 917 574 960 praedictarum
590 921 774 948 nostrarum
789 914 968 948 litterarum

229 970 402 1009 sententia,
429 969 495 1001 sive
533 970 743 1002 decessorum
780 973 966 1000 nostrorum

229 1028 358 1062 mente,
394 1021 577 1055 honorifica
612 1027 708 1064 atque
744 1021 882 1054 Faventia
914 1020 968 1052 do-

230 1075 352 1109 ctrinae
388 1075 590 1108 thomisticae
628 1074 724 1107 verba
761 1073 967 1106 fallacissime

231 1129 478 1172 detorquentur.
502 1128 604 1160 Deum
640 1127 785 1160 veritatis
817 1132 849 1159 et
881 1125 969 1169 pacis

230 1182 324 1215 enixe
350 1187 522 1225 rogantes,
548 1187 592 1221 ut,
618 1181 656 1213 ad
692 1181 815 1214 maiora
845 1179 968 1223 gloriae

230 1247 306 1269 suae
324 1235 539 1275 incrementa,
554 1235 696 1268 creditus
714 1235 808 1267 nobis
828 1235 968 1278 populus

229 1300 294 1322 non
320 1289 426 1322 minus
451 1290 569 1322 tradita
594 1300 611 1321 a
638 1295 724 1321 tanto
750 1287 904 1330 magistro
921 1298 969 1320 sa-

229 1343 326 1376 lutari
352 1342 521 1382 doctrina,
553 1353 647 1385 quam
683 1343 782 1386 ipsius
816 1342 969 1374 iimocen·

230 1397 309 1429 tium
335 1407 461 1429 morum
487 1402 518 1429 et
543 1396 714 1429 illustrium
732 1396 885 1428 virtutum
904 1396 970 1429 imi—

230 1450 352 1482 tatione
378 1449 535 1493 proficiat.

272 1504 286 1546 ἓ
311 1502 364 1536 31.
386 1503 429 1535 Ne
448 1508 554 1535 autem
574 1503 800 1536 adolescentes
824 1504 969 1536 seecula-

229 1567 280 1589 res
298 1568 315 1589 a
332 1557 534 1600 praelaudati
561 1557 660 1589 divini
687 1557 831 1590 doctoris
855 1557 969 1589 schola

230 1609 389 1643 deterreri
414 1609 599 1651 contingat,
626 1620 662 1641 ex·
690 1620 754 1652 quo
781 1609 909 1641 nullum
935 1609 967 1641 in

230 1665 268 1696 ea
292 1663 486 1706 praemium,
513 1662 603 1695 nulla
620 1662 772 1705 expedita
795 1662 843 1694 ria
861 1667 970 1704 pateat

229 1716 309 1760 ipsis
334 1726 394 1759 per
420 1715 621 1757 theologicas
648 1715 835 1758 disciplinas
861 1716 899 1748 ad
922 1715 968 1748 di-

229 1769 368 1812 gnitates
394 1769 487 1808 illas,
521 1779 602 1812 quae
627 1769 706 1801 solis
730 1769 896 1807 lauream,
931 1769 968 1801 li-

230 1824 368 1857 centiam
393 1823 444 1856 vel
471 1823 605 1865 gradum
632 1822 665 1855 in
691 1823 858 1865 theologia
891 1833 968 1855 con·

230 1876 375 1920 sequutis
412 1876 554 1908 conferri
585 1876 705 1909 debent
743 1886 778 1909 ac
811 1881 967 1919 possunt:

231 1936 331 1969 motu,
360 1929 497 1962 scientia
514 1934 546 1961 et
562 1929 732 1971 potestatis
749 1929 964 1972 plenitudine,

231 1988 266 2014 ut
290 1992 398 2024 supra,
422 1982 460 2013 ad
487 1982 636 2015 universa
660 1982 841 2024 insigniora
864 1983 967 2015 studia

233 2034 413 2076 generalia,
440 2034 592 2076 collegia,
629 2035 733 2067 studia
759 2046 907 2078 quoque,
934 2041 968 2067 ut,

233 2087 359 2127 dieunt,
386 2087 543 2127 formalia,
571 2092 602 2119 et
627 2098 677 2127 ea,
705 2098 785 2130 quae
805 2088 843 2120 ad
865 2088 969 2122 minus

233 2145 372 2182 quatuor
405 2145 554 2173 constent
579 2141 768 2182 actualibus,
797 2146 828 2173 et
857 2151 893 2174 ex
917 2141 969 2174 his

234 2193 360 2226 duobus
402 2198 437 2225 ut
469 2193 637 2226 minimum
664 2193 695 2225 in
733 2194 900 2236 theologia
924 2194 970 2227 le-

233 2246 376 2280 ctoribus
418 2246 450 2278 in
493 2246 753 2289 quibuscumque
795 2247 968 2289 provinciis

232 2299 362 2334 Ordinis
399 2299 557 2342 praedicti
583 2304 692 2332 erecta
723 2299 773 2332 vel
805 2299 968 2342 erigenda,

232 2353 448 2387 extendentes
467 2352 709 2385 concessionem
727 2352 842 2385 factam
861 2363 878 2385 a
894 2352 970 2386 Gre-

233 2405 349 2451 gorio¹
378 2406 444 2438 XIII
480 2405 631 2438 fratribus
662 2405 808 2438 eiusdem
841 2405 970 2439 Ordinis

232 2459 418 2504 provinciae
448 2458 478 2492 S.
507 2458 661 2491 Antonini
695 2458 734 2491 de
761 2468 844 2491 novo
869 2469 969 2502 regno

233 2514 264 2546 in
283 2513 411 2546 civitate
429 2511 461 2544 S.
478 2511 578 2551 Fidei,
598 2512 731 2544 relatam
753 2517 784 2544 et
800 2511 970 2545 confirma-

232 2572 294 2599 tam
320 2576 380 2609 per
404 2565 537 2598 Paulum
554 2564 575 2595 V
601 2564 634 2596 in
659 2564 725 2597 suis
746 2564 863 2598 litteris
891 2565 971 2598 inci-

266 2630 278 2655 1
300 2627 373 2655 Edit.
395 2626 475 2653 Main.
498 2626 562 2661 legit
581 2626 713 2660 Gressorii
730 2626 773 2661 (R.
796 2626 846 2661 T.).

303 2682 384 2710 Bull.
408 2682 493 2710 Rom.
512 2698 543 2702 —-
566 2682 627 2709 nt.
647 2679 740 2711 XXII.
886 2680 920 2708 68

1650 222 1713 255 537

1010 282 1175 325 pientibus
1190 281 1369 315 Militantis
1386 281 1547 315 Ecclesiae
1570 280 1676 324 pridie
1697 290 1752 312 no-

1012 345 1068 367 nas
1084 334 1280 377 septembris
1294 343 1421 374 innexu,
1440 339 1472 366 et
1486 332 1711 365 Innocentium
1727 332 1751 364 X

1011 388 1044 420 in
1070 387 1140 420 eius
1166 387 1296 421 constit.
1329 387 1369 420 ln
1404 397 1572 430 supremo,
1600 397 1617 419 x
1641 386 1752 418 kalen-

1011 441 1066 473 das
1093 440 1199 473 martii
1225 450 1385 480 nncxmv,
1419 450 1550 472 necnon
1580 438 1751 482 privilegia

1011 493 1119 526 onmia
1144 499 1176 526 et
1199 493 1327 536 singula
1358 493 1539 536 apostolica
1564 492 1597 525 in
1622 492 1654 525 id
1680 501 1751 524 con-

1010 556 1099 578 cessa
1114 546 1290 589 praedietis
1306 546 1518 586 fratribus,ad
1537 545 1644 578 omnia
1661 556 1752 588 prae-

1012 598 1095 631 dicta
1121 598 1238 638 studia,
1263 604 1440 632 conventus
1465 604 1497 631 et
1522 597 1751 630 universitates

1011 650 1215 684 extendimus
1233 656 1265 683 et
1281 661 1505 694 prorogamus,
1525 650 1749 689 decernentes,

1011 709 1061 742 ut,
1085 709 1161 746 post
1185 714 1353 736 emensum
1378 709 1500 736 certum
1528 714 1587 736 nec
1607 713 1749 745 unquam

1011 755 1118 788 minus
1136 767 1232 799 quam
1252 757 1389 789 duorum
1412 767 1572 789 annorum
1590 756 1731 789 stadium
1743 783 1750 795 ‚

1012 809 1051 841 ad
1067 809 1311 852 percipiendam
1331 820 1441 843 sacrae
1461 809 1648 852 theologiae
1664 808 1751 842 iuxta

1012 863 1203 895 inconcussa
1228 869 1260 896 et
1289 863 1449 896 tutissima
1473 863 1504 896 S.
1528 863 1672 896 Thomae
1697 863 1751 895 do-

1011 921 1117 957 gmata
1141 915 1390 958 intelligentiam
1416 916 1711 954 accommodatum,
1734 926 1751 947 a

1012 968 1192 1001 studiorum
1225 968 1354 1001 illorum
1386 968 1649 1002 moderatoribus
1685 968 1751 1000 sive

1012 1021 1214 1057 lectoribus,
1242 1032 1379 1054 numero
1406 1028 1437 1054 et
1461 1021 1664 1065 procedendi
1701 1031 1751 1052 ra-

1014 1074 1100 1107 tione
1127 1074 1204 1117 ipsis
1225 1085 1283 1117 per
1300 1075 1489 1116 magistrum
1508 1074 1636 1106 Ordinis
1660 1083 1752 1116 prae-

1012 1126 1216 1167 scribendis,
1241 1139 1277 1160 ac
1302 1138 1387 1160 nunc
1412 1138 1471 1170 pro
1504 1132 1580 1159 tunc
1613 1137 1629 1159 a
1655 1126 1750 1159 nobis

1013 1180 1203 1213 auctoritate
1241 1181 1437 1224 apostolica,
1473 1186 1509 1213 ut
1546 1179 1751 1223 praedictum

1013 1240 1071 1273 est,
1096 1234 1313 1275 confirmatis,
1339 1239 1413 1277 post
1438 1234 1632 1277 praemissas
1658 1233 1751 1266 scho-

1012 1288 1140 1321 lasticas
1165 1287 1410 1321 exercitationes
1436 1286 1585 1330 publicas
1612 1288 1660 1319 vel
1686 1286 1752 1330 pri-

1012 1345 1100 1374 vatas
1126 1340 1213 1373 iuxta
1244 1340 1416 1382 regionum
1452 1340 1649 1382 approbatas
1675 1350 1752 1372 con-

1013 1393 1205 1426 suetudines
1240 1394 1289 1425 vel
1331 1393 1521 1425 methodum
1558 1393 1597 1424 ab
1634 1392 1749 1425 eodem

1012 1448 1167 1490 magistro
1193 1447 1492 1490 praescribendam,
1519 1458 1554 1478 ae
1571 1446 1749 1489 praemisso

1013 1501 1161 1543 diligenti
1181 1501 1340 1541 examine,
1363 1501 1472 1533 laurea
1492 1499 1667 1532 doctoralis
1685 1499 1751 1532 sire

1013 1554 1224 1597 magistralis,
1264 1558 1509 1595 praesentatura
1536 1564 1570 1585 ac
1597 1552 1749 1593 licentia,

1012 1608 1077 1641 sire
1103 1607 1221 1650 gradus
1241 1607 1512 1645 lamentam-caius,
1540 1617 1576 1639 ac
1602 1605 1655 1638 alii
1674 1616 1752 1638 con-

1013 1662 1097 1694 sueti
1122 1661 1155 1693 in
1181 1663 1273 1693 sacra
1301 1660 1466 1702 theologia
1487 1660 1590 1702 (quos
1609 1659 1751 1702 quidem.

1012 1713 1081 1756 pari
1121 1712 1299 1756 apostolica
1339 1712 1550 1751 auctoritate,
1593 1717 1679 1745 metu
1721 1717 1753 1744 et

1011 1767 1159 1807 scientia,
1186 1767 1271 1799 idem
1297 1767 1405 1799 valere
1430 1777 1466 1798 ac
1492 1765 1655 1808 acceptari
1681 1765 1751 1797 ubi-

1011 1831 1073 1864 que
1099 1821 1232 1859 debere,
1251 1819 1388 1863 perinde
1407 1830 1442 1851 ac
1469 1819 1495 1851 si
1520 1820 1752 1851 conterrentur

1012 1874 1044 1907 in
1068 1873 1234 1907 academia
1260 1874 1420 1906 Romanae
1439 1871 1636 1915 Sapientiae,
1663 1871 1751 1904 Sala-

1012 1928 1156 1961 mantina
1192 1932 1246 1960 aut
1271 1926 1460 1966 parisiensi,
1493 1927 1541 1959 vet
1580 1925 1641 1958 alia
1673 1935 1752 1968 qua-

1012 1992 1150 2025 cumque
1176 1979 1367 2023 insigniori,
1393 1980 1616 2017 declaramus,
1641 1979 1752 2012 decer-

1012 2035 1116 2068 nimus
1143 2040 1174 2067 et
1199 2033 1356 2076 volumus)
1376 2033 1478 2065 libere
1505 2042 1541 2065 ac
1566 2032 1653 2065 licite
1679 2042 1752 2066 con·

1013 2088 1088 2121 ferri
1111 2087 1237 2131 possint
1254 2097 1290 2118 ac
1308 2086 1436 2118 valeant
1458 2085 1664 2118 scholaribus
1683 2095 1752 2118 sae-

1012 2141 1175 2175 cularibus
1201 2139 1406 2173 studentibus
1432 2139 1464 2171 in
1495 2138 1678 2181 insignibus
1710 2139 1752 2171 ci-

1012 2193 1163 2226 vitatibus
1189 2198 1242 2225 aut
1272 2192 1362 2232 locis,
1381 2192 1413 2224 in
1431 2191 1549 2234 quibus
1571 2191 1610 2224 ad
1637 2201 1751 2224 eorum

1013 2247 1157 2279 scholam
1200 2246 1330 2278 iuvenes
1375 2245 1559 2278 saeculares
1594 2245 1750 2278 accedere

1013 2300 1257 2342 permittuntur,
1277 2299 1375 2342 idque
1394 2298 1519 2331 tametsi
1537 2298 1656 2331 ibidem
1672 2299 1750 2332 alias

1013 2352 1143 2396 publica
1168 2357 1279 2396 pateat
1302 2351 1508 2391 universitas,
1536 2351 1599 2385 hoc
1624 2352 1751 2385 dumta-

1013 2411 1066 2439 xat
1090 2415 1165 2438 casu
1191 2404 1355 2448 praestitis
1381 2415 1441 2448 per
1473 2405 1604 2445 divites,
1642 2415 1659 2437 a
1696 2406 1751 2438 tali

1013 2459 1177 2492 solutione
1203 2459 1242 2491 de
1269 2464 1378 2492 cetero
1400 2468 1466 2491 non
1488 2464 1665 2502 exemptos,
1680 2469 1752 2492 con-

1012 2511 1111 2545 suetis
1136 2511 1354 2544 universitatis
1378 2511 1523 2552 iuribus,
1550 2511 1604 2544 ubi
1631 2511 1752 2545 etenim

1013 2565 1153 2605 iuvenes,
1169 2574 1228 2608 per
1245 2564 1480 2598 examinatores
1496 2564 1659 2609 praefatos
1680 2564 1751 2598 ido-

1012 2628 1091 2653 neos
1115 2622 1274 2661 repertos
1294 2616 1449 2652 officiales
1468 2617 1689 2652 universitatis
1710 2617 1750 2651 ad

1765 233 1811 256 An.
1832 232 1860 256 C.
1881 230 1946 259 1727
