2170 3147
233 194 330 223 Amc,
356 193 424 220 i7ee
470 181 534 216 36⁶2

474 241 598 274 Basilii·
623 241 741 284 Mayni
761 240 804 273 ad
828 241 1019 273 sexennium
1047 241 1176 273 dumta-

474 300 530 327 ,Υαί
545 294 564 327 ⁵.

612 357 793 383 Benedictus
814 357 895 391 Papa
914 357 996 389 xm,

546 402 582 428 ad
603 405 782 434 perpetuam
803 402 850 428 rei
870 401 1055 428 memoriam.

477 457 491 499 g
518 456 547 488 1.
577 455 699 498 Exponi
726 455 820 488 nobis
840 466 946 499 nuper
966 455 1113 488 fecerunt
1135 453 1179 487 di·

237 522 345 548 Exposita>
362 510 506 543 i.icn.lecti
534 509 591 541 filii
617 508 766 541 moderni
805 509 940 541 abbates
967 514 999 541 et
1024 507 1177 541 monachi

435 562 564 596 Ordinis
591 562 691 595 sancti
718 562 828 594 Basilii
855 562 985 603 Magni,
1005 561 1091 605 quod
1118 561 1178 594 du-

433 616 507 647 dum
529 614 630 647 felicis
648 614 885 647 recordationis
900 612 1015 647 Paulo²
1033 614 1139 656 Papae
1156 613 1178 644 V

434 668 681 710 praedecessori
702 673 811 700 nostro
830 678 890 711 pro
908 672 1000 710 parte
1021 672 1094 699 tunc
1113 665 1180 698 exi-

435 721 589 753 stentium
608 721 815 763 superiorum
834 726 866 753 et
889 720 1128 753 monachorum
1148 729 1181 751 e-

435 774 561 805 iusdem
589 773 717 806 Ordinis
737 774 895 816 exposito,
913 773 1000 816 quod
1020 772 1080 815 ipsi
1102 771 1180 804 alias

437 827 467 859 in
495 827 793 870 Congregationem
829 827 952 859 redacti
987 836 1101 859 eorum
1126 825 1181 857 ab·

437 880 545 913 batem
571 881 758 922 generalem
785 881 822 913 ad
851 880 1028 913 triennium
1056 880 1181 912 dumta-

434 941 489 968 xat
506 935 694 978 eligendum
720 941 751 967 et
772 935 891 967 deinde
911 934 949 967 ad
969 934 1056 967 aliud
1082 933 1181 966 trien-

436 989 526 1020 nium
561 987 823 1020 confirmandum
856 992 1052 1030 coeperant,
1087 991 1118 1020 et
1149 986 1181 1018 in

437 1041 550 1073 eadem
571 1040 777 1084 expositione
803 1040 973 1073 subiuncto
1000 1040 1084 1083 quod
1104 1049 1181 1072 con-

437 1094 575 1127 firmatio
608 1094 812 1133 huiusmodi,
848 1105 883 1127 ex
912 1093 1048 1126 diversis
1074 1092 1181 1126 causis

436 1158 515 1192 quas
553 1147 759 1191 experientia
793 1148 972 1187 docuerat,
1012 1147 1090 1179 satis
1128 1147 1182 1179 da-

437 1212 550 1234 mnosa
571 1200 823 1243 Congregationi
856 1200 1041 1232 huiusmodi
1067 1200 1182 1232 redde<

437 1256 543 1295 batur,
566 1254 749 1297 electioque
768 1254 938 1286 triennalis
958 1253 1053 1286 nimis
1074 1253 1182 1286 brevis

439 1313 536 1348 esset,
557 1307 694 1340 maxime
716 1307 791 1350 quia
818 1308 911 1350 plura
937 1306 1083 1339 eiusdem
1101 1308 1183 1340 Con-

439 1361 640 1405 gregationis
665 1360 866 1392 monasteria
892 1359 922 1391 in
950 1359 1081 1393 remotis
1107 1370 1183 1403 pro-

438 1415 553 1447 vinciis
574 1414 749 1446 constituta
767 1419 829 1446 tam
848 1413 938 1445 brevi
957 1419 1107 1456 tempore
1127 1423 1183 1456 per

439 1468 546 1512 ipsum
566 1468 717 1499 abbatem
740 1467 929 1509 generalem
958 1466 1091 1505 visitari,
1105 1471 1134 1499 et
1150 1472 1182 1498 ut

441 1521 577 1553 decebat
596 1520 769 1552 reformari
786 1530 851 1552 non
867 1524 1033 1562 poterant.;
1052 1524 1184 1562 propte-

440 1584 495 1606 rea
513 1574 699 1616 superiores
719 1578 750 1605 et
767 1573 922 1605 monachi
948 1572 1107 1615 praedicti
1128 1571 1184 1604 ab³

439 1626 658 1660 incommodis
696 1626 883 1658 huiusmodi
919 1625 1088 1658 obviandis
1125 1636 1184 1668 per

442 1681 564 1714 dictum
597 1680 730 1712 Paulum
768 1680 1054 1723 praedecessorem
1086 1689 1185 1722 super

440 1733 632 1777 praemissis
654 1737 842 1776 opportune
860 1732 1034 1775 providere
1059 1732 1185 1765 deside-

441 1787 577 1819 rabant:
602 1786 686 1818 idem
707 1786 825 1818 Paulus
847 1785 1091 1828 praedecessor,
1111 1796 1186 1829 sup-

441 1839 676 1883 plicationibus
698 1839 828 1872 illorum
855 1837 987 1871 nomine
1006 1838 1066 1870 sibi
1088 1849 1186 1882 super

443 1894 507 1926 hoc
534 1893 702 1925 liuniilitcr
727 1892 890 1936 porrectis
920 1891 1116 1932 inclinatus,
1146 1892 1184 1925 de

443 1953 519 1980 tunc
544 1947 667 1990 pariter
693 1946 899 1979 existentium
925 1945 955 1978 S.
980 1946 1017 1978 P..
1036 1945 1069 1978 E.
1087 1946 1187 1978 cardi-

443 2001 566 2033 nalium
593 2000 735 2042 negotiis
753 2004 784 2032 et
804 1999 1101 2031 consultationibus
1119 1999 1187 2042 epi-

443 2063 620 2097 scoporum
648 2058 679 2085 et
704 2052 904 2094 regularium
926 2052 1187 2095 praepositornin

445 2107 595 2147 consilio,
616 2107 703 2150 quod
727 2107 766 2139 de
793 2112 902 2139 cetero
920 2106 1089 2149 perpetuis
1110 2106 1189 2137 sutu-

444 2160 489 2193 ris
516 2161 722 2204 temporibus
757 2159 857 2192 abbas
888 2159 1053 2202 generalis
1078 2159 1190 2191 liuius-

444 2215 533 2247 modi
561 2215 598 2247 ad
626 2214 816 2247 sexennium
842 2213 1087 2255 cligizleberet,
1109 2223 1188 2245 con-

444 2267 629 2300 firmatione
657 2268 726 2300 eius
752 2267 887 2300 omnino
908 2266 1087 2310 prohibita,
1107 2266 1188 2299 itaut

445 2321 545 2353 abbas
585 2321 749 2364 generalis
792 2320 980 2364 praedictus
1021 2320 1188 2363 completo

483 2420 493 2443 t
517 2417 572 2443 Hac
590 2417 666 2443 dere
682 2417 741 2443 vide
758 2418 866 2444 constit.
890 2416 993 2444 PauliV
1006 2416 1072 2443 edit.
1089 2424 1188 2452 iuncxit,

446 2462 489 2487 die
510 2462 539 2487 15
561 2462 633 2493 inaii,
651 2462 746 2495 pontis.
765 2469 783 2493 i,
806 2469 877 2496 quae
897 2462 942 2487 liic
959 2462 1068 2488 citatur.

481 2506 497 2530 2
519 2505 588 2530 tfiilit.
610 2504 690 2530 illain.
713 2505 776 2539 tegit
795 2505 886 2532 Pauli
905 2506 943 2538 (R.
966 2508 1016 2539 T.).

482 2550 498 2573 3
518 2549 589 2583 Lege
606 2557 679 2582 pro,
703 2548 742 2575 vel
764 2549 797 2575 ob
820 2549 1004 2577 incommoda
1026 2570 1117 2579 .....
1140 2549 1188 2577 ob-

446 2594 558 2620 viandi»
577 2594 615 2628 (n.
633 2593 681 2628 T.).

1016 192 1198 215 BULLAniUM
1223 191 1375 216 ROMANUM

1967 193 2016 218 An.
2038 193 2066 220 C.
2089 192 2154 222 ¹726

1221 241 1387 280 sexennio,
1407 252 1463 274 seu
1483 241 1563 275 alias
1583 242 1645 275 alia
1661 252 1696 275 ex
1715 242 1811 274 causa
1830 241 1962 276 dimisso

1223 293 1348 333 officio,
1374 305 1433 337 per
1458 295 1546 328 aliud
1571 295 1763 328 sexennium
1789 295 1829 328 ab
1855 295 1962 328 officio

1222 345 1347 378 abbatis
1373 347 1536 387 generalis
1559 358 1687 380 cessare
1715 351 1892 385 teneretur,
1912 357 1964 380 ne-

1223 408 1284 440 que
1311 398 1388 441 eligi
1420 406 1540 441 posset,
1566 399 1746 443 apostolica
1771 399 1963 432 auctoritate

1222 450 1332 482 statuit
1366 456 1395 484 et
1422 452 1602 492 ordinavit;
1630 457 1660 485 et
1685 452 1781 491 alias,
1807 456 1906 494 prout
1931 451 1964 484 in

1223 503 1324 546 ipsius
1350 504 1438 536 Pauli
1470 504 1735 547 praedecessoris
1768 504 1884 536 litteris
1911 504 1966 538 de-

1223 567 1320 599 super
1339 557 1370 589 in
1396 557 1493 590 simili
1512 557 1615 590 forma
1632 557 1743 590 Brevis
1759 557 1809 589 die
1830 567 1868 590 xv
1888 556 1964 590 maii

1223 619 1329 642 itincxx
1360 609 1519 652 expeditis
1551 609 1686 642 uberius
1717 609 1837 642 dicitur
1862 609 1967 642 conti-

1224 663 1307 695 neri.

1269 714 1283 757 g
1308 714 1339 747 ⁶2.
1367 715 1442 748 Cum
1470 720 1586 756 autem,
1612 715 1694 748 sieut
1719 716 1832 749 eadem
1859 725 1963 759 expo-
2024 731 2158 754 confirma„

1226 767 1301 800 sitio
1326 768 1553 811 subiungebat,
1579 768 1737 812 praedicti
1764 773 1966 812 exponentes
1977 758 2161 808 {Jffss‘fifss‘fflpaeffl

1226 821 1429 863 supradictas
1448 822 1537 854 Pauli
1557 822 1821 865 praedecessoris
1843 821 1966 855 litteras

1226 875 1423 917 apostolicae
1453 874 1710 908 confirmationis
1743 880 1873 908 nostrae
1904 885 1965 918 pa-

1228 927 1367 960 trocinio
1389 927 1584 960 communiri
1607 938 1817 971 summopere
1842 927 1970 960 deside-

1227 986 1317 1014 rent:
1338 991 1410 1020 nos,
1431 981 1608 1024 specialem
1631 981 1711 1024 ipsis
1730 981 1969 1024 exponentibus

1227 1034 1363 1077 gratiam
1388 1034 1494 1067 facere
1519 1035 1683 1075 volentes,
1710 1039 1741 1067 et
1767 1044 1879 1067 eorum
1905 1034 1970 1067 sin-

1227 1089 1359 1132 gulares
1380 1098 1539 1132 personas
1557 1100 1574 1121 a
1591 1088 1762 1131 quibusvis
1787 1098 1969 1121 excommu-

1227 1142 1424 1181 nicationis,
1457 1141 1683 1185 suspensionis
1722 1146 1754 1174 et
1788 1137 1968 1182 interdicti,

1228 1196 1367 1239 aliisque
1395 1195 1622 1229 ecclesiasticis
1647 1194 1831 1236 sententiis,
1857 1205 1972 1228 censu-

1228 1250 1271 1282 ris
1309 1254 1341 1282 et
1374 1249 1511 1292 poenis,
1544 1260 1561 1282 a
1587 1249 1656 1282 iure
1681 1249 1732 1282 vel
1758 1249 1797 1281 ab
1819 1248 1969 1289 homine,

1228 1302 1340 1346 quavis
1365 1303 1537 1336 occasione
1562 1304 1613 1335 vel
1638 1304 1733 1335 causa
1756 1303 1838 1341 latis,
1860 1302 1886 1335 si
1905 1302 1972 1346 qni-

1228 1357 1287 1389 bus
1315 1356 1568 1399 quomodolibet
1592 1356 1767 1389 innodatae
1804 1355 1970 1396 existunt,

1229 1410 1267 1442 ad
1295 1409 1443 1442 ellectum
1461 1410 1683 1452 praesentium
1711 1409 1876 1442 dumtaxat
1899 1418 1975 1441 con-

1228 1463 1442 1506 sequendum,
1463 1463 1580 1496 harum
1600 1463 1684 1496 serie
1710 1464 1919 1496 absolventes
1941 1467 1974 1496 et

1229 1517 1394 1549 absolutas
1421 1517 1488 1549 sore
1514 1522 1697 1556 censentes,
1722 1516 1974 1560 supplicationi-

1229 1572 1290 1603 bus
1324 1581 1436 1603 eorum
1479 1570 1612 1603 nomine
1643 1569 1737 1603 nobis
1772 1579 1870 1613 super
1906 1570 1972 1602 hoc

1230 1624 1398 1657 humiliter
1418 1623 1582 1666 porrectis
1606 1622 1766 1663 inclinati,
1791 1621 1973 1665 praedictas

1230 1677 1320 1710 Pauli
1338 1675 1602 1720 praedecessoris
1619 1675 1745 1708 litteras
1766 1675 1818 1708 die
1835 1685 1875 1709 xv
1896 1674 1974 1708 maii

1230 1741 1338 1764 iuncxx
1365 1735 1541 1770 emanatas,
1570 1734 1605 1762 ut
1632 1729 1833 1773 praefertur,
1865 1733 1974 1762 aucto-

1231 1784 1325 1817 ritate
1361 1783 1555 1827 apostolica,
1583 1788 1697 1816 tenore
1732 1782 1973 1826 praesentium,

1231 1839 1449 1882 approbamus
1486 1842 1518 1869 et
1550 1835 1807 1877 confirmamus,
1841 1835 1974 1878 illisque

1231 1890 1430 1924 inviolabilis
1456 1890 1655 1933 apostolieae
1684 1888 1848 1922 firmitatis
1873 1888 1976 1921 robur

1233 1944 1417 1977 adiicinius.

1276 1998 1290 2042 ξ
1315 1998 1346 2031 3.
1382 1997 1626 2037 Decernentes,
1657 1996 1746 2040 ipsas
1782 1999 1975 2039 praesentes

1231 2052 1359 2086 litteras
1385 2061 1514 2094 semper
1539 2050 1660 2090 firmas,
1686 2049 1772 2083 etc¹.

1276 2106 1291 2149 g
1315 2106 1347 2138 li.
1370 2105 1439 2138 Non
1458 2104 1665 2138 obstantibus
1687 2102 1977 2136 constitutionibus

1233 2165 1265 2192 et
1305 2158 1569 2192 ordinationibus
1595 2157 1808 2201 apostolicis,
1846 2167 1977 2190 necnon

1233 2211 1385 2245 omnibus
1411 2216 1442 2244 et
1468 2210 1605 2253 singulis
1631 2211 1696 2243 illis
1721 2211 1857 2254 quaein
1883 2221 1978 2254 prae-

1234 2266 1330 2299 dictis
1356 2265 1444 2298 Pauli
1471 2264 1733 2308 praedecessoris
1758 2263 1876 2298 litteris
1904 2274 1979 2297 con-

1233 2330 1323 2354 cessa
1349 2325 1425 2352 sunt
1449 2330 1514 2352 non
1536 2320 1676 2359 obstare,
1695 2318 1880 2362 ceterisque
1902 2328 1978 2351 con-

1234 2373 1342 2406 trariis
1367 2373 1643 2416 quibuscumque.

1277 2428 1291 2470 ἓ
1317 2426 1348 2460 5.
1376 2427 1533 2460 Volumus
1562 2431 1668 2458 autem
1694 2431 1729 2458 ut
1752 2424 1973 2469 praesentium
1986 2430 2169 2480 driiiosiiaiifp-

1233 2480 1418 2513 litterarum
1444 2480 1677 2522 transuiiuptis,
1703 2484 1753 2512 etc
1767 2477 1789 2512 ἵ.
2002 2467 2013 2480 ⁸¹
2034 2463 2168 2485 tansumpin.

2011 2006 2134 2031 clausulae.

2055 2115 2169 2141 Dei-ogatlo

1987 2141 2147 2164 contrariorum.

1271 2552 1280 2577 1
1305 2550 1419 2585 Reliqua
1440 2554 1467 2576 ut
1488 2558 1584 2585 supra,
1607 2557 1668 2584 pag.
1690 2549 1741 2575 147
1761 2549 1776 2575 b
1795 2549 1836 2581 (R.
1853 2551 1904 2582 T.).

1269 2595 1284 2621 2
1305 2594 1418 2629 Reliqua
1438 2597 1466 2621 ut
1487 2602 1585 2630 supra,
1607 2601 1667 2629 pag.
1688 2593 1722 2621 59
1743 2593 1757 2619 b
1779 2593 1817 2629 (R.
1835 2592 1883 2628 T.).
