2170 3147
0 215 32 236 tn.
48 205 76 234 C.
98 206 165 232 ¹724

175 255 251 293 latu,
277 252 478 286 decernimus
504 257 535 284 et
560 252 777 292 declaramus,
808 263 842 284 ac
868 252 910 284 ita

176 306 330 348 deinceps
348 305 380 337 in
402 303 645 337 occurrentibus
663 304 840 337 decanatus
861 315 911 336 va-

176 358 356 395 cationibus
382 362 538 400 perpetuo
563 357 684 389 servari
711 357 858 390 volumus
880 362 911 389 et

175 411 375 444 mandamus.

37 476 164 505 asservatur
218 463 233 506 ἓ
257 463 286 496 7.
305 461 459 500 Quoniam
477 471 553 494 vero
571 461 609 493 ab
628 460 762 504 antiquo
787 465 910 504 tempo-

0 501 163 573 ζ’ἶὶῖῗέὲρῗεῖἷὲἶ
175 526 226 556 re,
245 525 279 548 ac
304 514 495 558 praesertim
521 514 560 546 ab
580 513 665 546 edita
684 512 815 546 Paulina
833 523 909 545 con-

3 560 61 574 afuffl
95 560 103 572 S
117 559 134 573 18
151 563 164 568 -

2 585 11 600 ⁵
29 582 49 610 o}
74 579 161 600 vet-tw
174 567 352 607 stitutione,
383 577 484 610 usque
511 567 548 599 ad
574 571 780 609 praesentem
805 566 906 605 diem,

0 612 62 626 ⁰⁰⁵¹*
174 620 346 658 cardinalis
373 620 454 653 sacri
479 619 609 661 collegii
631 619 770 651 decanus
789 618 908 651 Ostien-

174 673 217 706 sis
236 678 266 706 et
283 672 510 706 veliternensis
536 671 744 705 ecclesiarum
770 671 905 704 invicem
928 701 930 707 ,

172 731 332 769 perpetuo
357 725 510 758 canonice
546 724 706 756 unitarum
736 724 906 767 episcopa-

174 784 238 811 tum
263 787 391 821 semper
415 777 574 816 obtinuit,
603 776 751 819 adeoque
777 776 842 809 sive
869 787 906 809 ex

172 832 378 874 praesumpta
393 840 502 863 earum
519 840 590 862 cum
606 830 762 862 decanatu
774 830 905 869 unione,

172 883 236 916 sive
261 883 324 916 alio
355 882 467 921 titulo,
496 882 637 925 speciale
664 882 711 915 ius
738 882 776 915 ad
801 882 906 924 ipsum

173 936 278 968 favere
300 934 428 968 videtur
448 935 493 977 (in
512 945 576 978 quo
602 935 720 967 mentis
746 945 781 967 ac
802 934 905 967 inten-

173 987 269 1021 tionis
289 992 417 1020 nostrae
442 997 507 1020 non
532 992 582 1020 est
612 992 647 1019 ut
672 987 777 1020 eidem
803 987 906 1019 cardi-

172 1039 234 1072 nali
260 1039 383 1073 decano
408 1039 641 1083 praeiudicium
668 1039 798 1083 aliquod
824 1038 906 1071 inse-

173 1093 292 1135 ratur);
320 1092 509 1135 contingere
535 1098 640 1125 autem
673 1092 765 1125 facile
796 1096 905 1135 potest

172 1145 256 1189 quod
290 1145 463 1188 episcopus
496 1145 668 1177 cardinalis
699 1145 863 1187 antiquior
889 1155 905 1176 a

172 1198 315 1231 Romana
328 1197 419 1230 Curia
436 1198 553 1230 absens
568 1204 598 1230 et
616 1198 700 1240 apud
719 1207 807 1229 suam
822 1198 902 1240 prio-

171 1260 239 1283 rem
264 1250 431 1284 ecclesiam
456 1251 612 1291 residens,
631 1250 667 1282 ad
694 1261 789 1293 quem
812 1250 905 1282 deca-

172 1308 264 1336 natus
290 1313 327 1336 ex
353 1303 538 1346 praemissis
563 1303 595 1335 in
620 1309 784 1346 posterum
812 1303 905 1336 deve-

173 1355 260 1396 niet,
286 1356 325 1389 ad
356 1355 473 1389 Urbem
499 1357 652 1389 celeriter
677 1356 849 1395 accedere,
876 1362 906 1389 et

172 1409 277 1452 primo
302 1408 512 1449 consistorio,
543 1409 575 1442 in
601 1420 665 1453 quo
691 1414 904 1443 memoratum

173 1461 351 1495 Ostiensem
366 1467 395 1494 et
411 1461 668 1495 veliternensem
683 1463 904 1505 episcopatum

173 1519 284 1558 optare
310 1514 460 1555 deberet,
487 1525 643 1557 praesens
668 1515 824 1548 interesse
850 1524 905 1547 ne-

173 1572 292 1610 queat:
320 1572 407 1600 motu
438 1572 469 1599 ct
500 1567 670 1609 potcstatis
702 1567 903 1610 plenitudine

172 1618 303 1661 paribus
331 1619 496 1661 optionem
518 1620 754 1661 praedictarum
779 1620 904 1652 Ostien-

172 1671 214 1704 sis
239 1676 269 1704 et
293 1670 524 1703 Veliternensis
556 1672 766 1704 ecclesiarum
793 1672 901 1704 cardi-

172 1723 256 1767 nali,
282 1723 335 1766 qui
360 1733 420 1766 pro
452 1728 600 1767 tempore
632 1724 728 1757 suerit
760 1725 903 1757 eiusdem

173 1775 253 1808 sacri
285 1776 412 1818 collegii
448 1776 613 1816 decanus,
647 1777 830 1820 specialiter
856 1788 904 1810 re-

173 1837 332 1860 servamus
358 1839 393 1861 ac
425 1835 620 1862 reservatam
654 1840 725 1862 esse
757 1830 902 1863 volumus

173 1885 204 1912 et
227 1879 448 1921 declaramus,
476 1881 556 1913 itaut
590 1882 776 1915 earumdem
803 1883 904 1916 eccle-

172 1931 289 1965 siarum
308 1933 527 1976 episcopatum
555 1944 650 1967 nemo
679 1935 760 1968 alius
789 1941 901 1978 optare

173 1995 314 2027 unquam
338 1985 454 2028 possit,
478 1987 533 2019 sed
558 1987 597 2019 ad
623 1987 821 2021 cardinalem
847 1989 902 2021 dc-

174 2046 287 2068 canum
311 2037 509 2079 praedictum
527 2038 681 2081 privative
701 2040 808 2082 quoad
822 2040 901 2074 alios

175 2098 393 2131 quoscumque
418 2091 584 2133 perpetuis
613 2092 726 2124 suturis
752 2094 903 2136 tempori-

174 2140 232 2172 bus
256 2139 413 2174 eiusmodi
442 2142 529 2184 optio
564 2144 726 2186 pertineat
761 2156 796 2178 ac
830 2157 903 2189 per-

175 2191 277 2225 tinere
313 2192 442 2226 debeat.
479 2194 631 2228 Volumus
662 2201 769 2230 tamen
805 2203 902 2241 atquc

173 2244 395 2286 decernimus,
422 2247 506 2289 quod
531 2247 616 2279 idem
641 2249 812 2292 episcopus
837 2262 904 2283 car-

173 2296 288 2330 dinalis
306 2297 472 2341 antiquior
487 2309 504 2331 a
522 2299 613 2332 Curia
630 2300 747 2333 absens
768 2307 800 2334 et
820 2303 903 2345 apud

170 2349 311 2392 priorem
338 2351 517 2394 ecclesiam,
539 2358 572 2384 ut
595 2353 802 2396 praefertur,
826 2356 905 2389 resi-

171 2402 272 2442 dens,
299 2407 472 2446 postquam
497 2405 535 2437 ad
568 2416 641 2438 eum
666 2407 749 2440 sacri
775 2408 903 2450 collegii

170 2454 343 2488 decanatus
369 2456 543 2497 devenerit,
570 2459 783 2501 quantocitius
815 2466 904 2503 pote-

750 204 943 228 ssmtzmcrus·
969 205 1026 228 Xttl
1051 205 1099 229 PP-

953 262 1012 294 pro
1039 254 1170 295 optione
1192 254 1378 286 earumdem
1404 253 1559 286 Ostiensis
1585 260 1616 287 et
1631 255 1690 287 Ve-

953 305 1137 338 liternensis
1156 306 1365 338 ecclesiarum
1382 306 1565 349 supplicare
1583 312 1690 340 tenea-

954 363 1023 389 tur:
1050 359 1136 400 quod
1162 358 1187 390 si
1213 359 1341 391 notoria
1365 359 1567 401 aegritudine
1594 360 1690 393 suerit

953 410 1135 452 impeditus,
1156 412 1204 443 vel
1230 411 1270 443 ob
1296 411 1389 444 aliam
1416 412 1528 444 iustam
1547 417 1602 444 aut
1618 423 1690 455 gra-

953 471 1022 493 vem
1047 472 1173 494 causam
1205 472 1222 494 a
1258 462 1402 496 Romano
1439 463 1594 496 Pontisice
1630 475 1688 507 pro

952 518 1100 556 tempore
1119 514 1276 547 existente
1295 516 1495 558 probandam
1514 516 1552 548 ad
1572 516 1688 550 Urbem

952 566 1060 599 venire
1086 567 1284 610 nequiverit,
1310 572 1410 608 motu,
1425 567 1556 600 scientia
1582 579 1616 601 ac
1637 581 1689 612 po-

952 619 1074 651 testatis
1100 619 1301 661 plenitudine
1326 619 1465 662 paribus,
1493 620 1595 652 eidem
1621 631 1688 653 car-

952 670 1048 703 dinali
1067 670 1202 711 decano,
1222 677 1255 703 ut
1272 671 1302 703 in
1323 672 1541 715 praenarratis
1562 672 1688 706 casibus

950 733 1008 765 per
1032 733 1123 755 suum
1149 723 1330 766 legitimum
1360 729 1606 766 procuratorem
1633 735 1688 758 an-

950 775 1084 808 tedictas
1111 776 1290 809 Ostiensem
1310 782 1341 809 et
1358 777 1614 810 Veliternensem
1637 789 1687 811 ec—

949 829 1061 861 etesias
1087 835 1211 872 optare,
1230 835 1260 862 et
1278 830 1386 871 vigore
1411 829 1554 872 optionis
1580 830 1687 863 liuius-

949 882 1034 914 modi
1063 892 1114 915 eas
1141 883 1267 926 assequi
1292 883 1394 916 libere
1417 888 1448 916 et
1473 883 1559 916 licite
1584 883 1688 926 possit

949 940 980 967 et
1005 935 1125 975 valeat,
1152 945 1217 968 non
1248 946 1340 968 secus
1367 947 1401 969 ac
1433 935 1459 968 si
1487 935 1556 979 ipse
1590 947 1686 979 prae-

948 997 1019 1020 sens
1046 988 1263 1030 personaliter
1287 989 1358 1022 illas
1384 994 1551 1032 optasset,
1579 989 1686 1022 licen-

949 1040 1023 1072 tiam
1051 1047 1081 1073 et
1107 1040 1288 1074 facultatem
1316 1041 1347 1073 in
1374 1041 1508 1075 Domino
1534 1042 1685 1075 concedi-

948 1103 1018 1125 mus
1044 1098 1075 1126 et
1099 1094 1314 1137 impertimur.

992 1147 1008 1187 ἓ
1034 1145 1064 1178 8.
1093 1146 1321 1188 Decernentes,
1343 1153 1531 1191 praesentes
1553 1148 1683 1189 litteras,

948 1204 978 1231 et
1004 1199 1034 1230 in
1061 1199 1105 1231 eis
1132 1204 1285 1232 contenta
1312 1210 1537 1243 quaecumque
1554 1228 1561 1241 ,
1589 1201 1685 1234 etiam

948 1262 983 1284 ex
1012 1263 1049 1285 eo
1075 1253 1159 1295 quod
1186 1253 1375 1296 supradicti,
1405 1260 1435 1287 et
1462 1254 1515 1287 alii
1542 1255 1685 1298 quicum-

948 1316 1010 1348 que
1036 1305 1067 1338 in
1093 1306 1280 1349 praemissis
1300 1307 1348 1339 ius
1371 1308 1419 1340 vel
1447 1307 1603 1341 interesse
1630 1308 1686 1341 ha-

947 1359 1060 1391 bentes
1093 1364 1147 1391 aut
1173 1359 1295 1392 habere
1322 1359 1594 1402 pi·aetendenteS‚
1622 1360 1686 1394 illis

948 1422 1011 1444 non
1037 1412 1278 1451 consenserint,
1304 1422 1363 1444 nec
1397 1413 1435 1445 ad
1463 1423 1499 1445 ea
1524 1413 1624 1446 vocati
1651 1424 1686 1446 ac

947 1464 1058 1503 auditi,
1080 1469 1110 1497 et.
1131 1475 1254 1504 causae,
1274 1470 1410 1508 propter
1428 1475 1506 1508 quas
1531 1476 1686 1508 praesen-

949 1523 992 1549 tes
1011 1522 1213 1556 emanatunt,
1231 1517 1426 1558 verificatae,
1447 1529 1503 1551 seu
1523 1518 1602 1551 alias
1620 1519 1686 1551 sus-

948 1568 1093 1602 ticientcr
1119 1574 1172 1602 aut
1192 1569 1287 1602 etiam
1306 1570 1337 1602 in
1363 1570 1471 1613 aliquo
1497 1571 1685 1605 iustificatae

946 1631 1010 1654 non
1037 1622 1164 1661 suerint,
1191 1633 1244 1655 seu
1271 1623 1341 1655 aliis
1366 1623 1532 1667 quibusvis
1551 1625 1589 1657 de
1614 1635 1686 1657 cau-

947 1674 1000 1713 sis,
1015 1674 1216 1717 quantumvis
1237 1676 1439 1717 urgentibus,
1457 1677 1524 1709 ullo
1543 1688 1683 1720 unquam

948 1732 1093 1770 tempere
1114 1738 1130 1759 a
1152 1738 1314 1770 quoquam
1344 1729 1383 1761 de
1401 1728 1622 1772 subreptionis
1637 1732 1685 1763 vel

947 1779 1150 1822 obreptionis
1169 1780 1254 1819 vitio,
1270 1786 1323 1812 aut
1337 1780 1526 1813 intentionis
1544 1787 1684 1821 nostrae,

947 1832 993 1864 vcl
1012 1832 1073 1864 alio
1093 1832 1237 1875 quolibet
1258 1833 1461 1875 quantumvis
1480 1845 1609 1877 magno,
1627 1835 1687 1868 sor-

946 1884 1021 1916 mali
1037 1890 1067 1916 et
1081 1884 1287 1918 substantiali
1306 1885 1433 1918 defectu
1448 1886 1566 1927 notari,
1585 1887 1686 1930 impu-

946 1937 1049 1979 gnari,
1071 1938 1238 1977 retardari,
1253 1938 1433 1979 invalidari‚
1448 1945 1500 1972 aut
1517 1950 1553 1973 ex
1573 1941 1685 1984 quovis

947 1990 1091 2033 quaesito
1124 1995 1291 2033 praetextu
1325 1993 1373 2025 vel
1409 1992 1518 2025 colore
1548 1993 1579 2025 in
1609 2004 1686 2026 con-

947 2043 1133 2076 troversiam
1159 2044 1276 2084 vocari,
1295 2044 1334 2077 ad
1361 2045 1515 2078 terminos
1537 2045 1615 2078 iuris
1641 2057 1685 2080 re-

946 2096 1030 2135 duci,
1051 2107 1108 2129 seu
1135 2097 1289 2130 adversus
1310 2098 1380 2131 illas
1401 2099 1588 2141 aperitionis
1611 2100 1684 2140 oris,

947 2148 1160 2181 restitutionis
1185 2150 1217 2182 in
1244 2150 1414 2192 integrum,
1433 2151 1559 2185 aliudve
1585 2153 1687 2195 quod-

946 2211 1083 2244 cumque
1098 2202 1186 2241 iuris,
1203 2202 1273 2234 sacti
1293 2204 1340 2235 vel
1360 2204 1481 2245 gratiae
1504 2205 1684 2237 remedium

947 2252 1124 2295 impetrari,
1145 2259 1198 2286 aut
1216 2254 1400 2297 quempiam
1421 2256 1602 2299 impetrato,
1625 2268 1683 2291 seu

946 2305 1039 2337 etiam
1066 2311 1175 2345 motu,
1202 2307 1336 2339 scientia
1366 2313 1396 2340 et
1420 2309 1586 2351 potestatis
1616 2311 1684 2353 ple-

948 2357 1091 2391 nitudine
1107 2359 1238 2401 paribus
1256 2370 1420 2400 concesso,
1435 2361 1480 2393 uti
1495 2362 1683 2396 nullatenus

947 2419 1053 2452 posse,
1072 2421 1130 2444 nec
1155 2412 1214 2444 sub
1241 2413 1437 2456 quibuslibet
1462 2415 1616 2448 similium
1634 2417 1683 2449 vel

947 2462 1153 2497 dissimilium
1179 2465 1462 2507 constitutionum,
1485 2467 1549 2501 sive
1576 2468 1684 2512 dispo-

170 2506 225 2546 rit,
251 2508 288 2539 ad
315 2507 431 2541 Urbem
459 2519 492 2541 se
517 2511 687 2551 conferre,
713 2522 903 2556 summoque
946 2514 1114 2555 Suionum,
1138 2517 1233 2549 etiam
1260 2523 1359 2560 motu,
1379 2519 1513 2552 scientia
1539 2525 1570 2553 et
1594 2527 1684 2563 pote-

169 2558 311 2593 Pontifici
342 2560 374 2594 in
405 2562 622 2604 consistorio,
650 2569 683 2597 ut
708 2565 807 2599 moris
834 2572 902 2608 cst,
946 2568 1033 2600 statis
1059 2568 1262 2611 plenitudine
1288 2570 1459 2612 similibus,
1486 2572 1582 2606 etiam
1608 2584 1684 2608 con-

1611 196 1652 229 95
1698 206 1748 231 An.
1765 206 1792 232 C.
1817 206 1884 233 1724

1769 1157 1880 1177 Clausulas

1696 1183 1821 1209 pstnlmtue.
