2170 3147
212 224 259 250 Λιι.
281 224 309 250 c.
331 223 396 250 1727
444 214 508 248 588

213 393 260 438 diii-li
259 392 309 438 psal!
312 391 397 438 iiliiiriiii

213 451 260 470 ιω-
277 449 370 470 ιιιιιιιιι
355 446 397 464 vai
408 436 488 467 ali'is
516 435 653 467 dilectus
682 434 766 467 flius
794 433 914 466 nobilis
942 434 990 465 vii
1015 434 1152 477 Leopol-

213 475 269 491 vta
268 472 320 491 *mut
325 473 360 491 uid
377 477 396 490 in

213 531 237 548 s
228 503 396 546 mettamen—
409 488 467 520 dus
493 488 667 530 Lotlizuing
673 487 721 520 iac
746 493 777 519 ιι
803 486 891 520 Bairi
919 487 992 526 dux,
1012 498 1075 520 non
1095 487 1153 519 mi-

407 285 443 306 αι
478 276 542 307 alto
569 274 784 314 conceditur,

407 327 498 360 stud«
505 338 606 359 amu³.

452 381 520 423 ξι.
548 381 625 414 Cum
665 381 796 424 itaque,
830 381 913 413 sieut
939 380 1126 424 accepimus

408 552 467 574 nus
492 552 550 584 pio
583 541 665 574 atita
699 551 756 572 sua
783 541 814 573 in
840 540 882 573 Do
880 550 940 572 um
972 540 1095 583 pietate
1122 529 1157 573 et*

408 594 562 637 singulari
589 605 668 637 erga
703 593 855 627 Ordinem
894 594 1029 626 fratrum
1055 593 1154 626 Mino-

408 658 479 680 rum
507 647 608 680 sancti
637 647 798 680 Francisci
836 647 1030 687 devotione,
1056 658 1151 690 quam

409 700 564 733 excitatus
583 701 687 732 suavis
710 700 821 732 odoris
843 699 1019 743 fragrantia
1037 699 1066 732 in
1088 700 1153 732 uni-

409 764 533 786 versum
561 754 629 786 eius
655 753 834 786 dominium
861 753 973 786 diffusa
1006 753 1086 786 vitae
1117 764 1153 785 ae

409 808 515 840 bonae
547 807 806 840 conversationis
839 807 989 851 exemplo
1024 807 1154 849 religio-

410 860 518 904 sisque
547 860 576 892 in
604 860 697 893 vinea
722 860 848 893 Domini
882 860 1049 893 laboribus
1076 861 1154 893 dile-

411 919 534 946 etorum
563 914 702 947 filiorum
731 913 864 946 fratrum
891 913 1037 946 eiusdem
1064 913 1155 947 Ordi-

410 967 460 999 nis
486 967 525 999 de
551 966 763 999 observantia
783 966 1047 1000 Recollectorum
1074 977 1155 999 nun-

412 1025 604 1062 cupatorum
632 1020 798 1053 custodiae
836 1019 867 1053 S.
895 1019 1014 1052 Nicolai
1041 1021 1072 1052 in
1100 1020 1156 1052 Lo-

412 1072 575 1116 tliaringizi
600 1078 815 1117 nuncupatae,
838 1083 920 1116 quae
938 1072 1155 1116 infrascriptis

412 1132 533 1168 septem
566 1127 783 1158 conventibus
821 1131 851 1159 et
887 1126 1032 1169 hospitio
1070 1136 1084 1157 a
1122 1136 1154 1157 se

413 1190 447 1212 ae
473 1179 652 1212 maioribus
688 1179 753 1212 suis
790 1179 933 1212 fundatis
971 1184 1003 1211 et
1037 1179 1156 1211 erectis

413 1238 550 1272 constat,
565 1242 682 1276 nempe
698 1232 912 1266 conventibus
922 1232 1155 1275 Longivicensi,

412 1285 699 1325 Gondrecuriensk
719 1285 968 1325 Dambliniensi,
988 1285 1157 1319 Confluen-

414 1340 492 1377 tino,
519 1341 797 1382 Aspermontano,
826 1339 1021 1379 Sifoldiensi‚
1048 1339 1156 1371 Bultir

413 1392 601 1432 nevillensi,
622 1398 653 1425 et
679 1392 821 1436 hospitio
846 1392 1081 1433 Mirecurionsi,
1101 1392 1155 1424 uhi

413 1446 584 1479 novitiatus
604 1456 673 1478 eum
702 1446 805 1478 tribus
830 1456 942 1479 sacrae
971 1446 1156 1488 theologiae

413 1505 477 1531 tuin
505 1499 741 1539 scholasticae,
769 1505 835 1532 tum
862 1500 1014 1539 moralis,
1036 1506 1067 1532 et
1092 1510 1157 1533 uno

413 1553 645 1596 philosophiae
671 1553 817 1586 cursibus
843 1553 1008 1586 institutus
1034 1553 1158 1596 reperi-

414 1612 473 1646 tur,
500 1617 534 1639 ai·
561 1616 698 1650 quorum
726 1606 869 1649 religiosi
897 1606 1074 1639 catholicae
1102 1607 1158 1639 do-

414 1660 536 1693 ctrinae
563 1670 674 1693 semen
711 1660 807 1702 longe
845 1661 971 1704 lateque
1003 1669 1156 1703 spargere

414 1723 479 1746 non
496 1713 668 1753 desistunt,
683 1718 715 1745 et
728 1713 880 1746 exactiori
896 1714 1042 1756 regulae,
1061 1724 1156 1757 quam

414 1767 629 1809 profitemur,
656 1767 900 1806 observantiae,
929 1777 990 1799 non
1018 1766 1085 1799 sine
1112 1766 1158 1798 in-

415 1819 501 1862 genti
521 1821 717 1863 populorum
733 1819 1097 1860 aedificatione,sediilo
1117 1819 1158 1851 in-

416 1872 589 1913 cumbunt,
609 1873 756 1905 eamden]
783 1873 982 1912 custodiam,
1009 1873 1058 1905 cui
1086 1872 1159 1905 data

417 1925 588 1957 occasione
615 1936 714 1958 novos
746 1932 923 1958 conventus
949 1926 1069 1958 addere
1096 1937 1155 1969 pa-

418 1985 503 2010 ratus
518 1984 597 2017 erat,
618 1979 648 2010 in
670 1979 869 2022 proxinciam
889 1978 969 2021 erigi
988 1984 1156 2023 exoptans,

418 2031 540 2064 litteras
563 2032 599 2064 ιιι]
624 2033 833 2065 novissimum
861 2033 1034 2077 capitulum
1062 2043 1161 2075 gene-

417 2086 483 2118 rale
510 2085 668 2128 praedicfi
695 2084 824 2118 Ordinis
846 2085 875 2118 in
898 2087 981 2119 alma
998 2085 1083 2118 Urbe
1102 2097 1160 2118 no—

417 2140 482 2170 ‚sn-a
508 2139 705 2171 celebratum
725 2149 785 2182 pro
812 2139 971 2172 eiusmodi
995 2140 1159 2172 erectione
1181 2136 1183 2143 ⁴

418 2192 596 2224 obtinenda
631 2192 775 2225 dedisset
794 2204 800 2233 3
835 2193 953 2236 quibus
991 2194 1157 2236 acceptis,

419 2245 502 2277 idem
521 2245 697 2288 capitulum
717 2247 870 2288 generale
890 2246 1029 2279 decrevit
1049 2258 1161 2279 nume-

418 2309 488 2330 rum
515 2304 545 2331 et
570 2304 686 2331 statum
724 2305 942 2332 conventuum
969 2306 999 2332 et
1025 2300 1159 2342 hospitii

419 2352 660 2393 praedictorum
679 2353 717 2385 ab
737 2364 800 2386 uno
823 2353 1045 2386 commissario
1064 2363 1161 2396 gene-

419 2403 477 2435 rali
504 2404 576 2436 ‹lii-<ti
604 2404 733 2437 Ordinis
751 2406 838 2449 prins
865 2406 1108 2445 examinandos,
1129 2410 1160 2438 et

420 2456 507 2488 illins
535 2457 682 2490 ininistio
705 2460 849 2500 generali
869 2458 1099 2502 significandos
1118 2458 1160 2491 fo-

420 2519 465 2547 re,
485 2520 580 2551 quani
608 2510 645 2541 ad
672 2511 868 2544 erectionem
887 2512 1085 2555 praedictam
1105 2511 1160 2544 de—

420 2567 605 2601 veniretur,

990 222 1173 248 BULLARIUM
1197 222 1352 247 ROMANUM

808 272 1003 317 prospicere
1030 273 1151 316 iugiter
1171 271 1174 282 ¹

1195 272 1281 304 iuxta
1307 277 1422 305 statuta
1450 272 1616 315 generalia
1641 271 1835 304 auctoritate
1860 279 1935 314 apo-

1196 326 1308 359 stolica
1334 325 1524 359 confirmata
1554 336 1590 358 ac
1617 325 1749 358 decreta
1781 324 1937 368 capitulo-

1196 390 1264 412 rum
1291 379 1489 422 generalium
1516 378 1591 412 dicti
1615 378 1742 411 Ordinis
1769 382 1935 410 enarratus

1196 438 1408 466 ‹onrentuum
1435 443 1589 465 numerus
1615 431 1691 464 satis
1723 441 1787 463 non
1821 435 1871 463 est
1902 436 1935 462 ut

1197 486 1226 518 in
1254 486 1453 529 provinciam
1480 485 1670 528 erigantur,
1698 484 1759 516 nisi
1787 483 1937 527 specialis

1198 545 1306 572 nostra
1331 545 1362 572 et
1386 540 1484 572 liuius
1510 539 1541 572 S.
1562 538 1653 571 Sedis
1681 537 1712 570 in
1739 538 1800 570 liao
1825 542 1934 580 parte,

1197 598 1231 625 nt
1255 593 1333 625 alias
1357 593 1486 636 saepius
1513 592 1628 624 factum
1659 591 1754 623 fuisse
1781 601 1938 624 memora-

1199 653 1264 687 tur,
1291 647 1422 679 accedat
1448 645 1650 689 dispensatio
1678 651 1709 678 et
1734 645 1890 678 facultas:

1242 701 1256 743 ξ
1280 700 1311 732 ΕΖ
1339 699 1420 732 Iline
1446 704 1494 732 est
1516 699 1602 741 quod
1625 709 1692 738 nos,
1714 698 1770 741 pio
1789 697 1934 730 eiusdem
1977 707 2128 730 ΛιιιιιιιιΡοιιιι·

1198 753 1353 796 leopoldi
1393 751 1482 785 ducis
1520 751 1687 784 desidetio
1725 751 1787 783 hac
1824 751 1855 783 in
1878 759 1936 790 re,

1199 811 1352 848 qnantum
1379 815 1450 837 cuin
1477 804 1614 837 Domino
1640 814 1827 847 possumus,
1855 803 1939 835 favo-

1199 859 1343 892 rabiliter
1369 869 1535 896 annuere,
1563 858 1724 901 simulque
1750 856 1880 890 firmiori
1909 862 1940 888 et

1199 912 1344 945 solidiori
1367 912 1512 944 eiusdem
1539 911 1704 944 custodiae
1726 910 1821 943 statui
1849 920 1940 953 pros>-

1200 976 1345 1009 peroque
1381 965 1467 999 iltius
1501 964 1653 1008 regimini
1689 969 1720 997 et
1750 962 1939 1007 progressui

1200 1019 1371 1062 providere
1397 1018 1558 1058 volentes,
1581 1029 1617 1050 ac
1644 1017 1837 1050 dilectorum
1865 1015 1942 1049 filio-

1200 1083 1269 1105 rum
1291 1072 1432 1105 custodis
1451 1077 1481 1105 et
1499 1071 1707 1104 definitorum
1735 1071 1940 1113 aliorumque

1201 1126 1334 1159 fratrum
1357 1125 1523 1157 custodiae
1546 1124 1730 1157 huiusmodi
1757 1124 1940 1166 singulares

1201 1190 1360 1222 personas
1391 1191 1405 1211 a
1437 1179 1604 1222 quibusvis
1632 1176 1940 1211 excommunicatio-

1202 1232 1261 1271 nis,
1283 1232 1511 1276 suspensionis
1538 1238 1569 1264 et
1594 1231 1774 1271 interdicti,
1802 1230 1940 1273 aliisque

1202 1286 1431 1318 ecclesiasticis
1449 1285 1630 1325 sententiis,
1650 1284 1797 1317 censuris
1815 1289 1847 1317 et
1864 1294 1942 1328 poe-

1201 1340 1272 1379 nis,
1299 1352 1314 1373 a
1340 1340 1408 1372 iure
1434 1341 1482 1372 vel
1509 1339 1548 1372 ab
1577 1338 1732 1378 bomine,
1759 1337 1868 1381 quavis
1887 1349 1941 1370 oc-

1202 1393 1329 1426 casione
1348 1394 1395 1425 vel
1415 1395 1508 1425 causa
1526 1392 1608 1428 latis,
1628 1392 1651 1424 si
1671 1391 1788 1435 quibus
1807 1401 1942 1434 quomo-

1202 1446 1327 1479 dolibet
1348 1447 1523 1479 innodatae
1548 1445 1703 1486 existunt,
1731 1444 1767 1476 ad
1793 1443 1942 1477 effectum

1202 1500 1422 1543 praesentium
1461 1501 1624 1532 dumtaxat
1657 1497 1941 1541 consequendum,

1203 1554 1316 1586 liarum
1352 1554 1435 1587 serie
1474 1553 1680 1586 absolventes
1714 1557 1740 1585 et
1777 1552 1943 1584 absolutas

1203 1607 1270 1640 fore
1308 1613 1495 1648 censentes,
1527 1613 1614 1640 motu
1652 1605 1810 1650 proprio,
1839 1610 1870 1637 et
1906 1614 1941 1637 ex

1203 1662 1290 1693 certa
1316 1661 1452 1693 scientia
1489 1665 1519 1693 ct
1557 1661 1682 1692 matura
1708 1657 1943 1692 deliberatione

1203 1714 1337 1753 nostris,
1357 1714 1461 1757 deque
1478 1713 1675 1757 apostolieae
1691 1711 1862 1756 potestatis
1876 1712 1945 1754 ple-

1203 1767 1360 1808 nitudino,
1379 1767 1576 1811 praedictam
1605 1765 1794 1805 custodiam,
1821 1763 1944 1796 tametsi

1204 1820 1334 1853 nonnisi
1372 1826 1496 1863 septem
1523 1819 1736 1852 conventibus
1769 1828 1804 1850 ac
1836 1816 1945 1859 bospi-

1205 1874 1247 1906 tio
1267 1874 1306 1906 de
1326 1874 1490 1917 praesenti
1518 1877 1732 1910 constantem,
1755 1871 1836 1902 sicut
1853 1879 1946 1913 prae-

1204 1927 1358 1966 mittitur,
1382 1927 1411 1959 in
1439 1937 1554 1959 novam
1581 1925 1782 1969 provinciam
1811 1923 1944 1955 fratrum

1205 1980 1466 2013 liei-ellectorum
1494 1980 1569 2012 dicti
1595 1978 1742 2015 Ordinis,
1769 1988 1849 2021 quae
1876 1987 1946 2020 pro-

1204 2033 1307 2065 vincia
1334 2032 1364 2065 S.
1393 2032 1515 2065 Nirolai
1544 2032 1655 2065 itidem
1682 2030 1864 2074 nuncupari
1892 2030 1947 2062 de-

1205 2086 1298 2126 beat,
1325 2098 1359 2119 ac
1398 2087 1538 2130 capitula
1564 2085 1777 2130 provincialia
1802 2095 1862 2128 pro
1888 2084 1946 2117 mi-

1205 2140 1295 2172 nistri
1324 2141 1551 2183 provincialis,
1570 2140 1712 2172 custodis
1740 2144 1771 2171 et
1797 2137 1948 2170 definito-

1205 2204 1275 2226 rum
1309 2194 1514 2236 aliorumqno
1541 2192 1724 2225 officialium
1752 2191 1852 2235 ipsius
1872 2201 1947 2234 pro-

1206 2247 1329 2280 vinciae
1358 2247 1517 2279 electione
1534 2273 1540 2286 ,
1558 2256 1592 2278 ac
1619 2245 1889 2288 congregationes
1916 2255 1947 2277 a-

1206 2301 1331 2344 liosque
1346 2311 1539 2344 congressus
1554 2300 1591 2333 ad
1613 2301 1713 2331 instar
1729 2299 1863 2331 aliarum
1880 2308 1948 2341 pro-

1205 2354 1383 2387 vinciarum
1409 2354 1538 2386 Ordinis
1559 2352 1744 2385 huiusmodi
1767 2351 1947 2391 celebrare,

1205 2418 1240 2439 ac
1267 2407 1419 2440 omnibus
1452 2412 1481 2439 ct
1515 2406 1651 2447 singulis
1688 2404 1945 2448 praerogativis,

1204 2459 1483 2503 praeeminentiis,
1508 2459 1642 2498 iuribus,
1672 2458 1863 2497 honoribus,
1887 2457 1948 2500 pri-

1204 2513 1337 2555 vilegiis,
1365 2513 1475 2555 gratiis
1502 2519 1532 2545 et
1557 2512 1700 2552 indultis,
1722 2511 1837 2554 quibus
1863 2510 1944 2543 aliae

632 2573 714 2605 quae
748 2564 877 2606 quidem
905 2566 1014 2598 omnia
1040 2565 1099 2597 rite
1127 2570 1159 2597 et
1204 2566 1348 2599 eiusdem
1366 2566 1495 2599 Ordinis
1514 2565 1710 2609 provinciae,
1732 2570 1795 2597 tam
1811 2564 1849 2596 de
1865 2564 1946 2604 iure,

420 2615 533 2648 ordine
560 2616 736 2658 adimpleta
762 2617 900 2657 Γιιοιίιιιι·7
924 2629 1057 2657 verum,
1083 2618 1158 2662 quia
1202 2629 1261 2651 usu
1288 2625 1316 2651 et
1345 2619 1601 2659 consuetudine,
1629 2629 1722 2661 quam
1756 2617 1833 2650 alias
1860 2627 1942 2660 quo—

1944 222 1991 249 Αιι.
2013 222 2124 254 &1727
