2170 3147
192 877 196 881 ,
240 854 357 876 subsidium
369 860 423 874 csse.

476 223 540 254 301)

239 231 279 258 An
309 233 336 258 C.
363 231 429 258 two

779 280 825 314 ct,

430 353 673 386 Prtwwrilu'laetr
712 353 1074 394 areliiconfraternitati
1109 354 1178 386 An-

477 406 702 437 numialtouix
730 406 768 437 B.
790 406 831 437 M.
862 406 1020 448 Virqim‘s,
1050 411 1084 438 ul
1103 417 1178 449 qua-

478 464 549 491 lum·
562 460 709 491 .s11l›.w'1l›’a
725 459 851 491 dotalia
868 460 988 503 puellis
1008 460 1180 503 neophytis

476 514 710 544 conservatoria·
727 514 1033 546 catechumenorum
1047 518 1181 557 quotan-

477 566 529 598 nis
555 571 706 610 praestet.

616 646 798 673 Benedictus
820 647 900 680 Papa
921 647 1000 677 xm.

559 694 593 717 ad
616 695 793 724 perpetuam
813 692 857 718 rei
878 693 1061 718 memoriam.

239 772 424 828 punitfssssg‘ffi‘
479 763 493 806 ἓ
514 763 541 795 Ῑ.
562 763 680 806 Nuper,
701 774 760 806 pro
778 769 870 807 parte
890 764 1085 798 dilectorum
1105 764 1181 797 filio·

239 831 280 849 ειη
296 827 424 848 annotinus
436 827 506 849 rum
534 817 765 860 deputatorum
793 818 910 850 domus
936 817 1009 861 piae
1030 818 1182 850 catechu-

436 880 606 902 menorum
629 870 715 902 iuxta
739 871 911 904 ecelesiam
929 871 962 903 B.
981 871 1020 903 M.
1039 871 1076 904 ad
1094 871 1182 903 Mou-

437 930 484 957 tes
511 930 728 966 nuncupatam
755 925 793 957 de
820 924 903 957 Urbe
922 925 1058 968 positae,
1085 924 1181 957 nobis
1204 935 1206 947 1

438 977 619 1020 expositum
638 978 703 1017 suit,
717 978 813 1020 quod,
826 989 897 1010 cuin
914 978 1031 1021 puellis
1046 988 1103 1011 seu
1118 988 1184 1010 rnu-

438 1031 572 1064 lieribus
603 1032 778 1075 neophytis
804 1032 835 1064 in
861 1032 1106 1065 conservatorio
1132 1043 1184 1064 ca-

438 1085 708 1118 teclnunenorum
735 1086 930 1128 degentibus
950 1086 1074 1118 nullum
1096 1086 1183 1118 aliud

439 1137 522 1170 dotis
549 1139 746 1179 subsidium,
775 1150 839 1182 quo
865 1139 896 1171 in
915 1139 1053 1172 Domino
1079 1140 1128 1172 vel
1152 1139 1183 1171 in

439 1193 570 1224 saeculo
604 1193 726 1224 nubere
762 1193 911 1231 valeant,
947 1203 1043 1235 quam
1071 1192 1183 1235 viginti

439 1245 584 1288 quinque
622 1252 788 1278 scutorum
815 1252 982 1285 monetae,
1022 1246 1107 1289 quod
1145 1247 1184 1279 ab

439 1299 518 1341 ipsis
544 1299 785 1342 exponentibus
812 1299 876 1332 illis
904 1299 1063 1342 assignari
1090 1300 1183 1339 solet,

440 1362 476 1384 ac
502 1353 709 1395 eleemosyna
737 1352 872 1385 aliorum
898 1352 1107 1396 septuaginta
1128 1353 1185 1385 cir-

441 1404 521 1437 citer
535 1411 696 1437 scutorum
712 1406 798 1448 paris
815 1411 967 1439 monetae
986 1416 1045 1448 per
1069 1416 1126 1440 nos
1149 1417 1185 1439 ac

442 1458 605 1491 Romanos
620 1459 792 1492 Pontifices
811 1470 869 1503 pro
886 1466 1032 1503 tempore
1049 1460 1186 1493 existen-

443 1517 489 1544 tes
505 1512 627 1545 eisdem
648 1513 779 1555 elargiri
799 1519 954 1546 consucta
970 1513 1188 1557 suppetat‚di-

443 1570 581 1608 ctacque
598 1566 796 1609 neophytae,
815 1571 926 1610 utpote
942 1567 981 1600 de
996 1567 1186 1609 gentilitatis

444 1625 474 1651 et
495 1619 696 1653 intidclitatis
716 1621 862 1653 tenebris
880 1621 919 1654 ad
943 1621 1011 1654 veri
1037 1620 1184 1661 luminis,

444 1673 529 1715 quod
556 1678 605 1705 est
630 1673 793 1714 Christus,
819 1674 1041 1716 cognitionem
1059 1674 1188 1706 noviter

444 1736 636 1767 conversae,
670 1727 766 1769 longe
793 1727 955 1760 difficilius
981 1733 1186 1771 opportunas

444 1781 572 1823 nuptias
604 1792 659 1813 seu
693 1781 935 1814 matrimonium
971 1782 1187 1815 contrahendi

447 1949 501 1975 cut
536 1943 738 1985 experientia
777 1942 848 1985 ipsa
884 1948 1090 1985 compertum
1117 1947 1185 1982 est⁷

446 1995 632 2034 inveniant,
652 2007 688 2028 ac
712 1996 852 2039 proinde
879 2006 932 2028 eas
958 1995 991 2028 in
1017 2006 1189 2028 conserva-

447 2048 529 2081 torio
570 2050 714 2092 praefato
751 2059 822 2081 eum
856 2049 979 2091 ingenti
1016 2048 1188 2092 dispendio

447 2113 483 2135 ac
508 2102 719 2135 incommodo
757 2103 810 2134 diu
848 2102 991 2135 retinere
1032 2108 1064 2135 et
1101 2103 1188 2136 alere

448 2275 518 2297 cum
561 2265 656 2304 inibi,
694 2276 757 2308 quo
796 2276 898 2298 novae
935 2266 1188 2298 catechumenae

448 2318 528 2350 illud
548 2318 672 2361 ingredi
692 2320 836 2351 volentes
856 2319 1069 2362 recipiantur,
1089 2329 1190 2361 quan-

450 2371 558 2414 doque
586 2372 695 2405 deesse
722 2373 902 2415 coi'itingat‘,
941 2373 1076 2405 multum
1113 2383 1190 2404 vcro

450 2425 621 2457 levamenti
659 2426 763 2458 cidem
798 2427 1043 2459 conservatorio
1075 2436 1191 2469 prove-

451 2478 543 2518 niret,
581 2479 605 2510 si
646 2484 786 2521 quatuor
821 2480 913 2512 dotes
954 2490 1009 2512 seu
1047 2479 1192 2511 subsidia

453 2532 583 2571 dotalia,
610 2544 645 2564 ex
670 2532 733 2564 illis
760 2543 840 2575 quae
861 2533 900 2565 ab
919 2532 1192 2565 arehiconsrater-

452 2585 552 2619 nitate
579 2586 849 2617 Amxunciationis
876 2587 911 2618 B.
931 2586 970 2618 Μ.
995 2586 1134 2628 Virginis
1159 2585 1191 2618 in

454 2639 591 2674 ecclesia
618 2639 763 2671 ciusdem
797 2640 827 2672 S.
857 2638 971 2671 Mariae
1005 2650 1102 2681 super
1137 2638 1192 2671 Mi-

1024 233 1204 256 BULLAtttmt
1234 233 1389 256 ROMANUM

1981 234 2029 261 An.
2045 233 2073 262 C.
2093 235 2158 264 1728

1224 292 1351 314 nervam
1379 283 1417 315 de
1443 282 1527 315 Urbe
1552 283 1697 326 praefata
1727 283 1884 316 canonice
1913 281 1965 315 in-

1223 335 1330 367 stituta
1358 336 1504 368 distribui
1533 337 1651 375 solent,
1677 337 1849 379 neophytis
1875 346 1967 379 prae-

1224 389 1315 421 dictis
1343 389 1435 421 annis
1456 389 1594 431 singulis
1615 394 1872 432 praestarentur,
1892 399 1969 432 que-

1224 443 1428 475 madmodum
1479 443 1597 485 puellis
1647 443 1789 486 plurium
1830 442 1967 475 aliorum

1224 495 1543 528 couservatoriorum
1587 496 1625 529 de
1663 497 1776 529 eadem
1810 495 1895 529 Urbe
1931 506 1968 528 ex

1224 548 1426 581 diversorum
1441 549 1662 582 Romanorum
1679 548 1869 582 Pontificum
1880 559 1971 592 prae-

1224 603 1433 635 decessorum
1453 608 1644 635 nostrorum
1667 603 1802 635 indultis
1816 613 1872 636 seu
1895 613 1971 636 eon-

1225 655 1428 688 cessionibus
1455 656 1633 699 quotannis
1659 656 1816 700 praestari
1838 666 1971 690 consue-

1225 715 1362 749 verunt;
1389 709 1464 742 inde
1492 710 1578 742 enim
1598 710 1690 743 fieret
1712 715 1746 743 ut
1765 711 1868 744 dictae
1890 720 1971 744 neo-

1226 764 1345 807 phytae
1378 764 1566 797 huiusmodi
1594 764 1750 797 subsidiis
1783 765 1910 798 adiutae
1939 764 1971 797 in

1226 817 1423 859 religionem
1442 818 1491 850 vel
1508 817 1751 851 matrimonium
1770 818 1895 851 facilius
1911 818 1973 851 col-

1227 870 1433 909 locarentur,
1458 874 1551 914 atque
1575 871 1857 904 conservatorium
1882 881 1973 915 prae-

1227 923 1348 956 dictum
1373 924 1462 967 gravi
1482 935 1582 957 onere
1601 929 1632 957 et
1651 925 1798 968 impensa
1815 925 1972 958 liberare-

1228 981 1291 1017 tur,
1319 983 1350 1010 et
1376 987 1475 1010 novae
1494 977 1748 1011 catechumenae
1767 989 1877 1011 earum
1899 979 1971 1012 loeo

1228 1030 1259 1063 in
1279 1030 1363 1063 idem
1383 1032 1662 1064 conservatorium
1682 1033 1853 1065 commode
1871 1032 1973 1076 recipi

1227 1085 1386 1118 valerent:
1406 1085 1502 1118 nobis
1521 1091 1696 1129 propterea
1715 1086 1792 1119 dicti
1811 1084 1975 1129 exponen-

1229 1143 1275 1171 tes
1301 1138 1470 1172 humiliter
1495 1139 1670 1182 supplicari
1708 1139 1858 1172 fecerunt
1882 1143 1916 1173 ut
1940 1139 1971 1172 in

1229 1192 1414 1234 praemissis
1447 1197 1635 1235 opportune
1668 1192 1843 1235 providere
1876 1197 1908 1226 et
1940 1197 1974 1225 ut

1229 1245 1312 1277 infra
1339 1245 1510 1287 indulgere
1545 1245 1583 1278 de
1609 1245 1811 1289 benignitate
1844 1250 1974 1289 aposto-

1229 1298 1291 1332 lica
1317 1298 1542 1341 dignaremur.

1273 1352 1287 1395 §
1319 1351 1350 1384 ⁶2.
1387 1351 1449 1385 Nos
1487 1352 1606 1395 igitur,
1633 1352 1778 1396 ipsorum
1806 1363 1974 1397 exponen·
2029 1358 2169 1385 Praeceptum

1985 1386 2109 1412 praedictae
2136 1391 2168 1407 at·-

1207 1415 1209 1420 ·
1230 1405 1309 1438 tium
1328 1405 1409 1438 votis
1431 1406 1491 1438 hae
1518 1406 1550 1438 in
1576 1417 1622 1447 re,
1641 1412 1798 1450 quantum
1818 1417 1890 1440 cum
1912 1407 1974 1441 Do·
1995 1411 2169 1433 “hiems-*amni-

1231 1458 1320 1492 mino
1347 1469 1539 1502 possumus,
1569 1459 1792 1493 favorabiliter
1829 1471 1973 1494 annuere
1986 1440 2169 1514 ζῑΞὲέιξΑέΞζΞξΞ

1230 1513 1396 1552 volentes,
1423 1523 1537 1546 corum
1566 1513 1747 1555 singulares
1777 1524 1932 1557 personas
1958 1519 2067 1566 afflfftia
2109 1524 2170 1545 rrae-

1231 1566 1401 1609 quibusvis
1436 1567 1809 1608 excommunicationis,
1838 1577 1976 1611 suspen-

1231 1620 1332 1653 sionis
1366 1625 1397 1653 et
1425 1620 1612 1662 interdicti,
1646 1621 1784 1665 aliisque
1822 1621 1976 1655 ecclesia·

1209 1699 1210 1707 ,
1231 1673 1321 1706 sticis
1346 1673 1537 1714 sententiis,
1560 1673 1705 1707 censuris
1740 1679 1773 1707 et
1798 1674 1932 1718 poenis,
1959 1685 1976 1707 a

1232 1726 1302 1759 iure
1329 1728 1378 1760 vel
1405 1727 1444 1759 ab
1472 1727 1626 1768 homine,
1657 1727 1771 1770 quavis
1803 1727 1976 1762 occasione

1209 1781 1282 1822 ,vel
1314 1782 1411 1813 causa
1443 1780 1534 1821 latis,
1560 1781 1584 1812 si
1618 1781 1736 1824 quibus
1767 1781 1976 1824 quomodoli-

444 1835 647 1875 oecasiones,
673 1846 766 1878 quam
786 1835 869 1868 aliae
887 1835 1041 1868 mulieres
1066 1835 1095 1867 in
1118 1846 1189 1867 san-
1209 1829 1211 1833 ¹

445 1894 515 1922 ctae
541 1889 652 1921 matris
678 1889 842 1922 Ecclesiae
867 1888 992 1931 gremio
1019 1893 1121 1929 ortae,
1147 1889 1211 1922 si-³

1232 1836 1290 1868 bet
1322 1834 1499 1867 innodatae
1537 1834 1705 1875 existunt,
1747 1835 1787 1868 ad
1824 1835 1976 1868 effectum

1232 1888 1458 1932 praesentium
1491 1888 1659 1920 dumtaxat
1687 1887 1975 1932 consequendum,

1234 1943 1350 1975 harum
1386 1942 1471 1975 serie
1497 1943 1709 1975 absolventes
1744 1948 1777 1975 et
1813 1943 1977 1976 absolutas

1234 1997 1302 2029 sore
1321 2001 1514 2035 censentes,
1545 1995 1729 2028 huiusmodi
1763 1996 1978 2040 supplicatio-

1233 2050 1329 2082 nibus
1355 2049 1522 2089 inelinah,
1554 2048 1681 2082 dilectis
1708 2049 1781 2082 ntiis
1807 2049 1976 2082 modernis

1210 2140 1212 2144 ¹
1233 2109 1264 2136 et
1289 2114 1347 2146 pro
1375 2108 1523 2145 tempore
1541 2102 1752 2134 existentibus
1777 2101 1978 2135 administra-

448 2163 606 2199 oporteat,
626 2157 713 2195 itaut,
734 2156 900 2200 occupatis
927 2166 985 2200 per
1004 2166 1057 2189 eas
1083 2157 1189 2189 omni·
1210 2147 1212 2167 ³

446 2211 506 2243 bus
533 2211 607 2243 dieti
627 2211 857 2244 conservatorii
885 2211 1119 2249 mansionibus,
1142 2212 1189 2244 lo·
1211 2227 1212 2230 ¹

1233 2157 1359 2190 toribus
1376 2183 1383 2196 ‚
1409 2155 1604 2188 officialibus
1630 2166 1686 2188 seu
1711 2155 1867 2188 ministris
1894 2166 1977 2199 quo-

1233 2222 1372 2254 cumque
1398 2210 1531 2242 nomine
1566 2209 1760 2252 nuncupatis
1798 2209 1901 2242 dictae
1927 2220 1978 2242 ar-

1233 2263 1564 2298 chiconsraternitatis
1588 2262 1858 2296 Annunciationis
1880 2263 1915 2296 Β.
1936 2263 1975 2296 Μ.

1234 2319 1391 2362 Virginis,
1418 2319 1456 2351 ad
1484 2328 1564 2361 quos
1583 2328 1620 2350 ca
1646 2328 1697 2349 res
1723 2322 1847 2360 spectat
1865 2322 1896 2350 et
1916 2327 1976 2360 pro

1235 2378 1382 2414 tempore
1396 2371 1563 2414 spectabit,
1580 2370 1772 2403 auctoritate
1788 2369 1975 2412 apostolica,

1236 2432 1348 2459 tenore
1364 2424 1596 2468 praesentium,
1613 2424 1832 2467 praecipimus
1847 2428 1878 2456 et
1892 2433 1978 2455 man-

1236 2481 1356 2519 damus,
1383 2484 1416 2511 ut
1442 2479 1500 2522 ipsi
1528 2483 1666 2522 quatuor
1685 2477 1830 2510 subsidia
1856 2476 1978 2510 dotalia

1236 2532 1451 2576 quadraginta
1476 2537 1643 2564 scutorum
1670 2535 1822 2563 monetae
1848 2529 1978 2573 praedi-

1236 2591 1305 2618 ctae
1340 2596 1399 2628 pro
1436 2584 1584 2628 quolibet
1609 2594 1645 2616 ex
1676 2583 1761 2623 illis,
1800 2593 1881 2626 quae
1919 2593 1979 2626 per

1237 2638 1384 2672 camdem
1423 2636 1817 2671 archieonsraternitatem
1858 2646 1979 2680 paupe-
