2170 3147
228 184 271 207 An.
290 182 306 206 C
342 182 408 210 1735

222 744 260 761 iil-¹

246 716 352 735 &munnulus
364 716 406 741 pri-

265 749 302 767 gii»

221 769 263 788 luui

226 2450 236 2464 :t
241 2452 257 2464 ui

325 747 405 768 rapitu-

281 770 350 789 ἄιε-κιρ
371 776 406 789 rc-

221 798 298 816 ‹tesiae

311 801 404 817 uin-sur.

298 2415 319 2435 (11
328 2418 409 2440 «nullae

262 2445 339 2470 lilissini
348 2454 368 2466 ie

458 173 521 206 ⁶264

419 232 460 263 sis
487 238 551 264 tres
577 233 783 265 cathedrales
810 233 941 266 insimul
969 233 1078 265 unitae
1097 232 1161 265 sint

418 292 448 317 et
474 296 544 317 esse
570 286 722 323 debeant,
743 290 771 317 et
801 285 830 317 in
857 286 981 318 actibus
1006 285 1184 318 consisto-›

418 338 552 370 rialiliiis
581 344 611 371 et
637 339 669 370 in
696 338 813 371 litteris
840 339 1028 381 apostolicis
1062 349 1161 382 super

417 391 622 434 promotione
652 392 724 423 novi
758 392 904 435 episcopi
931 392 968 425 ad
997 383 1183 435 praelatas¹

418 445 572 477 ecclesias
591 444 868 483 Terracinensem,
884 445 1026 477 Setinam
1046 450 1077 477 et
1095 445 1161 477 Pri·
1181 480 1183 494 Ι

416 507 610 529 vernensem
627 524 634 537 ,
662 497 730 537 sic,
759 503 792 529 ut
824 498 1008 540 praefertur
1026 525 1033 538 ,
1058 508 1159 540 aeque

417 550 644 593 principaliter
664 551 783 590 unitas,
803 561 934 593 semper
953 550 1022 583 sieri
1043 552 1160 584 debeat

417 604 537 635 mentio
563 603 725 646 praefatae
753 604 908 636 ecclesiae
934 603 1160 636 Privernensis

417 655 460 687 uti
487 657 765 689 concathedralis.

461 709 475 752 ἓ
501 709 532 741 4.
561 709 606 741 Ad
634 710 695 741 hoc
721 715 827 742 autem
861 715 895 742 ut
927 710 1103 752 capitulum
1129 715 1161 742 et

418 763 565 795 canonici
588 763 754 806 praefatae
773 762 904 796 maioris
923 763 1080 795 eeclesiae
1099 763 1162 795 Pri-

417 816 588 849 vernensis
620 817 651 849 in
687 817 832 859 praefata
868 817 984 849 maiori
1022 818 1161 849 ecclesia

417 869 623 902 Priverneusi
657 870 754 903 boras
787 870 957 902 canonicas
984 880 1100 902 canere
1130 874 1162 902 et

417 923 652 956 ecclesiasticas
675 923 857 956 functiones
876 923 990 956 maiori
1011 933 1083 955 cum
1105 923 1161 956 110-

416 976 620 1009 noritleentia
649 981 680 1009 et
712 977 826 1009 decore
862 976 1027 1020 divinique
1054 977 1160 1009 cultus

417 1030 597 1072 splendore
631 1040 783 1062 exercere
816 1030 964 1069 valeant,
993 1029 1161 1062 modernis

418 1087 449 1115 et
473 1092 534 1125 pro
560 1088 706 1125 tempore
733 1082 948 1115 existentibus
979 1082 1161 1125 archipres-

417 1136 531 1179 bytero
565 1141 597 1168 et
630 1136 795 1169 canonicis
830 1136 994 1179 praefatae
1028 1135 1160 1168 maioris

419 1189 575 1222 ecclesiae
610 1189 848 1229 Privernensis,
880 1194 915 1221 ut
945 1189 1006 1232 ipsi
1042 1199 1161 1231 perpe-

418 1243 481 1275 tuis
504 1243 617 1275 suturis
638 1243 836 1286 temporibus
856 1248 1046 1275 niozzettam
1063 1243 1161 1276 viola-

418 1295 466 1329 cei
484 1295 604 1328 coloris
630 1306 728 1338 supra
753 1296 956 1329 rocchettum
976 1301 1038 1328 tam
1063 1296 1095 1328 in
1116 1285 1162 1328 dii

418 1351 468 1381 cta
485 1348 599 1381 maiori
616 1349 752 1382 ecclesia
771 1349 990 1389 Privernensi,
1009 1349 1160 1392 illiusque
1182 1367 1184 1391 1,

418 1403 580 1445 capitulo,
606 1413 701 1445 quam
728 1408 817 1435 extra
853 1413 941 1443 eam,
967 1414 1003 1435 ac
1030 1403 1061 1435 in
1088 1394 1185 1446 pro-5

418 1456 631 1496 cessionibus,
652 1456 861 1497 funeralibus,
882 1462 913 1489 et
937 1457 1009 1489 aliis
1033 1456 1163 1500 quibus-

417 1521 555 1553 cumque
594 1509 817 1543 functionibus
851 1516 882 1543 et
915 1510 1039 1543 actibus
1074 1510 1160 1553 capi-

416 1564 584 1603 tularibus,
613 1564 752 1606 publicis
777 1570 809 1596 et
833 1564 980 1607 privatis,
1009 1564 1163 1607 quibusli-

416 1618 471 1650 bet
495 1617 571 1650 anni
599 1617 802 1660 temporibus
830 1623 860 1650 et
894 1617 1033 1657 diebus,
1064 1618 1161 1650 etiam

417 1670 448 1703 in
474 1670 659 1714 praesentia
692 1681 975 1714 quorumcumque
1003 1670 1163 1714 archiepi-

418 1733 593 1767 scoporum
618 1725 667 1756 vel
694 1724 923 1767 episcoporum
950 1730 982 1756 et
1006 1724 1100 1757 Sedis
1123 1724 1162 1756 Λ-

417 1777 599 1821 postolieae
626 1778 828 1817 nunciorum,
856 1787 982 1810 necnon
1002 1778 1034 1810 S.
1062 1778 1098 1810 R.
1126 1778 1158 1810 E.

418 1831 642 1871 cardinalium,
663 1832 759 1864 etiam
785 1831 823 1864 de
846 1832 947 1864 latere
966 1832 1158 1874 legatorum,

418 1889 449 1916 et
480 1884 614 1917 aliorum
650 1880 933 1927 quorumcumque
966 1884 1076 1927 quavis
1111 1895 1163 1916 au-

418 1937 566 1970 ctoritate
585 1942 615 1970 et
633 1942 792 1980 potestate
819 1937 1023 1979 fungentium
1050 1948 1085 1970 ac
1111 1939 1163 1971 lio-

417 2000 497 2023 nore
525 1995 557 2023 et
582 1991 841 2033 praeeminentia
868 1990 1079 2033 fulgentium,
1108 1992 1163 2024 de-

418 2043 504 2075 ferre
530 2042 634 2075 libere
660 2049 690 2076 et
716 2043 803 2076 licite
831 2044 956 2086 possint
974 2049 1005 2076 et
1022 2045 1160 2085 valeant,

419 2106 455 2128 ac
480 2106 579 2139 super
605 2096 790 2138 gestatione
817 2102 996 2130 mozzettae
1030 2103 1061 2130 et
1091 2108 1163 2131 roe-

419 2150 520 2182 chetti
545 2149 731 2183 huiusmodi
751 2161 768 2183 a
786 2161 959 2193 quoquam,
979 2150 1091 2194 quavis
1110 2162 1164 2184 au-

420 2203 582 2243 ctoritate,
608 2204 732 2236 directe
759 2205 808 2237 vel
836 2204 1005 2244 indirecte,
1031 2204 1164 2248 impediv

420 2256 456 2295 ri,
483 2257 672 2296 molestari,
700 2256 875 2300 inquietari
901 2258 950 2289 vel
977 2257 1163 2300 perturbari

420 2310 605 2342 nullatenus
631 2310 766 2352 possint,
789 2311 885 2342 etiam
908 2316 1069 2353 perpetuo
1088 2322 1163 2344 con—

421 2362 566 2395 cedimus
593 2368 624 2395 et
649 2363 869 2405 indulgemus.

465 2415 479 2458 g
498 2414 527 2447 5.
540 2415 758 2449 Decernentes
776 2417 918 2460 insuper,
932 2417 1060 2450 easdem
1076 2428 1164 2461 prae-

421 2473 531 2501 sentes
567 2479 698 2512 semper
729 2475 760 2502 et
784 2475 942 2513 perpetuo
979 2470 1102 2503 validas
1133 2477 1164 2504 et

421 2521 566 2554 efficaces
584 2531 654 2554 esse
674 2526 706 2553 et
727 2522 806 2562 sore,
832 2533 976 2566 suosque
995 2524 1162 2566 plenarios

421 2579 453 2608 et
477 2574 622 2617 integros
648 2573 780 2607 ett'ectus
805 2575 916 2608 sortiri
943 2581 974 2609 et
998 2576 1160 2618 obtinere,

1009 186 1046 207 nt*
1053 185 1130 208 than
1137 185 1142 206 1
1149 185 1188 206 UM
1218 185 1233 207 Γ.
1240 185 1372 208 ΟΜΑΝΓΜ

1205 243 1241 265 ac
1267 233 1306 266 ab
1344 233 1495 266 omnibus
1531 239 1563 267 et
1603 234 1759 278 singulis,
1801 235 1838 267 ad
1865 244 1946 277 quos

1205 285 1452 328 quomodolibet
1476 297 1562 320 nunc
1587 293 1712 330 spectat
1730 293 1762 320 et
1783 298 1843 330 pro
1866 293 1946 320 tem-

1204 349 1283 381 pore
1309 339 1478 382 spectabit,
1506 339 1641 373 tirmiter
1661 346 1692 372 et
1712 339 1946 373 inviolabiliter

1205 391 1370 424 observari
1398 392 1526 432 debere,
1547 404 1581 425 ac
1599 392 1686 425 nullo
1704 403 1846 435 unquam
1869 398 1943 425 tem-

1205 454 1293 486 pore,
1321 455 1357 476 ex
1384 455 1589 488 quocumque
1611 446 1714 488 capite
1736 446 1785 477 vel
1804 445 1947 487 qualibet

1204 499 1312 537 eausa,
1340 498 1542 540 quantumvis
1574 497 1719 540 legitima
1744 504 1775 530 et
1799 497 1945 537 iuridiea,

1205 549 1299 582 etiam
1331 561 1368 583 ex
1402 561 1440 583 eo
1475 550 1561 594 quod
1587 551 1767 594 capitulum
1793 556 1824 583 et
1850 561 1947 584 cano-

1205 602 1268 634 nici
1295 604 1503 636 ecclesiarum
1540 603 1785 636 Terracinensis
1811 609 1839 637 et
1866 604 1946 637 Seti-

1205 665 1264 688 nae
1281 683 1288 696 ,
1315 661 1368 688 aut
1394 656 1588 699 quicumque
1614 656 1666 689 alii
1702 657 1733 689 in
1759 657 1946 700 praemissis

1206 715 1237 741 et
1261 708 1344 741 eirca
1370 719 1407 742 ea
1433 709 1678 752 quomodolibet
1711 714 1743 742 et
1776 720 1810 742 ex
1835 710 1948 753 quavis

1206 763 1323 800 causa,
1349 761 1496 801 ratione,
1523 763 1651 795 actione
1688 763 1736 795 vel
1774 762 1947 796 occasione

1206 814 1253 846 ius
1280 815 1327 846 vel
1355 815 1513 847 interesse
1548 815 1707 848 babentes
1740 825 1796 848 seu
1823 816 1947 849 habere

1206 867 1470 909 praetendentes,
1496 867 1561 900 illis
1595 878 1664 901 non
1701 868 1945 909 consenserint,

1205 930 1266 953 nec
1291 921 1329 953 ad
1356 921 1388 953 id
1414 921 1532 961 vocati,
1558 921 1645 954 citati
1680 927 1712 954 et
1745 921 1847 954 auditi
1882 922 1950 955 sue-

1206 973 1293 1013 rint,
1318 979 1349 1006 et
1374 984 1510 1014 causae,
1535 978 1673 1017 propter
1703 984 1783 1017 quas
1815 974 1949 1007 eaedem

1205 1032 1393 1069 praesentes
1419 1027 1656 1068 emanaverint,
1674 1028 1845 1068 adductae,
1864 1027 1949 1061 veri-

1206 1080 1318 1112 ticatae
1346 1090 1382 1113 ac
1407 1080 1598 1113 iustificatae
1636 1091 1700 1114 non
1739 1081 1881 1121 suerint,
1907 1081 1948 1114 de

1205 1133 1425 1176 subreptionis
1450 1135 1498 1167 vel
1525 1134 1730 1177 obreptionis
1764 1141 1819 1167 aut
1851 1135 1950 1169 nulli-

1206 1189 1277 1221 tatis
1302 1189 1351 1221 vel
1377 1188 1588 1221 invaliditatis
1608 1189 1695 1228 vitio,
1717 1199 1773 1221 seu
1797 1189 1948 1222 intentio-

1206 1241 1255 1273 nis
1282 1247 1434 1282 nostrae‚
1460 1247 1516 1273 aut
1541 1241 1589 1273 ius
1618 1242 1666 1274 vel
1700 1242 1859 1274 interesse
1892 1242 1950 1275 ha-

1205 1294 1351 1326 bentium
1388 1297 1586 1335 consensus,
1612 1300 1665 1327 aut
1701 1295 1848 1338 quolibet
1885 1295 1949 1329 alio

1206 1348 1413 1390 quantumvis
1433 1358 1562 1390 magno,
1581 1348 1797 1388 substantiali,
1823 1349 1949 1382 inexco-

1207 1401 1307 1442 gitato
1334 1406 1366 1433 et
1397 1400 1665 1443 inexcogitabili,
1693 1411 1729 1433 ac
1764 1400 1950 1443 specificam

1207 1460 1238 1487 et
1263 1455 1463 1488 individuam
1487 1454 1686 1487 mentionem
1706 1465 1741 1487 ac
1762 1455 1949 1497 expressio-

1206 1518 1281 1540 nem
1307 1507 1495 1550 requirente
1522 1507 1668 1547 defectu,
1696 1506 1760 1540 sive
1787 1507 1886 1540 etiam
1911 1518 1947 1541 ex

1207 1572 1246 1594 eo
1276 1561 1364 1604 quod
1396 1561 1429 1592 in
1461 1559 1648 1604 praemissis
1681 1570 1864 1604 eorumque
1893 1561 1950 1593 ali-

1207 1626 1271 1657 quo
1297 1614 1521 1647 solemnitates
1554 1619 1586 1647 et
1618 1614 1750 1657 quaevis
1776 1615 1854 1656 alia,
1881 1624 1951 1647 ser-

1207 1668 1310 1700 vanda
1335 1673 1366 1700 et
1391 1667 1612 1710 adimplenda,
1639 1673 1766 1700 servata
1791 1673 1823 1701 et
1848 1668 1950 1701 adim-

1207 1723 1294 1764 pleta
1331 1732 1398 1754 non
1434 1721 1573 1761 suerint,
1601 1727 1651 1754 aut
1677 1732 1714 1755 ex
1741 1731 1948 1765 quocumque

1207 1775 1270 1807 alio
1297 1775 1405 1818 capite
1432 1785 1448 1807 a
1473 1776 1544 1807 iure
1570 1776 1619 1807 vel
1649 1775 1732 1807 sacto
1753 1780 1807 1807 aut
1827 1780 1948 1808 statuto

1207 1829 1255 1860 vel
1281 1828 1521 1860 consuetudine
1548 1827 1656 1870 aliqua
1680 1829 1870 1868 resultante,
1892 1838 1949 1861 seu

1207 1881 1359 1921 enormis,
1392 1880 1652 1921 enormissimae‚
1681 1881 1858 1925 totalisque
1884 1883 1950 1915 lae-

1207 1934 1317 1973 sionis,
1342 1939 1396 1966 aut
1414 1944 1620 1977 quocumque
1639 1933 1702 1967 alio
1721 1935 1840 1975 colore,
1858 1945 1950 1978 prae-

1208 1993 1306 2028 textu,
1332 1987 1456 2020 ratione
1482 1988 1533 2020 vel
1558 1990 1670 2026 causa,
1699 1987 1795 2020 etiam
1822 1987 1855 2020 in
1880 1999 1950 2021 cor-

1207 2051 1286 2086 pore
1325 2041 1402 2073 iuris
1439 2042 1569 2080 clausa,
1608 2041 1779 2074 occasione
1796 2068 1803 2082 ,
1845 2041 1949 2075 aliave

1207 2097 1310 2135 causa,
1338 2095 1435 2127 etiam
1462 2094 1667 2137 quantumvis
1692 2094 1782 2134 iusta,
1809 2095 1950 2128 rationa-

1207 2149 1273 2188 bili,
1300 2148 1456 2192 legitima,
1482 2147 1629 2187 iuridiea,
1649 2148 1711 2191 pia,
1729 2147 1945 2192 privilegiata,

1207 2202 1303 2236 etiam
1330 2202 1383 2234 tali
1410 2211 1492 2244 quae
1518 2201 1558 2234 ad
1591 2200 1738 2234 etl'ectum
1773 2202 1947 2235 validitatis

1207 2255 1465 2298 praemissorum
1508 2255 1695 2288 necessario
1734 2255 1949 2299 exprimenda

1209 2310 1304 2348 soret,
1330 2314 1384 2341 aut
1410 2309 1498 2352 quod
1526 2309 1565 2342 de
1591 2309 1756 2342 voluntate
1782 2311 1892 2342 nostra
1916 2315 1948 2343 et

1207 2362 1277 2396 aliis
1302 2362 1453 2405 superius
1479 2362 1643 2406 expressis
1669 2362 1785 2395 nullibi
1811 2373 1947 2406 appare-

1207 2421 1255 2449 ret
1291 2427 1346 2449 seu
1379 2415 1456 2449 alias
1492 2415 1625 2458 probari
1662 2420 1792 2458 posset,
1818 2415 1944 2455 notari,

1207 2468 1402 2512 impugnari,
1435 2468 1615 2509 invalidari,
1641 2467 1818 2507 retractari,
1845 2467 1877 2500 in
1898 2467 1946 2500 ius

1206 2525 1253 2556 vel
1280 2523 1536 2555 controversiam
1562 2521 1716 2561 revocari,
1743 2526 1797 2553 aut
1822 2522 1860 2553 ad
1883 2527 1946 2554 ter-

1206 2576 1311 2609 minos
1337 2576 1415 2609 iuris
1441 2575 1564 2616 reduci,
1600 2576 1649 2608 vel
1686 2574 1838 2608 adversus
1873 2574 1945 2609 illas

1951 186 2001 211 An.
2023 186 2051 211 C,
2070 187 2136 214 1725
