<?xml version="1.0" encoding="UTF-8"?>
<!DOCTYPE html PUBLIC "-//W3C//DTD XHTML 1.0 Transitional//EN"
    "http://www.w3.org/TR/xhtml1/DTD/xhtml1-transitional.dtd">
<html xmlns="http://www.w3.org/1999/xhtml" xml:lang="en" lang="en">
 <head>
  <title>
</title>
<meta http-equiv="Content-Type" content="text/html;charset=utf-8" />
  <meta name='ocr-system' content='tesseract 3.04.00' />
  <meta name='ocr-capabilities' content='ocr_page ocr_carea ocr_par ocr_line ocrx_word'/>
</head>
<body>
  <div class='ocr_page' id='page_1' title='image "./bullarumdiplomat22cath_0190.png"; bbox 0 0 2170 3147; ppageno 0'>
   <div class='ocr_carea' id='block_1_1' title="bbox 233 225 414 251">
    <p class='ocr_par' dir='ltr' id='par_1_1' title="bbox 233 225 414 251">
     <span class='ocr_line' id='line_1_1' title="bbox 233 225 414 251; baseline 0 -1"><span class='ocrx_word' id='word_1_1' title='bbox 233 228 267 251; x_wconf 66' lang='lat' dir='ltr'>An</span> <span class='ocrx_word' id='word_1_2' title='bbox 299 227 326 250; x_wconf 73' lang='lat' dir='ltr'>C.</span> <span class='ocrx_word' id='word_1_3' title='bbox 349 225 414 250; x_wconf 66' lang='lat'>17-25</span> 
     </span>
    </p>
   </div>
   <div class='ocr_carea' id='block_1_2' title="bbox 251 1409 430 1519">
    <p class='ocr_par' dir='ltr' id='par_1_2' title="bbox 251 1409 430 1519">
     <span class='ocr_line' id='line_1_2' title="bbox 251 1409 430 1519; baseline 0 -95"><span class='ocrx_word' id='word_1_4' title='bbox 251 1409 430 1519; x_wconf 95' lang='lat' dir='ltr'>   </span> 
     </span>
    </p>
   </div>
   <div class='ocr_carea' id='block_1_3' title="bbox 356 1433 1172 1542">
    <p class='ocr_par' dir='ltr' id='par_1_3' title="bbox 356 1433 1172 1542">
     <span class='ocr_line' id='line_1_3' title="bbox 356 1433 1170 1493; baseline -0.001 -14"><span class='ocrx_word' id='word_1_5' title='bbox 356 1433 531 1493; x_wconf 69' lang='lat' dir='ltr'>&#39;›&#39;=3senns</span> <span class='ocrx_word' id='word_1_6' title='bbox 565 1446 640 1478; x_wconf 86' lang='lat' dir='ltr'>anni</span> <span class='ocrx_word' id='word_1_7' title='bbox 668 1446 799 1479; x_wconf 81' lang='lat' dir='ltr'>iubilaei</span> <span class='ocrx_word' id='word_1_8' title='bbox 830 1456 943 1478; x_wconf 85' lang='lat' dir='ltr'>omnes</span> <span class='ocrx_word' id='word_1_9' title='bbox 971 1451 1002 1478; x_wconf 89' lang='lat' dir='ltr'>et</span> <span class='ocrx_word' id='word_1_10' title='bbox 1026 1445 1170 1488; x_wconf 84' lang='lat' dir='ltr'>singulas</span> 
     </span>
     <span class='ocr_line' id='line_1_4' title="bbox 373 1498 1172 1542; baseline -0.001 -10"><span class='ocrx_word' id='word_1_11' title='bbox 373 1512 406 1525; x_wconf 62' lang='grc' dir='ltr'>ου</span> <span class='ocrx_word' id='word_1_12' title='bbox 432 1500 649 1542; x_wconf 77' lang='lat' dir='ltr'>indulgentias</span> <span class='ocrx_word' id='word_1_13' title='bbox 674 1505 705 1532; x_wconf 86' lang='lat' dir='ltr'>et</span> <span class='ocrx_word' id='word_1_14' title='bbox 729 1505 937 1542; x_wconf 79' lang='lat' dir='ltr'>peccatorum</span> <span class='ocrx_word' id='word_1_15' title='bbox 962 1498 1172 1532; x_wconf 84' lang='lat' dir='ltr'>remissiones</span> 
     </span>
    </p>
   </div>
   <div class='ocr_carea' id='block_1_4' title="bbox 465 215 1165 367">
    <p class='ocr_par' dir='ltr' id='par_1_4' title="bbox 465 215 1165 367">
     <span class='ocr_line' id='line_1_5' title="bbox 467 215 524 246; baseline 0 0"><span class='ocrx_word' id='word_1_16' title='bbox 467 215 524 246; x_wconf 52' lang='lat' dir='ltr'>toi</span> 
     </span>
     <span class='ocr_line' id='line_1_6' title="bbox 467 265 1165 312; baseline -0.007 -9"><span class='ocrx_word' id='word_1_17' title='bbox 467 273 606 304; x_wconf 69' lang='lat' dir='ltr'>durante.</span> <span class='ocrx_word' id='word_1_18' title='bbox 624 279 802 312; x_wconf 67' lang='lat' dir='ltr'>suspensas,</span> <span class='ocrx_word' id='word_1_19' title='bbox 818 278 876 311; x_wconf 73' lang='lat' dir='ltr'>per</span> <span class='ocrx_word' id='word_1_20' title='bbox 894 266 1024 300; x_wconf 75' lang='lat' dir='ltr'>modum</span> <span class='ocrx_word' id='word_1_21' title='bbox 1049 265 1165 308; x_wconf 72' lang='lat' dir='ltr'>suffra-</span> 
     </span>
     <span class='ocr_line' id='line_1_7' title="bbox 465 319 992 367; baseline -0.009 -11"><span class='ocrx_word' id='word_1_22' title='bbox 465 324 514 367; x_wconf 61' lang='lat' dir='ltr'>yffi</span> <span class='ocrx_word' id='word_1_23' title='bbox 538 322 709 355; x_wconf 76' lang='lat' dir='ltr'><em>animabus</em></span> <span class='ocrx_word' id='word_1_24' title='bbox 735 319 992 363; x_wconf 70' lang='lat' dir='ltr'>defunctorum&#39;.</span> 
     </span>
    </p>
   </div>
   <div class='ocr_carea' id='block_1_5' title="bbox 1010 217 1188 241">
    <p class='ocr_par' dir='ltr' id='par_1_5' title="bbox 1010 217 1188 241">
     <span class='ocr_line' id='line_1_8' title="bbox 1010 217 1188 241; baseline -0.011 0"><span class='ocrx_word' id='word_1_25' title='bbox 1010 217 1188 241; x_wconf 75' lang='lat' dir='ltr'>BULLARIUM</span> 
     </span>
    </p>
   </div>
   <div class='ocr_carea' id='block_1_6' title="bbox 425 390 1171 1436">
    <p class='ocr_par' dir='ltr' id='par_1_6' title="bbox 494 390 1095 510">
     <span class='ocr_line' id='line_1_9' title="bbox 592 390 989 424; baseline -0.01 -4"><span class='ocrx_word' id='word_1_26' title='bbox 592 393 778 420; x_wconf 76' lang='lat' dir='ltr'>Benedictus</span> <span class='ocrx_word' id='word_1_27' title='bbox 799 392 878 424; x_wconf 83' lang='lat' dir='ltr'>Papa</span> <span class='ocrx_word' id='word_1_28' title='bbox 897 390 967 417; x_wconf 83' lang='lat' dir='ltr'>XIII</span> <span class='ocrx_word' id='word_1_29' title='bbox 983 410 989 421; x_wconf 93' lang='lat'><strong>‚</strong></span> 
     </span>
     <span class='ocr_line' id='line_1_10' title="bbox 494 432 1095 463; baseline -0.008 0"><span class='ocrx_word' id='word_1_30' title='bbox 494 436 646 463; x_wconf 82' lang='lat' dir='ltr'>universis</span> <span class='ocrx_word' id='word_1_31' title='bbox 677 433 930 461; x_wconf 79' lang='lat' dir='ltr'>christifidelibus</span> <span class='ocrx_word' id='word_1_32' title='bbox 962 432 1095 459; x_wconf 76' lang='lat' dir='ltr'>salutem</span> 
     </span>
     <span class='ocr_line' id='line_1_11' title="bbox 531 474 1059 510; baseline -0.008 -6"><span class='ocrx_word' id='word_1_33' title='bbox 531 481 562 505; x_wconf 82' lang='lat' dir='ltr'>et</span> <span class='ocrx_word' id='word_1_34' title='bbox 583 476 781 510; x_wconf 79' lang='lat' dir='ltr'>apostoticam</span> <span class='ocrx_word' id='word_1_35' title='bbox 801 474 1059 502; x_wconf 80' lang='lat' dir='ltr'>benedictionem.</span> 
     </span>
    </p>

    <p class='ocr_par' dir='ltr' id='par_1_7' title="bbox 425 535 1171 1436">
     <span class='ocr_line' id='line_1_12' title="bbox 469 535 1168 573; baseline -0.007 0"><span class='ocrx_word' id='word_1_36' title='bbox 469 539 641 573; x_wconf 74' lang='lat' dir='ltr'>Salvatoris</span> <span class='ocrx_word' id='word_1_37' title='bbox 667 544 696 571; x_wconf 86' lang='lat' dir='ltr'>et</span> <span class='ocrx_word' id='word_1_38' title='bbox 719 537 842 571; x_wconf 86' lang='lat' dir='ltr'>domini</span> <span class='ocrx_word' id='word_1_39' title='bbox 862 537 966 570; x_wconf 89' lang='lat' dir='ltr'>nostri</span> <span class='ocrx_word' id='word_1_40' title='bbox 985 537 1054 569; x_wconf 86' lang='lat' dir='ltr'>Iesu</span> <span class='ocrx_word' id='word_1_41' title='bbox 1080 535 1168 569; x_wconf 85' lang='lat' dir='ltr'>C&#39;nri-</span> 
     </span>
     <span class='ocr_line' id='line_1_13' title="bbox 425 588 1166 636; baseline -0.007 -11"><span class='ocrx_word' id='word_1_42' title='bbox 425 594 477 632; x_wconf 79' lang='lat' dir='ltr'>sti,</span> <span class='ocrx_word' id='word_1_43' title='bbox 503 592 554 636; x_wconf 81' lang='lat' dir='ltr'>qui</span> <span class='ocrx_word' id='word_1_44' title='bbox 583 593 621 625; x_wconf 86' lang='lat' dir='ltr'>de</span> <span class='ocrx_word' id='word_1_45' title='bbox 641 591 713 623; x_wconf 87' lang='lat' dir='ltr'>sinu</span> <span class='ocrx_word' id='word_1_46' title='bbox 733 590 836 623; x_wconf 84' lang='lat' dir='ltr'>Patris</span> <span class='ocrx_word' id='word_1_47' title='bbox 854 589 892 623; x_wconf 85' lang='lat' dir='ltr'>ad</span> <span class='ocrx_word' id='word_1_48' title='bbox 920 589 1029 621; x_wconf 75' lang='lat' dir='ltr'>intima</span> <span class='ocrx_word' id='word_1_49' title='bbox 1054 588 1166 621; x_wconf 88' lang='lat' dir='ltr'>mundi</span> 
     </span>
     <span class='ocr_line' id='line_1_14' title="bbox 426 642 1166 685; baseline -0.007 -7"><span class='ocrx_word' id='word_1_50' title='bbox 426 645 630 678; x_wconf 78' lang='lat' dir='ltr'>descendens</span> <span class='ocrx_word' id='word_1_51' title='bbox 656 649 688 676; x_wconf 87' lang='lat' dir='ltr'>et</span> <span class='ocrx_word' id='word_1_52' title='bbox 723 643 857 676; x_wconf 84' lang='lat' dir='ltr'>sormam</span> <span class='ocrx_word' id='word_1_53' title='bbox 884 642 969 675; x_wconf 85' lang='lat' dir='ltr'>servi</span> <span class='ocrx_word' id='word_1_54' title='bbox 1000 642 1166 685; x_wconf 80' lang='lat' dir='ltr'>accipiens</span> 
     </span>
     <span class='ocr_line' id='line_1_15' title="bbox 426 695 1168 740; baseline -0.008 -8"><span class='ocrx_word' id='word_1_55' title='bbox 426 701 456 731; x_wconf 88' lang='lat' dir='ltr'>in</span> <span class='ocrx_word' id='word_1_56' title='bbox 484 701 538 731; x_wconf 78' lang='lat' dir='ltr'>ara</span> <span class='ocrx_word' id='word_1_57' title='bbox 563 698 672 731; x_wconf 85' lang='lat' dir='ltr'>Crucis</span> <span class='ocrx_word' id='word_1_58' title='bbox 700 708 758 740; x_wconf 88' lang='lat' dir='ltr'>pro</span> <span class='ocrx_word' id='word_1_59' title='bbox 786 695 919 728; x_wconf 83' lang='lat' dir='ltr'>humani</span> <span class='ocrx_word' id='word_1_60' title='bbox 953 695 1085 738; x_wconf 85' lang='lat' dir='ltr'>generis</span> <span class='ocrx_word' id='word_1_61' title='bbox 1117 704 1168 727; x_wconf 90' lang='lat' dir='ltr'>re-</span> 
     </span>
     <span class='ocr_line' id='line_1_16' title="bbox 426 748 1166 795; baseline -0.008 -10"><span class='ocrx_word' id='word_1_62' title='bbox 426 752 614 795; x_wconf 84' lang='lat' dir='ltr'>demptione</span> <span class='ocrx_word' id='word_1_63' title='bbox 663 749 936 794; x_wconf 85' lang='lat' dir='ltr'>pretiosissimum</span> <span class='ocrx_word' id='word_1_64' title='bbox 976 748 1166 791; x_wconf 77' lang='lat' dir='ltr'>sanguinem</span> 
     </span>
     <span class='ocr_line' id='line_1_17' title="bbox 426 801 1169 846; baseline -0.005 -9"><span class='ocrx_word' id='word_1_65' title='bbox 426 816 515 838; x_wconf 74' lang='lat' dir='ltr'>suum</span> <span class='ocrx_word' id='word_1_66' title='bbox 532 803 700 837; x_wconf 74' lang='lat' dir='ltr'>effundere</span> <span class='ocrx_word' id='word_1_67' title='bbox 716 801 866 846; x_wconf 80' lang='lat' dir='ltr'>dignatus</span> <span class='ocrx_word' id='word_1_68' title='bbox 885 808 942 842; x_wconf 88' lang='lat' dir='ltr'>est,</span> <span class='ocrx_word' id='word_1_69' title='bbox 961 802 1045 834; x_wconf 84' lang='lat' dir='ltr'>vices</span> <span class='ocrx_word' id='word_1_70' title='bbox 1059 811 1169 844; x_wconf 86' lang='lat' dir='ltr'>quam-</span> 
     </span>
     <span class='ocr_line' id='line_1_18' title="bbox 426 855 1169 902; baseline -0.005 -11"><span class='ocrx_word' id='word_1_71' title='bbox 426 870 520 902; x_wconf 83' lang='lat' dir='ltr'>quam</span> <span class='ocrx_word' id='word_1_72' title='bbox 548 857 700 890; x_wconf 87' lang='lat' dir='ltr'>immeriti</span> <span class='ocrx_word' id='word_1_73' title='bbox 727 861 879 900; x_wconf 78' lang='lat' dir='ltr'><strong>gerentes</strong></span> <span class='ocrx_word' id='word_1_74' title='bbox 897 856 928 888; x_wconf 91' lang='lat' dir='ltr'>in</span> <span class='ocrx_word' id='word_1_75' title='bbox 949 855 1053 896; x_wconf 84' lang='lat' dir='ltr'>terris,</span> <span class='ocrx_word' id='word_1_76' title='bbox 1075 855 1112 888; x_wconf 86' lang='lat' dir='ltr'>ad</span> <span class='ocrx_word' id='word_1_77' title='bbox 1132 866 1169 887; x_wconf 80' lang='lat' dir='ltr'>ea</span> 
     </span>
     <span class='ocr_line' id='line_1_19' title="bbox 427 908 1167 953; baseline -0.007 -8"><span class='ocrx_word' id='word_1_78' title='bbox 427 913 569 946; x_wconf 78' lang='lat' dir='ltr'>libenter</span> <span class='ocrx_word' id='word_1_79' title='bbox 594 910 803 950; x_wconf 69' lang='lat' dir='ltr'>intendimus,</span> <span class='ocrx_word' id='word_1_80' title='bbox 830 920 889 952; x_wconf 85' lang='lat' dir='ltr'>per</span> <span class='ocrx_word' id='word_1_81' title='bbox 915 919 997 953; x_wconf 77' lang='lat' dir='ltr'>quae</span> <span class='ocrx_word' id='word_1_82' title='bbox 1023 908 1167 942; x_wconf 81' lang='lat' dir='ltr'>fidelium</span> 
     </span>
     <span class='ocr_line' id='line_1_20' title="bbox 427 961 1168 1005; baseline -0.008 -6"><span class='ocrx_word' id='word_1_83' title='bbox 427 966 653 999; x_wconf 68' lang='lat' dir='ltr'>defunctorum</span> <span class='ocrx_word' id='word_1_84' title='bbox 692 964 828 1003; x_wconf 80' lang='lat' dir='ltr'>animae,</span> <span class='ocrx_word' id='word_1_85' title='bbox 867 963 930 996; x_wconf 87' lang='lat' dir='ltr'>hoc</span> <span class='ocrx_word' id='word_1_86' title='bbox 962 961 1168 1005; x_wconf 85' lang='lat' dir='ltr'>potissimum</span> 
     </span>
     <span class='ocr_line' id='line_1_21' title="bbox 429 1014 1167 1062; baseline -0.008 -10"><span class='ocrx_word' id='word_1_87' title='bbox 429 1026 587 1062; x_wconf 83' lang='lat' dir='ltr'>tempore,</span> <span class='ocrx_word' id='word_1_88' title='bbox 615 1017 809 1060; x_wconf 75' lang='lat' dir='ltr'>expiationis</span> <span class='ocrx_word' id='word_1_89' title='bbox 834 1017 961 1050; x_wconf 80' lang='lat' dir='ltr'>scilicet,</span> <span class='ocrx_word' id='word_1_90' title='bbox 986 1021 1018 1048; x_wconf 88' lang='lat' dir='ltr'>et</span> <span class='ocrx_word' id='word_1_91' title='bbox 1042 1014 1167 1055; x_wconf 84' lang='lat' dir='ltr'>veniae,</span> 
     </span>
     <span class='ocr_line' id='line_1_22' title="bbox 427 1068 1168 1113; baseline -0.005 -8"><span class='ocrx_word' id='word_1_92' title='bbox 427 1072 630 1106; x_wconf 67' lang='lat' dir='ltr'>remissionis</span> <span class='ocrx_word' id='word_1_93' title='bbox 658 1076 689 1104; x_wconf 89' lang='lat' dir='ltr'>et</span> <span class='ocrx_word' id='word_1_94' title='bbox 713 1070 848 1113; x_wconf 78' lang='lat' dir='ltr'>gratiae,</span> <span class='ocrx_word' id='word_1_95' title='bbox 872 1069 1019 1103; x_wconf 83' lang='lat' dir='ltr'>eiusdem</span> <span class='ocrx_word' id='word_1_96' title='bbox 1045 1068 1168 1102; x_wconf 89' lang='lat' dir='ltr'>domini</span> 
     </span>
     <span class='ocr_line' id='line_1_23' title="bbox 428 1123 1168 1167; baseline -0.007 -8"><span class='ocrx_word' id='word_1_97' title='bbox 428 1126 531 1159; x_wconf 83' lang='lat' dir='ltr'>nostri</span> <span class='ocrx_word' id='word_1_98' title='bbox 557 1126 627 1158; x_wconf 79' lang='lat' dir='ltr'>Iesu</span> <span class='ocrx_word' id='word_1_99' title='bbox 653 1124 771 1158; x_wconf 79' lang='lat' dir='ltr'>Christi</span> <span class='ocrx_word' id='word_1_100' title='bbox 808 1124 944 1167; x_wconf 82' lang='lat' dir='ltr'>eiusque</span> <span class='ocrx_word' id='word_1_101' title='bbox 977 1123 1168 1156; x_wconf 83' lang='lat' dir='ltr'>Sanctorum</span> 
     </span>
     <span class='ocr_line' id='line_1_24' title="bbox 428 1176 1167 1222; baseline -0.007 -10"><span class='ocrx_word' id='word_1_102' title='bbox 428 1179 578 1222; x_wconf 74' lang='lat' dir='ltr'>suffi&#39;agia</span> <span class='ocrx_word' id='word_1_103' title='bbox 611 1177 805 1211; x_wconf 88' lang='lat' dir='ltr'>meritorum</span> <span class='ocrx_word' id='word_1_104' title='bbox 844 1176 974 1209; x_wconf 85' lang='lat' dir='ltr'>uberius</span> <span class='ocrx_word' id='word_1_105' title='bbox 1000 1176 1167 1221; x_wconf 67' lang='lat' dir='ltr'>consequi,</span> 
     </span>
     <span class='ocr_line' id='line_1_25' title="bbox 428 1230 1168 1275; baseline -0.005 -9"><span class='ocrx_word' id='word_1_106' title='bbox 428 1240 458 1267; x_wconf 88' lang='lat' dir='ltr'>et</span> <span class='ocrx_word' id='word_1_107' title='bbox 492 1233 554 1266; x_wconf 92' lang='lat' dir='ltr'>illis</span> <span class='ocrx_word' id='word_1_108' title='bbox 580 1232 707 1265; x_wconf 81' lang='lat' dir='ltr'>adiutae</span> <span class='ocrx_word' id='word_1_109' title='bbox 731 1242 766 1264; x_wconf 78' lang='lat' dir='ltr'>ex</span> <span class='ocrx_word' id='word_1_110' title='bbox 788 1231 972 1275; x_wconf 78' lang='lat' dir='ltr'>purgatorii</span> <span class='ocrx_word' id='word_1_111' title='bbox 994 1231 1108 1273; x_wconf 88' lang='lat' dir='ltr'>poenis</span> <span class='ocrx_word' id='word_1_112' title='bbox 1130 1230 1168 1262; x_wconf 82' lang='lat' dir='ltr'>ad</span> 
     </span>
     <span class='ocr_line' id='line_1_26' title="bbox 429 1283 1168 1328; baseline -0.004 -9"><span class='ocrx_word' id='word_1_113' title='bbox 429 1292 594 1320; x_wconf 84' lang='lat' dir='ltr'>aeternam</span> <span class='ocrx_word' id='word_1_114' title='bbox 613 1286 750 1318; x_wconf 86' lang='lat' dir='ltr'>salutem</span> <span class='ocrx_word' id='word_1_115' title='bbox 766 1295 824 1328; x_wconf 91' lang='lat' dir='ltr'>per</span> <span class='ocrx_word' id='word_1_116' title='bbox 839 1284 893 1317; x_wconf 89' lang='lat' dir='ltr'>Dei</span> <span class='ocrx_word' id='word_1_117' title='bbox 910 1283 1168 1317; x_wconf 81' lang='lat' dir='ltr'>misericordiam</span> 
     </span>
     <span class='ocr_line' id='line_1_27' title="bbox 428 1339 733 1383; baseline -0.01 -10"><span class='ocrx_word' id='word_1_118' title='bbox 428 1340 564 1383; x_wconf 76' lang='lat' dir='ltr'>perduci</span> <span class='ocrx_word' id='word_1_119' title='bbox 592 1339 733 1371; x_wconf 84' lang='lat' dir='ltr'>valeant.</span> 
     </span>
     <span class='ocr_line' id='line_1_28' title="bbox 473 1391 1171 1436; baseline -0.001 -12"><span class='ocrx_word' id='word_1_120' title='bbox 473 1393 488 1436; x_wconf 65' lang='grc' dir='ltr'>ξ</span> <span class='ocrx_word' id='word_1_121' title='bbox 513 1392 543 1424; x_wconf 84' lang='lat' dir='ltr'>t.</span> <span class='ocrx_word' id='word_1_122' title='bbox 572 1391 647 1424; x_wconf 88' lang='lat' dir='ltr'>Cum</span> <span class='ocrx_word' id='word_1_123' title='bbox 674 1392 782 1435; x_wconf 81' lang='lat' dir='ltr'>itaque</span> <span class='ocrx_word' id='word_1_124' title='bbox 809 1402 867 1424; x_wconf 88' lang='lat' dir='ltr'>nos</span> <span class='ocrx_word' id='word_1_125' title='bbox 886 1391 1057 1424; x_wconf 82' lang='lat' dir='ltr'>occasione</span> <span class='ocrx_word' id='word_1_126' title='bbox 1080 1401 1171 1434; x_wconf 81' lang='lat' dir='ltr'>prae-</span> 
     </span>
    </p>
   </div>
   <div class='ocr_carea' id='block_1_7' title="bbox 432 1552 1201 2397">
    <p class='ocr_par' dir='ltr' id='par_1_8' title="bbox 432 1552 1201 2397">
     <span class='ocr_line' id='line_1_29' title="bbox 433 1552 1173 1596; baseline 0 -12"><span class='ocrx_word' id='word_1_127' title='bbox 433 1553 681 1596; x_wconf 84' lang='lat' dir='ltr'>quomodolibet</span> <span class='ocrx_word' id='word_1_128' title='bbox 706 1563 888 1592; x_wconf 84' lang='lat' dir='ltr'>concessas,</span> <span class='ocrx_word' id='word_1_129' title='bbox 909 1552 994 1585; x_wconf 86' lang='lat' dir='ltr'>dicto</span> <span class='ocrx_word' id='word_1_130' title='bbox 1012 1562 1099 1585; x_wconf 78' lang='lat' dir='ltr'>anno</span> <span class='ocrx_word' id='word_1_131' title='bbox 1121 1552 1173 1584; x_wconf 87' lang='lat' dir='ltr'>du-</span> 
     </span>
     <span class='ocr_line' id='line_1_30' title="bbox 434 1605 1174 1646; baseline -0.003 -8"><span class='ocrx_word' id='word_1_132' title='bbox 434 1611 535 1646; x_wconf 86' lang='lat' dir='ltr'>rante,</span> <span class='ocrx_word' id='word_1_133' title='bbox 560 1606 618 1638; x_wconf 87' lang='lat' dir='ltr'>sub</span> <span class='ocrx_word' id='word_1_134' title='bbox 644 1606 741 1638; x_wconf 86' lang='lat' dir='ltr'>certis</span> <span class='ocrx_word' id='word_1_135' title='bbox 768 1606 865 1638; x_wconf 89' lang='lat' dir='ltr'>modo</span> <span class='ocrx_word' id='word_1_136' title='bbox 891 1610 922 1637; x_wconf 88' lang='lat' dir='ltr'>et</span> <span class='ocrx_word' id='word_1_137' title='bbox 958 1605 1060 1637; x_wconf 74' lang='lat' dir='ltr'>forma</span> <span class='ocrx_word' id='word_1_138' title='bbox 1099 1610 1174 1637; x_wconf 88' lang='lat' dir='ltr'>tunc</span> 
     </span>
     <span class='ocr_line' id='line_1_31' title="bbox 433 1658 1176 1703; baseline -0.001 -12"><span class='ocrx_word' id='word_1_139' title='bbox 433 1658 606 1703; x_wconf 76' lang='lat' dir='ltr'>expressis,</span> <span class='ocrx_word' id='word_1_140' title='bbox 631 1668 688 1702; x_wconf 91' lang='lat' dir='ltr'>per</span> <span class='ocrx_word' id='word_1_141' title='bbox 706 1663 832 1691; x_wconf 82' lang='lat' dir='ltr'>nostras</span> <span class='ocrx_word' id='word_1_142' title='bbox 852 1658 909 1691; x_wconf 82' lang='lat' dir='ltr'>sub</span> <span class='ocrx_word' id='word_1_143' title='bbox 929 1659 1062 1702; x_wconf 89' lang='lat' dir='ltr'>plumbo</span> <span class='ocrx_word' id='word_1_144' title='bbox 1081 1668 1176 1701; x_wconf 83' lang='lat' dir='ltr'>expe-</span> 
     </span>
     <span class='ocr_line' id='line_1_32' title="bbox 432 1711 1175 1755; baseline -0.001 -10"><span class='ocrx_word' id='word_1_145' title='bbox 432 1713 516 1745; x_wconf 81' lang='lat' dir='ltr'>ditas</span> <span class='ocrx_word' id='word_1_146' title='bbox 535 1712 659 1745; x_wconf 87' lang='lat' dir='ltr'>litteras</span> <span class='ocrx_word' id='word_1_147' title='bbox 675 1711 960 1755; x_wconf 86' lang='lat' dir='ltr'>suspenderimus,</span> <span class='ocrx_word' id='word_1_148' title='bbox 979 1722 1015 1745; x_wconf 88' lang='lat' dir='ltr'>ac</span> <span class='ocrx_word' id='word_1_149' title='bbox 1033 1716 1175 1755; x_wconf 81' lang='lat' dir='ltr'>postmo-</span> 
     </span>
     <span class='ocr_line' id='line_1_33' title="bbox 433 1764 1173 1808; baseline -0.001 -10"><span class='ocrx_word' id='word_1_150' title='bbox 433 1765 506 1798; x_wconf 88' lang='lat' dir='ltr'>dum</span> <span class='ocrx_word' id='word_1_151' title='bbox 522 1765 581 1797; x_wconf 86' lang='lat' dir='ltr'>sub</span> <span class='ocrx_word' id='word_1_152' title='bbox 597 1766 741 1807; x_wconf 82' lang='lat' dir='ltr'>generali</span> <span class='ocrx_word' id='word_1_153' title='bbox 758 1764 973 1808; x_wconf 78' lang='lat' dir='ltr'>suspensione</span> <span class='ocrx_word' id='word_1_154' title='bbox 989 1764 1173 1797; x_wconf 84' lang='lat' dir='ltr'>huiusmodi</span> 
     </span>
     <span class='ocr_line' id='line_1_34' title="bbox 432 1818 1175 1863; baseline -0.001 -12"><span class='ocrx_word' id='word_1_155' title='bbox 432 1829 539 1863; x_wconf 87' lang='lat' dir='ltr'>neque</span> <span class='ocrx_word' id='word_1_156' title='bbox 566 1819 788 1861; x_wconf 74' lang='lat' dir='ltr'>indulgentias</span> <span class='ocrx_word' id='word_1_157' title='bbox 814 1818 962 1851; x_wconf 80' lang='lat' dir='ltr'>altarium</span> <span class='ocrx_word' id='word_1_158' title='bbox 990 1818 1175 1862; x_wconf 63' lang='lat' dir='ltr'>privilegia-</span> 
     </span>
     <span class='ocr_line' id='line_1_35' title="bbox 434 1871 1175 1915; baseline 0.001 -12"><span class='ocrx_word' id='word_1_159' title='bbox 434 1878 539 1905; x_wconf 89' lang='lat' dir='ltr'>torum</span> <span class='ocrx_word' id='word_1_160' title='bbox 565 1882 624 1915; x_wconf 87' lang='lat' dir='ltr'>pro</span> <span class='ocrx_word' id='word_1_161' title='bbox 651 1871 801 1905; x_wconf 78' lang='lat' dir='ltr'>fidelibus</span> <span class='ocrx_word' id='word_1_162' title='bbox 819 1871 987 1912; x_wconf 77' lang='lat' dir='ltr'>defunctis,</span> <span class='ocrx_word' id='word_1_163' title='bbox 1014 1882 1073 1905; x_wconf 89' lang='lat' dir='ltr'>nec</span> <span class='ocrx_word' id='word_1_164' title='bbox 1098 1871 1175 1904; x_wconf 86' lang='lat' dir='ltr'>alias</span> 
     </span>
     <span class='ocr_line' id='line_1_36' title="bbox 434 1925 1176 1969; baseline 0 -11"><span class='ocrx_word' id='word_1_165' title='bbox 434 1936 657 1969; x_wconf 83' lang='lat' dir='ltr'>quascumque</span> <span class='ocrx_word' id='word_1_166' title='bbox 679 1926 796 1958; x_wconf 81' lang='lat' dir='ltr'>eodem</span> <span class='ocrx_word' id='word_1_167' title='bbox 814 1926 913 1958; x_wconf 86' lang='lat' dir='ltr'>modo</span> <span class='ocrx_word' id='word_1_168' title='bbox 932 1935 992 1968; x_wconf 83' lang='lat' dir='ltr'>pro</span> <span class='ocrx_word' id='word_1_169' title='bbox 1018 1925 1096 1958; x_wconf 85' lang='lat' dir='ltr'>solis</span> <span class='ocrx_word' id='word_1_170' title='bbox 1124 1925 1176 1958; x_wconf 83' lang='lat' dir='ltr'>de-</span> 
     </span>
     <span class='ocr_line' id='line_1_37' title="bbox 435 1978 1174 2022; baseline -0.001 -11"><span class='ocrx_word' id='word_1_171' title='bbox 435 1978 550 2012; x_wconf 79' lang='lat' dir='ltr'>functis</span> <span class='ocrx_word' id='word_1_172' title='bbox 576 1989 746 2011; x_wconf 76' lang='lat' dir='ltr'>concessas</span> <span class='ocrx_word' id='word_1_173' title='bbox 772 1978 896 2019; x_wconf 81' lang='lat' dir='ltr'>venire,</span> <span class='ocrx_word' id='word_1_174' title='bbox 921 1979 978 2011; x_wconf 86' lang='lat' dir='ltr'>sed</span> <span class='ocrx_word' id='word_1_175' title='bbox 1005 1989 1085 2022; x_wconf 76' lang='lat' dir='ltr'>(pias</span> <span class='ocrx_word' id='word_1_176' title='bbox 1116 1978 1174 2011; x_wconf 74' lang='lat' dir='ltr'>riri</span> 
     </span>
     <span class='ocr_line' id='line_1_38' title="bbox 433 2032 1176 2075; baseline 0 -11"><span class='ocrx_word' id='word_1_177' title='bbox 433 2032 492 2064; x_wconf 89' lang='lat' dir='ltr'>sibi</span> <span class='ocrx_word' id='word_1_178' title='bbox 521 2033 637 2065; x_wconf 84' lang='lat' dir='ltr'>lucrari</span> <span class='ocrx_word' id='word_1_179' title='bbox 665 2037 800 2075; x_wconf 88' lang='lat' dir='ltr'>possent</span> <span class='ocrx_word' id='word_1_180' title='bbox 830 2042 901 2065; x_wconf 88' lang='lat' dir='ltr'>cum</span> <span class='ocrx_word' id='word_1_181' title='bbox 928 2032 1079 2065; x_wconf 78' lang='lat' dir='ltr'>facultate</span> <span class='ocrx_word' id='word_1_182' title='bbox 1105 2032 1176 2065; x_wconf 86' lang='lat' dir='ltr'>illas</span> 
     </span>
     <span class='ocr_line' id='line_1_39' title="bbox 433 2085 1175 2129; baseline -0.001 -11"><span class='ocrx_word' id='word_1_183' title='bbox 433 2096 492 2128; x_wconf 91' lang='lat' dir='ltr'>per</span> <span class='ocrx_word' id='word_1_184' title='bbox 516 2086 647 2118; x_wconf 90' lang='lat' dir='ltr'>modum</span> <span class='ocrx_word' id='word_1_185' title='bbox 674 2085 817 2128; x_wconf 76' lang='lat' dir='ltr'>suffragii</span> <span class='ocrx_word' id='word_1_186' title='bbox 839 2085 1008 2118; x_wconf 78' lang='lat' dir='ltr'>animabus</span> <span class='ocrx_word' id='word_1_187' title='bbox 1029 2085 1175 2129; x_wconf 89' lang='lat' dir='ltr'>ipsorum</span> 
     </span>
     <span class='ocr_line' id='line_1_40' title="bbox 434 2138 1175 2182; baseline -0.001 -10"><span class='ocrx_word' id='word_1_188' title='bbox 434 2140 658 2172; x_wconf 75' lang='lat' dir='ltr'>defunctorum</span> <span class='ocrx_word' id='word_1_189' title='bbox 684 2139 717 2171; x_wconf 86' lang='lat' dir='ltr'>in</span> <span class='ocrx_word' id='word_1_190' title='bbox 743 2138 930 2182; x_wconf 80' lang='lat' dir='ltr'>purgatorio</span> <span class='ocrx_word' id='word_1_191' title='bbox 962 2138 1175 2172; x_wconf 71' lang='lat' dir='ltr'>existentibus</span> 
     </span>
     <span class='ocr_line' id='line_1_41' title="bbox 434 2191 1177 2236; baseline 0.001 -12"><span class='ocrx_word' id='word_1_192' title='bbox 434 2192 620 2236; x_wconf 82' lang='lat' dir='ltr'>applicandi</span> <span class='ocrx_word' id='word_1_193' title='bbox 640 2192 897 2235; x_wconf 85' lang='lat' dir='ltr'>comprehensas</span> <span class='ocrx_word' id='word_1_194' title='bbox 916 2202 997 2232; x_wconf 89' lang='lat' dir='ltr'>esse,</span> <span class='ocrx_word' id='word_1_195' title='bbox 1014 2191 1099 2224; x_wconf 91' lang='lat' dir='ltr'>inter</span> <span class='ocrx_word' id='word_1_196' title='bbox 1115 2192 1177 2225; x_wconf 81' lang='lat' dir='ltr'>alia</span> 
     </span>
     <span class='ocr_line' id='line_1_42' title="bbox 435 2246 1178 2290; baseline -0.001 -11"><span class='ocrx_word' id='word_1_197' title='bbox 435 2246 724 2286; x_wconf 77' lang='lat' dir='ltr'>declaraverimus,</span> <span class='ocrx_word' id='word_1_198' title='bbox 752 2251 850 2290; x_wconf 89' lang='lat' dir='ltr'>prout</span> <span class='ocrx_word' id='word_1_199' title='bbox 882 2246 912 2278; x_wconf 93' lang='lat' dir='ltr'>in</span> <span class='ocrx_word' id='word_1_200' title='bbox 939 2246 1057 2279; x_wconf 86' lang='lat' dir='ltr'>nostris</span> <span class='ocrx_word' id='word_1_201' title='bbox 1082 2246 1178 2279; x_wconf 86' lang='lat' dir='ltr'>desu—</span> 
     </span>
     <span class='ocr_line' id='line_1_43' title="bbox 435 2298 1177 2342; baseline -0.003 -10"><span class='ocrx_word' id='word_1_202' title='bbox 435 2309 494 2342; x_wconf 88' lang='lat' dir='ltr'>per</span> <span class='ocrx_word' id='word_1_203' title='bbox 518 2299 549 2331; x_wconf 92' lang='lat' dir='ltr'>in</span> <span class='ocrx_word' id='word_1_204' title='bbox 576 2299 673 2332; x_wconf 86' lang='lat' dir='ltr'>simili</span> <span class='ocrx_word' id='word_1_205' title='bbox 693 2300 794 2332; x_wconf 73' lang='lat' dir='ltr'>forma</span> <span class='ocrx_word' id='word_1_206' title='bbox 815 2299 926 2332; x_wconf 87' lang='lat' dir='ltr'>Brevis</span> <span class='ocrx_word' id='word_1_207' title='bbox 943 2299 995 2332; x_wconf 88' lang='lat' dir='ltr'>die</span> <span class='ocrx_word' id='word_1_208' title='bbox 1016 2309 1038 2332; x_wconf 84' lang='lat'>11</span> <span class='ocrx_word' id='word_1_209' title='bbox 1058 2298 1177 2331; x_wconf 86' lang='lat' dir='ltr'>mensis</span> 
     </span>
     <span class='ocr_line' id='line_1_44' title="bbox 435 2342 1201 2397; baseline 0 -12"><span class='ocrx_word' id='word_1_210' title='bbox 435 2353 539 2386; x_wconf 86' lang='lat' dir='ltr'>martii</span> <span class='ocrx_word' id='word_1_211' title='bbox 567 2354 715 2397; x_wconf 81' lang='lat' dir='ltr'>proxime</span> <span class='ocrx_word' id='word_1_212' title='bbox 741 2353 910 2397; x_wconf 83' lang='lat' dir='ltr'>praeteriti</span> <span class='ocrx_word' id='word_1_213' title='bbox 936 2353 1093 2387; x_wconf 82' lang='lat' dir='ltr'>consectis</span> <span class='ocrx_word' id='word_1_214' title='bbox 1127 2342 1201 2386; x_wconf 74' lang='lat' dir='ltr'>tit-&#39;</span> 
     </span>
    </p>
   </div>
   <div class='ocr_carea' id='block_1_8' title="bbox 436 2449 1180 2664">
    <p class='ocr_par' dir='ltr' id='par_1_9' title="bbox 436 2449 1180 2664">
     <span class='ocr_line' id='line_1_45' title="bbox 474 2449 1177 2485; baseline -0.001 -8"><span class='ocrx_word' id='word_1_215' title='bbox 474 2452 483 2477; x_wconf 80' lang='lat' dir='ltr'>t</span> <span class='ocrx_word' id='word_1_216' title='bbox 517 2449 591 2476; x_wconf 65' lang='lat' dir='ltr'>Dicta</span> <span class='ocrx_word' id='word_1_217' title='bbox 620 2450 763 2485; x_wconf 81' lang='lat' dir='ltr'>suspensio</span> <span class='ocrx_word' id='word_1_218' title='bbox 794 2451 864 2477; x_wconf 82' lang='lat' dir='ltr'>facta</span> <span class='ocrx_word' id='word_1_219' title='bbox 892 2450 943 2477; x_wconf 81' lang='lat' dir='ltr'>fuit</span> <span class='ocrx_word' id='word_1_220' title='bbox 971 2450 1081 2477; x_wconf 80' lang='lat' dir='ltr'>constit.</span> <span class='ocrx_word' id='word_1_221' title='bbox 1112 2449 1177 2476; x_wconf 82' lang='lat' dir='ltr'>edit.</span> 
     </span>
     <span class='ocr_line' id='line_1_46' title="bbox 436 2494 1177 2530; baseline 0 -9"><span class='ocrx_word' id='word_1_222' title='bbox 436 2502 580 2526; x_wconf 72' lang='lat' dir='ltr'>srnccxxw,</span> <span class='ocrx_word' id='word_1_223' title='bbox 601 2494 644 2520; x_wconf 79' lang='lat' dir='ltr'>die</span> <span class='ocrx_word' id='word_1_224' title='bbox 664 2496 679 2520; x_wconf 84' lang='grc'>6</span> <span class='ocrx_word' id='word_1_225' title='bbox 701 2495 767 2526; x_wconf 77' lang='lat' dir='ltr'>iulii,</span> <span class='ocrx_word' id='word_1_226' title='bbox 790 2496 930 2530; x_wconf 79' lang='lat' dir='ltr'>pontit.1;</span> <span class='ocrx_word' id='word_1_227' title='bbox 953 2499 979 2522; x_wconf 86' lang='lat' dir='ltr'>et</span> <span class='ocrx_word' id='word_1_228' title='bbox 1003 2498 1089 2522; x_wconf 80' lang='lat' dir='ltr'>const.</span> <span class='ocrx_word' id='word_1_229' title='bbox 1113 2494 1177 2522; x_wconf 85' lang='lat' dir='ltr'>edit.</span> 
     </span>
     <span class='ocr_line' id='line_1_47' title="bbox 436 2539 1180 2574; baseline 0 -8"><span class='ocrx_word' id='word_1_230' title='bbox 436 2546 573 2571; x_wconf 59' lang='lat' dir='ltr'>mnucxxv,</span> <span class='ocrx_word' id='word_1_231' title='bbox 605 2540 647 2565; x_wconf 77' lang='lat' dir='ltr'>‹lie</span> <span class='ocrx_word' id='word_1_232' title='bbox 675 2539 690 2565; x_wconf 70' lang='lat'>2</span> <span class='ocrx_word' id='word_1_233' title='bbox 719 2540 819 2571; x_wconf 83' lang='lat' dir='ltr'>martii,</span> <span class='ocrx_word' id='word_1_234' title='bbox 850 2540 947 2574; x_wconf 80' lang='lat' dir='ltr'>pontif.</span> <span class='ocrx_word' id='word_1_235' title='bbox 977 2546 994 2573; x_wconf 86' lang='lat'>1,</span> <span class='ocrx_word' id='word_1_236' title='bbox 1024 2539 1180 2566; x_wconf 74' lang='lat' dir='ltr'>declaratur</span> 
     </span>
     <span class='ocr_line' id='line_1_48' title="bbox 437 2583 1178 2619; baseline 0 -10"><span class='ocrx_word' id='word_1_237' title='bbox 437 2584 568 2619; x_wconf 76' lang='lat' dir='ltr'>quasdam</span> <span class='ocrx_word' id='word_1_238' title='bbox 585 2583 770 2617; x_wconf 77' lang='lat' dir='ltr'>indulgentias</span> <span class='ocrx_word' id='word_1_239' title='bbox 791 2583 817 2609; x_wconf 91' lang='lat' dir='ltr'>in</span> <span class='ocrx_word' id='word_1_240' title='bbox 838 2583 907 2610; x_wconf 67' lang='lat' dir='ltr'>dict-„t</span> <span class='ocrx_word' id='word_1_241' title='bbox 928 2584 1106 2619; x_wconf 67' lang='lat' dir='ltr'>suspensione</span> <span class='ocrx_word' id='word_1_242' title='bbox 1127 2592 1178 2611; x_wconf 90' lang='lat' dir='ltr'>non</span> 
     </span>
     <span class='ocr_line' id='line_1_49' title="bbox 438 2628 642 2664; baseline -0.005 -8"><span class='ocrx_word' id='word_1_243' title='bbox 438 2628 642 2664; x_wconf 82' lang='lat' dir='ltr'>comprehendi.</span> 
     </span>
    </p>
   </div>
   <div class='ocr_carea' id='block_1_9' title="bbox 1185 267 1204 2624">
    <p class='ocr_par' dir='ltr' id='par_1_10' title="bbox 1185 267 1204 2624">
     <span class='ocr_line' id='line_1_50' title="bbox 1185 267 1204 2624; baseline 0 0"><span class='ocrx_word' id='word_1_244' title='bbox 1185 267 1204 2624; x_wconf 95' lang='lat' dir='ltr'> </span> 
     </span>
    </p>
   </div>
   <div class='ocr_carea' id='block_1_10' title="bbox 1216 215 1371 239">
    <p class='ocr_par' dir='ltr' id='par_1_11' title="bbox 1216 215 1371 239">
     <span class='ocr_line' id='line_1_51' title="bbox 1216 215 1371 239; baseline -0.006 0"><span class='ocrx_word' id='word_1_245' title='bbox 1216 215 1371 239; x_wconf 69' lang='lat' dir='ltr'>ROMANUM</span> 
     </span>
    </p>
   </div>
   <div class='ocr_carea' id='block_1_11' title="bbox 1208 261 2148 2282">
    <p class='ocr_par' dir='ltr' id='par_1_12' title="bbox 1208 261 1953 468">
     <span class='ocr_line' id='line_1_52' title="bbox 1208 261 1951 307; baseline -0.001 -11"><span class='ocrx_word' id='word_1_246' title='bbox 1208 263 1297 304; x_wconf 89' lang='lat' dir='ltr'>teris,</span> <span class='ocrx_word' id='word_1_247' title='bbox 1326 272 1460 307; x_wconf 84' lang='lat' dir='ltr'>quarum</span> <span class='ocrx_word' id='word_1_248' title='bbox 1483 266 1628 296; x_wconf 88' lang='lat' dir='ltr'>tenorem</span> <span class='ocrx_word' id='word_1_249' title='bbox 1647 261 1872 306; x_wconf 79' lang='lat' dir='ltr'>praesentibus</span> <span class='ocrx_word' id='word_1_250' title='bbox 1891 272 1951 305; x_wconf 84' lang='lat' dir='ltr'>pro</span> 
     </span>
     <span class='ocr_line' id='line_1_53' title="bbox 1209 315 1951 360; baseline -0.003 -10"><span class='ocrx_word' id='word_1_251' title='bbox 1209 318 1304 360; x_wconf 87' lang='lat' dir='ltr'>plene</span> <span class='ocrx_word' id='word_1_252' title='bbox 1346 321 1377 350; x_wconf 89' lang='lat' dir='ltr'>et</span> <span class='ocrx_word' id='word_1_253' title='bbox 1416 315 1613 349; x_wconf 81' lang='lat' dir='ltr'>sufficienter</span> <span class='ocrx_word' id='word_1_254' title='bbox 1649 326 1802 359; x_wconf 81' lang='lat' dir='ltr'>expresso</span> <span class='ocrx_word' id='word_1_255' title='bbox 1840 326 1876 348; x_wconf 84' lang='lat' dir='ltr'>ac</span> <span class='ocrx_word' id='word_1_256' title='bbox 1913 315 1951 348; x_wconf 88' lang='lat' dir='ltr'>de</span> 
     </span>
     <span class='ocr_line' id='line_1_54' title="bbox 1209 369 1953 404; baseline -0.001 -1"><span class='ocrx_word' id='word_1_257' title='bbox 1209 371 1309 404; x_wconf 86' lang='lat' dir='ltr'>verbo</span> <span class='ocrx_word' id='word_1_258' title='bbox 1335 370 1373 404; x_wconf 83' lang='lat' dir='ltr'>ad</span> <span class='ocrx_word' id='word_1_259' title='bbox 1399 370 1534 404; x_wconf 86' lang='lat' dir='ltr'>verbum</span> <span class='ocrx_word' id='word_1_260' title='bbox 1572 370 1692 404; x_wconf 88' lang='lat' dir='ltr'>inserto</span> <span class='ocrx_word' id='word_1_261' title='bbox 1724 369 1837 403; x_wconf 83' lang='lat' dir='ltr'>haberi</span> <span class='ocrx_word' id='word_1_262' title='bbox 1863 371 1953 403; x_wconf 87' lang='lat' dir='ltr'>volu-</span> 
     </span>
     <span class='ocr_line' id='line_1_55' title="bbox 1210 423 1672 468; baseline -0.002 -11"><span class='ocrx_word' id='word_1_263' title='bbox 1210 435 1289 465; x_wconf 83' lang='lat' dir='ltr'>mus,</span> <span class='ocrx_word' id='word_1_264' title='bbox 1316 424 1445 468; x_wconf 85' lang='lat' dir='ltr'>plenius</span> <span class='ocrx_word' id='word_1_265' title='bbox 1472 423 1672 457; x_wconf 82' lang='lat' dir='ltr'>continetur.</span> 
     </span>
    </p>

    <p class='ocr_par' dir='ltr' id='par_1_13' title="bbox 1211 476 1962 1747">
     <span class='ocr_line' id='line_1_56' title="bbox 1255 476 1950 521; baseline -0.003 -11"><span class='ocrx_word' id='word_1_266' title='bbox 1255 477 1325 521; x_wconf 55' lang='lat' dir='ltr'>§Q</span> <span class='ocrx_word' id='word_1_267' title='bbox 1365 477 1454 510; x_wconf 89' lang='lat' dir='ltr'>Nunc</span> <span class='ocrx_word' id='word_1_268' title='bbox 1489 487 1566 510; x_wconf 89' lang='lat' dir='ltr'>vero</span> <span class='ocrx_word' id='word_1_269' title='bbox 1604 476 1751 510; x_wconf 81' lang='lat' dir='ltr'>fidelium</span> <span class='ocrx_word' id='word_1_270' title='bbox 1789 476 1950 510; x_wconf 82' lang='lat' dir='ltr'>devotioni</span> 
     </span>
     <span class='ocr_line' id='line_1_57' title="bbox 1211 530 1952 574; baseline 0 -11"><span class='ocrx_word' id='word_1_271' title='bbox 1211 531 1459 574; x_wconf 85' lang='lat' dir='ltr'>animarumque</span> <span class='ocrx_word' id='word_1_272' title='bbox 1492 531 1683 564; x_wconf 87' lang='lat' dir='ltr'>eorumdem</span> <span class='ocrx_word' id='word_1_273' title='bbox 1721 530 1952 563; x_wconf 81' lang='lat' dir='ltr'>defunctorum</span> 
     </span>
     <span class='ocr_line' id='line_1_58' title="bbox 1212 582 1954 627; baseline 0 -11"><span class='ocrx_word' id='word_1_274' title='bbox 1212 584 1384 626; x_wconf 74' lang='lat' dir='ltr'>refrigerio</span> <span class='ocrx_word' id='word_1_275' title='bbox 1409 584 1611 627; x_wconf 80' lang='lat' dir='ltr'>peramplius</span> <span class='ocrx_word' id='word_1_276' title='bbox 1630 584 1802 616; x_wconf 86' lang='lat' dir='ltr'>consulere</span> <span class='ocrx_word' id='word_1_277' title='bbox 1825 582 1954 626; x_wconf 88' lang='lat' dir='ltr'>cupien-</span> 
     </span>
     <span class='ocr_line' id='line_1_59' title="bbox 1213 635 1955 676; baseline -0.003 -7"><span class='ocrx_word' id='word_1_278' title='bbox 1213 642 1269 676; x_wconf 88' lang='lat' dir='ltr'>tes,</span> <span class='ocrx_word' id='word_1_279' title='bbox 1306 647 1341 670; x_wconf 86' lang='lat' dir='ltr'>ac</span> <span class='ocrx_word' id='word_1_280' title='bbox 1379 637 1634 670; x_wconf 82' lang='lat' dir='ltr'>declarationem</span> <span class='ocrx_word' id='word_1_281' title='bbox 1673 647 1689 669; x_wconf 87' lang='lat' dir='ltr'>a</span> <span class='ocrx_word' id='word_1_282' title='bbox 1726 635 1830 676; x_wconf 87' lang='lat' dir='ltr'>nobis,</span> <span class='ocrx_word' id='word_1_283' title='bbox 1870 635 1955 669; x_wconf 82' lang='lat' dir='ltr'>sic-nt</span> 
     </span>
     <span class='ocr_line' id='line_1_60' title="bbox 1212 689 1954 732; baseline 0 -11"><span class='ocrx_word' id='word_1_284' title='bbox 1212 690 1440 732; x_wconf 86' lang='lat' dir='ltr'>praemittitur,</span> <span class='ocrx_word' id='word_1_285' title='bbox 1468 690 1587 723; x_wconf 82' lang='lat' dir='ltr'>editam</span> <span class='ocrx_word' id='word_1_286' title='bbox 1615 689 1810 732; x_wconf 85' lang='lat' dir='ltr'>ampliantes</span> <span class='ocrx_word' id='word_1_287' title='bbox 1836 694 1867 722; x_wconf 86' lang='lat' dir='ltr'>et</span> <span class='ocrx_word' id='word_1_288' title='bbox 1901 699 1954 721; x_wconf 86' lang='lat' dir='ltr'>ex-</span> 
     </span>
     <span class='ocr_line' id='line_1_61' title="bbox 1213 741 1955 785; baseline 0 -11"><span class='ocrx_word' id='word_1_289' title='bbox 1213 742 1395 783; x_wconf 83' lang='lat' dir='ltr'>tendentes,</span> <span class='ocrx_word' id='word_1_290' title='bbox 1421 743 1572 776; x_wconf 87' lang='lat' dir='ltr'>omnihus</span> <span class='ocrx_word' id='word_1_291' title='bbox 1598 747 1630 776; x_wconf 86' lang='lat' dir='ltr'>et</span> <span class='ocrx_word' id='word_1_292' title='bbox 1662 742 1799 785; x_wconf 82' lang='lat' dir='ltr'>singulis</span> <span class='ocrx_word' id='word_1_293' title='bbox 1825 741 1955 775; x_wconf 87' lang='lat' dir='ltr'>christi-</span> 
     </span>
     <span class='ocr_line' id='line_1_62' title="bbox 1212 795 1954 839; baseline 0.001 -12"><span class='ocrx_word' id='word_1_294' title='bbox 1212 795 1377 836; x_wconf 78' lang='lat' dir='ltr'>fidelibus,</span> <span class='ocrx_word' id='word_1_295' title='bbox 1393 796 1479 839; x_wconf 89' lang='lat' dir='ltr'>quod</span> <span class='ocrx_word' id='word_1_296' title='bbox 1495 806 1717 839; x_wconf 81' lang='lat' dir='ltr'>quascumque</span> <span class='ocrx_word' id='word_1_297' title='bbox 1732 795 1954 838; x_wconf 80' lang='lat' dir='ltr'>indulgentias</span> 
     </span>
     <span class='ocr_line' id='line_1_63' title="bbox 1212 848 1956 893; baseline -0.001 -11"><span class='ocrx_word' id='word_1_298' title='bbox 1212 854 1243 882; x_wconf 88' lang='lat' dir='ltr'>et</span> <span class='ocrx_word' id='word_1_299' title='bbox 1268 855 1478 893; x_wconf 84' lang='lat' dir='ltr'>peccatorum</span> <span class='ocrx_word' id='word_1_300' title='bbox 1504 849 1724 889; x_wconf 88' lang='lat' dir='ltr'>remissiones,</span> <span class='ocrx_word' id='word_1_301' title='bbox 1749 854 1785 881; x_wconf 88' lang='lat' dir='ltr'>ut</span> <span class='ocrx_word' id='word_1_302' title='bbox 1808 848 1956 892; x_wconf 81' lang='lat' dir='ltr'>praeser-</span> 
     </span>
     <span class='ocr_line' id='line_1_64' title="bbox 1214 901 1957 946; baseline 0.001 -12"><span class='ocrx_word' id='word_1_303' title='bbox 1214 908 1277 943; x_wconf 88' lang='lat' dir='ltr'>tur‚</span> <span class='ocrx_word' id='word_1_304' title='bbox 1304 912 1478 946; x_wconf 79' lang='lat' dir='ltr'>suspensas</span> <span class='ocrx_word' id='word_1_305' title='bbox 1504 902 1672 945; x_wconf 83' lang='lat' dir='ltr'>(iniuncta</span> <span class='ocrx_word' id='word_1_306' title='bbox 1698 907 1803 934; x_wconf 81' lang='lat' dir='ltr'>tamen</span> <span class='ocrx_word' id='word_1_307' title='bbox 1830 902 1861 934; x_wconf 91' lang='lat' dir='ltr'>in</span> <span class='ocrx_word' id='word_1_308' title='bbox 1887 901 1957 935; x_wconf 80' lang='lat' dir='ltr'>itta-</span> 
     </span>
     <span class='ocr_line' id='line_1_65' title="bbox 1214 955 1958 999; baseline 0 -12"><span class='ocrx_word' id='word_1_309' title='bbox 1214 966 1284 988; x_wconf 89' lang='lat' dir='ltr'>rum</span> <span class='ocrx_word' id='word_1_310' title='bbox 1310 955 1578 988; x_wconf 82' lang='lat' dir='ltr'>concessionibus</span> <span class='ocrx_word' id='word_1_311' title='bbox 1603 955 1732 999; x_wconf 89' lang='lat' dir='ltr'>pietatis</span> <span class='ocrx_word' id='word_1_312' title='bbox 1758 965 1859 998; x_wconf 84' lang='lat' dir='ltr'>opera</span> <span class='ocrx_word' id='word_1_313' title='bbox 1883 965 1958 999; x_wconf 90' lang='lat' dir='ltr'>per-</span> 
     </span>
     <span class='ocr_line' id='line_1_66' title="bbox 1214 1007 1955 1052; baseline 0.001 -12"><span class='ocrx_word' id='word_1_314' title='bbox 1214 1009 1359 1051; x_wconf 79' lang='lat' dir='ltr'>agendo,</span> <span class='ocrx_word' id='word_1_315' title='bbox 1389 1019 1424 1041; x_wconf 88' lang='lat' dir='ltr'>ac</span> <span class='ocrx_word' id='word_1_316' title='bbox 1455 1007 1546 1041; x_wconf 76' lang='lat' dir='ltr'>firma</span> <span class='ocrx_word' id='word_1_317' title='bbox 1571 1013 1762 1041; x_wconf 82' lang='lat' dir='ltr'>remanente</span> <span class='ocrx_word' id='word_1_318' title='bbox 1792 1018 1851 1052; x_wconf 89' lang='lat' dir='ltr'>pro</span> <span class='ocrx_word' id='word_1_319' title='bbox 1879 1007 1955 1041; x_wconf 88' lang='lat' dir='ltr'>vivis</span> 
     </span>
     <span class='ocr_line' id='line_1_67' title="bbox 1214 1060 1957 1105; baseline 0 -11"><span class='ocrx_word' id='word_1_320' title='bbox 1214 1072 1323 1095; x_wconf 86' lang='lat' dir='ltr'>earum</span> <span class='ocrx_word' id='word_1_321' title='bbox 1348 1061 1595 1105; x_wconf 81' lang='lat' dir='ltr'>suspensione),</span> <span class='ocrx_word' id='word_1_322' title='bbox 1625 1062 1663 1094; x_wconf 83' lang='lat' dir='ltr'>ad</span> <span class='ocrx_word' id='word_1_323' title='bbox 1701 1061 1849 1095; x_wconf 76' lang='lat' dir='ltr'>effectum</span> <span class='ocrx_word' id='word_1_324' title='bbox 1886 1060 1957 1095; x_wconf 80' lang='lat' dir='ltr'>illas</span> 
     </span>
     <span class='ocr_line' id='line_1_68' title="bbox 1214 1114 1957 1158; baseline -0.003 -10"><span class='ocrx_word' id='word_1_325' title='bbox 1214 1115 1383 1148; x_wconf 86' lang='lat' dir='ltr'>animabus</span> <span class='ocrx_word' id='word_1_326' title='bbox 1416 1114 1560 1148; x_wconf 80' lang='lat' dir='ltr'>fidelium</span> <span class='ocrx_word' id='word_1_327' title='bbox 1600 1115 1839 1154; x_wconf 76' lang='lat' dir='ltr'>defunctorum,</span> <span class='ocrx_word' id='word_1_328' title='bbox 1875 1124 1957 1158; x_wconf 86' lang='lat' dir='ltr'>quae</span> 
     </span>
     <span class='ocr_line' id='line_1_69' title="bbox 1214 1167 1957 1202; baseline 0 -1"><span class='ocrx_word' id='word_1_329' title='bbox 1214 1169 1280 1202; x_wconf 88' lang='lat' dir='ltr'>Deo</span> <span class='ocrx_word' id='word_1_330' title='bbox 1306 1169 1338 1201; x_wconf 89' lang='lat' dir='ltr'>in</span> <span class='ocrx_word' id='word_1_331' title='bbox 1357 1168 1513 1201; x_wconf 83' lang='lat' dir='ltr'>charitate</span> <span class='ocrx_word' id='word_1_332' title='bbox 1536 1168 1731 1202; x_wconf 81' lang='lat' dir='ltr'>coniunctae</span> <span class='ocrx_word' id='word_1_333' title='bbox 1750 1167 1788 1201; x_wconf 81' lang='lat' dir='ltr'>ab</span> <span class='ocrx_word' id='word_1_334' title='bbox 1806 1168 1868 1201; x_wconf 77' lang='lat' dir='ltr'>hae</span> <span class='ocrx_word' id='word_1_335' title='bbox 1885 1168 1957 1201; x_wconf 89' lang='lat' dir='ltr'>luce</span> 
     </span>
     <span class='ocr_line' id='line_1_70' title="bbox 1215 1220 1958 1265; baseline 0.001 -11"><span class='ocrx_word' id='word_1_336' title='bbox 1215 1222 1443 1264; x_wconf 76' lang='lat' dir='ltr'>migraverint,</span> <span class='ocrx_word' id='word_1_337' title='bbox 1470 1232 1531 1265; x_wconf 86' lang='lat' dir='ltr'>per</span> <span class='ocrx_word' id='word_1_338' title='bbox 1556 1221 1689 1254; x_wconf 89' lang='lat' dir='ltr'>modum</span> <span class='ocrx_word' id='word_1_339' title='bbox 1717 1220 1858 1263; x_wconf 72' lang='lat' dir='ltr'>suffi‘agii</span> <span class='ocrx_word' id='word_1_340' title='bbox 1893 1221 1958 1255; x_wconf 89' lang='lat' dir='ltr'>hoc</span> 
     </span>
     <span class='ocr_line' id='line_1_71' title="bbox 1215 1274 1959 1317; baseline 0 -10"><span class='ocrx_word' id='word_1_341' title='bbox 1215 1285 1302 1307; x_wconf 92' lang='lat' dir='ltr'>anno</span> <span class='ocrx_word' id='word_1_342' title='bbox 1321 1274 1453 1307; x_wconf 85' lang='lat' dir='ltr'>iubilaei</span> <span class='ocrx_word' id='word_1_343' title='bbox 1473 1274 1609 1307; x_wconf 80' lang='lat' dir='ltr'>durante</span> <span class='ocrx_word' id='word_1_344' title='bbox 1625 1274 1747 1307; x_wconf 88' lang='lat' dir='ltr'>directe</span> <span class='ocrx_word' id='word_1_345' title='bbox 1763 1274 1959 1317; x_wconf 82' lang='lat' dir='ltr'>applicandi,</span> 
     </span>
     <span class='ocr_line' id='line_1_72' title="bbox 1216 1327 1958 1371; baseline -0.001 -10"><span class='ocrx_word' id='word_1_346' title='bbox 1216 1328 1342 1361; x_wconf 71' lang='lat' dir='ltr'>etiamsi</span> <span class='ocrx_word' id='word_1_347' title='bbox 1370 1338 1424 1361; x_wconf 85' lang='lat' dir='ltr'>eas</span> <span class='ocrx_word' id='word_1_348' title='bbox 1455 1328 1500 1360; x_wconf 85' lang='lat' dir='ltr'>sic</span> <span class='ocrx_word' id='word_1_349' title='bbox 1535 1327 1723 1371; x_wconf 83' lang='lat' dir='ltr'>applicandi</span> <span class='ocrx_word' id='word_1_350' title='bbox 1755 1328 1888 1360; x_wconf 80' lang='lat' dir='ltr'>facultas</span> <span class='ocrx_word' id='word_1_351' title='bbox 1925 1327 1958 1360; x_wconf 91' lang='lat' dir='ltr'>in</span> 
     </span>
     <span class='ocr_line' id='line_1_73' title="bbox 1216 1380 1959 1424; baseline 0 -10"><span class='ocrx_word' id='word_1_352' title='bbox 1216 1381 1488 1415; x_wconf 78' lang='lat' dir='ltr'>concessionibus</span> <span class='ocrx_word' id='word_1_353' title='bbox 1514 1380 1690 1424; x_wconf 84' lang='lat' dir='ltr'>praedictis</span> <span class='ocrx_word' id='word_1_354' title='bbox 1715 1391 1870 1414; x_wconf 82' lang='lat' dir='ltr'>concessa</span> <span class='ocrx_word' id='word_1_355' title='bbox 1894 1391 1959 1414; x_wconf 89' lang='lat' dir='ltr'>non</span> 
     </span>
     <span class='ocr_line' id='line_1_74' title="bbox 1218 1435 1961 1478; baseline 0 -10"><span class='ocrx_word' id='word_1_356' title='bbox 1218 1436 1323 1473; x_wconf 77' lang='lat' dir='ltr'>suerit,</span> <span class='ocrx_word' id='word_1_357' title='bbox 1351 1435 1507 1478; x_wconf 80' lang='lat' dir='ltr'>consequi</span> <span class='ocrx_word' id='word_1_358' title='bbox 1535 1435 1638 1468; x_wconf 82' lang='lat' dir='ltr'>libere</span> <span class='ocrx_word' id='word_1_359' title='bbox 1665 1440 1696 1468; x_wconf 89' lang='lat' dir='ltr'>et</span> <span class='ocrx_word' id='word_1_360' title='bbox 1721 1435 1807 1468; x_wconf 80' lang='lat' dir='ltr'>licite</span> <span class='ocrx_word' id='word_1_361' title='bbox 1834 1435 1961 1478; x_wconf 82' lang='lat' dir='ltr'>possint</span> 
     </span>
     <span class='ocr_line' id='line_1_75' title="bbox 1217 1489 1958 1532; baseline -0.001 -11"><span class='ocrx_word' id='word_1_362' title='bbox 1217 1494 1249 1522; x_wconf 81' lang='lat' dir='ltr'>et</span> <span class='ocrx_word' id='word_1_363' title='bbox 1281 1490 1424 1530; x_wconf 80' lang='lat' dir='ltr'>valeant,</span> <span class='ocrx_word' id='word_1_364' title='bbox 1450 1489 1481 1521; x_wconf 90' lang='lat' dir='ltr'>in</span> <span class='ocrx_word' id='word_1_365' title='bbox 1510 1489 1663 1522; x_wconf 88' lang='lat' dir='ltr'>omnibus</span> <span class='ocrx_word' id='word_1_366' title='bbox 1697 1494 1728 1521; x_wconf 85' lang='lat' dir='ltr'>ct</span> <span class='ocrx_word' id='word_1_367' title='bbox 1756 1492 1817 1532; x_wconf 83' lang='lat' dir='ltr'>per</span> <span class='ocrx_word' id='word_1_368' title='bbox 1841 1489 1958 1527; x_wconf 84' lang='lat' dir='ltr'>omnia,</span> 
     </span>
     <span class='ocr_line' id='line_1_76' title="bbox 1217 1542 1961 1587; baseline -0.003 -10"><span class='ocrx_word' id='word_1_369' title='bbox 1217 1543 1356 1587; x_wconf 89' lang='lat' dir='ltr'>perinde</span> <span class='ocrx_word' id='word_1_370' title='bbox 1381 1553 1417 1576; x_wconf 88' lang='lat' dir='ltr'>ac</span> <span class='ocrx_word' id='word_1_371' title='bbox 1442 1543 1466 1575; x_wconf 87' lang='lat' dir='ltr'>si</span> <span class='ocrx_word' id='word_1_372' title='bbox 1491 1543 1666 1586; x_wconf 88' lang='lat' dir='ltr'>suspensio</span> <span class='ocrx_word' id='word_1_373' title='bbox 1691 1542 1836 1586; x_wconf 74' lang='lat' dir='ltr'>praefata</span> <span class='ocrx_word' id='word_1_374' title='bbox 1861 1553 1879 1575; x_wconf 87' lang='lat' dir='ltr'>a</span> <span class='ocrx_word' id='word_1_375' title='bbox 1903 1553 1961 1575; x_wconf 92' lang='lat' dir='ltr'>no-</span> 
     </span>
     <span class='ocr_line' id='line_1_77' title="bbox 1217 1596 1961 1639; baseline -0.003 -10"><span class='ocrx_word' id='word_1_376' title='bbox 1217 1597 1266 1630; x_wconf 88' lang='lat' dir='ltr'>bis</span> <span class='ocrx_word' id='word_1_377' title='bbox 1294 1607 1358 1629; x_wconf 89' lang='lat' dir='ltr'>non</span> <span class='ocrx_word' id='word_1_378' title='bbox 1385 1602 1580 1637; x_wconf 81' lang='lat' dir='ltr'>emanasset,</span> <span class='ocrx_word' id='word_1_379' title='bbox 1613 1596 1806 1630; x_wconf 83' lang='lat' dir='ltr'>auctoritate</span> <span class='ocrx_word' id='word_1_380' title='bbox 1832 1601 1961 1639; x_wconf 84' lang='lat' dir='ltr'>aposto-</span> 
     </span>
     <span class='ocr_line' id='line_1_78' title="bbox 1218 1649 1962 1694; baseline -0.004 -10"><span class='ocrx_word' id='word_1_381' title='bbox 1218 1651 1288 1691; x_wconf 74' lang='lat' dir='ltr'>lica,</span> <span class='ocrx_word' id='word_1_382' title='bbox 1315 1656 1427 1684; x_wconf 84' lang='lat' dir='ltr'>tenore</span> <span class='ocrx_word' id='word_1_383' title='bbox 1447 1649 1676 1694; x_wconf 81' lang='lat' dir='ltr'>praesentium,</span> <span class='ocrx_word' id='word_1_384' title='bbox 1695 1649 1904 1683; x_wconf 87' lang='lat' dir='ltr'>concedimus</span> <span class='ocrx_word' id='word_1_385' title='bbox 1930 1653 1962 1682; x_wconf 92' lang='lat' dir='ltr'>et</span> 
     </span>
     <span class='ocr_line' id='line_1_79' title="bbox 1219 1704 1439 1747; baseline 0 -10"><span class='ocrx_word' id='word_1_386' title='bbox 1219 1704 1439 1747; x_wconf 80' lang='lat' dir='ltr'>indulgemus.</span> 
     </span>
    </p>

    <p class='ocr_par' dir='ltr' id='par_1_14' title="bbox 1219 1755 1962 1908">
     <span class='ocr_line' id='line_1_80' title="bbox 1262 1755 1962 1801; baseline -0.004 -11"><span class='ocrx_word' id='word_1_387' title='bbox 1262 1757 1276 1801; x_wconf 72' lang='grc' dir='ltr'>ξ</span> <span class='ocrx_word' id='word_1_388' title='bbox 1294 1757 1325 1791; x_wconf 93' lang='lat'>3.</span> <span class='ocrx_word' id='word_1_389' title='bbox 1346 1757 1413 1790; x_wconf 88' lang='lat' dir='ltr'>Non</span> <span class='ocrx_word' id='word_1_390' title='bbox 1432 1757 1639 1790; x_wconf 85' lang='lat' dir='ltr'>obstantibus</span> <span class='ocrx_word' id='word_1_391' title='bbox 1665 1755 1879 1800; x_wconf 88' lang='lat' dir='ltr'>suspensione</span> <span class='ocrx_word' id='word_1_392' title='bbox 1905 1755 1962 1789; x_wconf 90' lang='lat' dir='ltr'>hu-</span> 
     </span>
     <span class='ocr_line' id='line_1_81' title="bbox 1220 1809 1961 1854; baseline 0 -11"><span class='ocrx_word' id='word_1_393' title='bbox 1220 1811 1376 1851; x_wconf 83' lang='lat' dir='ltr'>iusmodi,</span> <span class='ocrx_word' id='word_1_394' title='bbox 1413 1811 1598 1854; x_wconf 81' lang='lat' dir='ltr'>ceterisque</span> <span class='ocrx_word' id='word_1_395' title='bbox 1625 1810 1796 1843; x_wconf 80' lang='lat' dir='ltr'>contrariis</span> <span class='ocrx_word' id='word_1_396' title='bbox 1828 1809 1961 1854; x_wconf 85' lang='lat' dir='ltr'>quibus-</span> 
     </span>
     <span class='ocr_line' id='line_1_82' title="bbox 1219 1875 1370 1908; baseline 0 -12"><span class='ocrx_word' id='word_1_397' title='bbox 1219 1875 1370 1908; x_wconf 86' lang='lat' dir='ltr'>cumque.</span> 
     </span>
    </p>

    <p class='ocr_par' dir='ltr' id='par_1_15' title="bbox 1218 1917 2148 2067">
     <span class='ocr_line' id='line_1_83' title="bbox 1263 1917 2148 1961; baseline -0.002 -11"><span class='ocrx_word' id='word_1_398' title='bbox 1263 1918 1276 1961; x_wconf 62' lang='grc' dir='ltr'><strong>ἓ</strong></span> <span class='ocrx_word' id='word_1_399' title='bbox 1301 1917 1330 1950; x_wconf 77' lang='grc'>4.</span> <span class='ocrx_word' id='word_1_400' title='bbox 1357 1917 1510 1950; x_wconf 77' lang='lat' dir='ltr'>Volumus</span> <span class='ocrx_word' id='word_1_401' title='bbox 1541 1921 1647 1949; x_wconf 83' lang='lat' dir='ltr'>autem</span> <span class='ocrx_word' id='word_1_402' title='bbox 1678 1921 1713 1949; x_wconf 90' lang='lat' dir='ltr'>ut</span> <span class='ocrx_word' id='word_1_403' title='bbox 1738 1917 1962 1960; x_wconf 86' lang='lat' dir='ltr'>praesentium</span> <span class='ocrx_word' id='word_1_404' title='bbox 2012 1927 2073 1948; x_wconf 67' lang='lat' dir='ltr'>Fue·</span> <span class='ocrx_word' id='word_1_405' title='bbox 2095 1929 2148 1948; x_wconf 72' lang='lat' dir='ltr'>tm-</span> 
     </span>
     <span class='ocr_line' id='line_1_84' title="bbox 1218 1957 2106 2014; baseline 0 -11"><span class='ocrx_word' id='word_1_406' title='bbox 1218 1971 1400 2004; x_wconf 86' lang='lat' dir='ltr'>litterarum</span> <span class='ocrx_word' id='word_1_407' title='bbox 1439 1970 1663 2013; x_wconf 83' lang='lat' dir='ltr'>transumptis,</span> <span class='ocrx_word' id='word_1_408' title='bbox 1701 1980 1755 2003; x_wconf 88' lang='lat' dir='ltr'>seu</span> <span class='ocrx_word' id='word_1_409' title='bbox 1791 1957 2106 2014; x_wconf 42' lang='lat' dir='ltr'>exemplisfmnpmum&#39;</span> 
     </span>
     <span class='ocr_line' id='line_1_85' title="bbox 1220 2021 1621 2067; baseline -0.005 -10"><span class='ocrx_word' id='word_1_410' title='bbox 1220 2024 1315 2058; x_wconf 81' lang='lat' dir='ltr'>etiam</span> <span class='ocrx_word' id='word_1_411' title='bbox 1342 2023 1517 2067; x_wconf 64' lang='lat' dir='ltr'>impressis</span> <span class='ocrx_word' id='word_1_412' title='bbox 1544 2021 1621 2056; x_wconf 88' lang='lat' dir='ltr'>etc.¹</span> 
     </span>
    </p>

    <p class='ocr_par' dir='ltr' id='par_1_16' title="bbox 1220 2076 1964 2228">
     <span class='ocr_line' id='line_1_86' title="bbox 1264 2076 1964 2120; baseline -0.003 -10"><span class='ocrx_word' id='word_1_413' title='bbox 1264 2078 1377 2110; x_wconf 87' lang='lat' dir='ltr'>Datum</span> <span class='ocrx_word' id='word_1_414' title='bbox 1403 2077 1538 2116; x_wconf 86' lang='lat' dir='ltr'>Romae,</span> <span class='ocrx_word' id='word_1_415' title='bbox 1569 2077 1654 2120; x_wconf 84' lang='lat' dir='ltr'>apud</span> <span class='ocrx_word' id='word_1_416' title='bbox 1680 2076 1711 2110; x_wconf 83' lang='lat' dir='ltr'>S.</span> <span class='ocrx_word' id='word_1_417' title='bbox 1739 2077 1880 2118; x_wconf 80' lang='lat' dir='ltr'>Petrum,</span> <span class='ocrx_word' id='word_1_418' title='bbox 1904 2076 1964 2109; x_wconf 91' lang='lat' dir='ltr'>sub</span> 
     </span>
     <span class='ocr_line' id='line_1_87' title="bbox 1221 2130 1964 2174; baseline 0 -10"><span class='ocrx_word' id='word_1_419' title='bbox 1221 2132 1343 2164; x_wconf 85' lang='lat' dir='ltr'>annulo</span> <span class='ocrx_word' id='word_1_420' title='bbox 1385 2131 1580 2171; x_wconf 74' lang='lat' dir='ltr'>piscatoris,</span> <span class='ocrx_word' id='word_1_421' title='bbox 1619 2131 1670 2163; x_wconf 88' lang='lat' dir='ltr'>die</span> <span class='ocrx_word' id='word_1_422' title='bbox 1716 2141 1812 2164; x_wconf 80' lang='lat' dir='ltr'>xxvtn</span> <span class='ocrx_word' id='word_1_423' title='bbox 1853 2130 1964 2174; x_wconf 80' lang='lat' dir='ltr'>aprilis</span> 
     </span>
     <span class='ocr_line' id='line_1_88' title="bbox 1220 2184 1891 2228; baseline -0.004 -9"><span class='ocrx_word' id='word_1_424' title='bbox 1220 2195 1382 2225; x_wconf 71' lang='lat' dir='ltr'>mcccxxv,</span> <span class='ocrx_word' id='word_1_425' title='bbox 1402 2184 1612 2228; x_wconf 83' lang='lat' dir='ltr'>pontificatus</span> <span class='ocrx_word' id='word_1_426' title='bbox 1636 2185 1739 2217; x_wconf 90' lang='lat' dir='ltr'>nostri</span> <span class='ocrx_word' id='word_1_427' title='bbox 1765 2195 1850 2217; x_wconf 79' lang='lat' dir='ltr'>anno</span> <span class='ocrx_word' id='word_1_428' title='bbox 1869 2194 1891 2218; x_wconf 87' lang='lat'>1.</span> 
     </span>
    </p>

    <p class='ocr_par' dir='ltr' id='par_1_17' title="bbox 1257 2246 1868 2282">
     <span class='ocr_line' id='line_1_89' title="bbox 1257 2246 1868 2282; baseline -0.002 -8"><span class='ocrx_word' id='word_1_429' title='bbox 1257 2247 1314 2274; x_wconf 83' lang='lat' dir='ltr'>Dat.</span> <span class='ocrx_word' id='word_1_430' title='bbox 1332 2246 1376 2273; x_wconf 86' lang='lat' dir='ltr'>die</span> <span class='ocrx_word' id='word_1_431' title='bbox 1391 2246 1424 2273; x_wconf 67' lang='lat'>28</span> <span class='ocrx_word' id='word_1_432' title='bbox 1441 2246 1536 2282; x_wconf 79' lang='lat' dir='ltr'>aprilis</span> <span class='ocrx_word' id='word_1_433' title='bbox 1556 2246 1632 2281; x_wconf 67' lang='lat'>1725,</span> <span class='ocrx_word' id='word_1_434' title='bbox 1650 2246 1745 2281; x_wconf 83' lang='lat' dir='ltr'>pontis.</span> <span class='ocrx_word' id='word_1_435' title='bbox 1764 2254 1833 2273; x_wconf 81' lang='lat' dir='ltr'>anno</span> <span class='ocrx_word' id='word_1_436' title='bbox 1849 2252 1868 2273; x_wconf 87' lang='lat' dir='ltr'>t.</span> 
     </span>
    </p>
   </div>
   <div class='ocr_carea' id='block_1_12' title="bbox 1963 213 2142 243">
    <p class='ocr_par' dir='ltr' id='par_1_18' title="bbox 1963 213 2142 243">
     <span class='ocr_line' id='line_1_90' title="bbox 1963 213 2142 243; baseline 0.028 -5"><span class='ocrx_word' id='word_1_437' title='bbox 1963 213 2011 239; x_wconf 82' lang='lat' dir='ltr'>An.</span> <span class='ocrx_word' id='word_1_438' title='bbox 2033 213 2060 240; x_wconf 92' lang='lat' dir='ltr'>C.</span> <span class='ocrx_word' id='word_1_439' title='bbox 2078 215 2142 243; x_wconf 76' lang='lat'>1725</span> 
     </span>
    </p>
   </div>
   <div class='ocr_carea' id='block_1_13' title="bbox 1964 488 2143 541">
    <p class='ocr_par' dir='ltr' id='par_1_19' title="bbox 1964 488 2143 541">
     <span class='ocr_line' id='line_1_91' title="bbox 2034 488 2143 511; baseline 0.018 -2"><span class='ocrx_word' id='word_1_440' title='bbox 2034 488 2143 511; x_wconf 66' lang='lat' dir='ltr'>ennemi-</span> 
     </span>
     <span class='ocr_line' id='line_1_92' title="bbox 1964 516 2083 541; baseline 0 -5"><span class='ocrx_word' id='word_1_441' title='bbox 1964 516 2083 541; x_wconf 62' lang='lat' dir='ltr'>praed-uia.</span> 
     </span>
    </p>
   </div>
   <div class='ocr_carea' id='block_1_14' title="bbox 1999 1767 2115 1789">
    <p class='ocr_par' dir='ltr' id='par_1_20' title="bbox 1999 1767 2115 1789">
     <span class='ocr_line' id='line_1_93' title="bbox 1999 1767 2115 1789; baseline 0.017 -2"><span class='ocrx_word' id='word_1_442' title='bbox 1999 1767 2115 1789; x_wconf 65' lang='lat' dir='ltr'>clausulae.</span> 
     </span>
    </p>
   </div>
   <div class='ocr_carea' id='block_1_15' title="bbox 1553 2412 1632 2445">
    <p class='ocr_par' dir='ltr' id='par_1_21' title="bbox 1553 2412 1632 2445">
     <span class='ocr_line' id='line_1_94' title="bbox 1553 2412 1632 2445; baseline 0.013 -1"><span class='ocrx_word' id='word_1_443' title='bbox 1553 2412 1632 2445; x_wconf 78' lang='lat' dir='ltr'>LIX.</span> 
     </span>
    </p>
   </div>
   <div class='ocr_carea' id='block_1_16' title="bbox 1222 2509 1965 2607">
    <p class='ocr_par' dir='ltr' id='par_1_22' title="bbox 1222 2509 1965 2607">
     <span class='ocr_line' id='line_1_95' title="bbox 1222 2509 1965 2554; baseline -0.003 -10"><span class='ocrx_word' id='word_1_444' title='bbox 1222 2511 1389 2545; x_wconf 78' lang='lat' dir='ltr'>Statuitur</span> <span class='ocrx_word' id='word_1_445' title='bbox 1405 2515 1441 2544; x_wconf 78' lang='lat' dir='ltr'>ul</span> <span class='ocrx_word' id='word_1_446' title='bbox 1456 2521 1514 2554; x_wconf 75' lang='lat' dir='ltr'>per</span> <span class='ocrx_word' id='word_1_447' title='bbox 1530 2510 1667 2544; x_wconf 74' lang='lat' dir='ltr'>Italiam</span> <span class='ocrx_word' id='word_1_448' title='bbox 1685 2514 1714 2543; x_wconf 77' lang='lat' dir='ltr'>et</span> <span class='ocrx_word' id='word_1_449' title='bbox 1730 2509 1860 2543; x_wconf 78' lang='lat' dir='ltr'>insulas</span> <span class='ocrx_word' id='word_1_450' title='bbox 1876 2509 1965 2542; x_wconf 83' lang='lat' dir='ltr'>adia-</span> 
     </span>
     <span class='ocr_line' id='line_1_96' title="bbox 1267 2562 1963 2607; baseline -0.003 -11"><span class='ocrx_word' id='word_1_451' title='bbox 1267 2569 1370 2596; x_wconf 74' lang='lat' dir='ltr'>centes</span> <span class='ocrx_word' id='word_1_452' title='bbox 1400 2564 1525 2607; x_wconf 73' lang='lat' dir='ltr'>provisi</span> <span class='ocrx_word' id='word_1_453' title='bbox 1556 2564 1593 2596; x_wconf 82' lang='lat' dir='ltr'>de</span> <span class='ocrx_word' id='word_1_454' title='bbox 1625 2563 1786 2605; x_wconf 79' lang='lat' dir='ltr'>beneficiis</span> <span class='ocrx_word' id='word_1_455' title='bbox 1822 2562 1963 2595; x_wconf 84' lang='lat' dir='ltr'>mediam</span> 
     </span>
    </p>
   </div>
   <div class='ocr_carea' id='block_1_17' title="bbox 1260 2625 1829 2662">
    <p class='ocr_par' dir='ltr' id='par_1_23' title="bbox 1260 2625 1829 2662">
     <span class='ocr_line' id='line_1_97' title="bbox 1260 2625 1829 2662; baseline -0.002 -9"><span class='ocrx_word' id='word_1_456' title='bbox 1260 2628 1270 2653; x_wconf 82' lang='lat'>1</span> <span class='ocrx_word' id='word_1_457' title='bbox 1294 2625 1408 2662; x_wconf 82' lang='lat' dir='ltr'>Reliqua</span> <span class='ocrx_word' id='word_1_458' title='bbox 1424 2629 1452 2653; x_wconf 94' lang='lat' dir='ltr'>ut</span> <span class='ocrx_word' id='word_1_459' title='bbox 1467 2634 1548 2662; x_wconf 89' lang='lat' dir='ltr'>supra</span> <span class='ocrx_word' id='word_1_460' title='bbox 1564 2633 1624 2662; x_wconf 85' lang='lat' dir='ltr'>pag.</span> <span class='ocrx_word' id='word_1_461' title='bbox 1642 2625 1674 2652; x_wconf 85' lang='lat'>59</span> <span class='ocrx_word' id='word_1_462' title='bbox 1691 2625 1706 2652; x_wconf 88' lang='lat' dir='ltr'>b</span> <span class='ocrx_word' id='word_1_463' title='bbox 1720 2626 1759 2660; x_wconf 76' lang='lat' dir='ltr'>(R.</span> <span class='ocrx_word' id='word_1_464' title='bbox 1780 2625 1829 2660; x_wconf 82' lang='grc' dir='ltr'><strong>τ.).</strong></span> 
     </span>
    </p>
   </div>
  </div>
 </body>
</html>
