2170 3147
191 188 238 212 An.
255 185 284 211 C.
310 185 373 211 1727

262 512 372 533 Dari-vtum

190 539 322 563 [ιι-,ινιῑιιῑωιιι
342 546 374 559 re·

190 566 260 586 s-riur.

422 175 485 209 500

430 239 486 271 ἱοε,
515 234 601 277 quod
625 234 826 267 volunlatem
858 243 952 266 suam
986 233 1129 266 declara<

430 288 535 320 verint
560 287 597 320 [le
622 287 827 331 suscipiendo
854 286 1054 330 Baptismo'.

561 377 740 404 Benedictus
763 378 841 411 Papa
862 378 929 404 XIII
944 398 950 409 ‚

497 423 534 448 ad
559 426 739 455 perpetuam
762 423 808 448 rei
828 422 1014 448 memoriam.

430 503 443 545 g
469 502 499 534 ⁴1.
528 502 694 535 Emanarit
710 512 816 545 nuper
833 513 849 535 a
868 502 1128 545 Congregatione
1149 519 1150 522 ¹

387 556 620 588 venerabilium
649 556 782 588 fratrum
805 561 992 588 nostrorum
1010 556 1125 589 S.R.E.

361 616 363 620 ’
387 610 600 642 cardinaiium
621 609 651 641 iu
672 611 736 642 tota
762 609 930 652 republica
949 609 1127 642 christiana

386 664 537 696 adversus
575 663 773 695 haereticam
805 663 996 706 pravitatem
1029 672 1127 705 geue-

387 717 500 749 salium
527 716 758 759 inquisitorum
785 717 975 749 auctoritate
1001 722 1128 759 aposto-

387 769 445 802 lica
473 770 703 812 deputatorum
731 770 896 803 decretum
924 771 1047 803 tenoris
1073 770 1127 812 qui

386 823 542 865 sequitur,
569 823 734 856 videlicet:

424 883 511 914 Feri-st
533 893 571 922 iv,
595 884 642 914 die
666 894 703 914 x11
724 883 865 914 februarii
888 894 1064 922 mccxxiii,
1097 885 1127 914 in

386 933 614 970 congregatione
663 933 794 971 generali
824 938 942 963 sanctae
979 934 1127 963 Romanae
1149 950 1150 955 =

1149 986 1150 996 i
1172 970 1269 1009 aliqua
1290 970 1426 1008 ecclesia,
1440 970 1484 999 vel
1508 970 1564 999 alio
1577 970 1641 999 loco
1654 969 1710 999 sibi
1726 969 1875 1007 beneviso,
1889 971 1917 998 et

386 985 415 1009 et
438 982 612 1011 universalis
636 981 840 1021 inquisitionis
874 982 973 1012 habita
1007 983 1036 1011 in
1060 992 1128 1012 con-

386 1035 472 1059 tentu
507 1030 536 1059 S.
566 1031 676 1060 Mariae
709 1041 799 1070 super
832 1032 993 1061 Minervam
1029 1041 1127 1060 coram

386 1080 629 1108 eminentissimis
652 1084 680 1109 et
712 1080 970 1110 reverendissimis
1000 1080 1128 1110 dominis

387 1126 416 1156 S.
449 1128 482 1157 lt.
516 1128 546 1157 E.
583 1128 784 1158 cardinalibus
818 1129 846 1158 in
882 1131 939 1159 tota
974 1129 1128 1168 republica

386 1176 545 1205 christiana
568 1182 668 1206 contra
687 1178 864 1207 haereticam
882 1178 1056 1218 pravitatem
1080 1187 1128 1216 ge·

387 1225 536 1254 neralibus
559 1226 786 1264 inquisitoribus
818 1236 833 1255 a
866 1229 968 1256 sancta
996 1227 1070 1257 Sede
1093 1228 1129 1256 A·

387 1274 527 1311 postolica
551 1274 719 1313 specialiter
746 1275 907 1314 deputatis.
936 1275 1006 1305 Cum
1030 1275 1128 1315 plures

386 1327 506 1352 exonae
528 1324 587 1353 sint
607 1325 828 1354 controversiae
851 1334 939 1364 super
960 1326 1129 1363 intelligen-

387 1371 428 1401 tie
450 1377 477 1401 et
500 1373 673 1402 executione
696 1373 806 1403 decreti
829 1373 864 1403 ab
887 1374 941 1403 hac
957 1376 1040 1404 sacra
1056 1374 1128 1404 Con-

386 1421 557 1458 gregatione
579 1421 650 1451 editi
666 1421 712 1451 die
730 1432 778 1452 v111
801 1423 865 1452 iulii
887 1431 1008 1460 hincm,
1032 1423 1128 1462 quoad

386 1469 534 1500 Hebraeos
568 1471 723 1511 utriusque
749 1481 836 1501 sexus
869 1471 1063 1502 denunciatos
1093 1472 1128 1502 de

387 1526 487 1547 eorum
518 1519 609 1548 animi
638 1519 834 1550 declaratione
861 1520 1042 1560 suscipiendi
1073 1522 1129 1550 Ba-

388 1567 538 1605 pfismum,
573 1568 800 1599 eminentissimi
837 1574 865 1600 et
889 1570 1127 1599 reverendissimi

387 1615 495 1645 domini
534 1616 698 1647 cardinales
741 1618 892 1656 generales
936 1618 1128 1657 inquisitores

388 1664 542 1703 praedicti,
573 1665 684 1696 dictum
708 1667 857 1696 decretum
894 1667 1069 1697 declarando
1099 1672 1128 1698 et

387 1719 532 1753 quatenus
554 1724 626 1754 opus
649 1716 686 1745 sit
709 1716 905 1753 reformando,
931 1717 1126 1756 inposterum

387 1763 458 1793 illud
481 1765 618 1803 sequenti
641 1765 726 1795 modo
753 1766 858 1805 exequi
892 1767 1069 1797 mandarunt
1099 1772 1127 1796 et
1148 1770 1150 1789 ²

387 1810 603 1841 decreverunt:
629 1821 750 1851 nempe,
775 1813 851 1852 quod
881 1817 980 1851 testes,
1005 1814 1054 1852 qui
1079 1814 1127 1843 lie-

388 1859 491 1889 braeos
524 1860 748 1890 denunciabant
776 1861 837 1890 sive
871 1871 966 1891 mares
998 1862 1058 1892 sive
1088 1863 1128 1892 l'e-

388 1910 481 1939 minas
514 1910 548 1939 de
580 1910 779 1940 declaratione
819 1911 909 1941 animi
946 1912 1126 1950 suscipiendi

387 1959 579 1997 Baptismum,
607 1969 657 1998 per
680 1960 827 1990 notarium
850 1961 931 1990 iuxta
963 1961 1127 2000 interroga-

388 2008 461 2036 toria
494 2008 641 2045 generalia
666 2018 680 2038 a
704 2009 865 2039 reverendo
895 2014 977 2047 patre
1008 2009 1126 2040 domino

388 2057 602 2095 vices-gerente
639 2058 885 2097 praescribenda,
910 2069 976 2089 cum
1006 2059 1127 2099 speciali

389 2107 547 2136 monitione
571 2108 749 2137 relevantiae
773 2108 943 2146 iuramenti,
963 2109 992 2139 in
1009 2109 1127 2148 scriptis

388 2165 484 2185 coram
507 2156 607 2186 eodem
642 2157 801 2187 reverendo
833 2162 913 2197 patre
941 2158 1060 2187 domino
1088 2158 1127 2187 vi-

389 2209 566 2242 cesgerente,
591 2209 630 2240 et,
655 2215 688 2235 eo
711 2206 862 2245 impedito,
881 2216 977 2236 coram
993 2207 1056 2237 eius
1079 2216 1128 2237 au-

389 2252 482 2282 ditore
519 2254 745 2289 examinentur,
787 2255 836 2294 qui
879 2255 966 2285 etiam
1004 2264 1127 2285 examen

426 2366 435 2389 t
460 2364 608 2391 innocentii
629 2365 684 2391 Xlll
706 2370 792 2393 const.
819 2367 883 2393 edit.
914 2373 1059 2402 Muccxx1V‚
1085 2367 1128 2395 die

388 2407 422 2433 to
438 2407 578 2441 februarii,
601 2410 695 2443 pontis.
717 2417 764 2444 ιιι,
785 2415 923 2438 reservata
943 2412 1127 2439 decernuntur

390 2460 436 2485 pro
459 2452 589 2478 itiittienis
616 2454 646 2479 ad
675 2454 736 2480 fidei
766 2455 898 2482 unitatem
925 2457 1126 2484 revertentibus

389 2496 478 2521 omnia
499 2496 616 2530 ipsorum
638 2497 727 2529 bona,
750 2503 776 2525 et
795 2499 941 2526 Clementis
963 2501 994 2527 Xl
1015 2502 1124 2528 constit.

389 2539 443 2566 edit
464 2546 570 2574 Μυῖαν,
592 2540 634 2567 die
655 2542 670 2567 3
690 2543 787 2576 martii,
817 2544 912 2578 pontif.
934 2551 968 2579 ιν,
997 2545 1126 2581 ampliata

388 2583 465 2612 fuere
486 2585 626 2618 privilegia
646 2587 835 2620 neophitorum
851 2588 938 2622 quoad
956 2590 1124 2625 temporalia.

961 183 1141 210 BUtLAmUM
1165 183 1323 209 ROMAN'UM

1174 234 1335 272 praefatum
1354 233 1538 264 subscribere
1560 233 1701 272 debeant3
1716 237 1754 269 et,
1768 237 1912 274 quatenus

1172 283 1229 313 duo
1252 287 1342 313 testes
1364 283 1421 313 sint
1451 283 1485 314 de
1508 284 1589 321 loco,
1616 288 1749 324 tempore
1771 287 1800 314 et
1830 292 1914 314 occa-

1172 332 1255 362 sione
1277 336 1434 367 contestes,
1459 337 1528 363 tunc
1550 333 1719 362 denunciati
1736 333 1770 362 3ιί
1793 332 1913 362 domum

1173 382 1451 412 catechumenorum
1474 382 1560 421 duci,
1585 387 1612 412 et
1635 382 1772 412 collocari
1796 383 1826 411 in
1849 381 1912 412 loco

1172 435 1307 470 separato
1330 432 1364 461 ad
1387 432 1466 461 hunc
1490 432 1626 461 effectum
1648 432 1803 466 destinam,
1821 431 1851 460 in
1867 440 1915 461 eo-

1172 489 1229 519 que
1253 489 1304 519 per
1325 480 1477 510 duodecim
1500 480 1561 510 dies
1580 480 1705 510 detineri
1729 479 1858 519 possint,
1883 483 1915 509 ut

1172 538 1260 568 super
1296 529 1415 559 veritate
1449 533 1477 558 et
1509 529 1674 558 constantia
1706 528 1915 558 declarationis

1149 587 1273 618 ,eorum
1311 578 1471 608 voluntatis
1509 578 1690 617 suscipiendi
1729 578 1915 617 Baptismum

1172 628 1373 666 explorentur.
1397 627 1426 658 Si
1449 632 1546 657 autem
1569 632 1658 657 testes
1680 631 1767 657 erunt
1788 627 1918 666 singula-

1172 685 1230 713 res,
1255 676 1299 705 vel
1333 686 1408 706 unus
1427 676 1509 706 adest
1538 676 1621 705 testis
1643 675 1766 705 idoneus
1800 678 1828 705 et
1860 674 1930 705 fide

1172 725 1297 763 dignus,
1323 730 1391 755 tunc
1423 725 1593 755 denunciati
1626 734 1684 754 non
1717 724 1816 754 statim
1849 728 1916 763 post

1172 774 1431 804 denunciationem
1453 778 1482 804 et
1499 774 1616 804 testium
1633 782 1754 803 examen
1772 771 1917 803 educendi

1173 828 1260 854 erunt
1283 823 1317 854 ad
1340 824 1459 853 domum
1482 823 1774 858 catechumenorum,
1798 821 1848 852 sed
1865 830 1917 861 per

1173 872 1367 902 reverendum
1396 877 1509 911 patrem
1545 872 1697 902 dominum
1733 871 1917 909 vicesgeren-

1174 925 1229 950 tem
1247 926 1329 950 extra
1352 922 1494 959 ghettum,
1511 921 1555 950 vel
1579 921 1607 950 in
1632 921 1694 950 eius
1712 920 1808 957 domo,
1825 919 1870 949 vel
1886 919 1916 949 in

1173 1019 1246 1048 intra
1270 1023 1386 1058 tempus
1421 1019 1620 1048 necessarium
1644 1022 1672 1048 et
1693 1022 1892 1057 opportunum
1907 1040 1914 1053 ,

1172 1067 1251 1096 iuxta
1276 1067 1342 1096 facti
1376 1067 1502 1106 speciem
1527 1071 1554 1097 et
1586 1066 1834 1102 circumstantias,
1865 1075 1916 1105 pro

1172 1115 1294 1145 arbitrio
1317 1120 1345 1145 et
1368 1116 1523 1154 prudentia
1546 1115 1618 1145 dicti
1642 1115 1796 1145 reverendi
1823 1115 1915 1154 patris

1172 1165 1283 1194 domini
1298 1165 1521 1202 vieesgerentis,
1538 1173 1641 1194 eorum
1665 1164 1800 1193 voluntas
1816 1163 1916 1202 explo-

1173 1214 1262 1243 randa
1286 1214 1351 1243 erit.
1375 1230 1413 1235 —
1435 1214 1585 1243 Amo->uus
1610 1213 1774 1243 LANCIONUS
1797 1216 1914 1242 sanctae

1173 1263 1321 1293 Romanae
1347 1268 1374 1293 et
1400 1263 1575 1293 universalis
1602 1262 1804 1302 inquisitionis
1826 1267 1912 1292 nota-

1173 1311 1246 1340 rius.
1584 1310 1652 1340 Loco
1674 1312 1691 1347 †
1713 1310 1812 1349 sigilli.

1218 1359 1285 1402 §2
1320 1359 1410 1392 Nunc
1445 1366 1552 1393 autem
1581 1370 1654 1401 nos,
1683 1359 1822 1402 perenni
1859 1359 1914 1392 de-

1174 1415 1252 1446 creti
1273 1413 1458 1446 huiusmodi
1476 1413 1588 1446 robori
1609 1418 1806 1456 exactaeque
1825 1412 1912 1446 illius

1173 1467 1399 1500 observantiae
1425 1467 1626 1510 peramplius
1660 1466 1835 1510 providere
1860 1477 1915 1499 vo-

1171 1519 1287 1561 lentes,
1310 1526 1399 1554 motu
1424 1520 1571 1564 proprio,
1592 1531 1627 1553 ac
1645 1531 1682 1553 ex
1706 1521 1792 1553 certa
1813 1520 1915 1554 scien-

1173 1574 1215 1607 tia
1255 1579 1287 1607 et
1327 1576 1452 1607 matura
1493 1573 1730 1607 deliberatione
1766 1573 1888 1606 nostris
1904 1600 1912 1614 ,

1172 1628 1278 1671 deque
1294 1628 1492 1671 apostolicae
1509 1627 1677 1671 potestatis
1695 1627 1913 1671 plenitudine,

1172 1681 1339 1714 decretum
1356 1682 1610 1724 praeinsmtum,
1630 1686 1741 1714 tenore
1759 1690 1915 1724 praesen-

1174 1735 1274 1773 tium,
1300 1740 1458 1778 perpetuo
1493 1735 1712 1778 approbamus
1738 1739 1770 1767 et
1795 1734 1916 1768 confir-

1172 1799 1307 1827 mamus,
1337 1788 1449 1830 illique
1473 1787 1669 1821 inviolabilis
1692 1798 1728 1821 ac
1744 1787 1915 1830 irrefraga-

1171 1842 1246 1874 bilis
1272 1842 1469 1884 apostolicae
1496 1842 1656 1874 firmitatis
1680 1842 1781 1874 robur
1805 1841 1914 1875 adiici-

1172 1895 1286 1934 cimus,
1313 1906 1348 1927 ac
1373 1906 1486 1928 omnes
1523 1901 1555 1928 et
1587 1896 1732 1938 singulos
1770 1895 1850 1928 iuris
1884 1900 1916 1928 et

1147 1954 1149 1963 ¹
1173 1948 1244 1979 sacti
1273 1948 1435 1986 desectus,
1474 1948 1498 1980 si
1536 1947 1590 1991 qui
1617 1949 1759 1991 desuper
1783 1958 1916 1991 quomo-

1172 1998 1297 2031 dolibet
1331 1999 1567 2032 intervenerint
1603 2010 1659 2032 seu
1699 1999 1914 2033 intervenisse

1171 2052 1247 2093 dici,
1281 2053 1428 2092 censeri,
1468 2053 1639 2096 praetendi
1680 2055 1729 2086 vel
1771 2053 1913 2096 intelligi

1172 2115 1310 2148 unquam
1324 2104 1332 2120 ¹
1354 2111 1500 2148 possent,
1516 2106 1705 2148 plenissime
1724 2106 1913 2149 supplemus

1172 2164 1203 2191 et
1228 2169 1392 2191 sanamus.

1215 2211 1229 2254 ξ
1253 2210 1285 2244 3.
1312 2211 1546 2251 Decernentes,
1573 2212 1704 2245 easdem
1724 2217 1915 2256 praesentes

1171 2263 1296 2297 litteras
1323 2274 1451 2307 semper
1476 2264 1605 2305 sirmas,
1641 2265 1763 2298 validas
1789 2270 1822 2299 et
1848 2265 1914 2299 essi-

1172 2327 1264 2350 caces
1292 2317 1430 2350 existere
1457 2323 1488 2350 et
1514 2317 1596 2356 sore,
1623 2328 1768 2362 suosque
1799 2319 1915 2362 plena-

1171 2370 1235 2404 rios
1255 2374 1285 2404 et
1307 2370 1452 2413 integros
1480 2370 1614 2404 ell'ectus
1640 2372 1750 2405 sortiri
1776 2376 1808 2405 et
1831 2371 1914 2405 obti-

1172 2434 1270 2465 nere,
1298 2434 1334 2456 ac
1360 2424 1439 2464 illis,
1471 2424 1509 2456 ad
1536 2435 1619 2468 quos
1646 2430 1771 2468 spectat
1796 2430 1827 2458 et
1852 2435 1920 2468 pro

1172 2482 1318 2520 tempore
1344 2478 1525 2521 spectabit,
1552 2478 1583 2510 in
1610 2479 1760 2512 omnibus
1787 2483 1818 2512 et
1854 2488 1913 2522 per

1171 2529 1279 2563 onmia
1304 2530 1492 2573 plenissime
1519 2530 1704 2574 suffragari,
1733 2536 1765 2565 et
1793 2532 1833 2565 ab
1866 2532 1912 2565 eis

1209 2594 1217 2619 1
1241 2592 1311 2619 Edit.
1333 2593 1415 2621 Main.
1436 2593 1502 2628 legit
1523 2602 1672 2628 nunquam
1686 2594 1725 2629 (a.
1746 2596 1794 2629 τ.).

1922 184 1971 212 An.
1987 185 2015 213 c.
2036 175 2123 216 im‘
2154 181 2158 184 ’

1974 1368 2110 1390 confirmatio

1926 1396 1987 1418 relati
2001 1395 2090 1422 decreti.

1951 2217 2075 2239 clausum.
