2170 3147
3 239 30 256 n.
47 231 76 256 C.
100 228 165 256 ¹727

171 276 292 310 delibet
316 276 349 308 in
376 276 527 314 futurum,
549 274 701 315 cuiusvis,
719 278 817 306 status
837 284 907 315 gra-

171 330 240 369 dus,
264 328 387 362 ordinis
411 333 443 360 et
467 327 665 360 conditionis
691 326 847 365 existant,
865 326 906 357 in·

169 382 364 415 violabiliter
404 387 435 413 et
480 380 672 413 inconcusse
713 378 904 416 observari,

168 445 296 468 necnon
321 434 360 467 de
385 433 604 476 subreptionis
630 433 678 465 vel
704 431 907 473 obreptionis

170 493 222 520 aut
246 486 403 520 nullitatis
426 486 514 524 vitio,
542 495 598 518 seu
625 484 817 516 intentionis
855 494 909 515 no-

169 546 252 573 strae
267 545 320 572 aut
334 539 490 571 interesse
508 537 699 570 habentium
718 537 909 575 consensus,

170 592 274 626 aliove
311 591 458 635 quolibet
488 590 696 634 quantumvis
729 599 847 631 magno
880 594 909 621 et

170 644 375 678 substantiali
402 644 527 676 defectu
562 642 683 681 notari,
711 641 907 683 impugnari,

171 697 312 740 infringi,
338 696 515 736 retractari,
534 700 589 728 aut
606 696 636 727 in
654 694 909 727 controversiam

171 750 323 789 revocari,
343 756 393 782 aut
416 750 568 782 adversus
591 749 662 781 illas
681 748 909 790 quodcumque

171 805 258 844 iuris,
285 803 358 836 facti
385 803 433 836 vel
459 802 581 844 gratiae
603 801 783 834 remedium
808 801 910 843 impe-

174 858 270 897 trari,
298 868 352 890 seu
386 857 482 890 etiam
507 861 612 895 motu,
639 854 772 887 scientia
798 859 828 887 et
852 865 910 896 po-

173 911 296 943 testatis
334 909 538 953 plenitudine
578 907 710 951 paribus
752 917 910 940 concesso

173 963 356 1007 quempiam
383 963 415 995 in
441 962 561 995 iudicio
579 963 628 994 vel
650 966 739 994 extra
764 960 844 993 illud
866 960 909 992 uti

173 1027 227 1049 seu
254 1027 288 1049 se
314 1016 424 1048 iuvare
450 1025 563 1058 posse,
590 1014 701 1056 sicque
728 1019 759 1046 et
777 1024 842 1046 non
860 1013 911 1045 ali-

174 1074 223 1102 ter
246 1069 277 1101 in
304 1067 493 1111 praemissis
530 1078 588 1110 per
614 1077 836 1109 quoscumque
864 1066 910 1097 iu-

174 1121 261 1154 dices
301 1120 483 1153 ordinarios
523 1125 555 1152 et
589 1119 776 1160 delegatos,
815 1118 911 1150 etiam

174 1184 341 1207 causarum
363 1173 474 1216 palatii
494 1172 662 1215 apostolici
683 1172 860 1208 auditores,
881 1176 912 1203 ct

174 1228 205 1262 S.
236 1227 273 1260 R.
303 1227 337 1259 E.
366 1227 566 1265 cardinales,
601 1226 698 1258 etiam
736 1226 774 1257 de
813 1226 911 1257 latere

176 1281 315 1323 legatos,
334 1284 365 1312 et
382 1279 462 1312 alios
488 1279 652 1322 quoslibet
673 1277 784 1321 quavis
810 1282 913 1309 aucto·

176 1334 269 1366 ritate
307 1332 479 1374 fungentes
505 1338 537 1364 et
562 1332 749 1370 functuros,
788 1330 913 1363 sublata

176 1387 221 1418 eis
247 1391 278 1419 et
303 1396 415 1418 eorum
441 1384 576 1417 cuilibet
601 1385 713 1427 quavis
739 1384 834 1417 aliter
866 1384 911 1415 iu-

177 1439 306 1473 dicandi
343 1444 374 1471 et
413 1438 650 1481 interpretandi
691 1438 843 1470 facultate
884 1443 915 1470 et

178 1492 379 1531 auctoritate,
399 1491 531 1524 iudicari
559 1497 590 1523 et
615 1490 740 1523 definiri
775 1491 911 1530 debere,

177 1557 213 1578 ac
238 1546 366 1578 irritum
393 1549 423 1577 et
448 1545 544 1577 inane
569 1544 594 1576 si
620 1554 712 1576 secus
739 1554 836 1586 super
867 1543 915 1576 liis

177 1610 194 1632 a
219 1609 394 1642 quoquam,
410 1597 521 1640 quavis
540 1597 747 1636 auctoritate,
776 1596 916 1628 scienter

176 1653 226 1685 vel
252 1652 442 1694 ignoranter
467 1650 639 1692 eontigerit
660 1649 820 1682 attentari.
848 1649 915 1681 Non

180 1705 385 1737 obstantibus
404 1703 599 1746 praemissis,
619 1713 747 1735 necnon
766 1702 917 1735 omuibus

181 1763 213 1790 et
241 1757 377 1799 singulis
415 1756 478 1788 illis
511 1766 591 1798 quac
630 1755 732 1788 dictus
770 1755 917 1788 Urbanus

179 1810 411 1853 praedecessor
431 1809 460 1840 in
484 1808 547 1840 suis
569 1808 684 1840 litteris
707 1808 918 1851 praeinsertis

181 1862 282 1895 voluit
307 1872 371 1894 non
397 1861 546 1900 obstare,
578 1860 758 1903 ceterisque
792 1866 918 1892 contra-

181 1915 236 1947 riis
262 1915 531 1957 quibuscumque.
559 1913 705 1946 Ceterum
731 1913 852 1955 pariter
869 1924 918 1946 vo-

183 1969 289 2000 lumus
315 1972 348 1998 ut
373 1967 558 1999 earumdem
585 1966 804 2009 praesentium
836 1966 920 2000 litte-

185 2029 290 2051 rarum
327 2018 565 2061 transuiuptis,·
593 2018 689 2050 etiam
728 2019 918 2061 impressis,

183 2082 280 2104 manu
306 2071 442 2104 alieuius
477 2071 596 2103 notarii
629 2071 749 2113 publici
780 2071 921 2103 subscri-

184 2124 246 2168 ptis
260 2151 267 2164 ,
286 2129 316 2157 et
335 2123 441 2166 sigillo
459 2134 618 2166 personae
645 2124 675 2155 in
704 2123 922 2156 ecclesiastiea

184 2177 340 2220 dignitate
380 2176 575 2209 constitutae
617 2176 770 2215 munitis,
808 2176 921 2208 eadem

185 2240 316 2273 prorsus
344 2229 423 2262 fides
448 2229 607 2261 habeatur
632 2239 715 2271 quae
736 2228 816 2271 ipsis
833 2239 921 2270 prae-
942 2246 944 2253 v

185 2282 331 2315 sentibus
357 2281 536 2314 haberetur
563 2281 588 2313 si
623 2282 730 2314 forent
759 2281 922 2313 exhibitae

184 2336 232 2368 vel
259 2338 422 2368 ostensae.

225 2388 340 2420 Datum
361 2386 494 2425 Romae,
515 2386 602 2429 apud
621 2385 652 2418 S.
672 2385 804 2418 Mariam
826 2385 925 2418 Maio-

181 2451 268 2481 rem,
295 2439 357 2472 sub
382 2439 506 2472 annulo
532 2439 732 2478 piscatoris,
760 2438 813 2471 die
838 2449 923 2471 xxvu

183 2492 377 2536 septembris
387 2501 576 2531 MDccxxvu,
595 2490 923 2534 pontificatusnostri

182 2556 269 2579 anno
296 2555 339 2579 iv.

217 2607 275 2636 Dat.
291 2607 336 2635 die
354 2607 386 2634 27
403 2606 568 2643 septembris
585 2606 660 2642 1727,
678 2606 779 2643 pontif.
796 2614 865 2637 anno
882 2614 919 2634 iv.

765 225 959 248 BENEDICTUS
987 224 1040 247 Xlll
1067 224 1114 246 l’l'.

1579 209 1643 242 nto

1279 271 1362 304 CCV.

952 343 1141 377 Conceditur
1165 343 1305 385 facultas
1329 341 1476 383 qenerali
1511 346 1539 372 et
1568 339 1685 381 defini-

997 396 1077 427 torio
1101 396 1243 438 fratrum
1262 395 1533 426 Discatceatorum
1554 392 1690 425 Ordinis

995 449 1050 481 SS.
1101 448 1273 480 Trinitatis
1309 446 1549 489 Redemptionis
1581 445 1690 487 Capti-

995 512 1107 534 vorum,
1133 501 1280 543 erz‘qendi
1305 511 1405 533 unam
1432 500 1528 542 quasi
1549 499 1587 530 cte
1612 508 1691 530 noro

995 555 1197 596 provinciam
1215 554 1335 586 Italiae
1352 563 1390 584 ex
1408 552 1610 584 conventibus
1635 551 1693 593 (μα’

997 608 1031 639 in
1057 607 1161 640 [latui
1186 607 1407 649 reperiuntur,
1427 605 1476 638 vet
1500 615 1610 637 eorum
1634 603 1693 636 ali-

996 660 1150 702 quibus&

1129 740 1312 766 Benedictus
1334 740 1412 772 Papa
1436 738 1515 770 XIII,

1094 785 1130 810 ad
1151 784 1283 810 futuram
1304 784 1350 809 rei
1371 784 1554 817 memoriam.-

997 856 1066 898 ξἸ.
1104 855 1189 887 Alias
1222 854 1323 888 felicis
1356 853 1592 887 recordationis
1626 853 1694 886 Cle-

955 909 1054 941 menti
1089 909 1193 950 Papae
1228 907 1265 940 >11
1298 905 1546 950 praedecessori
1582 911 1694 938 nostro

954 971 1011 1004 pro
1037 965 1129 1003 parte
1164 966 1237 992 tunc
1269 959 1439 992 existentis
1474 957 1692 1000 procuratoris

954 1014 1115 1057 generalis
1142 1012 1330 1056 provinciae
1356 1011 1465 1044 ltaliae
1492 1012 1625 1043 fratrum
1643 1010 1695 1042 Di-

954 1067 1186 1100 scalceatorum
1204 1065 1254 1098 SS.
1268 1064 1431 1097 Trinitatis
1447 1062 1693 1106 Redemptionis

954 1120 1157 1163 Captivorum
1189 1117 1352 1161 exposito,
1380 1117 1482 1159 quod,
1510 1126 1580 1148 eum
1617 1114 1694 1148 alias

956 1178 1031 1204 tunc
1056 1172 1181 1214 pariter
1218 1171 1391 1202 existentes
1424 1170 1540 1200 fratres
1573 1168 1694 1200 Discal-

956 1226 1037 1258 ceati
1079 1225 1173 1257 trium
1213 1229 1429 1256 conventuum
1466 1221 1575 1254 ltaliae
1616 1221 1694 1253 dieti

955 1278 1104 1316 Ordinis,
1130 1277 1171 1309 ob
1198 1277 1360 1309 defectum
1387 1274 1547 1317 regularis
1582 1273 1694 1306 obser-

958 1332 1084 1364 vantiae
1117 1331 1255 1373 aliisque
1290 1329 1409 1361 iustis‘z
1435 1334 1465 1361 et
1497 1326 1697 1360 rationabili-

958 1386 1017 1417 bus
1035 1385 1073 1417 de
1094 1384 1196 1417 causis
1211 1385 1242 1416 in
1258 1381 1519 1424 Congregatione
1540 1386 1615 1413 tunc
1635 1380 1698 1413 exi-

958 1438 1111 1471 stentium
1131 1436 1247 1470 SRE.
1269 1435 1479 1468 cardinalium
1506 1434 1646 1476 negotiis
1668 1439 1699 1465 et

958 1489 1252 1525 consultationibus
1285 1488 1513 1532 episcoporum
1550 1493 1581 1519 et
1607 1497 1698 1528 regu-

959 1544 1072 1577 larium
1091 1542 1273 1586 praeposita
1291 1540 1436 1583 probatis
1458 1544 1489 1572 et
1507 1538 1698 1577 iustificatis‚

959 1597 1107 1640 proprias
1132 1594 1348 1636 obligationes
1377 1603 1577 1636 nequaquam
1600 1591 1698 1624 adim-

960 1651 1059 1692 plere.
1087 1648 1258 1690 minusque
1289 1647 1414 1689 aliquot
1445 1645 1509 1677 sive
1544 1645 1574 1676 in
1607 1644 1699 1687 spiri-

961 1702 1098 1734 tualibus
1125 1712 1182 1733 seu
1208 1701 1238 1732 in
1265 1699 1502 1742 temporalibus
1531 1697 1698 1739 religiosos

961 1765 1152 1798 progressus
1175 1756 1281 1786 lacere
1301 1752 1490 1791 valuissent,
1510 1761 1611 1793 seque
1630 1760 1700 1793 pro-

962 1807 1036 1839 inde
1050 1806 1302 1848 Cougregationi
1322 1804 1495 1847 Hispaniae
1511 1803 1699 1835 eorumdem

963 1860 1092 1892 fratrum
1119 1859 1394 1891 Discaleeatorum
1421 1855 1504 1888 uniri
1522 1855 1698 1899 petiissent,

962 1919 992 1945 et
1017 1912 1195 1944 successive
1221 1910 1406 1953 superiores
1432 1909 1534 1941 dictae
1560 1907 1701 1950 Congre-

962 1965 1102 2007 gatiouis
1136 1973 1330 1996 consensum
1369 1971 1461 1993 suum
1493 1959 1604 1992 unioni
1643 1960 1702 1991 liu-

963 2017 1101 2050 iusniodi
1128 2015 1387 2059 praestitissent,
1406 2024 1441 2046 ae
1460 2013 1576 2046 deinde
1603 2012 1701 2045 iidem

964 2070 1077 2102 fratres
1097 2069 1287 2101 Disealeeati
1309 2066 1494 2110 provinciae
1516 2065 1701 2108 praedictae

964 2122 1141 2165 supplicem
1173 2122 1320 2154 libellum
1355 2119 1426 2162 piae
1455 2117 1629 2151 memoriae
1655 2118 1702 2150 In-

965 2175 1116 2207 nocentio
1144 2174 1246 2216 Papae
1265 2173 1301 2205 xl
1321 2171 1440 2215 pariter
1458 2170 1701 2214 praedecessori

965 2233 1077 2260 nostro
1104 2238 1161 2270 pro
1188 2225 1346 2259 eiusmodi
1373 2225 1493 2258 unione
1527 2224 1703 2257 obtinenda

965 2280 1208 2322 porrexissent,
1235 2278 1327 2321 isque
1353 2277 1390 2310 ab
1417 2277 1486 2320 ipso
1512 2276 1702 2310 Innocenti0

966 2332 1219 2374 praedecessore
1259 2331 1297 2363 ad
1336 2330 1452 2362 dictam
1489 2329 1703 2362 cardinalium

967 2385 1277 2427 Congregationem,
1305 2390 1335 2416 et
1366 2384 1406 2416 ab
1443 2383 1501 2415 ista
1526 2383 1564 2415 ad
1597 2382 1702 2415 bonae

1003 2475 1011 2499 t
1038 2473 1073 2498 lle
1093 2472 1229 2499 erectione
1248 2472 1358 2498 alterius
1374 2471 1528 2506 provinciae
1544 2479 1590 2506 pro
1606 2470 1703 2497 iisdem

964 2517 1092 2543 fratribus
1114 2517 1172 2543 ride
1191 2516 1270 2543 aliam
1289 2520 1375 2542 const.
1393 2515 1472 2542 liuius
1489 2515 1623 2542 Pontilicis
1635 2515 1700 2542 edit.

965 2568 1107 2593 iioccxxw,
1128 2560 1171 2587 die
1194 2562 1223 2587 14
1243 2560 1359 2594 augusti,
1381 2560 1475 2595 pontif.
1497 2566 1533 2586 ιν.

998 2606 1014 2633 ⁶2
1035 2605 1104 2632 Edit.
1127 2605 1206 2633 lllain.
1228 2604 1295 2640 legit
1312 2605 1432 2633 iniustis
1447 2608 1485 2639 (a.
1501 2604 1550 2639 T.).

1693 221 1741 244 in.
1762 219 1788 243 (1Δ
1813 217 1880 244 1727

1706 859 1816 879 linari-atio
1829 859 1887 878 sacti.
