2170 3147
0 209 50 236 An.
73 208 100 234 C.
120 207 185 234 17⁴2ss

776 210 968 233 nENEDfflTt's
994 210 1049 233 Xlll
1074 211 1121 234 PP-

194 256 358 294 specialiter
381 260 407 285 et
430 265 567 294 expresse
590 257 624 286 ad
648 257 777 296 ipsorum
796 266 931 287 reveren·

194 304 295 332 dorum
319 303 504 334 dominorum
525 305 732 334 monachorum
752 305 931 335 constituen-

195 352 266 381 tium
287 352 415 391 dictique
436 361 536 382 eorum
563 353 737 382 venerabilis
761 354 929 383 monasterii

194 399 373 435 nominibus,
388 404 416 429 et
433 409 483 438 pro
497 401 538 429 eis
552 401 671 439 praevia
687 406 782 430 tamen
798 411 930 431 necessa-

193 448 237 477 ria
253 453 280 477 et
304 451 469 487 opportuna
485 450 620 479 facultate
636 450 805 489 apostolica,
823 450 931 479 debita<

193 506 248 536 que
261 497 461 535 permissione.
475 498 690 527 concessionem
702 499 729 527 in
745 499 929 532 locationem,

194 555 243 574 sen
267 546 477 584 emphyteusin]
501 551 669 585 perpetuam
693 547 879 581 duraturam,
903 551 929 576 ct

194 603 268 632 quae
290 593 405 624 afficere
428 595 514 624 etiam
532 595 631 624 debeat
650 595 767 624 abbates
784 605 932 624 commen-

193 642 323 671 datarios
355 652 537 672 successores
560 643 693 672 abbatiae
716 645 744 671 S.
770 643 931 672 Clementis

194 689 223 718 in
247 690 372 720 Pisearia
395 691 504 720 nullius
527 691 670 721 dioecesis
692 701 756 720 cuin
781 691 930 720 territorio

193 742 325 776 separato
349 742 376 767 et
398 738 599 769 iurisdictione
623 740 681 768 t'ere
704 739 861 778 episcopali
887 749 931 768 su-

195 794 244 824 per
266 786 396 825 quinque
420 787 505 816 terris
524 787 619 817 Allani
639 797 754 826 nempe,
773 788 929 825 Petranici,

194 834 388 873 Castiglionis,
412 835 513 865 Turris
536 836 687 865 Passerum
711 841 738 865 et
761 835 929 873 bolognain,

193 886 221 912 et
243 892 308 913 cum
332 883 535 914 iurisdictione
563 885 657 914 laicali
692 885 770 914 civili
804 884 831 913 in
855 884 929 913 dicta

194 932 338 969 postrema
370 934 448 961 terra
476 932 658 970 Bolognani,
692 933 882 971 omniumque
904 936 931 961 et

193 978 375 1016 singulorum
406 980 534 1010 eiusdem
564 980 697 1011 abbatiae
720 981 748 1010 S.
773 981 931 1010 Clementis

194 1025 335 1056 bonorum
349 1027 511 1064 mobilium,
530 1028 689 1066 stabilium,
706 1029 929 1064 semoventium,

193 1078 222 1104 et
237 1074 360 1104 aliorum
378 1086 635 1116 quorumcumque
651 1078 685 1106 ad
706 1086 736 1106 ea
751 1078 756 1093 ¹
774 1077 931 1116 quomodo-

194 1122 264 1152 libet
285 1125 479 1162 spectantium
503 1130 531 1155 et
558 1126 768 1164 pertinentium
791 1130 819 1154 et
845 1126 872 1154 in
896 1127 931 1154 οὲ,

193 1171 301 1211 ubique
315 1173 443 1203 locorum
458 1174 668 1211 existentium2,
684 1174 789 1203 iurium
804 1184 929 1213 quoque,

195 1220 403 1258 membrorum,
420 1223 674 1260 pertinentiarum,
688 1223 929 1260 adiacentiariun,

194 1278 297 1300 usuum
311 1274 339 1299 et
351 1271 589 1300 commoditatum
604 1271 823 1306 universarum,
844 1272 929 1300 etiam

194 1317 228 1347 ad
245 1317 379 1347 effectum
395 1319 588 1357 recuperandi
605 1319 679 1348 bona
699 1319 826 1348 ciusdem
844 1319 931 1348 abba-

196 1366 250 1395 tiae
262 1375 330 1395 casu
347 1376 404 1405 quo
416 1367 599 1405 reperientur
615 1377 629 1395 a
643 1368 777 1406 quopiam
797 1372 930 1406 usurpata

194 1418 222 1444 et
244 1419 407 1454 occupata,
437 1415 529 1444 nihilo
559 1416 673 1454 penitus
695 1421 814 1454 excepto
839 1426 931 1455 neque

194 1462 332 1499 excluso,
365 1467 392 1492 et
420 1463 513 1493 solutu
538 1474 594 1493 non
618 1464 837 1503 comprehensis
861 1465 931 1494 locis

195 1511 337 1541 montium
361 1512 390 1541 in
414 1512 489 1541 alma
514 1512 589 1542 L'rbe
608 1514 642 1542 ad
665 1513 774 1543 dictum
797 1514 930 1543 abbatem

194 1560 405 1600 spectantibus7
419 1571 470 1600 per
480 1562 742 1591 eminentissinuun
757 1567 784 1592 et
796 1572 931 1592 reveren-

194 1609 348 1638 dissimum
378 1609 528 1639 dominum
564 1611 749 1640 Franciscum
774 1611 930 1641 Antonium

193 1658 220 1688 S.
237 1659 272 1688 R.
290 1658 319 1688 E.
343 1659 520 1688 cardinalem
546 1659 618 1697 Finy
645 1660 774 1689 eiusdem
798 1660 930 1690 abbatiae

194 1707 365 1737 modernum
382 1707 515 1737 abbatem
532 1709 809 1738 cominein‘latariuin
834 1710 930 1739 favore

193 1765 294 1786 eorum
317 1755 494 1786 venerabilis
517 1757 686 1786 monasterii
704 1758 788 1787 modo
812 1768 868 1797 11110
884 1768 930 1788 su-

195 1814 244 1844 pra
267 1804 439 1842 faciendam,
463 1814 527 1834 cum
551 1805 729 1844 amplissima
753 1816 867 1845 quoque
891 1809 930 1837 t'a—

194 1853 303 1883 cultate
319 1852 475 1882 tribuenda
491 1862 592 1882 eorum
610 1854 769 1883 venerabili
787 1860 929 1885 monaste-

195 1901 239 1930 rio
262 1909 376 1939 semper
408 1904 436 1930 et
469 1901 496 1929 111
522 1906 683 1940 perpetuo,
713 1902 777 1932 dico
807 1908 835 1932 et
866 1913 930 1943 per-

196 1953 294 1988 petuo,
317 1949 539 1979 administrandi
564 1959 615 1988 pro
638 1951 730 1981 libero
746 1952 870 1982 arbitrio
887 1963 931 1982 re·

197 1996 471 2026 verendissimorum
494 1998 701 2028 monachorum
726 2008 776 2038 pro
800 2003 930 2039 tempore

196 2049 223 2075 et
245 2045 415 2074 meliorandi
439 2044 514 2074 bona
536 2046 666 2075 eiusdem
689 2046 833 2085 abbatiae,
865 2049 930 2078 lites

195 2097 223 2124 et
245 2101 345 2122 causas
366 2093 542 2131 instruendi,
567 2095 761 2133 prosequendi
784 2101 811 2126 et
834 2097 931 2126 termi-

195 2142 296 2181 nandi,
319 2142 433 2181 aliaque
461 2142 623 2172 necessaria
655 2147 682 2173 et
711 2149 873 2183 opportuna
895 2146 928 2175 ad

195 2200 294 2221 eorum
317 2190 431 2220 libitum
465 2190 568 2228 agendi
590 2195 618 2221 et
639 2192 794 2222 exercendi
821 2193 929 2230 absque

195 2239 252 2269 ulla
275 2238 470 2279 dependentia
492 2248 506 2268 a
529 2239 604 2269 dicto
626 2240 857 2271 eminentissimo
882 2242 930 2272 do-

196 2288 274 2318 mino
306 2287 410 2317 abbate
432 2287 680 2317 commendatario
703 2292 731 2317 et
753 2289 818 2318 aliis
844 2290 873 2319 in
896 2291 930 2320 ea

195 2346 247 2376 pro
270 2340 397 2375 tempore
416 2335 633 2366 successoribus
655 2336 742 2366 etiam
765 2337 857 2376 quoad
888 2338 930 2368 iu·

194 2385 395 2415 risdictionem
408 2385 523 2414 civilem
539 2384 668 2414 cuiusvis
682 2385 796 2423 generis
812 2395 889 2416 nunc
903 2391 930 2416 et

195 2444 246 2474 pro
263 2438 390 2474 tempore
409 2433 444 2463 ad
459 2433 588 2464 eamdem
601 2433 748 2464 abbatiam
764 2438 929 2474 competen-

230 2500 240 2525 1
264 2497 335 2524 Edit.
357 2497 435 2524 Main.
457 2496 539 2524 habet
557 2497 718 2531 spectantia
738 2500 764 2524 et
780 2497 929 2531 pertinen-

194 2542 234 2571 tia
289 2541 444 2569 ewistentia
457 2542 498 2575 (n.
512 2541 561 2573 T.).

227 2586 245 2614 2
264 2585 365 2613 Forsan
386 2584 531 2620 legendum
550 2593 617 2612 eam
635 2585 675 2618 (R.
692 2586 740 2620 T.).

264 2640 342 2668 Ball.
364 2640 449 2669 Rom.
471 2657 501 2660 —
528 2640 588 2670 Vol.
609 2639 703 2669 XXII.
846 2638 879 2668 87

1611 200 1674 233 68‘)

974 260 1049 287 tem'
1066 263 1094 288 et
1111 258 1346 297 competituram,
1364 263 1389 288 et
1407 268 1491 297 quam
1509 258 1610 288 eadem
1627 257 1712 288 abba-

974 306 1010 335 tia
1036 305 1133 344 babet,
1153 316 1202 336 seu
1219 307 1247 336 in
1272 308 1399 336 futurum
1423 307 1531 336 habere
1557 311 1663 346 posset,
1684 311 1711 336 et

973 364 1038 384 cun]
1062 355 1326 385 communicatione
1349 365 1448 385 eorum
1472 356 1633 385 venerabili
1654 365 1712 385 1110-

974 403 1100 432 nasterio
1122 403 1303 433 Murronensi
1324 404 1460 443 illiusque
1475 405 1483 420 ²
1502 404 1711 433 reverendissi-

976 459 1021 479 mo
1038 451 1113 489 patri
1137 450 1233 480 abbati
1257 460 1308 489 pro
1324 456 1452 490 tempore
1468 452 1597 481 oninium
1612 456 1639 481 et
1651 452 1711 480 sin-

973 499 1109 536 gulorum
1123 498 1574 538 privilegiorum‚exemptionum
1589 504 1615 529 et
1632 509 1711 538 prae-

975 546 1171 584 rogativarum
1196 547 1266 576 dicti
1290 548 1513 577 eminentissimi
1536 548 1647 577 domini
1663 549 1711 577 ab-

974 594 1046 623 batis
1062 595 1310 631 commendatarii,
1329 600 1356 624 et
1373 596 1495 625 aliorum
1514 605 1564 635 pro
1581 600 1711 635 tempore

974 642 1001 671 in
1025 643 1124 672 eadem
1141 643 1257 672 abbatia
1275 653 1488 682 successorum,
1514 644 1710 674 habendorum

973 696 1000 720 et
1027 691 1254 721 exercendorum
1290 701 1340 730 per
1373 702 1470 722 eorum
1506 693 1713 722 reverendissi-

975 748 1052 768 mum
1068 743 1178 777 patrem
1192 739 1325 769 abbatem
1338 750 1403 769 cuin
1421 741 1503 770 totali
1517 741 1712 779 independen-

975 787 1012 817 tia
1027 787 1062 816 ab
1079 788 1179 816 eodem
1197 788 1334 818 moderno
1351 789 1582 818 eminentissimo
1595 790 1712 819 domino

973 835 1076 865 abbate
1093 837 1339 866 commendatario
1356 837 1494 876 illiusque
1517 847 1566 876 pro
1584 842 1712 876 tempore

974 884 1191 914 successoribus
1218 885 1246 914 in
1275 885 1374 914 eadem
1408 885 1520 915 abbatia
1554 886 1583 915 in
1612 895 1712 925 perpe-

974 936 1068 969 tuum,
1091 932 1199 972 absque
1216 942 1248 962 eo
1264 934 1340 972 quod
1364 933 1417 963 sub
1433 934 1536 972 quovis
1560 938 1712 972 praetextu

974 981 1112 1010 adversus
1135 981 1414 1011 reverendissimum
1442 986 1553 1020 patrem
1577 982 1711 1011 abbatem

974 1029 1102 1059 eiusdem
1126 1029 1301 1059 venerabilis
1325 1030 1491 1060 monasterii
1516 1039 1566 1068 pro
1584 1034 1711 1069 tempore

975 1078 1073 1107 baberi
1097 1082 1125 1107 et
1148 1079 1210 1108 lieri
1241 1079 1329 1116 possit
1364 1079 1542 1118 quicumque
1575 1087 1711 1108 recursus

974 1127 1066 1165 quoad
1098 1136 1143 1157 res
1172 1132 1383 1157 concernentes
1416 1128 1559 1156 interesse
1581 1127 1711 1156 eiusdem

974 1174 1118 1212 abbatiae,
1143 1175 1317 1213 gubernium
1340 1174 1480 1204 ecclesiae
1497 1179 1524 1204 et
1540 1174 1711 1204 exercitium

974 1223 1065 1252 dictae
1088 1223 1300 1252 iurisdictionis
1315 1232 1366 1262 per
1379 1223 1512 1252 eumdem
1528 1223 1711 1252 reverendis-

973 1271 1079 1300 simum
1104 1276 1213 1309 patrem
1238 1271 1369 1300 abbatem
1394 1271 1612 1300 Murronensern
1633 1271 1711 1300 0111111

975 1319 1071 1349 futuro
1095 1325 1224 1359 tempore
1249 1320 1408 1357 habendae,
1427 1320 1566 1349 fruendae
1585 1325 1613 1349 et
1629 1329 1712 1349 exer-

974 1368 1092 1402 cendae,
1118 1368 1236 1407 perinde
1259 1378 1291 1397 ac
1312 1370 1336 1397 si
1358 1368 1521 1398 omnimoda
1546 1368 1711 1398 iurisdictio

974 1417 1251 1456 quasi-episcopalis
1274 1421 1349 1446 esset
1380 1417 1408 1446 in
1441 1417 1502 1456 ipso
1530 1418 1711 1446 reverendis-

974 1465 1046 1495 simo
1069 1471 1150 1505 patre
1172 1465 1276 1495 abbate
1299 1465 1481 1495 Murronensi
1506 1474 1556 1504 pro
1581 1470 1711 1505 tempore

974 1513 1114 1543 radicitus
1137 1513 1267 1551 fundata,
1285 1522 1376 1553 eoque
1392 1514 1476 1543 inodo
1492 1518 1520 1542 et
1544 1514 1632 1543 forma
1649 1515 1712 1553 qui-

975 1562 1027 1592 bus
1049 1563 1083 1592 ad
1109 1572 1246 1601 praesens
1269 1562 1377 1591 residet
1402 1563 1430 1591 in
1455 1562 1554 1592 eodeni
1582 1563 1712 1592 eminen-

974 1611 1085 1640 tissimo
1118 1610 1235 1640 domino
1268 1610 1370 1640 abbate
1393 1611 1660 1645 commendatario,
1685 1616 1712 1641 et.

975 1668 1030 1688 non
1064 1659 1147 1696 alias,
1182 1664 1250 1695 ete⁸⁷
1275 1660 1497 1699 acceptandum,
1532 1664 1601 1697 etc„
1636 1670 1712 1689 eain-

973 1707 1098 1746 demque
1121 1706 1265 1737 abbatiani
1289 1717 1353 1736 cuin
1378 1708 1437 1736 suis
1461 1708 1598 1746 praefatis
1628 1708 1712 1738 bonis

973 1760 1001 1785 et
1023 1755 1147 1793 iuribus,
1173 1756 1325 1794 modisque
1348 1761 1374 1785 et
1397 1756 1496 1785 forniis
1512 1757 1646 1795 superius
1662 1766 1712 1786 ex-

975 1804 1094 1843 pressis,
1112 1804 1142 1833 in
1159 1804 1290 1833 eamdem
1310 1804 1482 1833 locationem
1500 1809 1527 1834 et
1542 1805 1712 1844 emphyteu-

973 1852 1027 1881 sim
1050 1856 1230 1891 perpetuam,
1255 1851 1526 1891 observandamque
1549 1853 1636 1882 ctiam
1660 1863 1712 1892 per

973 1910 1171 1940 quoscumque
1200 1900 1318 1930 abbates
1349 1901 1613 1931 commendatarios
1647 1911 1712 1931 sue-

972 1958 1115 1987 cessores,
1139 1958 1205 1979 cum
1229 1949 1321 1978 solitis
1338 1952 1366 1978 et
1388 1950 1536 1980 consuetis
1553 1950 1712 1980 clausulis³

972 1997 1212 2035 conducendum,
1248 2001 1317 2035 etc„
1351 2007 1403 2036 pro
1436 2007 1533 2028 annuo
1570 2003 1711 2038 perpetuo

972 2056 1081 2077 canone
1111 2051 1260 2076 scutorum
1290 2051 1534 2085 quatuorcentum
1557 2048 1711 2085 sexaginta

974 2095 1059 2125 trium
1093 2099 1226 2125 monetae
1257 2104 1395 2124 romanae
1418 2095 1462 2128 ,de
1494 2095 1574 2125 iuliis
1610 2096 1710 2125 decem

974 2153 1024 2182 pro
1059 2143 1188 2183 quolibet
1219 2147 1317 2181 scuto,
1352 2144 1545 2183 eumdemque
1581 2154 1710 2174 annuum

973 2197 1145 2231 perpetuum
1168 2201 1309 2221 canonem
1332 2192 1360 2221 in
1394 2192 1471 2221 alma
1498 2192 1574 2221 lfrbe
1596 2193 1710 2222 solvere

972 2245 1000 2270 et
1015 2241 1174 2271 exbursare
1187 2240 1300 2270 duabus
1316 2240 1512 2270 solutionibus
1527 2241 1710 2280 aequalibus,

1722 210 1768 234 An.
1792 209 1818 234 (Σ.
1839 208 1907 235 1728

974 2290 1065 2328 prima
1089 2298 1192 2328 nempe
1214 2289 1244 2318 in
1267 2289 1426 2319 festivitate
1459 2289 1488 2319 S.
1512 2289 1629 2319 loannis
1659 2290 1711 2319 na·
1742 2292 1744 2295 ’

974 2338 1076 2377 ptistae
1100 2347 1197 2368 mense
1220 2338 1311 2374 iunii,
1336 2339 1465 2368 secunda
1489 2348 1556 2367 vero
1579 2339 1607 2368 in
1632 2340 1712 2369 sesti-

975 2387 1059 2416 vitate
1091 2387 1119 2417 S.
1155 2387 1271 2416 loannis
1302 2387 1423 2425 apostoli
1457 2392 1485 2417 et
1515 2388 1711 2425 evangelistae

974 2444 1072 2465 menso
1094 2434 1258 2465 decembris
1273 2459 1280 2473 ‚
1304 2436 1420 2474 singulo
1442 2446 1537 2474 anno,
1563 2437 1711 2475 perpetuis

1010 2499 1019 2523 1
1043 2495 1112 2522 Edit.
1130 2495 1210 2522 Main.
1227 2495 1294 2531 legit
1313 2500 1471 2531 competere
1490 2498 1529 2530 (11.
1546 2497 1596 2531 an).

1007 2540 1023 2566 ⁴2
1044 2539 1116 2567 Edit.
1136 2539 1220 2566 Main.
1240 2539 1308 2574 legit
1326 2540 1408 2568 illius
1426 2543 1464 2574 (11.
1481 2542 1530 2570 Τ.).

1008 2583 1024 2612 3
1044 2582 1115 2612 Edit.
1138 2582 1217 2613 Μαίη.
1239 2583 1304 2619 legit
1323 2584 1466 2616 clausuris
1486 2584 1529 2621 (u.
1544 2584 1592 2619 T.).
