2170 3147
5 274 53 302 An.
69 273 97 300 C.
120 271 187 299 ¹728

24 2649 107 2672 Fratres
123 2651 184 2672 Prac-

781 274 978 299 BENEDICTUS
1003 275 1060 299 xm
1085 275 1134 299 1³1².

194 321 297 354 fornia
324 326 397 355 tunc
423 322 600 365 expressis,
622 323 763 355 erexerit
789 329 820 356 et
845 323 934 355 insti-

195 375 303 413 tnerit3
330 375 441 418 illique
467 375 513 408 sic
545 381 672 409 erectae
706 382 737 409 et
767 376 932 408 institutae

192 437 251 470 pro
289 428 357 460 eius
393 428 530 460 ecclesia
567 429 685 461 dictam
711 427 932 470 parochialem

193 481 363 513 ecclesiam
383 491 453 513 cuin
472 481 560 514 illius
579 481 741 520 domibus,
762 481 930 519 membris,

193 533 325 570 hortis,
359 534 484 566 iuribus
519 540 549 566 et
579 533 785 576 pertinentiis
827 534 932 566 eidem

193 586 370 628 parochiali
397 587 554 619 ecclesiae
580 585 741 627 contiguis
772 586 819 618 vel
845 586 934 618 adia-

193 639 341 671 centibus
377 644 410 671 et
444 638 726 672 circumstantibus
765 638 930 681 praefatis,

193 692 331 734 demptis
360 697 467 725 tamen
483 691 633 724 omnibus
649 691 713 724 illis
731 691 824 723 bonis
844 701 931 733 prae-

193 744 257 777 fato
284 745 398 778 Iacobo
432 748 468 776 ut
498 745 681 788 praefertur
710 743 862 783 venditis,
890 744 932 775 si-

193 797 311 830 militer
335 802 495 841 perpetuo
514 797 711 830 concesserit.
735 802 766 829 et
791 796 932 839 assigna-

193 851 291 891 verit,
318 862 353 884 ac
379 851 482 884 eidem
511 851 619 884 domui
647 851 782 884 fratrum
803 850 932 883 Praedi-

193 910 336 937 catoruui
355 905 399 937 sie
417 911 542 938 erectae
562 910 593 938 et
611 905 790 944 institutae,
804 914 930 937 necnon

193 958 294 990 dictae
341 958 519 1000 parochiali
561 957 719 990 ecclesiae
753 957 802 989 vel
844 957 931 990 illius

191 1009 356 1042 sacristiae
392 1016 447 1042 aut
481 1010 637 1050 fabricae,
664 1020 722 1052 pro
754 1010 822 1042 eius
856 1010 930 1042 dote

193 1068 224 1095 ct
249 1063 495 1095 manutentione
520 1073 555 1095 ac
582 1063 699 1105 prloris
731 1069 761 1094 et
795 1063 930 1095 fratrum

191 1117 406 1160 praefatorum
432 1117 654 1155 subventione,
674 1117 777 1149 dictos
800 1122 929 1149 centum

192 1170 304 1212 viginti
323 1180 435 1202 noveni
462 1171 594 1215 ducatos
615 1175 764 1202 monetae
785 1169 931 1212 neapoli-

192 1228 285 1255 tanae
334 1234 369 1255 ac
407 1223 640 1264 nonagintasex
669 1222 808 1254 tunmlos
837 1221 930 1264 grani

191 1286 247 1309 seu
285 1276 448 1315 frumenti,
484 1286 611 1309 necnon
650 1276 776 1308 tertiam
806 1280 930 1318 partem

191 1329 351 1362 bonorum
390 1330 687 1372 recuperandorum
726 1328 928 1367 huiusmodi,

193 1388 225 1415 et
251 1383 312 1415 alia
336 1383 423 1415 bona
449 1382 584 1414 mobilia
609 1388 640 1414 ct
662 1381 839 1415 immobilia
870 1381 929 1425 ipsi

193 1434 299 1468 domui
328 1435 460 1468 fratrum
486 1432 818 1475 t‘t·a0di‹;ai0rum,'ut
839 1444 931 1477 prae-

193 1488 296 1521 fertur
321 1493 448 1520 erectae
474 1493 505 1520 et
530 1487 707 1527 institutae,
743 1497 801 1531 per
838 1497 931 1530 quos-

193 1551 333 1584 cumque
352 1551 409 1584 pro
429 1546 574 1583 tempore
593 1540 841 1584 quomodolibet
858 1540 932 1572 dan-

194 1594 233 1626 da
258 1603 314 1626 seu
342 1593 556 1636 relinquenda
574 1620 581 1632 ,
609 1604 679 1625 cum
706 1593 769 1625 hoc
794 1598 828 1624 nt
854 1592 930 1625 dicti

192 1646 283 1689 prior
308 1651 338 1679 et
364 1646 477 1679 fratres
505 1647 535 1678 in
562 1646 630 1688 ipsa
650 1646 747 1678 domo
774 1656 831 1688 pro
853 1652 931 1679 tem-

192 1709 270 1742 pore
289 1699 442 1741 degentes
462 1699 564 1731 dictae
578 1698 754 1741 parochiali
774 1699 930 1732 ecclesiae

193 1752 223 1783 in
247 1751 363 1784 divinis
389 1752 466 1784 alias
493 1751 666 1791 deservire,
693 1751 872 1794 dictamque
898 1751 931 1784 il-

192 1805 255 1838 lius
283 1805 460 1837 animarum
482 1815 590 1837 curam
618 1815 780 1844 exercere,
799 1816 835 1837 ac
851 1805 930 1844 iura,

194 1858 636 1901 oblationes(eleemosynas
661 1863 691 1890 et
718 1859 780 1890 alia
806 1859 931 1890 emolu-

195 1915 299 1942 menta
319 1911 529 1952 parochialia,
548 1916 580 1943 ct
605 1921 640 1942 ex
668 1911 799 1943 servitio
826 1916 856 1943 ct
881 1921 931 1941 en-

196 1973 250 1995 rac
275 1963 452 1995 animarum
474 1963 628 1995 exercitio
647 1963 830 1995 huiusmodi
857 1974 932 2006 pro-

196 2015 370 2054 venientia,
390 2015 528 2047 cuiusvis
554 2015 683 2047 licentia
707 2016 850 2058 desuper
873 2016 932 2048 mi-

196 2067 281 2100 nime
306 2067 471 2110 requisita,
488 2067 657 2110 percipere
679 2073 705 2100 et
733 2068 855 2101 habere
880 2069 931 2101 <le-

195 2120 312 2152 berent
343 2125 375 2152 et
407 2120 576 2160 valerent,
615 2120 740 2163 ipsique
778 2121 866 2164 prior
902 2127 930 2153 et

196 2172 312 2205 fratres
329 2172 514 2204 huiusmodi
534 2173 687 2215 magistro
712 2174 855 2215 generali
882 2175 930 2206 vel

195 2225 395 2268 procuratori
433 2225 577 2266 generali
619 2225 762 2257 eiusdem
802 2225 930 2259 Ordinis

196 2268 326 2310 fratrum
363 2277 624 2310 Praedicatorum
661 2278 832 2318 dumtaxat,
867 2290 930 2312 non

195 2335 300 2363 autem
336 2330 525 2372 provinciali
563 2341 617 2363 seu
655 2331 929 2373 provincialibus,

195 2383 367 2426 prioribus,
385 2383 433 2415 vel
460 2383 530 2415 aliis
557 2383 711 2416 ministris
729 2394 785 2416 seu
813 2384 932 2417 officia-

195 2435 290 2474 libus,
308 2435 369 2467 nisi
383 2435 434 2479 *ab
460 2435 530 2478 ipso
548 2436 701 2478 magistro
722 2437 865 2479 generali
883 2439 930 2471 vel

196 2492 406 2530 procuratore
439 2488 581 2530 generali
619 2499 677 2531 pro
705 2494 850 2532 tempore
878 2490 932 2523 de-

196 2540 313 2583 putatis
350 2540 578 2581 visitatoribus,
616 2542 799 2582 subessent,
837 2543 931 2576 etiam

196 2598 355 2636 perpetuo
373 2593 583 2636 applicaverit
603 2599 633 2626 ct
651 2595 929 2638 appropriavcrit3

240 2647 254 2689 ξ
279 2646 309 2679 3.
338 2646 413 2679 Cum
433 2657 508 2679 vero
527 2646 614 2689 prior
640 2652 670 2679 ct
689 2647 801 2681 fratres
829 2649 930 2684 dictae

1613 265 1677 299 715

1726 275 1773 300 Λη.
1790 275 1817 301 C.
1842 274 1908 302 1728

978 324 1090 356 domus
1116 330 1150 356 ut
1174 324 1356 367 praefertur
1382 329 1506 358 erectae
1532 329 1563 357 et
1588 324 1908 358 institu-‹tit-atoresdtciae

978 382 1036 416 tae,
1072 382 1146 410 tunc
1182 383 1213 409 et
1247 388 1307 420 pro
1339 383 1488 421 tempore
1522 378 1711 417 existentes,

977 429 1230 462 iurisdictionem
1253 430 1343 473 quasi
1371 431 1588 473 episcopalem
1616 430 1645 462 in
1673 431 1714 463 di-

977 484 1025 514 cta
1052 484 1137 514 terra
1163 483 1256 525 eique
1294 483 1448 515 subiectis
1484 483 1575 522 locis,
1602 494 1714 526 quem-

978 535 1152 567 admodum
1190 536 1366 577 capitulum
1393 542 1423 567 et
1448 536 1595 568 canonici
1622 546 1716 578 prae-

977 586 1050 618 dicti
1078 586 1165 619 illam
1192 593 1411 626 exercuerant,
1439 588 1533 620 etiam
1563 598 1714 621 exercere

975 639 1203 672 continuarent
1220 650 1277 672 seu
1297 640 1485 673 continuare
1503 641 1633 677 vellent,
1651 642 1716 673 ele-

976 702 1028 724 rus
1055 692 1161 725 dictae
1189 698 1293 726 terrae
1326 693 1428 736 priori
1461 693 1564 726 dictae
1601 693 1714 726 domus

975 749 1009 776 ut
1033 745 1218 788 praefertur
1252 751 1379 779 erectae
1414 752 1444 779 et
1479 746 1657 786 institutae,
1682 756 1715 778 se

976 808 1039 831 non
1061 809 1129 831 esse
1156 799 1336 831 subiectum
1363 799 1594 842 praetendens,
1614 809 1649 831 ac
1668 798 1714 831 illi

975 851 1194 884 obedientiam
1222 857 1253 884 et
1277 853 1491 885 reverentiam
1526 853 1652 885 debitas
1685 857 1717 885 ct.

976 904 1104 937 devotas
1124 905 1254 937 exibere
1271 915 1434 945 recusans,
1448 906 1486 938 ad
1501 905 1617 938 Sedem
1632 906 1716 948 Apo-

975 958 1119 990 stolIcatn
1148 967 1314 990 recursum
1347 958 1529 997 habuisset,
1555 969 1714 1002 causaque

975 1011 1158 1043 huiusmodi
1186 1021 1243 1054 per
1269 1011 1372 1044 felicis
1398 1011 1494 1044 etiam
1520 1011 1714 1044 recordatio-

975 1063 1024 1096 nis
1052 1064 1181 1107 Xystum
1208 1064 1324 1107 Papam
1353 1065 1373 1094 V
1400 1065 1495 1097 etiam
1522 1065 1716 1107 praedeces-

974 1128 1080 1150 sorem
1113 1122 1260 1149 nostrum
1286 1117 1536 1160 Congregationi
1562 1118 1592 1151 S.
1622 1117 1657 1150 P..
1678 1117 1712 1149 E.

975 1170 1185 1203 cardinalium
1212 1170 1356 1212 negociis
1375 1176 1406 1203 et
1424 1170 1715 1203 consultationibus

976 1223 1205 1266 episcoporum
1233 1228 1263 1255 ct
1287 1224 1484 1265 regularium
1510 1223 1715 1266 praeposito-

976 1286 1044 1308 rum
1070 1276 1285 1308 cxaminanda
1310 1281 1341 1308 et
1370 1276 1431 1308 fine
1465 1277 1575 1309 debito
1607 1276 1716 1309 termi-

975 1329 1081 1361 nanda
1117 1330 1289 1361 commissa
1325 1329 1488 1368 extitisset,
1526 1339 1561 1361 ac
1596 1329 1715 1369 iterum

974 1382 1140 1424 proposita
1167 1381 1292 1414 ratione
1319 1382 1452 1425 capituli
1486 1387 1517 1414 et
1543 1382 1716 1415 canonico-

976 1444 1044 1466 rum
1070 1434 1289 1477 praefatorum
1317 1434 1417 1477 (qui,
1439 1440 1513 1478 post
1532 1440 1714 1468 emanatam

974 1487 1012 1519 ab
1051 1488 1163 1520 eadem
1197 1487 1458 1530 Congregatione
1495 1489 1533 1521 ad
1572 1489 1714 1521 favorem

975 1541 1165 1573 eorumdem
1184 1540 1304 1583 prioris
1322 1546 1352 1573 et
1370 1541 1502 1573 fratrum
1521 1546 1632 1574 contra
1651 1542 1715 1574 elc-

976 1605 1045 1626 ruin
1064 1594 1243 1636 praefatum
1263 1594 1497 1627 resolutionem
1524 1595 1560 1627 ad
1588 1605 1712 1627 causant

976 1647 1169 1686 huiusmodi,
1192 1658 1226 1679 ex
1254 1647 1358 1679 causis
1385 1653 1459 1680 tunc
1485 1648 1658 1690 expressis,
1674 1648 1712 1680 ad

974 1710 1007 1732 se
1027 1700 1364 1742 pertinere,ipsosque
1383 1701 1523 1743 priorem
1541 1706 1572 1732 et
1589 1701 1712 1739 fratres,

974 1758 1008 1784 ut
1034 1753 1264 1790 Menttieantes,
1282 1753 1395 1785 harum
1414 1764 1522 1785 rerum
1541 1754 1712 1796 incapaces

975 1806 1111 1838 existere
1138 1806 1415 1848 praetendebant)
1435 1807 1473 1838 ab
1497 1807 1611 1839 eadem
1631 1806 1714 1839 Con-

975 1858 1164 1900 grcgationc
1192 1858 1276 1890 idem
1313 1859 1398 1901 quod
1432 1859 1523 1900 prius
1555 1859 1593 1891 ad
1629 1859 1714 1891 favo-

975 1921 1043 1943 rem
1077 1911 1196 1953 prioris
1231 1916 1261 1942 et
1294 1911 1427 1943 fratrum
1452 1911 1712 1944 Praedicatorum

976 1965 1204 2007 praefatorum,
1224 1974 1259 1996 ac
1276 1970 1388 1996 contra
1405 1965 1581 2007 capitulum
1608 1969 1640 1998 et
1664 1976 1713 1998 ca-

976 2017 1109 2050 nonicos
1135 2017 1311 2059 praefatos,
1333 2017 1420 2059 quod
1449 2017 1529 2060 ipsi¹
1555 2018 1656 2060 priori
1683 2025 1714 2051 et

978 2070 1129 2102 fratribus
1158 2071 1272 2102 liceret
1296 2070 1484 2103 huiusmodi
1517 2070 1714 2104 iurisdictio-

977 2133 1048 2155 nem
1068 2132 1229 2161 exercerc,
1244 2123 1394 2165 bonaque.
1411 2123 1589 2165 possidere,
1606 2129 1637 2156 et
1651 2124 1714 2157 alia

977 2175 1026 2207 his
1040 2175 1156 2208 similia
1179 2175 1311 2214 habere,
1326 2176 1370 2207 uti
1390 2187 1426 2207 ex
1448 2186 1560 2208 cortun
1585 2177 1714 2219 privile-

976 2228 1036 2269 giis
1055 2229 1149 2270 plene
1168 2228 1626 2268 constiterat,determinatum
1647 2230 1715 2263 fue-

976 2281 1040 2320 rit;
1071 2281 1212 2322 capitulo
1240 2291 1315 2313 vero
1342 2287 1373 2313 ct
1397 2282 1561 2314 canonicis
1588 2283 1715 2325 praedi-

975 2332 1034 2364 ctis
1055 2333 1192 2365 necdum
1218 2333 1520 2375 acquiescentibus,
1541 2346 1611 2368 cum
1630 2336 1714 2369 idem

977 2386 1091 2427 Xystus
1113 2387 1347 2428 praedecessor
1371 2387 1556 2420 universam
1576 2399 1652 2430 rem,
1674 2391 1714 2422 ad

976 2437 1161 2470 instantiam
1180 2439 1310 2481 capituli
1331 2445 1359 2472 ct
1378 2441 1608 2474 canonicorum
1627 2453 1716 2485 prae-

976 2491 1124 2531 fatorum,
1137 2492 1242 2524 bonae
1260 2492 1434 2525 memoriae
1449 2494 1590 2527 Antonio
1601 2495 1648 2528 ὃς.
1667 2496 1715 2528 lo-

976 2543 1067 2576 annis
1088 2550 1120 2576 ct
1138 2544 1226 2577 Pauli
1244 2544 1373 2578 Carafae
1389 2551 1421 2578 et
1436 2546 1579 2590 Scipioni
1606 2548 1635 2581 S.
1650 2549 1714 2581 Sal-

975 2596 1092 2629 vatoris
1104 2596 1136 2628 in
1154 2597 1257 2630 Lauro
1273 2599 1465 2641 nuncupatis
1482 2600 1657 2643 respective
1674 2601 1712 2632 ti-

1014 2662 1021 2684 t
1047 2659 1141 2694 Aptius
1161 2660 1220 2695 lege
1240 2660 1310 2694 sps-[s
1330 2666 1369 2695 tn.
1387 2662 1433 2696 T.).

1725 422 1742 436 st

1726 448 1770 463 exv!

1726 364 1837 410 gevtpsiae.
1846 364 1908 382 turis-

1742 396 1745 409 Ι
1763 393 1766 399 ’
1887 396 1890 399 ’
1902 399 1908 403 ·

1726 475 1738 489 a
1755 470 1839 488 Sittium»
1856 468 1910 487 lut„-

1728 496 1769 514 [tlit‘
1781 495 1841 514 Sixto
1854 493 1867 513 V
1880 494 1910 513 pis

1727 522 1870 542 contii-matur.
