<?xml version="1.0" encoding="UTF-8"?>
<!DOCTYPE html PUBLIC "-//W3C//DTD XHTML 1.0 Transitional//EN"
    "http://www.w3.org/TR/xhtml1/DTD/xhtml1-transitional.dtd">
<html xmlns="http://www.w3.org/1999/xhtml" xml:lang="en" lang="en">
 <head>
  <title>
</title>
<meta http-equiv="Content-Type" content="text/html;charset=utf-8" />
  <meta name='ocr-system' content='tesseract 3.04.00' />
  <meta name='ocr-capabilities' content='ocr_page ocr_carea ocr_par ocr_line ocrx_word'/>
</head>
<body>
  <div class='ocr_page' id='page_1' title='image "./bullarumdiplomat22cath_0370.png"; bbox 0 0 2170 3147; ppageno 0'>
   <div class='ocr_carea' id='block_1_1' title="bbox 247 167 547 211">
    <p class='ocr_par' dir='ltr' id='par_1_1' title="bbox 247 167 547 211">
     <span class='ocr_line' id='line_1_1' title="bbox 247 167 547 211; baseline -0.003 -8"><span class='ocrx_word' id='word_1_1' title='bbox 247 178 296 204; x_wconf 72' lang='lat' dir='ltr'>An.</span> <span class='ocrx_word' id='word_1_2' title='bbox 320 178 347 204; x_wconf 89' lang='lat' dir='ltr'>c.</span> <span class='ocrx_word' id='word_1_3' title='bbox 369 178 437 204; x_wconf 62' lang='lat'>¹726</span> <span class='ocrx_word' id='word_1_4' title='bbox 482 167 547 211; x_wconf 76' lang='lat'>330</span> 
     </span>
    </p>
   </div>
   <div class='ocr_carea' id='block_1_2' title="bbox 444 226 1192 1868">
    <p class='ocr_par' dir='ltr' id='par_1_2' title="bbox 444 226 1192 1868">
     <span class='ocr_line' id='line_1_2' title="bbox 446 226 1185 270; baseline 0 -12"><span class='ocrx_word' id='word_1_5' title='bbox 446 227 591 269; x_wconf 77' lang='lat' dir='ltr'>ingenio,</span> <span class='ocrx_word' id='word_1_6' title='bbox 617 227 747 270; x_wconf 87' lang='lat' dir='ltr'>publice</span> <span class='ocrx_word' id='word_1_7' title='bbox 774 227 822 259; x_wconf 87' lang='lat' dir='ltr'>vel</span> <span class='ocrx_word' id='word_1_8' title='bbox 842 227 975 266; x_wconf 82' lang='lat' dir='ltr'>occulte,</span> <span class='ocrx_word' id='word_1_9' title='bbox 996 226 1118 258; x_wconf 87' lang='lat' dir='ltr'>directe</span> <span class='ocrx_word' id='word_1_10' title='bbox 1136 226 1185 258; x_wconf 85' lang='lat' dir='ltr'>vel</span> 
     </span>
     <span class='ocr_line' id='line_1_3' title="bbox 447 279 1185 323; baseline -0.001 -12"><span class='ocrx_word' id='word_1_11' title='bbox 447 281 604 313; x_wconf 78' lang='lat' dir='ltr'>indirecte</span> <span class='ocrx_word' id='word_1_12' title='bbox 630 280 793 323; x_wconf 86' lang='lat' dir='ltr'>impediri,</span> <span class='ocrx_word' id='word_1_13' title='bbox 811 279 991 319; x_wconf 83' lang='lat' dir='ltr'>molestari,</span> <span class='ocrx_word' id='word_1_14' title='bbox 1011 279 1185 322; x_wconf 86' lang='lat' dir='ltr'>inquietari</span> 
     </span>
     <span class='ocr_line' id='line_1_4' title="bbox 445 334 1185 376; baseline -0.003 -10"><span class='ocrx_word' id='word_1_15' title='bbox 445 335 493 366; x_wconf 67' lang='lat' dir='ltr'>rel</span> <span class='ocrx_word' id='word_1_16' title='bbox 521 334 702 376; x_wconf 89' lang='lat' dir='ltr'>perturbari</span> <span class='ocrx_word' id='word_1_17' title='bbox 729 334 913 366; x_wconf 89' lang='lat' dir='ltr'>nullatenus</span> <span class='ocrx_word' id='word_1_18' title='bbox 951 343 1045 376; x_wconf 85' lang='lat' dir='ltr'>posse</span> <span class='ocrx_word' id='word_1_19' title='bbox 1078 343 1185 375; x_wconf 87' lang='lat' dir='ltr'>neque</span> 
     </span>
     <span class='ocr_line' id='line_1_5' title="bbox 446 386 1188 429; baseline -0.003 -11"><span class='ocrx_word' id='word_1_20' title='bbox 446 386 566 419; x_wconf 85' lang='lat' dir='ltr'>debere</span> <span class='ocrx_word' id='word_1_21' title='bbox 585 413 592 425; x_wconf 89' lang='lat'>‚</span> <span class='ocrx_word' id='word_1_22' title='bbox 621 392 810 429; x_wconf 76' lang='lat' dir='ltr'>praesentes</span> <span class='ocrx_word' id='word_1_23' title='bbox 837 396 966 429; x_wconf 83' lang='lat' dir='ltr'>quoque</span> <span class='ocrx_word' id='word_1_24' title='bbox 992 395 1121 427; x_wconf 84' lang='lat' dir='ltr'>semper</span> <span class='ocrx_word' id='word_1_25' title='bbox 1157 391 1188 417; x_wconf 87' lang='lat' dir='ltr'>et</span> 
     </span>
     <span class='ocr_line' id='line_1_6' title="bbox 445 438 1187 482; baseline -0.003 -10"><span class='ocrx_word' id='word_1_26' title='bbox 445 444 608 482; x_wconf 88' lang='lat' dir='ltr'>perpetuo</span> <span class='ocrx_word' id='word_1_27' title='bbox 623 439 745 471; x_wconf 82' lang='lat' dir='ltr'>validas</span> <span class='ocrx_word' id='word_1_28' title='bbox 763 445 795 471; x_wconf 91' lang='lat' dir='ltr'>et</span> <span class='ocrx_word' id='word_1_29' title='bbox 811 439 956 471; x_wconf 82' lang='lat' dir='ltr'>efficaces</span> <span class='ocrx_word' id='word_1_30' title='bbox 975 449 1044 471; x_wconf 86' lang='lat' dir='ltr'>esse</span> <span class='ocrx_word' id='word_1_31' title='bbox 1059 443 1091 470; x_wconf 88' lang='lat' dir='ltr'>et</span> <span class='ocrx_word' id='word_1_32' title='bbox 1108 438 1187 477; x_wconf 81' lang='lat' dir='ltr'>sore,</span> 
     </span>
     <span class='ocr_line' id='line_1_7' title="bbox 445 491 1188 535; baseline -0.003 -10"><span class='ocrx_word' id='word_1_33' title='bbox 445 502 587 535; x_wconf 79' lang='lat' dir='ltr'>suosque</span> <span class='ocrx_word' id='word_1_34' title='bbox 614 491 778 535; x_wconf 88' lang='lat' dir='ltr'>plenarios</span> <span class='ocrx_word' id='word_1_35' title='bbox 812 497 844 524; x_wconf 89' lang='lat' dir='ltr'>ct</span> <span class='ocrx_word' id='word_1_36' title='bbox 877 492 1021 534; x_wconf 81' lang='lat' dir='ltr'>integros</span> <span class='ocrx_word' id='word_1_37' title='bbox 1056 491 1188 524; x_wconf 77' lang='lat' dir='ltr'>effectus</span> 
     </span>
     <span class='ocr_line' id='line_1_8' title="bbox 446 540 1188 585; baseline -0.001 -8"><span class='ocrx_word' id='word_1_38' title='bbox 446 544 554 577; x_wconf 89' lang='lat' dir='ltr'>sortiri</span> <span class='ocrx_word' id='word_1_39' title='bbox 583 549 614 576; x_wconf 85' lang='lat' dir='ltr'>et</span> <span class='ocrx_word' id='word_1_40' title='bbox 639 544 787 577; x_wconf 87' lang='lat' dir='ltr'>obtinere</span> <span class='ocrx_word' id='word_1_41' title='bbox 808 571 815 585; x_wconf 88' lang='lat'>,</span> <span class='ocrx_word' id='word_1_42' title='bbox 843 555 879 577; x_wconf 87' lang='lat' dir='ltr'>ac</span> <span class='ocrx_word' id='word_1_43' title='bbox 904 540 943 577; x_wconf 76' lang='lat' dir='ltr'>ab</span> <span class='ocrx_word' id='word_1_44' title='bbox 970 544 1122 577; x_wconf 90' lang='lat' dir='ltr'>omnibus</span> <span class='ocrx_word' id='word_1_45' title='bbox 1156 549 1188 576; x_wconf 92' lang='lat' dir='ltr'>et</span> 
     </span>
     <span class='ocr_line' id='line_1_9' title="bbox 446 597 1189 640; baseline 0 -10"><span class='ocrx_word' id='word_1_46' title='bbox 446 597 606 640; x_wconf 81' lang='lat' dir='ltr'>singulis,</span> <span class='ocrx_word' id='word_1_47' title='bbox 634 597 672 630; x_wconf 86' lang='lat' dir='ltr'>ad</span> <span class='ocrx_word' id='word_1_48' title='bbox 705 608 786 640; x_wconf 88' lang='lat' dir='ltr'>quos</span> <span class='ocrx_word' id='word_1_49' title='bbox 824 597 1071 640; x_wconf 71' lang='lat' dir='ltr'>quomodolibet</span> <span class='ocrx_word' id='word_1_50' title='bbox 1104 607 1189 630; x_wconf 89' lang='lat' dir='ltr'>nunc</span> 
     </span>
     <span class='ocr_line' id='line_1_10' title="bbox 446 649 1190 694; baseline -0.001 -11"><span class='ocrx_word' id='word_1_51' title='bbox 446 656 572 694; x_wconf 84' lang='lat' dir='ltr'>spectat</span> <span class='ocrx_word' id='word_1_52' title='bbox 597 656 628 683; x_wconf 90' lang='lat' dir='ltr'>et</span> <span class='ocrx_word' id='word_1_53' title='bbox 648 651 808 694; x_wconf 72' lang='lat' dir='ltr'>spectabit</span> <span class='ocrx_word' id='word_1_54' title='bbox 825 651 858 683; x_wconf 91' lang='lat' dir='ltr'>in</span> <span class='ocrx_word' id='word_1_55' title='bbox 877 651 1034 690; x_wconf 79' lang='lat' dir='ltr'>futurum,</span> <span class='ocrx_word' id='word_1_56' title='bbox 1055 649 1190 683; x_wconf 81' lang='lat' dir='ltr'>firmiter</span> 
     </span>
     <span class='ocr_line' id='line_1_11' title="bbox 446 704 1189 744; baseline -0.003 -6"><span class='ocrx_word' id='word_1_57' title='bbox 446 711 477 738; x_wconf 88' lang='lat' dir='ltr'>et</span> <span class='ocrx_word' id='word_1_58' title='bbox 502 704 735 738; x_wconf 87' lang='lat' dir='ltr'>inviolabiliter</span> <span class='ocrx_word' id='word_1_59' title='bbox 772 704 938 737; x_wconf 88' lang='lat' dir='ltr'>observari</span> <span class='ocrx_word' id='word_1_60' title='bbox 973 704 1119 744; x_wconf 87' lang='lat' dir='ltr'>debere,</span> <span class='ocrx_word' id='word_1_61' title='bbox 1152 714 1189 736; x_wconf 78' lang='lat' dir='ltr'>ac</span> 
     </span>
     <span class='ocr_line' id='line_1_12' title="bbox 446 759 1189 801; baseline -0.003 -10"><span class='ocrx_word' id='word_1_62' title='bbox 446 759 538 791; x_wconf 89' lang='lat' dir='ltr'>nullo</span> <span class='ocrx_word' id='word_1_63' title='bbox 571 768 713 801; x_wconf 87' lang='lat' dir='ltr'>unquam</span> <span class='ocrx_word' id='word_1_64' title='bbox 742 763 908 801; x_wconf 85' lang='lat' dir='ltr'>tempore,</span> <span class='ocrx_word' id='word_1_65' title='bbox 928 767 964 790; x_wconf 74' lang='lat' dir='ltr'>ex</span> <span class='ocrx_word' id='word_1_66' title='bbox 985 766 1189 799; x_wconf 84' lang='lat' dir='ltr'>quocumque</span> 
     </span>
     <span class='ocr_line' id='line_1_13' title="bbox 445 809 1188 855; baseline -0.004 -11"><span class='ocrx_word' id='word_1_67' title='bbox 445 811 550 855; x_wconf 86' lang='lat' dir='ltr'>capite</span> <span class='ocrx_word' id='word_1_68' title='bbox 575 813 625 844; x_wconf 85' lang='lat' dir='ltr'>vel</span> <span class='ocrx_word' id='word_1_69' title='bbox 651 811 798 854; x_wconf 86' lang='lat' dir='ltr'>qualibet</span> <span class='ocrx_word' id='word_1_70' title='bbox 830 813 949 851; x_wconf 75' lang='lat' dir='ltr'>causa,</span> <span class='ocrx_word' id='word_1_71' title='bbox 984 809 1188 853; x_wconf 84' lang='lat' dir='ltr'>quantumvis</span> 
     </span>
     <span class='ocr_line' id='line_1_14' title="bbox 446 863 1189 907; baseline -0.004 -9"><span class='ocrx_word' id='word_1_72' title='bbox 446 864 592 907; x_wconf 68' lang='lat' dir='ltr'>legitima</span> <span class='ocrx_word' id='word_1_73' title='bbox 617 870 649 898; x_wconf 88' lang='lat' dir='ltr'>et</span> <span class='ocrx_word' id='word_1_74' title='bbox 674 864 822 904; x_wconf 81' lang='lat' dir='ltr'>iuridica‚</span> <span class='ocrx_word' id='word_1_75' title='bbox 849 864 946 897; x_wconf 87' lang='lat' dir='ltr'>etiam</span> <span class='ocrx_word' id='word_1_76' title='bbox 971 874 1007 896; x_wconf 77' lang='lat' dir='ltr'>ex</span> <span class='ocrx_word' id='word_1_77' title='bbox 1034 873 1072 895; x_wconf 87' lang='lat' dir='ltr'>eo</span> <span class='ocrx_word' id='word_1_78' title='bbox 1102 863 1189 906; x_wconf 86' lang='lat' dir='ltr'>quod</span> 
     </span>
     <span class='ocr_line' id='line_1_15' title="bbox 445 916 1188 961; baseline -0.004 -11"><span class='ocrx_word' id='word_1_79' title='bbox 445 918 588 961; x_wconf 83' lang='lat' dir='ltr'>capitula</span> <span class='ocrx_word' id='word_1_80' title='bbox 613 917 848 950; x_wconf 72' lang='lat' dir='ltr'>cathedralium</span> <span class='ocrx_word' id='word_1_81' title='bbox 875 922 906 949; x_wconf 86' lang='lat' dir='ltr'>et</span> <span class='ocrx_word' id='word_1_82' title='bbox 943 916 1188 958; x_wconf 75' lang='lat' dir='ltr'>collegiatarum</span> 
     </span>
     <span class='ocr_line' id='line_1_16' title="bbox 445 969 1191 1015; baseline -0.004 -11"><span class='ocrx_word' id='word_1_83' title='bbox 445 971 656 1005; x_wconf 81' lang='lat' dir='ltr'>ecelesiarum</span> <span class='ocrx_word' id='word_1_84' title='bbox 682 971 913 1015; x_wconf 84' lang='lat' dir='ltr'>quarumlibet,</span> <span class='ocrx_word' id='word_1_85' title='bbox 942 980 1121 1014; x_wconf 80' lang='lat' dir='ltr'>earumque</span> <span class='ocrx_word' id='word_1_86' title='bbox 1144 969 1191 1001; x_wconf 90' lang='lat' dir='ltr'>di-</span> 
     </span>
     <span class='ocr_line' id='line_1_17' title="bbox 445 1023 1188 1068; baseline -0.005 -10"><span class='ocrx_word' id='word_1_87' title='bbox 445 1026 584 1068; x_wconf 78' lang='lat' dir='ltr'>gnitates</span> <span class='ocrx_word' id='word_1_88' title='bbox 611 1031 643 1058; x_wconf 90' lang='lat' dir='ltr'>et</span> <span class='ocrx_word' id='word_1_89' title='bbox 668 1025 842 1063; x_wconf 81' lang='lat' dir='ltr'>canonici,</span> <span class='ocrx_word' id='word_1_90' title='bbox 874 1025 924 1057; x_wconf 85' lang='lat' dir='ltr'>vel</span> <span class='ocrx_word' id='word_1_91' title='bbox 951 1024 1089 1066; x_wconf 85' lang='lat' dir='ltr'>quilibet</span> <span class='ocrx_word' id='word_1_92' title='bbox 1115 1023 1188 1060; x_wconf 89' lang='lat' dir='ltr'>alii,</span> 
     </span>
     <span class='ocr_line' id='line_1_18' title="bbox 445 1076 1188 1121; baseline -0.003 -12"><span class='ocrx_word' id='word_1_93' title='bbox 445 1079 680 1121; x_wconf 81' lang='lat' dir='ltr'>cuiuscumque</span> <span class='ocrx_word' id='word_1_94' title='bbox 708 1077 885 1120; x_wconf 81' lang='lat' dir='ltr'>dignitatis,</span> <span class='ocrx_word' id='word_1_95' title='bbox 909 1076 1042 1118; x_wconf 85' lang='lat' dir='ltr'>ordinis,</span> <span class='ocrx_word' id='word_1_96' title='bbox 1062 1076 1188 1118; x_wconf 78' lang='lat' dir='ltr'>gradus,</span> 
     </span>
     <span class='ocr_line' id='line_1_19' title="bbox 445 1129 1189 1175; baseline -0.005 -10"><span class='ocrx_word' id='word_1_97' title='bbox 445 1132 643 1165; x_wconf 89' lang='lat' dir='ltr'>conditionis</span> <span class='ocrx_word' id='word_1_98' title='bbox 676 1136 708 1164; x_wconf 84' lang='lat' dir='ltr'>et</span> <span class='ocrx_word' id='word_1_99' title='bbox 742 1130 1024 1175; x_wconf 65' lang='lat' dir='ltr'>praeeminentiae</span> <span class='ocrx_word' id='word_1_100' title='bbox 1050 1130 1132 1170; x_wconf 81' lang='lat' dir='ltr'>sint,</span> <span class='ocrx_word' id='word_1_101' title='bbox 1157 1129 1189 1161; x_wconf 89' lang='lat' dir='ltr'>in</span> 
     </span>
     <span class='ocr_line' id='line_1_20' title="bbox 444 1183 1191 1229; baseline -0.005 -11"><span class='ocrx_word' id='word_1_102' title='bbox 444 1185 636 1229; x_wconf 76' lang='lat' dir='ltr'>praemissis</span> <span class='ocrx_word' id='word_1_103' title='bbox 663 1189 695 1217; x_wconf 87' lang='lat' dir='ltr'>et</span> <span class='ocrx_word' id='word_1_104' title='bbox 719 1184 803 1217; x_wconf 87' lang='lat' dir='ltr'>circa</span> <span class='ocrx_word' id='word_1_105' title='bbox 826 1195 863 1217; x_wconf 90' lang='lat' dir='ltr'>ea</span> <span class='ocrx_word' id='word_1_106' title='bbox 881 1183 1133 1226; x_wconf 73' lang='lat' dir='ltr'>quomodolibet</span> <span class='ocrx_word' id='word_1_107' title='bbox 1161 1189 1191 1214; x_wconf 91' lang='lat' dir='ltr'>et</span> 
     </span>
     <span class='ocr_line' id='line_1_21' title="bbox 445 1235 1190 1281; baseline -0.004 -11"><span class='ocrx_word' id='word_1_108' title='bbox 445 1248 482 1271; x_wconf 86' lang='lat' dir='ltr'>cx</span> <span class='ocrx_word' id='word_1_109' title='bbox 509 1237 622 1281; x_wconf 85' lang='lat' dir='ltr'>quavis</span> <span class='ocrx_word' id='word_1_110' title='bbox 648 1238 762 1277; x_wconf 76' lang='lat' dir='ltr'>causa,</span> <span class='ocrx_word' id='word_1_111' title='bbox 796 1236 944 1276; x_wconf 83' lang='lat' dir='ltr'>ratione,</span> <span class='ocrx_word' id='word_1_112' title='bbox 976 1235 1105 1268; x_wconf 83' lang='lat' dir='ltr'>actione</span> <span class='ocrx_word' id='word_1_113' title='bbox 1142 1236 1190 1268; x_wconf 81' lang='lat' dir='ltr'>rel</span> 
     </span>
     <span class='ocr_line' id='line_1_22' title="bbox 444 1289 1190 1325; baseline -0.005 -1"><span class='ocrx_word' id='word_1_114' title='bbox 444 1292 615 1325; x_wconf 85' lang='lat' dir='ltr'>occasione</span> <span class='ocrx_word' id='word_1_115' title='bbox 640 1291 689 1323; x_wconf 90' lang='lat' dir='ltr'>ius</span> <span class='ocrx_word' id='word_1_116' title='bbox 715 1291 764 1322; x_wconf 85' lang='lat' dir='ltr'>vel</span> <span class='ocrx_word' id='word_1_117' title='bbox 785 1289 943 1321; x_wconf 88' lang='lat' dir='ltr'>interesse</span> <span class='ocrx_word' id='word_1_118' title='bbox 962 1289 1123 1321; x_wconf 84' lang='lat' dir='ltr'>habentes</span> <span class='ocrx_word' id='word_1_119' title='bbox 1141 1289 1190 1320; x_wconf 88' lang='lat' dir='ltr'>vel</span> 
     </span>
     <span class='ocr_line' id='line_1_23' title="bbox 444 1342 1190 1387; baseline -0.005 -9"><span class='ocrx_word' id='word_1_120' title='bbox 444 1345 569 1378; x_wconf 85' lang='lat' dir='ltr'>habere</span> <span class='ocrx_word' id='word_1_121' title='bbox 596 1343 860 1387; x_wconf 67' lang='lat' dir='ltr'>praetendentes,</span> <span class='ocrx_word' id='word_1_122' title='bbox 880 1342 944 1375; x_wconf 86' lang='lat' dir='ltr'>illis</span> <span class='ocrx_word' id='word_1_123' title='bbox 966 1353 1031 1375; x_wconf 89' lang='lat' dir='ltr'>non</span> <span class='ocrx_word' id='word_1_124' title='bbox 1057 1352 1190 1375; x_wconf 90' lang='lat' dir='ltr'>consen-</span> 
     </span>
     <span class='ocr_line' id='line_1_24' title="bbox 445 1395 1189 1436; baseline -0.004 -6"><span class='ocrx_word' id='word_1_125' title='bbox 445 1398 555 1436; x_wconf 79' lang='lat' dir='ltr'>serint,</span> <span class='ocrx_word' id='word_1_126' title='bbox 582 1408 643 1430; x_wconf 89' lang='lat' dir='ltr'>nec</span> <span class='ocrx_word' id='word_1_127' title='bbox 668 1397 706 1429; x_wconf 85' lang='lat' dir='ltr'>ad</span> <span class='ocrx_word' id='word_1_128' title='bbox 734 1407 771 1429; x_wconf 80' lang='lat' dir='ltr'>ea</span> <span class='ocrx_word' id='word_1_129' title='bbox 797 1396 912 1434; x_wconf 78' lang='lat' dir='ltr'>vocati,</span> <span class='ocrx_word' id='word_1_130' title='bbox 937 1395 1024 1428; x_wconf 85' lang='lat' dir='ltr'>citati</span> <span class='ocrx_word' id='word_1_131' title='bbox 1046 1395 1189 1428; x_wconf 85' lang='lat' dir='ltr'>etauditi</span> 
     </span>
     <span class='ocr_line' id='line_1_25' title="bbox 445 1448 1190 1491; baseline -0.005 -7"><span class='ocrx_word' id='word_1_132' title='bbox 445 1451 587 1491; x_wconf 80' lang='lat' dir='ltr'>fuerint,</span> <span class='ocrx_word' id='word_1_133' title='bbox 614 1451 663 1483; x_wconf 88' lang='lat' dir='ltr'>vel</span> <span class='ocrx_word' id='word_1_134' title='bbox 688 1450 753 1483; x_wconf 88' lang='lat' dir='ltr'>imo</span> <span class='ocrx_word' id='word_1_135' title='bbox 780 1449 1010 1482; x_wconf 74' lang='lat' dir='ltr'>contradicturi</span> <span class='ocrx_word' id='word_1_136' title='bbox 1037 1448 1121 1488; x_wconf 82' lang='lat' dir='ltr'>sint,</span> <span class='ocrx_word' id='word_1_137' title='bbox 1151 1449 1190 1481; x_wconf 88' lang='lat' dir='ltr'>de</span> 
     </span>
     <span class='ocr_line' id='line_1_26' title="bbox 445 1502 1192 1548; baseline -0.004 -11"><span class='ocrx_word' id='word_1_138' title='bbox 445 1504 667 1548; x_wconf 77' lang='lat' dir='ltr'>subreptionis</span> <span class='ocrx_word' id='word_1_139' title='bbox 693 1504 743 1536; x_wconf 79' lang='lat' dir='ltr'>vel</span> <span class='ocrx_word' id='word_1_140' title='bbox 770 1502 975 1546; x_wconf 89' lang='lat' dir='ltr'>obreptionis</span> <span class='ocrx_word' id='word_1_141' title='bbox 1007 1508 1062 1535; x_wconf 87' lang='lat' dir='ltr'>aut</span> <span class='ocrx_word' id='word_1_142' title='bbox 1095 1502 1192 1535; x_wconf 90' lang='lat' dir='ltr'>nulli-</span> 
     </span>
     <span class='ocr_line' id='line_1_27' title="bbox 445 1556 1187 1597; baseline -0.003 -7"><span class='ocrx_word' id='word_1_143' title='bbox 445 1558 520 1591; x_wconf 84' lang='lat' dir='ltr'>tatis</span> <span class='ocrx_word' id='word_1_144' title='bbox 545 1568 602 1591; x_wconf 87' lang='lat' dir='ltr'>seu</span> <span class='ocrx_word' id='word_1_145' title='bbox 629 1557 837 1590; x_wconf 85' lang='lat' dir='ltr'>invaliditatis</span> <span class='ocrx_word' id='word_1_146' title='bbox 862 1557 936 1589; x_wconf 86' lang='lat' dir='ltr'>vitio</span> <span class='ocrx_word' id='word_1_147' title='bbox 958 1584 965 1597; x_wconf 91' lang='lat'><em>‚</em></span> <span class='ocrx_word' id='word_1_148' title='bbox 998 1557 1047 1589; x_wconf 83' lang='lat' dir='ltr'>vel</span> <span class='ocrx_word' id='word_1_149' title='bbox 1081 1556 1187 1590; x_wconf 84' lang='lat' dir='ltr'>inten-</span> 
     </span>
     <span class='ocr_line' id='line_1_28' title="bbox 446 1611 1192 1654; baseline -0.001 -10"><span class='ocrx_word' id='word_1_150' title='bbox 446 1613 544 1646; x_wconf 86' lang='lat' dir='ltr'>tionis</span> <span class='ocrx_word' id='word_1_151' title='bbox 570 1617 719 1651; x_wconf 88' lang='lat' dir='ltr'>nostrae,</span> <span class='ocrx_word' id='word_1_152' title='bbox 747 1616 803 1643; x_wconf 86' lang='lat' dir='ltr'>aut</span> <span class='ocrx_word' id='word_1_153' title='bbox 828 1611 977 1654; x_wconf 85' lang='lat' dir='ltr'>quolibet</span> <span class='ocrx_word' id='word_1_154' title='bbox 1002 1611 1066 1643; x_wconf 86' lang='lat' dir='ltr'>alio</span> <span class='ocrx_word' id='word_1_155' title='bbox 1093 1621 1192 1654; x_wconf 81' lang='lat' dir='ltr'>quan-</span> 
     </span>
     <span class='ocr_line' id='line_1_29' title="bbox 445 1664 1188 1707; baseline -0.003 -9"><span class='ocrx_word' id='word_1_156' title='bbox 445 1666 562 1699; x_wconf 86' lang='lat' dir='ltr'>tumvis</span> <span class='ocrx_word' id='word_1_157' title='bbox 578 1676 705 1707; x_wconf 81' lang='lat' dir='ltr'>magno,</span> <span class='ocrx_word' id='word_1_158' title='bbox 723 1664 938 1704; x_wconf 73' lang='lat' dir='ltr'>substantiali,</span> <span class='ocrx_word' id='word_1_159' title='bbox 956 1664 1188 1706; x_wconf 71' lang='lat' dir='ltr'>inexcogitato,</span> 
     </span>
     <span class='ocr_line' id='line_1_30' title="bbox 445 1717 1191 1761; baseline -0.005 -9"><span class='ocrx_word' id='word_1_160' title='bbox 445 1718 690 1761; x_wconf 71' lang='lat' dir='ltr'>inexcogitabili</span> <span class='ocrx_word' id='word_1_161' title='bbox 728 1728 764 1750; x_wconf 89' lang='lat' dir='ltr'>ac</span> <span class='ocrx_word' id='word_1_162' title='bbox 800 1717 982 1761; x_wconf 75' lang='lat' dir='ltr'>specificam</span> <span class='ocrx_word' id='word_1_163' title='bbox 1016 1723 1047 1750; x_wconf 91' lang='lat' dir='ltr'>et</span> <span class='ocrx_word' id='word_1_164' title='bbox 1076 1717 1191 1749; x_wconf 85' lang='lat' dir='ltr'>indivi-</span> 
     </span>
     <span class='ocr_line' id='line_1_31' title="bbox 447 1771 1192 1814; baseline -0.004 -8"><span class='ocrx_word' id='word_1_165' title='bbox 447 1774 543 1807; x_wconf 86' lang='lat' dir='ltr'>duam</span> <span class='ocrx_word' id='word_1_166' title='bbox 561 1773 761 1805; x_wconf 84' lang='lat' dir='ltr'>mentionem</span> <span class='ocrx_word' id='word_1_167' title='bbox 779 1777 810 1804; x_wconf 87' lang='lat' dir='ltr'>et</span> <span class='ocrx_word' id='word_1_168' title='bbox 827 1771 1068 1814; x_wconf 74' lang='lat' dir='ltr'>expressionem</span> <span class='ocrx_word' id='word_1_169' title='bbox 1088 1771 1192 1814; x_wconf 82' lang='lat' dir='ltr'>requi-</span> 
     </span>
     <span class='ocr_line' id='line_1_32' title="bbox 445 1824 1191 1868; baseline -0.004 -8"><span class='ocrx_word' id='word_1_170' title='bbox 445 1833 538 1860; x_wconf 83' lang='lat' dir='ltr'>rente</span> <span class='ocrx_word' id='word_1_171' title='bbox 565 1826 717 1865; x_wconf 82' lang='lat' dir='ltr'>defectu,</span> <span class='ocrx_word' id='word_1_172' title='bbox 745 1830 798 1858; x_wconf 85' lang='lat' dir='ltr'>aut</span> <span class='ocrx_word' id='word_1_173' title='bbox 823 1836 860 1857; x_wconf 85' lang='lat' dir='ltr'>ex</span> <span class='ocrx_word' id='word_1_174' title='bbox 888 1835 1095 1868; x_wconf 85' lang='lat' dir='ltr'>quocumque</span> <span class='ocrx_word' id='word_1_175' title='bbox 1129 1824 1191 1857; x_wconf 82' lang='lat' dir='ltr'>alio</span> 
     </span>
    </p>
   </div>
   <div class='ocr_carea' id='block_1_3' title="bbox 446 1867 1980 2081">
    <p class='ocr_par' dir='ltr' id='par_1_3' title="bbox 446 1867 1980 2081">
     <span class='ocr_line' id='line_1_33' title="bbox 446 1867 1215 1924; baseline -0.004 -11"><span class='ocrx_word' id='word_1_176' title='bbox 446 1881 569 1924; x_wconf 86' lang='lat' dir='ltr'>capite,</span> <span class='ocrx_word' id='word_1_177' title='bbox 596 1890 612 1912; x_wconf 82' lang='lat' dir='ltr'>a</span> <span class='ocrx_word' id='word_1_178' title='bbox 639 1880 707 1912; x_wconf 90' lang='lat' dir='ltr'>iure</span> <span class='ocrx_word' id='word_1_179' title='bbox 733 1879 779 1911; x_wconf 90' lang='lat' dir='ltr'>vel</span> <span class='ocrx_word' id='word_1_180' title='bbox 808 1879 890 1911; x_wconf 77' lang='lat' dir='ltr'>sacto</span> <span class='ocrx_word' id='word_1_181' title='bbox 917 1884 972 1910; x_wconf 91' lang='lat' dir='ltr'>aut</span> <span class='ocrx_word' id='word_1_182' title='bbox 996 1883 1116 1910; x_wconf 83' lang='lat' dir='ltr'>statuto</span> <span class='ocrx_word' id='word_1_183' title='bbox 1142 1879 1191 1910; x_wconf 80' lang='lat' dir='ltr'>vel</span> <span class='ocrx_word' id='word_1_184' title='bbox 1213 1867 1215 1900; x_wconf 65' lang='grc' dir='ltr'>Ϊ</span> 
     </span>
     <span class='ocr_line' id='line_1_34' title="bbox 1213 1927 1980 1974; baseline -0.003 -10"><span class='ocrx_word' id='word_1_185' title='bbox 1213 1927 1215 1943; x_wconf 66' lang='lat'><em>³</em></span> <span class='ocrx_word' id='word_1_186' title='bbox 1237 1942 1336 1964; x_wconf 81' lang='lat' dir='ltr'>canae</span> <span class='ocrx_word' id='word_1_187' title='bbox 1353 1930 1539 1974; x_wconf 80' lang='lat' dir='ltr'>capitulum,</span> <span class='ocrx_word' id='word_1_188' title='bbox 1560 1929 1733 1971; x_wconf 73' lang='lat' dir='ltr'>dignitates</span> <span class='ocrx_word' id='word_1_189' title='bbox 1754 1934 1785 1962; x_wconf 90' lang='lat' dir='ltr'>et</span> <span class='ocrx_word' id='word_1_190' title='bbox 1803 1929 1980 1962; x_wconf 72' lang='lat' dir='ltr'>‹ztinonicos</span> 
     </span>
     <span class='ocr_line' id='line_1_35' title="bbox 447 1985 1215 2030; baseline -0.001 -11"><span class='ocrx_word' id='word_1_191' title='bbox 447 1997 586 2030; x_wconf 86' lang='lat' dir='ltr'>cumque</span> <span class='ocrx_word' id='word_1_192' title='bbox 613 1987 677 2019; x_wconf 84' lang='lat' dir='ltr'>alio</span> <span class='ocrx_word' id='word_1_193' title='bbox 703 1987 815 2018; x_wconf 86' lang='lat' dir='ltr'>colore</span> <span class='ocrx_word' id='word_1_194' title='bbox 831 2012 838 2023; x_wconf 82' lang='lat'>‚</span> <span class='ocrx_word' id='word_1_195' title='bbox 861 1990 1042 2027; x_wconf 60' lang='lat' dir='ltr'>praetextu,</span> <span class='ocrx_word' id='word_1_196' title='bbox 1071 1985 1191 2017; x_wconf 79' lang='lat' dir='ltr'>ratione</span> <span class='ocrx_word' id='word_1_197' title='bbox 1214 2010 1215 2018; x_wconf 42' lang='lat' dir='ltr'>i</span> 
     </span>
     <span class='ocr_line' id='line_1_36' title="bbox 446 2039 1215 2081; baseline -0.004 -8"><span class='ocrx_word' id='word_1_198' title='bbox 446 2041 496 2073; x_wconf 83' lang='lat' dir='ltr'>vel</span> <span class='ocrx_word' id='word_1_199' title='bbox 522 2042 626 2077; x_wconf 73' lang='lat' dir='ltr'>causa,</span> <span class='ocrx_word' id='word_1_200' title='bbox 645 2039 741 2072; x_wconf 79' lang='lat' dir='ltr'>etiam</span> <span class='ocrx_word' id='word_1_201' title='bbox 761 2039 792 2071; x_wconf 89' lang='lat' dir='ltr'>in</span> <span class='ocrx_word' id='word_1_202' title='bbox 814 2049 952 2081; x_wconf 88' lang='lat' dir='ltr'>corpore</span> <span class='ocrx_word' id='word_1_203' title='bbox 973 2039 1050 2070; x_wconf 84' lang='lat' dir='ltr'>iuris</span> <span class='ocrx_word' id='word_1_204' title='bbox 1069 2040 1190 2076; x_wconf 65' lang='lat' dir='ltr'>clausa,</span> <span class='ocrx_word' id='word_1_205' title='bbox 1214 2069 1215 2078; x_wconf 56' lang='grc'>,</span> 
     </span>
    </p>
   </div>
   <div class='ocr_carea' id='block_1_4' title="bbox 446 1932 1178 1975">
    <p class='ocr_par' dir='ltr' id='par_1_4' title="bbox 446 1932 1178 1975">
     <span class='ocr_line' id='line_1_37' title="bbox 446 1932 1178 1975; baseline -0.005 -8"><span class='ocrx_word' id='word_1_206' title='bbox 446 1933 690 1967; x_wconf 82' lang='lat' dir='ltr'>consuetudine</span> <span class='ocrx_word' id='word_1_207' title='bbox 711 1932 817 1975; x_wconf 75' lang='lat' dir='ltr'>aliqua</span> <span class='ocrx_word' id='word_1_208' title='bbox 834 1932 1021 1969; x_wconf 79' lang='lat' dir='ltr'>resultante,</span> <span class='ocrx_word' id='word_1_209' title='bbox 1044 1938 1096 1963; x_wconf 86' lang='lat' dir='ltr'>aut</span> <span class='ocrx_word' id='word_1_210' title='bbox 1115 1943 1178 1972; x_wconf 79' lang='lat' dir='ltr'>quo</span> 
     </span>
    </p>
   </div>
   <div class='ocr_carea' id='block_1_5' title="bbox 447 2092 1192 2131">
    <p class='ocr_par' dir='ltr' id='par_1_5' title="bbox 447 2092 1192 2131">
     <span class='ocr_line' id='line_1_38' title="bbox 447 2092 1192 2131; baseline -0.004 -5"><span class='ocrx_word' id='word_1_211' title='bbox 447 2094 632 2131; x_wconf 82' lang='lat' dir='ltr'>occasione,</span> <span class='ocrx_word' id='word_1_212' title='bbox 651 2093 752 2125; x_wconf 78' lang='lat' dir='ltr'>aliave</span> <span class='ocrx_word' id='word_1_213' title='bbox 776 2095 883 2129; x_wconf 77' lang='lat' dir='ltr'>causa,</span> <span class='ocrx_word' id='word_1_214' title='bbox 910 2092 1007 2124; x_wconf 87' lang='lat' dir='ltr'>etiam</span> <span class='ocrx_word' id='word_1_215' title='bbox 1026 2098 1192 2131; x_wconf 82' lang='lat' dir='ltr'>quantum-</span> 
     </span>
    </p>
   </div>
   <div class='ocr_carea' id='block_1_6' title="bbox 447 2145 1979 2238">
    <p class='ocr_par' dir='ltr' id='par_1_6' title="bbox 447 2145 1979 2238">
     <span class='ocr_line' id='line_1_39' title="bbox 447 2145 1216 2187; baseline -0.004 -8"><span class='ocrx_word' id='word_1_216' title='bbox 447 2146 493 2179; x_wconf 86' lang='lat' dir='ltr'>vis</span> <span class='ocrx_word' id='word_1_217' title='bbox 518 2147 612 2186; x_wconf 73' lang='lat' dir='ltr'>iusta,</span> <span class='ocrx_word' id='word_1_218' title='bbox 640 2145 833 2183; x_wconf 80' lang='lat' dir='ltr'>rationabili,</span> <span class='ocrx_word' id='word_1_219' title='bbox 861 2145 1017 2187; x_wconf 70' lang='lat' dir='ltr'>legitima,</span> <span class='ocrx_word' id='word_1_220' title='bbox 1045 2145 1191 2181; x_wconf 73' lang='lat' dir='ltr'>iuridica,</span> <span class='ocrx_word' id='word_1_221' title='bbox 1214 2169 1216 2176; x_wconf 41' lang='lat' dir='ltr'>i</span> 
     </span>
     <span class='ocr_line' id='line_1_40' title="bbox 1215 2194 1979 2238; baseline -0.004 -9"><span class='ocrx_word' id='word_1_222' title='bbox 1215 2208 1216 2212; x_wconf 57' lang='lat'>¹</span> <span class='ocrx_word' id='word_1_223' title='bbox 1238 2196 1342 2229; x_wconf 78' lang='lat' dir='ltr'>stolici</span> <span class='ocrx_word' id='word_1_224' title='bbox 1369 2196 1555 2234; x_wconf 79' lang='lat' dir='ltr'>auditores,</span> <span class='ocrx_word' id='word_1_225' title='bbox 1590 2206 1626 2227; x_wconf 89' lang='lat' dir='ltr'>ac</span> <span class='ocrx_word' id='word_1_226' title='bbox 1652 2196 1816 2238; x_wconf 70' lang='lat' dir='ltr'>praefatae</span> <span class='ocrx_word' id='word_1_227' title='bbox 1842 2195 1872 2227; x_wconf 83' lang='lat' dir='ltr'>S.</span> <span class='ocrx_word' id='word_1_228' title='bbox 1892 2194 1927 2227; x_wconf 73' lang='lat' dir='ltr'>R.</span> <span class='ocrx_word' id='word_1_229' title='bbox 1944 2194 1979 2227; x_wconf 89' lang='lat' dir='ltr'>E.</span> 
     </span>
    </p>
   </div>
   <div class='ocr_carea' id='block_1_7' title="bbox 447 2198 1194 2613">
    <p class='ocr_par' dir='ltr' id='par_1_7' title="bbox 447 2198 1194 2613">
     <span class='ocr_line' id='line_1_41' title="bbox 447 2198 1190 2243; baseline -0.003 -11"><span class='ocrx_word' id='word_1_230' title='bbox 447 2200 520 2243; x_wconf 66' lang='lat' dir='ltr'>pist,</span> <span class='ocrx_word' id='word_1_231' title='bbox 559 2199 786 2242; x_wconf 65' lang='lat' dir='ltr'>privilegiata,</span> <span class='ocrx_word' id='word_1_232' title='bbox 826 2198 923 2230; x_wconf 76' lang='lat' dir='ltr'>etiarn</span> <span class='ocrx_word' id='word_1_233' title='bbox 952 2198 1006 2230; x_wconf 84' lang='lat' dir='ltr'>tali</span> <span class='ocrx_word' id='word_1_234' title='bbox 1040 2208 1121 2240; x_wconf 81' lang='lat' dir='ltr'>quae</span> <span class='ocrx_word' id='word_1_235' title='bbox 1152 2199 1190 2230; x_wconf 84' lang='lat' dir='ltr'>ad</span> 
     </span>
     <span class='ocr_line' id='line_1_42' title="bbox 450 2251 1193 2294; baseline -0.005 -8"><span class='ocrx_word' id='word_1_236' title='bbox 450 2252 598 2286; x_wconf 69' lang='lat' dir='ltr'>ellectum</span> <span class='ocrx_word' id='word_1_237' title='bbox 634 2251 808 2284; x_wconf 81' lang='lat' dir='ltr'>validitatis</span> <span class='ocrx_word' id='word_1_238' title='bbox 846 2252 1101 2294; x_wconf 78' lang='lat' dir='ltr'>praemissorum</span> <span class='ocrx_word' id='word_1_239' title='bbox 1138 2261 1193 2283; x_wconf 89' lang='lat' dir='ltr'>ne-</span> 
     </span>
     <span class='ocr_line' id='line_1_43' title="bbox 450 2303 1191 2348; baseline -0.003 -10"><span class='ocrx_word' id='word_1_240' title='bbox 450 2306 592 2339; x_wconf 84' lang='lat' dir='ltr'>cessario</span> <span class='ocrx_word' id='word_1_241' title='bbox 619 2305 830 2348; x_wconf 83' lang='lat' dir='ltr'>exprimenda</span> <span class='ocrx_word' id='word_1_242' title='bbox 857 2306 942 2336; x_wconf 80' lang='lat' dir='ltr'>soret</span> <span class='ocrx_word' id='word_1_243' title='bbox 961 2303 982 2343; x_wconf 85' lang='lat'>¹,</span> <span class='ocrx_word' id='word_1_244' title='bbox 1017 2310 1070 2337; x_wconf 87' lang='lat' dir='ltr'>aut</span> <span class='ocrx_word' id='word_1_245' title='bbox 1106 2306 1191 2347; x_wconf 83' lang='lat' dir='ltr'>quod</span> 
     </span>
     <span class='ocr_line' id='line_1_44' title="bbox 450 2357 1192 2401; baseline -0.005 -9"><span class='ocrx_word' id='word_1_246' title='bbox 450 2359 489 2392; x_wconf 87' lang='lat' dir='ltr'>de</span> <span class='ocrx_word' id='word_1_247' title='bbox 524 2360 688 2391; x_wconf 85' lang='lat' dir='ltr'>voluntate</span> <span class='ocrx_word' id='word_1_248' title='bbox 727 2360 837 2390; x_wconf 73' lang='lat' dir='ltr'>nostra</span> <span class='ocrx_word' id='word_1_249' title='bbox 873 2363 904 2389; x_wconf 85' lang='lat' dir='ltr'>et</span> <span class='ocrx_word' id='word_1_250' title='bbox 937 2357 1008 2390; x_wconf 86' lang='lat' dir='ltr'>aliis</span> <span class='ocrx_word' id='word_1_251' title='bbox 1042 2358 1192 2401; x_wconf 73' lang='lat' dir='ltr'>superius</span> 
     </span>
     <span class='ocr_line' id='line_1_45' title="bbox 451 2411 1193 2454; baseline -0.003 -10"><span class='ocrx_word' id='word_1_252' title='bbox 451 2411 611 2454; x_wconf 72' lang='lat' dir='ltr'>expressis</span> <span class='ocrx_word' id='word_1_253' title='bbox 652 2411 767 2443; x_wconf 81' lang='lat' dir='ltr'>nullibi</span> <span class='ocrx_word' id='word_1_254' title='bbox 808 2416 984 2453; x_wconf 79' lang='lat' dir='ltr'>appareret</span> <span class='ocrx_word' id='word_1_255' title='bbox 1021 2421 1075 2443; x_wconf 88' lang='lat' dir='ltr'>seu</span> <span class='ocrx_word' id='word_1_256' title='bbox 1112 2411 1193 2442; x_wconf 75' lang='lat' dir='ltr'>alias</span> 
     </span>
     <span class='ocr_line' id='line_1_46' title="bbox 450 2464 1194 2507; baseline 0 -11"><span class='ocrx_word' id='word_1_257' title='bbox 450 2465 581 2507; x_wconf 80' lang='lat' dir='ltr'>probari</span> <span class='ocrx_word' id='word_1_258' title='bbox 609 2470 739 2506; x_wconf 73' lang='lat' dir='ltr'>posset,</span> <span class='ocrx_word' id='word_1_259' title='bbox 767 2464 870 2497; x_wconf 88' lang='lat' dir='ltr'>notari</span> <span class='ocrx_word' id='word_1_260' title='bbox 892 2491 898 2503; x_wconf 85' lang='lat'>,</span> <span class='ocrx_word' id='word_1_261' title='bbox 926 2464 1121 2504; x_wconf 86' lang='lat' dir='ltr'>invalidari‚</span> <span class='ocrx_word' id='word_1_262' title='bbox 1148 2474 1194 2496; x_wconf 87' lang='lat' dir='ltr'>rc-</span> 
     </span>
     <span class='ocr_line' id='line_1_47' title="bbox 451 2517 1194 2554; baseline -0.001 -4"><span class='ocrx_word' id='word_1_263' title='bbox 451 2517 592 2554; x_wconf 84' lang='lat' dir='ltr'>tractari,</span> <span class='ocrx_word' id='word_1_264' title='bbox 620 2517 650 2548; x_wconf 93' lang='lat' dir='ltr'>in</span> <span class='ocrx_word' id='word_1_265' title='bbox 678 2517 727 2548; x_wconf 90' lang='lat' dir='ltr'>ius</span> <span class='ocrx_word' id='word_1_266' title='bbox 754 2517 800 2549; x_wconf 89' lang='lat' dir='ltr'>vel</span> <span class='ocrx_word' id='word_1_267' title='bbox 827 2517 1081 2550; x_wconf 66' lang='lat' dir='ltr'>controversiam</span> <span class='ocrx_word' id='word_1_268' title='bbox 1107 2528 1194 2549; x_wconf 85' lang='lat' dir='ltr'>revo-</span> 
     </span>
     <span class='ocr_line' id='line_1_48' title="bbox 487 2579 1016 2613; baseline 0 -7"><span class='ocrx_word' id='word_1_269' title='bbox 487 2582 497 2606; x_wconf 89' lang='lat'>1</span> <span class='ocrx_word' id='word_1_270' title='bbox 523 2579 592 2606; x_wconf 79' lang='lat' dir='ltr'>Edit.</span> <span class='ocrx_word' id='word_1_271' title='bbox 610 2579 690 2606; x_wconf 80' lang='lat' dir='ltr'>Maia.</span> <span class='ocrx_word' id='word_1_272' title='bbox 713 2579 777 2613; x_wconf 80' lang='lat' dir='ltr'>legit</span> <span class='ocrx_word' id='word_1_273' title='bbox 796 2581 892 2613; x_wconf 75' lang='lat' dir='ltr'>forent</span> <span class='ocrx_word' id='word_1_274' title='bbox 913 2586 951 2612; x_wconf 67' lang='lat' dir='ltr'>(a.</span> <span class='ocrx_word' id='word_1_275' title='bbox 968 2581 1016 2613; x_wconf 83' lang='lat' dir='ltr'>T.&gt;.</span> 
     </span>
    </p>
   </div>
   <div class='ocr_carea' id='block_1_8' title="bbox 1208 227 1216 1840">
    <p class='ocr_par' dir='ltr' id='par_1_8' title="bbox 1208 227 1216 1840">
     <span class='ocr_line' id='line_1_49' title="bbox 1208 227 1216 1840; baseline 0 0"><span class='ocrx_word' id='word_1_276' title='bbox 1208 227 1216 1840; x_wconf 95' lang='lat' dir='ltr'> </span> 
     </span>
    </p>
   </div>
   <div class='ocr_carea' id='block_1_9' title="bbox 1214 2034 1218 2558">
    <p class='ocr_par' dir='ltr' id='par_1_9' title="bbox 1214 2034 1218 2558">
     <span class='ocr_line' id='line_1_50' title="bbox 1214 2034 1218 2558; baseline 0 0"><span class='ocrx_word' id='word_1_277' title='bbox 1214 2034 1218 2558; x_wconf 95' lang='lat' dir='ltr'> </span> 
     </span>
    </p>
   </div>
   <div class='ocr_carea' id='block_1_10' title="bbox 1019 176 1381 201">
    <p class='ocr_par' dir='ltr' id='par_1_10' title="bbox 1019 176 1381 201">
     <span class='ocr_line' id='line_1_51' title="bbox 1019 176 1381 201; baseline 0.003 -1"><span class='ocrx_word' id='word_1_278' title='bbox 1019 176 1200 201; x_wconf 68' lang='lat' dir='ltr'>nutmntt&#39;M</span> <span class='ocrx_word' id='word_1_279' title='bbox 1226 176 1381 201; x_wconf 52' lang='lat' dir='ltr'>nottitNL&#39;M</span> 
     </span>
    </p>
   </div>
   <div class='ocr_carea' id='block_1_11' title="bbox 1230 225 1981 1920">
    <p class='ocr_par' dir='ltr' id='par_1_11' title="bbox 1230 225 1981 1920">
     <span class='ocr_line' id='line_1_52' title="bbox 1230 225 1971 266; baseline 0.003 -9"><span class='ocrx_word' id='word_1_280' title='bbox 1230 225 1316 266; x_wconf 82' lang='lat' dir='ltr'>cari,</span> <span class='ocrx_word' id='word_1_281' title='bbox 1343 231 1400 259; x_wconf 84' lang='lat' dir='ltr'>aut</span> <span class='ocrx_word' id='word_1_282' title='bbox 1423 226 1462 258; x_wconf 90' lang='lat' dir='ltr'>ad</span> <span class='ocrx_word' id='word_1_283' title='bbox 1490 226 1644 259; x_wconf 87' lang='lat' dir='ltr'>terminos</span> <span class='ocrx_word' id='word_1_284' title='bbox 1670 226 1750 259; x_wconf 83' lang='lat' dir='ltr'>iuris</span> <span class='ocrx_word' id='word_1_285' title='bbox 1774 225 1895 265; x_wconf 78' lang='lat' dir='ltr'>reduci,</span> <span class='ocrx_word' id='word_1_286' title='bbox 1922 226 1971 259; x_wconf 89' lang='lat' dir='ltr'>vel</span> 
     </span>
     <span class='ocr_line' id='line_1_53' title="bbox 1231 279 1970 321; baseline 0 -10"><span class='ocrx_word' id='word_1_287' title='bbox 1231 279 1385 312; x_wconf 86' lang='lat' dir='ltr'>adversus</span> <span class='ocrx_word' id='word_1_288' title='bbox 1412 279 1482 312; x_wconf 89' lang='lat' dir='ltr'>illas</span> <span class='ocrx_word' id='word_1_289' title='bbox 1508 279 1724 312; x_wconf 85' lang='lat' dir='ltr'>restitutionis</span> <span class='ocrx_word' id='word_1_290' title='bbox 1742 279 1772 312; x_wconf 93' lang='lat' dir='ltr'>in</span> <span class='ocrx_word' id='word_1_291' title='bbox 1792 279 1970 321; x_wconf 73' lang='lat' dir='ltr'>integrum,</span> 
     </span>
     <span class='ocr_line' id='line_1_54' title="bbox 1232 332 1973 374; baseline 0.003 -10"><span class='ocrx_word' id='word_1_292' title='bbox 1232 332 1422 374; x_wconf 85' lang='lat' dir='ltr'>aperitionis</span> <span class='ocrx_word' id='word_1_293' title='bbox 1448 333 1521 369; x_wconf 85' lang='lat' dir='ltr'>oris,</span> <span class='ocrx_word' id='word_1_294' title='bbox 1549 333 1748 365; x_wconf 88' lang='lat' dir='ltr'>reductionis</span> <span class='ocrx_word' id='word_1_295' title='bbox 1773 333 1810 365; x_wconf 83' lang='lat' dir='ltr'>ad</span> <span class='ocrx_word' id='word_1_296' title='bbox 1838 334 1921 365; x_wconf 85' lang='lat' dir='ltr'>viam</span> <span class='ocrx_word' id='word_1_297' title='bbox 1941 339 1973 366; x_wconf 84' lang='lat' dir='ltr'>et</span> 
     </span>
     <span class='ocr_line' id='line_1_55' title="bbox 1233 385 1971 429; baseline 0.004 -13"><span class='ocrx_word' id='word_1_298' title='bbox 1233 385 1388 418; x_wconf 85' lang='lat' dir='ltr'>terminos</span> <span class='ocrx_word' id='word_1_299' title='bbox 1421 385 1522 426; x_wconf 86' lang='lat' dir='ltr'>iuris,</span> <span class='ocrx_word' id='word_1_300' title='bbox 1549 391 1603 418; x_wconf 88' lang='lat' dir='ltr'>aut</span> <span class='ocrx_word' id='word_1_301' title='bbox 1628 385 1716 418; x_wconf 85' lang='lat' dir='ltr'>aliud</span> <span class='ocrx_word' id='word_1_302' title='bbox 1742 385 1971 429; x_wconf 82' lang='lat' dir='ltr'>quodcumque</span> 
     </span>
     <span class='ocr_line' id='line_1_56' title="bbox 1232 438 1973 481; baseline 0.003 -11"><span class='ocrx_word' id='word_1_303' title='bbox 1232 438 1334 478; x_wconf 90' lang='lat' dir='ltr'>iuris,</span> <span class='ocrx_word' id='word_1_304' title='bbox 1361 438 1444 478; x_wconf 79' lang='lat' dir='ltr'>sacti,</span> <span class='ocrx_word' id='word_1_305' title='bbox 1471 438 1593 481; x_wconf 77' lang='lat' dir='ltr'>gratiae</span> <span class='ocrx_word' id='word_1_306' title='bbox 1619 439 1669 471; x_wconf 91' lang='lat' dir='ltr'>vel</span> <span class='ocrx_word' id='word_1_307' title='bbox 1694 439 1839 471; x_wconf 85' lang='lat' dir='ltr'>iustitiae</span> <span class='ocrx_word' id='word_1_308' title='bbox 1869 449 1973 472; x_wconf 85' lang='lat' dir='ltr'>reme-</span> 
     </span>
     <span class='ocr_line' id='line_1_57' title="bbox 1232 491 1972 534; baseline 0.001 -10"><span class='ocrx_word' id='word_1_309' title='bbox 1232 491 1318 524; x_wconf 88' lang='lat' dir='ltr'>dium</span> <span class='ocrx_word' id='word_1_310' title='bbox 1344 492 1522 534; x_wconf 85' lang='lat' dir='ltr'>impetrari,</span> <span class='ocrx_word' id='word_1_311' title='bbox 1542 502 1596 525; x_wconf 90' lang='lat' dir='ltr'>seu</span> <span class='ocrx_word' id='word_1_312' title='bbox 1615 492 1863 534; x_wconf 85' lang='lat' dir='ltr'>quomodolibet</span> <span class='ocrx_word' id='word_1_313' title='bbox 1877 492 1972 525; x_wconf 86' lang='lat' dir='ltr'>etiam</span> 
     </span>
     <span class='ocr_line' id='line_1_58' title="bbox 1233 544 1972 587; baseline 0.001 -10"><span class='ocrx_word' id='word_1_314' title='bbox 1233 550 1319 577; x_wconf 88' lang='lat' dir='ltr'>motu</span> <span class='ocrx_word' id='word_1_315' title='bbox 1345 545 1443 578; x_wconf 81' lang='lat' dir='ltr'>simili</span> <span class='ocrx_word' id='word_1_316' title='bbox 1468 555 1624 577; x_wconf 88' lang='lat' dir='ltr'>concesso</span> <span class='ocrx_word' id='word_1_317' title='bbox 1651 549 1705 577; x_wconf 85' lang='lat' dir='ltr'>aut</span> <span class='ocrx_word' id='word_1_318' title='bbox 1733 544 1905 587; x_wconf 85' lang='lat' dir='ltr'>impetrato</span> <span class='ocrx_word' id='word_1_319' title='bbox 1923 546 1972 579; x_wconf 90' lang='lat' dir='ltr'>vel</span> 
     </span>
     <span class='ocr_line' id='line_1_59' title="bbox 1233 597 1972 631; baseline 0.003 -2"><span class='ocrx_word' id='word_1_320' title='bbox 1233 603 1381 630; x_wconf 83' lang='lat' dir='ltr'>emanato</span> <span class='ocrx_word' id='word_1_321' title='bbox 1414 597 1459 629; x_wconf 91' lang='lat' dir='ltr'>uti</span> <span class='ocrx_word' id='word_1_322' title='bbox 1486 608 1542 630; x_wconf 89' lang='lat' dir='ltr'>seu</span> <span class='ocrx_word' id='word_1_323' title='bbox 1576 607 1608 630; x_wconf 86' lang='lat' dir='ltr'>se</span> <span class='ocrx_word' id='word_1_324' title='bbox 1640 599 1751 630; x_wconf 85' lang='lat' dir='ltr'>invare</span> <span class='ocrx_word' id='word_1_325' title='bbox 1783 597 1815 629; x_wconf 92' lang='lat' dir='ltr'>in</span> <span class='ocrx_word' id='word_1_326' title='bbox 1853 597 1972 631; x_wconf 89' lang='lat' dir='ltr'>iudicio</span> 
     </span>
     <span class='ocr_line' id='line_1_60' title="bbox 1233 650 1974 694; baseline 0 -11"><span class='ocrx_word' id='word_1_327' title='bbox 1233 651 1281 683; x_wconf 87' lang='lat' dir='ltr'>vel</span> <span class='ocrx_word' id='word_1_328' title='bbox 1304 656 1395 683; x_wconf 82' lang='lat' dir='ltr'>extra</span> <span class='ocrx_word' id='word_1_329' title='bbox 1413 661 1524 693; x_wconf 88' lang='lat' dir='ltr'>posse,</span> <span class='ocrx_word' id='word_1_330' title='bbox 1544 661 1650 693; x_wconf 83' lang='lat' dir='ltr'>neque</span> <span class='ocrx_word' id='word_1_331' title='bbox 1669 650 1757 694; x_wconf 84' lang='lat' dir='ltr'>ipsas</span> <span class='ocrx_word' id='word_1_332' title='bbox 1782 656 1974 693; x_wconf 86' lang='lat' dir='ltr'>praesentes</span> 
     </span>
     <span class='ocr_line' id='line_1_61' title="bbox 1233 703 1974 746; baseline 0.003 -12"><span class='ocrx_word' id='word_1_333' title='bbox 1233 703 1291 735; x_wconf 88' lang='lat' dir='ltr'>sub</span> <span class='ocrx_word' id='word_1_334' title='bbox 1317 703 1578 746; x_wconf 87' lang='lat' dir='ltr'>quibuscumque</span> <span class='ocrx_word' id='word_1_335' title='bbox 1604 703 1759 736; x_wconf 88' lang='lat' dir='ltr'>similium</span> <span class='ocrx_word' id='word_1_336' title='bbox 1794 704 1844 736; x_wconf 89' lang='lat' dir='ltr'>vel</span> <span class='ocrx_word' id='word_1_337' title='bbox 1880 703 1974 736; x_wconf 86' lang='lat' dir='ltr'>dissi-</span> 
     </span>
     <span class='ocr_line' id='line_1_62' title="bbox 1234 755 1976 798; baseline 0.001 -10"><span class='ocrx_word' id='word_1_338' title='bbox 1234 755 1356 788; x_wconf 87' lang='lat' dir='ltr'>milium</span> <span class='ocrx_word' id='word_1_339' title='bbox 1383 757 1558 798; x_wconf 79' lang='lat' dir='ltr'>gratiarum</span> <span class='ocrx_word' id='word_1_340' title='bbox 1591 755 1850 789; x_wconf 79' lang='lat' dir='ltr'>revocationibus</span> <span class='ocrx_word' id='word_1_341' title='bbox 1868 783 1876 797; x_wconf 92' lang='lat'>,</span> <span class='ocrx_word' id='word_1_342' title='bbox 1908 766 1976 789; x_wconf 89' lang='lat' dir='ltr'>sus-</span> 
     </span>
     <span class='ocr_line' id='line_1_63' title="bbox 1234 808 1975 852; baseline 0.003 -12"><span class='ocrx_word' id='word_1_343' title='bbox 1234 809 1453 852; x_wconf 82' lang='lat' dir='ltr'>pensionibus,</span> <span class='ocrx_word' id='word_1_344' title='bbox 1479 809 1741 848; x_wconf 88' lang='lat' dir='ltr'>limitationibus,</span> <span class='ocrx_word' id='word_1_345' title='bbox 1765 808 1975 842; x_wconf 73' lang='lat' dir='ltr'>modificatio-</span> 
     </span>
     <span class='ocr_line' id='line_1_64' title="bbox 1234 862 1974 905; baseline 0.001 -11"><span class='ocrx_word' id='word_1_346' title='bbox 1234 862 1339 903; x_wconf 88' lang='lat' dir='ltr'>nibus,</span> <span class='ocrx_word' id='word_1_347' title='bbox 1367 862 1650 905; x_wconf 82' lang='lat' dir='ltr'>derogationibus,</span> <span class='ocrx_word' id='word_1_348' title='bbox 1673 863 1783 896; x_wconf 82' lang='lat' dir='ltr'>aliisve</span> <span class='ocrx_word' id='word_1_349' title='bbox 1800 862 1974 895; x_wconf 86' lang='lat' dir='ltr'>contrariis</span> 
     </span>
     <span class='ocr_line' id='line_1_65' title="bbox 1235 915 1975 959; baseline 0 -10"><span class='ocrx_word' id='word_1_350' title='bbox 1235 915 1503 958; x_wconf 87' lang='lat' dir='ltr'>dispositionibus</span> <span class='ocrx_word' id='word_1_351' title='bbox 1520 942 1527 955; x_wconf 94' lang='lat'>,</span> <span class='ocrx_word' id='word_1_352' title='bbox 1555 916 1651 949; x_wconf 86' lang='lat' dir='ltr'>etiarn</span> <span class='ocrx_word' id='word_1_353' title='bbox 1677 926 1736 959; x_wconf 90' lang='lat' dir='ltr'>per</span> <span class='ocrx_word' id='word_1_354' title='bbox 1760 926 1820 948; x_wconf 89' lang='lat' dir='ltr'>uos</span> <span class='ocrx_word' id='word_1_355' title='bbox 1845 921 1876 948; x_wconf 82' lang='lat' dir='ltr'>et</span> <span class='ocrx_word' id='word_1_356' title='bbox 1902 926 1975 949; x_wconf 88' lang='lat' dir='ltr'>suc-</span> 
     </span>
     <span class='ocr_line' id='line_1_66' title="bbox 1234 967 1975 1012; baseline 0.001 -11"><span class='ocrx_word' id='word_1_357' title='bbox 1234 979 1382 1002; x_wconf 82' lang='lat' dir='ltr'>cessores</span> <span class='ocrx_word' id='word_1_358' title='bbox 1406 975 1533 1002; x_wconf 86' lang='lat' dir='ltr'>nostros</span> <span class='ocrx_word' id='word_1_359' title='bbox 1553 969 1716 1002; x_wconf 86' lang='lat' dir='ltr'>Romanos</span> <span class='ocrx_word' id='word_1_360' title='bbox 1726 967 1899 1002; x_wconf 78' lang='lat' dir='ltr'>Pontifices</span> <span class='ocrx_word' id='word_1_361' title='bbox 1914 979 1975 1012; x_wconf 90' lang='lat' dir='ltr'>pro</span> 
     </span>
     <span class='ocr_line' id='line_1_67' title="bbox 1236 1022 1977 1066; baseline 0.001 -11"><span class='ocrx_word' id='word_1_362' title='bbox 1236 1029 1382 1066; x_wconf 88' lang='lat' dir='ltr'>tempore</span> <span class='ocrx_word' id='word_1_363' title='bbox 1409 1023 1605 1063; x_wconf 77' lang='lat' dir='ltr'>existentes,</span> <span class='ocrx_word' id='word_1_364' title='bbox 1632 1028 1663 1055; x_wconf 89' lang='lat' dir='ltr'>et</span> <span class='ocrx_word' id='word_1_365' title='bbox 1687 1022 1803 1056; x_wconf 84' lang='lat' dir='ltr'>Sedem</span> <span class='ocrx_word' id='word_1_366' title='bbox 1838 1023 1977 1066; x_wconf 85' lang='lat' dir='ltr'>Aposto-</span> 
     </span>
     <span class='ocr_line' id='line_1_68' title="bbox 1235 1076 1976 1120; baseline -0.001 -10"><span class='ocrx_word' id='word_1_367' title='bbox 1235 1078 1358 1118; x_wconf 86' lang='lat' dir='ltr'>licam,</span> <span class='ocrx_word' id='word_1_368' title='bbox 1386 1077 1482 1110; x_wconf 84' lang='lat' dir='ltr'>etiam</span> <span class='ocrx_word' id='word_1_369' title='bbox 1507 1082 1596 1110; x_wconf 86' lang='lat' dir='ltr'>motu</span> <span class='ocrx_word' id='word_1_370' title='bbox 1623 1076 1692 1120; x_wconf 84' lang='lat' dir='ltr'>pari</span> <span class='ocrx_word' id='word_1_371' title='bbox 1719 1082 1749 1109; x_wconf 89' lang='lat' dir='ltr'>et</span> <span class='ocrx_word' id='word_1_372' title='bbox 1768 1076 1976 1110; x_wconf 83' lang='lat' dir='ltr'>consistoria-</span> 
     </span>
     <span class='ocr_line' id='line_1_69' title="bbox 1235 1130 1977 1174; baseline -0.003 -9"><span class='ocrx_word' id='word_1_373' title='bbox 1235 1132 1318 1170; x_wconf 73' lang='lat' dir='ltr'>liter,</span> <span class='ocrx_word' id='word_1_374' title='bbox 1338 1142 1374 1164; x_wconf 82' lang='lat' dir='ltr'>cx</span> <span class='ocrx_word' id='word_1_375' title='bbox 1402 1131 1603 1174; x_wconf 80' lang='lat' dir='ltr'>quibuslibet</span> <span class='ocrx_word' id='word_1_376' title='bbox 1627 1130 1743 1172; x_wconf 82' lang='lat' dir='ltr'>causis,</span> <span class='ocrx_word' id='word_1_377' title='bbox 1763 1135 1795 1163; x_wconf 90' lang='lat' dir='ltr'>et</span> <span class='ocrx_word' id='word_1_378' title='bbox 1820 1130 1880 1163; x_wconf 87' lang='lat' dir='ltr'>sub</span> <span class='ocrx_word' id='word_1_379' title='bbox 1906 1130 1977 1174; x_wconf 86' lang='lat' dir='ltr'>qui-</span> 
     </span>
     <span class='ocr_line' id='line_1_70' title="bbox 1234 1184 1978 1224; baseline -0.001 -7"><span class='ocrx_word' id='word_1_380' title='bbox 1234 1185 1345 1218; x_wconf 85' lang='lat' dir='ltr'>busvis</span> <span class='ocrx_word' id='word_1_381' title='bbox 1370 1185 1540 1218; x_wconf 83' lang='lat' dir='ltr'>verborum</span> <span class='ocrx_word' id='word_1_382' title='bbox 1561 1185 1728 1217; x_wconf 87' lang='lat' dir='ltr'>tenoribus</span> <span class='ocrx_word' id='word_1_383' title='bbox 1746 1190 1776 1217; x_wconf 87' lang='lat' dir='ltr'>et</span> <span class='ocrx_word' id='word_1_384' title='bbox 1798 1184 1922 1224; x_wconf 79' lang='lat' dir='ltr'>formis,</span> <span class='ocrx_word' id='word_1_385' title='bbox 1942 1193 1978 1217; x_wconf 82' lang='lat' dir='ltr'>ac</span> 
     </span>
     <span class='ocr_line' id='line_1_71' title="bbox 1235 1236 1977 1282; baseline -0.003 -11"><span class='ocrx_word' id='word_1_386' title='bbox 1235 1249 1306 1271; x_wconf 90' lang='lat' dir='ltr'>cum</span> <span class='ocrx_word' id='word_1_387' title='bbox 1347 1238 1514 1282; x_wconf 84' lang='lat' dir='ltr'>quibusvis</span> <span class='ocrx_word' id='word_1_388' title='bbox 1554 1237 1706 1270; x_wconf 82' lang='lat' dir='ltr'>clausulis</span> <span class='ocrx_word' id='word_1_389' title='bbox 1747 1242 1777 1270; x_wconf 90' lang='lat' dir='ltr'>et</span> <span class='ocrx_word' id='word_1_390' title='bbox 1814 1236 1977 1276; x_wconf 84' lang='lat' dir='ltr'>decretis,</span> 
     </span>
     <span class='ocr_line' id='line_1_72' title="bbox 1236 1290 1979 1334; baseline -0.003 -10"><span class='ocrx_word' id='word_1_391' title='bbox 1236 1292 1363 1325; x_wconf 86' lang='lat' dir='ltr'>etiamsi</span> <span class='ocrx_word' id='word_1_392' title='bbox 1391 1292 1429 1324; x_wconf 90' lang='lat' dir='ltr'>de</span> <span class='ocrx_word' id='word_1_393' title='bbox 1456 1290 1580 1324; x_wconf 89' lang='lat' dir='ltr'>eisdem</span> <span class='ocrx_word' id='word_1_394' title='bbox 1602 1290 1829 1334; x_wconf 82' lang='lat' dir='ltr'>praesentibus</span> <span class='ocrx_word' id='word_1_395' title='bbox 1855 1300 1979 1323; x_wconf 87' lang='lat' dir='ltr'>earum-</span> 
     </span>
     <span class='ocr_line' id='line_1_73' title="bbox 1236 1343 1979 1388; baseline -0.001 -11"><span class='ocrx_word' id='word_1_396' title='bbox 1236 1355 1372 1388; x_wconf 83' lang='lat' dir='ltr'>rumque</span> <span class='ocrx_word' id='word_1_397' title='bbox 1411 1350 1478 1377; x_wconf 88' lang='lat' dir='ltr'>toto</span> <span class='ocrx_word' id='word_1_398' title='bbox 1503 1351 1615 1376; x_wconf 84' lang='lat' dir='ltr'>tenore</span> <span class='ocrx_word' id='word_1_399' title='bbox 1642 1354 1678 1376; x_wconf 87' lang='lat' dir='ltr'>ac</span> <span class='ocrx_word' id='word_1_400' title='bbox 1710 1343 1803 1376; x_wconf 78' lang='lat' dir='ltr'>data¹</span> <span class='ocrx_word' id='word_1_401' title='bbox 1829 1343 1979 1386; x_wconf 87' lang='lat' dir='ltr'>specialis</span> 
     </span>
     <span class='ocr_line' id='line_1_74' title="bbox 1236 1397 1979 1441; baseline -0.003 -10"><span class='ocrx_word' id='word_1_402' title='bbox 1236 1399 1357 1431; x_wconf 87' lang='lat' dir='ltr'>mentio</span> <span class='ocrx_word' id='word_1_403' title='bbox 1385 1398 1455 1438; x_wconf 77' lang='lat' dir='ltr'>fiat,</span> <span class='ocrx_word' id='word_1_404' title='bbox 1482 1409 1542 1441; x_wconf 87' lang='lat' dir='ltr'>pro</span> <span class='ocrx_word' id='word_1_405' title='bbox 1569 1403 1718 1441; x_wconf 83' lang='lat' dir='ltr'>tempore</span> <span class='ocrx_word' id='word_1_406' title='bbox 1745 1397 1834 1430; x_wconf 80' lang='lat' dir='ltr'>sactis</span> <span class='ocrx_word' id='word_1_407' title='bbox 1868 1402 1900 1430; x_wconf 91' lang='lat' dir='ltr'>et</span> <span class='ocrx_word' id='word_1_408' title='bbox 1931 1397 1979 1430; x_wconf 82' lang='lat' dir='ltr'>sa-</span> 
     </span>
     <span class='ocr_line' id='line_1_75' title="bbox 1236 1450 1976 1492; baseline -0.001 -8"><span class='ocrx_word' id='word_1_409' title='bbox 1236 1453 1384 1492; x_wconf 55' lang='lat' dir='ltr'>(demtis,</span> <span class='ocrx_word' id='word_1_410' title='bbox 1420 1463 1455 1485; x_wconf 77' lang='lat' dir='ltr'>ac</span> <span class='ocrx_word' id='word_1_411' title='bbox 1482 1451 1648 1485; x_wconf 81' lang='lat' dir='ltr'>concessis</span> <span class='ocrx_word' id='word_1_412' title='bbox 1675 1457 1706 1484; x_wconf 92' lang='lat' dir='ltr'>et</span> <span class='ocrx_word' id='word_1_413' title='bbox 1731 1450 1952 1484; x_wconf 74' lang='lat' dir='ltr'>concedendis</span> <span class='ocrx_word' id='word_1_414' title='bbox 1969 1477 1976 1491; x_wconf 93' lang='lat'><strong><em>‚</em></strong></span> 
     </span>
     <span class='ocr_line' id='line_1_76' title="bbox 1236 1501 1978 1548; baseline -0.005 -11"><span class='ocrx_word' id='word_1_415' title='bbox 1236 1504 1494 1548; x_wconf 83' lang='lat' dir='ltr'>comprehendi,</span> <span class='ocrx_word' id='word_1_416' title='bbox 1522 1504 1594 1543; x_wconf 87' lang='lat' dir='ltr'>sed,</span> <span class='ocrx_word' id='word_1_417' title='bbox 1621 1508 1784 1546; x_wconf 84' lang='lat' dir='ltr'>tamquam</span> <span class='ocrx_word' id='word_1_418' title='bbox 1810 1502 1848 1534; x_wconf 91' lang='lat' dir='ltr'>ad</span> <span class='ocrx_word' id='word_1_419' title='bbox 1875 1501 1978 1534; x_wconf 87' lang='lat' dir='ltr'>maius</span> 
     </span>
     <span class='ocr_line' id='line_1_77' title="bbox 1237 1555 1981 1599; baseline -0.004 -9"><span class='ocrx_word' id='word_1_420' title='bbox 1237 1558 1335 1591; x_wconf 80' lang='lat' dir='ltr'>divini</span> <span class='ocrx_word' id='word_1_421' title='bbox 1362 1559 1470 1590; x_wconf 86' lang='lat' dir='ltr'>cultus</span> <span class='ocrx_word' id='word_1_422' title='bbox 1492 1562 1723 1599; x_wconf 79' lang='lat' dir='ltr'>augumentum</span> <span class='ocrx_word' id='word_1_423' title='bbox 1747 1555 1928 1595; x_wconf 82' lang='lat' dir='ltr'>tendentes,</span> <span class='ocrx_word' id='word_1_424' title='bbox 1947 1565 1981 1587; x_wconf 89' lang='lat' dir='ltr'>o-</span> 
     </span>
     <span class='ocr_line' id='line_1_78' title="bbox 1237 1607 1979 1652; baseline -0.003 -9"><span class='ocrx_word' id='word_1_425' title='bbox 1237 1611 1348 1643; x_wconf 87' lang='lat' dir='ltr'>muino</span> <span class='ocrx_word' id='word_1_426' title='bbox 1374 1610 1414 1643; x_wconf 85' lang='lat' dir='ltr'>ab</span> <span class='ocrx_word' id='word_1_427' title='bbox 1439 1609 1503 1643; x_wconf 88' lang='lat' dir='ltr'>illis</span> <span class='ocrx_word' id='word_1_428' title='bbox 1530 1609 1649 1652; x_wconf 76' lang='lat' dir='ltr'>excipi,</span> <span class='ocrx_word' id='word_1_429' title='bbox 1677 1614 1722 1650; x_wconf 76' lang='lat' dir='ltr'>et,</span> <span class='ocrx_word' id='word_1_430' title='bbox 1749 1608 1878 1652; x_wconf 82' lang='lat' dir='ltr'>quoties</span> <span class='ocrx_word' id='word_1_431' title='bbox 1902 1607 1979 1641; x_wconf 83' lang='lat' dir='ltr'>illae</span> 
     </span>
     <span class='ocr_line' id='line_1_79' title="bbox 1237 1663 1980 1706; baseline -0.005 -9"><span class='ocrx_word' id='word_1_432' title='bbox 1237 1666 1455 1703; x_wconf 81' lang='lat' dir='ltr'>einanabunt,</span> <span class='ocrx_word' id='word_1_433' title='bbox 1484 1664 1579 1696; x_wconf 89' lang='lat' dir='ltr'>toties</span> <span class='ocrx_word' id='word_1_434' title='bbox 1605 1663 1637 1695; x_wconf 91' lang='lat' dir='ltr'>in</span> <span class='ocrx_word' id='word_1_435' title='bbox 1664 1663 1834 1706; x_wconf 88' lang='lat' dir='ltr'>pristinum</span> <span class='ocrx_word' id='word_1_436' title='bbox 1860 1668 1980 1695; x_wconf 83' lang='lat' dir='ltr'>statum</span> 
     </span>
     <span class='ocr_line' id='line_1_80' title="bbox 1239 1714 1980 1760; baseline -0.005 -10"><span class='ocrx_word' id='word_1_437' title='bbox 1239 1718 1418 1755; x_wconf 76' lang='lat' dir='ltr'>restitutas,</span> <span class='ocrx_word' id='word_1_438' title='bbox 1446 1716 1603 1760; x_wconf 82' lang='lat' dir='ltr'>repositas</span> <span class='ocrx_word' id='word_1_439' title='bbox 1629 1721 1660 1748; x_wconf 91' lang='lat' dir='ltr'>et</span> <span class='ocrx_word' id='word_1_440' title='bbox 1685 1715 1830 1759; x_wconf 88' lang='lat' dir='ltr'>plenarie</span> <span class='ocrx_word' id='word_1_441' title='bbox 1858 1714 1980 1747; x_wconf 86' lang='lat' dir='ltr'>reinte-</span> 
     </span>
     <span class='ocr_line' id='line_1_81' title="bbox 1237 1769 1981 1813; baseline -0.004 -10"><span class='ocrx_word' id='word_1_442' title='bbox 1237 1777 1362 1813; x_wconf 72' lang='lat' dir='ltr'>grat-as,</span> <span class='ocrx_word' id='word_1_443' title='bbox 1389 1782 1425 1803; x_wconf 83' lang='lat' dir='ltr'>ae</span> <span class='ocrx_word' id='word_1_444' title='bbox 1451 1770 1489 1803; x_wconf 88' lang='lat' dir='ltr'>de</span> <span class='ocrx_word' id='word_1_445' title='bbox 1516 1780 1599 1802; x_wconf 87' lang='lat' dir='ltr'>novo</span> <span class='ocrx_word' id='word_1_446' title='bbox 1628 1769 1723 1802; x_wconf 84' lang='lat' dir='ltr'>etiam</span> <span class='ocrx_word' id='word_1_447' title='bbox 1750 1770 1809 1802; x_wconf 84' lang='lat' dir='ltr'>sul)</span> <span class='ocrx_word' id='word_1_448' title='bbox 1829 1779 1981 1812; x_wconf 87' lang='lat' dir='ltr'>quaeum-</span> 
     </span>
     <span class='ocr_line' id='line_1_82' title="bbox 1237 1824 1980 1867; baseline -0.003 -10"><span class='ocrx_word' id='word_1_449' title='bbox 1237 1836 1298 1867; x_wconf 84' lang='lat' dir='ltr'>que</span> <span class='ocrx_word' id='word_1_450' title='bbox 1326 1824 1496 1867; x_wconf 80' lang='lat' dir='ltr'>posteriori</span> <span class='ocrx_word' id='word_1_451' title='bbox 1531 1826 1624 1863; x_wconf 77' lang='lat' dir='ltr'>data,</span> <span class='ocrx_word' id='word_1_452' title='bbox 1652 1834 1710 1866; x_wconf 86' lang='lat' dir='ltr'>per</span> <span class='ocrx_word' id='word_1_453' title='bbox 1734 1833 1818 1855; x_wconf 85' lang='lat' dir='ltr'>nune</span> <span class='ocrx_word' id='word_1_454' title='bbox 1855 1827 1886 1855; x_wconf 85' lang='lat' dir='ltr'>et</span> <span class='ocrx_word' id='word_1_455' title='bbox 1922 1832 1980 1864; x_wconf 84' lang='lat' dir='ltr'>pro</span> 
     </span>
     <span class='ocr_line' id='line_1_83' title="bbox 1239 1875 1981 1920; baseline -0.001 -11"><span class='ocrx_word' id='word_1_456' title='bbox 1239 1884 1386 1920; x_wconf 81' lang='lat' dir='ltr'>tempore</span> <span class='ocrx_word' id='word_1_457' title='bbox 1413 1877 1590 1909; x_wconf 78' lang='lat' dir='ltr'>existentes</span> <span class='ocrx_word' id='word_1_458' title='bbox 1616 1876 1720 1908; x_wconf 74' lang='lat' dir='ltr'>dietae</span> <span class='ocrx_word' id='word_1_459' title='bbox 1746 1875 1900 1909; x_wconf 81' lang='lat' dir='ltr'>eeclesiae</span> <span class='ocrx_word' id='word_1_460' title='bbox 1919 1876 1981 1908; x_wconf 91' lang='lat' dir='ltr'>Lu-</span> 
     </span>
    </p>
   </div>
   <div class='ocr_carea' id='block_1_12' title="bbox 1238 1983 1982 2185">
    <p class='ocr_par' dir='ltr' id='par_1_12' title="bbox 1238 1983 1982 2185">
     <span class='ocr_line' id='line_1_84' title="bbox 1239 1983 1981 2028; baseline -0.001 -13"><span class='ocrx_word' id='word_1_461' title='bbox 1239 1986 1400 2028; x_wconf 78' lang='lat' dir='ltr'>prael&#39;atos</span> <span class='ocrx_word' id='word_1_462' title='bbox 1426 1984 1699 2026; x_wconf 82' lang='lat' dir='ltr'>quandoeiunque</span> <span class='ocrx_word' id='word_1_463' title='bbox 1725 1983 1884 2025; x_wconf 67' lang='lat' dir='ltr'>eligenda,</span> <span class='ocrx_word' id='word_1_464' title='bbox 1904 1993 1981 2015; x_wconf 74' lang='lat' dir='ltr'>‹zon-</span> 
     </span>
     <span class='ocr_line' id='line_1_85' title="bbox 1238 2036 1981 2079; baseline -0.003 -9"><span class='ocrx_word' id='word_1_465' title='bbox 1238 2048 1343 2070; x_wconf 76' lang='lat' dir='ltr'>cessas</span> <span class='ocrx_word' id='word_1_466' title='bbox 1370 2048 1438 2069; x_wconf 76' lang='lat' dir='ltr'>esse</span> <span class='ocrx_word' id='word_1_467' title='bbox 1465 2044 1496 2068; x_wconf 87' lang='lat' dir='ltr'>et</span> <span class='ocrx_word' id='word_1_468' title='bbox 1521 2038 1610 2076; x_wconf 81' lang='lat' dir='ltr'>sore,</span> <span class='ocrx_word' id='word_1_469' title='bbox 1637 2037 1748 2079; x_wconf 65' lang='lat' dir='ltr'>sicque</span> <span class='ocrx_word' id='word_1_470' title='bbox 1770 2042 1801 2067; x_wconf 91' lang='lat' dir='ltr'>et</span> <span class='ocrx_word' id='word_1_471' title='bbox 1819 2046 1881 2068; x_wconf 84' lang='lat' dir='ltr'>non</span> <span class='ocrx_word' id='word_1_472' title='bbox 1901 2036 1981 2069; x_wconf 70' lang='lat' dir='ltr'>alias</span> 
     </span>
     <span class='ocr_line' id='line_1_86' title="bbox 1239 2089 1982 2134; baseline -0.001 -11"><span class='ocrx_word' id='word_1_473' title='bbox 1239 2102 1296 2134; x_wconf 83' lang='lat' dir='ltr'>per</span> <span class='ocrx_word' id='word_1_474' title='bbox 1321 2100 1546 2133; x_wconf 75' lang='lat' dir='ltr'>quoscunupie</span> <span class='ocrx_word' id='word_1_475' title='bbox 1573 2090 1695 2122; x_wconf 86' lang='lat' dir='ltr'>iudices</span> <span class='ocrx_word' id='word_1_476' title='bbox 1731 2089 1914 2122; x_wconf 87' lang='lat' dir='ltr'>ordinarios</span> <span class='ocrx_word' id='word_1_477' title='bbox 1951 2094 1982 2122; x_wconf 83' lang='lat' dir='ltr'>et</span> 
     </span>
     <span class='ocr_line' id='line_1_87' title="bbox 1239 2142 1981 2185; baseline -0.001 -10"><span class='ocrx_word' id='word_1_478' title='bbox 1239 2144 1418 2185; x_wconf 63' lang='lat' dir='ltr'>tlt-legatos,</span> <span class='ocrx_word' id='word_1_479' title='bbox 1445 2143 1540 2175; x_wconf 86' lang='lat' dir='ltr'>etiam</span> <span class='ocrx_word' id='word_1_480' title='bbox 1567 2153 1735 2174; x_wconf 76' lang='lat' dir='ltr'>causarum</span> <span class='ocrx_word' id='word_1_481' title='bbox 1760 2142 1868 2184; x_wconf 82' lang='lat' dir='ltr'>palatii</span> <span class='ocrx_word' id='word_1_482' title='bbox 1903 2151 1981 2184; x_wconf 85' lang='lat' dir='ltr'>apo-</span> 
     </span>
    </p>
   </div>
   <div class='ocr_carea' id='block_1_13' title="bbox 1238 2248 1982 2613">
    <p class='ocr_par' dir='ltr' id='par_1_13' title="bbox 1238 2248 1982 2291">
     <span class='ocr_line' id='line_1_88' title="bbox 1238 2248 1982 2291; baseline -0.003 -8"><span class='ocrx_word' id='word_1_483' title='bbox 1238 2251 1433 2290; x_wconf 83' lang='lat' dir='ltr'>cardinales,</span> <span class='ocrx_word' id='word_1_484' title='bbox 1462 2249 1558 2281; x_wconf 77' lang='lat' dir='ltr'>etiam</span> <span class='ocrx_word' id='word_1_485' title='bbox 1583 2250 1622 2281; x_wconf 89' lang='lat' dir='ltr'>de</span> <span class='ocrx_word' id='word_1_486' title='bbox 1648 2251 1752 2281; x_wconf 85' lang='lat' dir='ltr'>latere</span> <span class='ocrx_word' id='word_1_487' title='bbox 1779 2249 1919 2291; x_wconf 76' lang='lat' dir='ltr'>legatos,</span> <span class='ocrx_word' id='word_1_488' title='bbox 1941 2248 1982 2281; x_wconf 87' lang='lat' dir='ltr'>vi-</span> 
     </span>
    </p>

    <p class='ocr_par' dir='ltr' id='par_1_14' title="bbox 1238 2301 1979 2346">
     <span class='ocr_line' id='line_1_89' title="bbox 1238 2301 1979 2346; baseline -0.004 -9"><span class='ocrx_word' id='word_1_489' title='bbox 1238 2306 1403 2346; x_wconf 79' lang='lat' dir='ltr'>celegatos</span> <span class='ocrx_word' id='word_1_490' title='bbox 1424 2330 1431 2343; x_wconf 89' lang='lat'>,</span> <span class='ocrx_word' id='word_1_491' title='bbox 1469 2303 1638 2345; x_wconf 81' lang='lat' dir='ltr'>dictaeque</span> <span class='ocrx_word' id='word_1_492' title='bbox 1679 2302 1771 2335; x_wconf 73' lang='lat' dir='ltr'>Sedis</span> <span class='ocrx_word' id='word_1_493' title='bbox 1811 2301 1951 2335; x_wconf 81' lang='lat' dir='ltr'>iuincios</span> <span class='ocrx_word' id='word_1_494' title='bbox 1971 2328 1979 2342; x_wconf 89' lang='lat'>,</span> 
     </span>
    </p>

    <p class='ocr_par' dir='ltr' id='par_1_15' title="bbox 1239 2354 1981 2401">
     <span class='ocr_line' id='line_1_90' title="bbox 1239 2354 1981 2401; baseline -0.005 -11"><span class='ocrx_word' id='word_1_495' title='bbox 1239 2358 1384 2401; x_wconf 85' lang='lat' dir='ltr'>aliosque</span> <span class='ocrx_word' id='word_1_496' title='bbox 1410 2367 1631 2400; x_wconf 79' lang='lat' dir='ltr'>quoscumque</span> <span class='ocrx_word' id='word_1_497' title='bbox 1666 2355 1778 2399; x_wconf 82' lang='lat' dir='ltr'>quavis</span> <span class='ocrx_word' id='word_1_498' title='bbox 1807 2354 1981 2387; x_wconf 86' lang='lat' dir='ltr'>auctorita·</span> 
     </span>
    </p>

    <p class='ocr_par' dir='ltr' id='par_1_16' title="bbox 1240 2407 1980 2454">
     <span class='ocr_line' id='line_1_91' title="bbox 1240 2407 1980 2454; baseline -0.004 -11"><span class='ocrx_word' id='word_1_499' title='bbox 1240 2419 1278 2450; x_wconf 86' lang='lat' dir='ltr'>te,</span> <span class='ocrx_word' id='word_1_500' title='bbox 1305 2416 1478 2454; x_wconf 79' lang='lat' dir='ltr'>potestate.</span> <span class='ocrx_word' id='word_1_501' title='bbox 1501 2409 1727 2452; x_wconf 74' lang='lat' dir='ltr'>praerogatiia</span> <span class='ocrx_word' id='word_1_502' title='bbox 1752 2413 1783 2440; x_wconf 92' lang='lat' dir='ltr'>et</span> <span class='ocrx_word' id='word_1_503' title='bbox 1808 2407 1980 2450; x_wconf 76' lang='lat' dir='ltr'>privilegio</span> 
     </span>
    </p>

    <p class='ocr_par' dir='ltr' id='par_1_17' title="bbox 1240 2460 1981 2505">
     <span class='ocr_line' id='line_1_92' title="bbox 1240 2460 1981 2505; baseline -0.004 -9"><span class='ocrx_word' id='word_1_504' title='bbox 1240 2466 1430 2505; x_wconf 67' lang='lat' dir='ltr'>fungentes,</span> <span class='ocrx_word' id='word_1_505' title='bbox 1456 2474 1493 2495; x_wconf 87' lang='lat' dir='ltr'>ac</span> <span class='ocrx_word' id='word_1_506' title='bbox 1519 2463 1641 2495; x_wconf 81' lang='lat' dir='ltr'>honore</span> <span class='ocrx_word' id='word_1_507' title='bbox 1667 2467 1698 2494; x_wconf 89' lang='lat' dir='ltr'>et</span> <span class='ocrx_word' id='word_1_508' title='bbox 1722 2460 1981 2504; x_wconf 72' lang='lat' dir='ltr'>praeeminentia</span> 
     </span>
    </p>

    <p class='ocr_par' dir='ltr' id='par_1_18' title="bbox 1240 2513 1981 2613">
     <span class='ocr_line' id='line_1_93' title="bbox 1240 2513 1981 2558; baseline -0.005 -9"><span class='ocrx_word' id='word_1_509' title='bbox 1240 2518 1412 2558; x_wconf 74' lang='lat' dir='ltr'>fulgentes,</span> <span class='ocrx_word' id='word_1_510' title='bbox 1433 2516 1562 2548; x_wconf 79' lang='lat' dir='ltr'>sublata</span> <span class='ocrx_word' id='word_1_511' title='bbox 1588 2515 1634 2547; x_wconf 87' lang='lat' dir='ltr'>eis</span> <span class='ocrx_word' id='word_1_512' title='bbox 1661 2521 1692 2547; x_wconf 91' lang='lat' dir='ltr'>et</span> <span class='ocrx_word' id='word_1_513' title='bbox 1717 2524 1828 2546; x_wconf 89' lang='lat' dir='ltr'>eorum</span> <span class='ocrx_word' id='word_1_514' title='bbox 1848 2513 1981 2546; x_wconf 87' lang='lat' dir='ltr'>cuilibet</span> 
     </span>
     <span class='ocr_line' id='line_1_94' title="bbox 1274 2575 1790 2613; baseline -0.008 -8"><span class='ocrx_word' id='word_1_515' title='bbox 1274 2580 1284 2605; x_wconf 80' lang='lat'>1</span> <span class='ocrx_word' id='word_1_516' title='bbox 1309 2578 1381 2605; x_wconf 82' lang='lat' dir='ltr'>Edit.</span> <span class='ocrx_word' id='word_1_517' title='bbox 1399 2578 1478 2605; x_wconf 84' lang='lat' dir='ltr'>Mam.</span> <span class='ocrx_word' id='word_1_518' title='bbox 1497 2577 1563 2613; x_wconf 83' lang='lat' dir='ltr'>legit</span> <span class='ocrx_word' id='word_1_519' title='bbox 1578 2577 1663 2604; x_wconf 74' lang='lat' dir='ltr'>dacae</span> <span class='ocrx_word' id='word_1_520' title='bbox 1682 2576 1724 2610; x_wconf 78' lang='lat' dir='ltr'>(n.</span> <span class='ocrx_word' id='word_1_521' title='bbox 1740 2575 1790 2610; x_wconf 84' lang='grc' dir='ltr'>Τ.).</span> 
     </span>
    </p>
   </div>
   <div class='ocr_carea' id='block_1_14' title="bbox 1980 176 2166 207">
    <p class='ocr_par' dir='ltr' id='par_1_19' title="bbox 1980 176 2166 207">
     <span class='ocr_line' id='line_1_95' title="bbox 1980 176 2166 207; baseline 0.022 -4"><span class='ocrx_word' id='word_1_522' title='bbox 1980 176 2028 203; x_wconf 80' lang='lat' dir='ltr'>Ar..</span> <span class='ocrx_word' id='word_1_523' title='bbox 2047 176 2075 203; x_wconf 84' lang='lat' dir='ltr'>C.</span> <span class='ocrx_word' id='word_1_524' title='bbox 2099 177 2166 207; x_wconf 76' lang='lat' dir='ltr'><strong>¹72ss</strong></span> 
     </span>
    </p>
   </div>
  </div>
 </body>
</html>
