2170 3147
1 233 29 255 n.
48 224 78 254 C.
91 224 161 253 1724

172 271 329 302 visitationi
352 276 379 301 et
401 270 573 301 correctioni
590 269 728 309 praedicti
746 268 907 308 provincia-

172 320 207 350 lis
243 329 292 350 seu
329 319 434 359 prioris
469 318 503 347 ad
543 318 663 348 formam
702 315 905 355 motusproprii

173 367 312 408 praedicti
344 367 373 396 S.
403 366 446 396 Pii
478 366 511 403 V,
546 365 588 394 vel
621 365 716 403 potius
750 364 907 393 cardinalis

173 416 291 446 maioris
314 414 547 454 poenitentiarii,
571 413 599 442 in
623 421 701 447 casu,
724 417 786 441 etc:

20 481 127 503 mmmm
144 482 163 502 ὴ,
212 465 261 494 Die
284 473 319 493 xv
341 462 503 493 decembris
532 470 657 491 itinccxiv
680 470 760 490 sacra
784 461 908 498 Congre-

0 508 251 561 Ϊζςᾞῗὸξζζῗζξςθιίο
279 511 579 542 eminentissimorum
601 510 629 540 S.
654 510 689 540 R.
715 510 745 539 E.
777 509 909 538 cardina-

0 562 102 582 tnervam.
174 562 245 592 lium
261 560 381 592 Concilii
395 559 559 590 Tridentini
583 559 775 597 interpretum
797 557 830 586 ad
851 556 909 595 pri·
929 562 930 568 ¹

174 618 254 639 mum
287 608 437 648 respondit
467 607 637 636 affirmative
669 606 763 645 quoad
786 605 930 644 primaint

174 662 297 696 partein,
327 661 355 686 et
381 656 515 694 negative
538 655 631 695 quoad
655 654 826 691 secundum,
849 662 910 682 ser-

173 707 240 736 vata
272 706 365 735 forma.
398 704 639 734 constitutionum
672 702 827 733 Clementis
847 701 907 731 Ylll

173 759 202 785 et
222 753 385 785 Innocentii
408 753 478 789 >3113
502 752 537 782 ad
560 752 717 782 secundam
741 751 848 790 pariter
870 750 908 780 as—

174 802 320 833 firmative
343 801 437 841 quoad
460 801 583 840 primam
608 804 727 839 partem,
764 803 791 828 et
824 808 909 836 nega-

175 851 232 881 tive
255 850 348 890 quoad
370 849 539 887 set-undam,
569 850 683 878 servata
707 848 794 877 forma
818 847 909 876 dicta—
928 858 930 873 t

173 908 238 930 tum
262 898 500 929 constitutionum
524 897 684 927 Clementis
714 901 740 925 et
769 896 909 925 Innocen-

173 947 227 985 tii;
260 948 294 978 ad
327 948 444 977 tertium
476 946 647 976 affirmative
669 945 762 984 quoad
785 945 906 983 primam

174 1001 297 1036 partem,
320 996 411 1036 quoad
444 1005 475 1025 ea
505 1004 579 1034 quae
608 998 789 1024 concernunt
810 993 910 1023 obser·

176 1045 302 1076 varitiam
324 1044 485 1083 regularem
510 1048 632 1074 tantum.
653 1061 690 1066 -
713 1043 849 1072 Pitosrea
873 1051 908 1071 ni:

175 1094 371 1124 LAMBERTiNis
393 1092 579 1123 secretarius.

0 1162 167 1210 „dfft‘ssflgffi‘eig
222 1161 236 1204 ἓ
261 1160 292 1193 2.
318 1160 408 1192 Nune
438 1165 542 1192 autem
575 1169 654 1198 nos,
681 1158 909 1191 controversiis

0 1213 363 1264 {gmiwiffiffhuiusmodi
401 1212 495 1246 finem
532 1212 701 1254 imponere
733 1211 932 1260 cupientes,¹

178 1271 266 1300 motu
297 1266 452 1309 proprio,
479 1276 514 1298 ac
540 1275 575 1297 ex
602 1266 688 1297 certa
721 1263 855 1297 seientia
880 1263 932 1296 et*

176 1321 303 1352 matura
318 1317 553 1351 deliberatione
570 1317 699 1355 nostris,
716 1316 820 1359 deque
838 1326 912 1359 apo-

176 1372 312 1405 stolicae
336 1371 504 1414 potestatis
528 1369 743 1413 plenitudiue,
778 1369 911 1402 decreta
931 1375 933 1417 J

177 1425 391 1468 praeinserta‚
412 1434 447 1456 ae
473 1423 580 1455 omnia
602 1429 633 1455 et
657 1423 786 1465 singula
811 1423 841 1455 in
865 1422 910 1456 eis

178 1481 343 1516 contenta,
368 1481 480 1508 tenore
506 1476 738 1518 praesentium,
757 1475 912 1518 approba-

177 1540 247 1563 mus
273 1535 305 1562 et
329 1529 569 1569 confirmamus,
587 1528 716 1572 illisque
743 1528 912 1561 inviolabi—

176 1582 214 1615 lis
239 1581 435 1625 apostolieae
473 1580 632 1614 firmitatis
667 1581 767 1613 robur
800 1581 912 1613 adiici-

177 1645 260 1668 mus.
299 1635 471 1667 Praeterea
509 1634 579 1666 lites
616 1640 647 1666 et
671 1634 910 1667 controversias

177 1697 397 1731 quascumque
437 1697 535 1730 super
570 1687 756 1729 praemissis
801 1687 910 1730 quovis

178 1741 274 1774 modo
301 1746 426 1773 exortas
453 1746 483 1772 et
507 1740 613 1772 adhuc
639 1740 745 1772 forsan
767 1739 908 1782 penden-
930 1731 932 1748 ³

177 1799 224 1827 tes
244 1794 396 1837 (illarum
421 1798 538 1826 statum
564 1798 595 1825 et
619 1792 734 1825 merita
759 1792 910 1825 nomina·
930 1800 932 1837 ἰ

178 1857 240 1890 que
257 1851 288 1880 et
304 1845 499 1888 cognomina
521 1855 558 1877 ac
575 1846 745 1888 qualitates
770 1845 908 1878 iudicum

179 1904 213 1933 et
234 1899 496 1941 eollifiganssum,
515 1903 548 1931 et
571 1898 664 1931 aliam
690 1899 786 1931 etiam
807 1899 910 1941 speci-

178 1952 270 1986 ficam
295 1958 325 1986 et
350 1952 545 1985 individuam
571 1952 771 1984 mentionem
803 1956 835 1984 et
858 1962 911 1984 er-

180 2005 378 2049 pressionem
392 2004 602 2047 requirentia,
612 2004 836 2047 praesentibus
851 2014 910 2047 pro

181 2059 276 2102 plene
294 2063 325 2091 et
342 2057 538 2090 sufficienter
552 2057 710 2100 expressis
725 2057 911 2100 hahentes),

181 2110 214 2143 in
239 2116 320 2143 statu
342 2115 373 2144 et
398 2110 545 2143 terminis
564 2110 595 2143 in
614 2110 731 2154 quibus
757 2111 796 2143 de
817 2121 911 2154 prae-

181 2163 265 2197 senti
282 2163 502 2207 reperiuntur,
518 2174 535 2196 a
553 2163 809 2207 quibuscumque
830 2164 911 2196 iudi-

181 2216 272 2249 cibus
304 2221 336 2249 et
367 2215 583 2249 tribunalibus
620 2217 657 2249 ad
694 2227 770 2257 nos,
796 2222 907 2257 motu,

181 2268 315 2302 scientia
339 2273 370 2301 et
394 2269 560 2311 potestatis
588 2269 791 2312 plenitudine
825 2271 911 2313 pari-

179 2321 238 2355 bus
254 2348 261 2362 ,
286 2321 400 2354 harum
436 2321 521 2354 serie
556 2332 745 2362 avocamus,
773 2322 912 2366 illasque

177 2379 336 2418 perpetuo
361 2374 589 2417 supprimimus
622 2381 653 2408 et
684 2375 912 2417 extinguimus,

179 2437 216 2460 ae
230 2432 423 2470 perpetuum
441 2427 583 2470 desuper
601 2427 766 2461 silentium
785 2429 913 2473 utrique

179 2479 262 2522 parti
286 2478 493 2522 imponimus.

15 2538 133 2560 Ctausutae.

758 218 952 244 'BENEDICTUS
977 219 1032 242 xm
1056 218 1104 242 Pr.

1607 205 1649 239 75
1694 212 1880 240 Amet-124

949 273 1005 299 aut
1032 266 1187 300 nullitatis
1211 266 1309 305 vitio,
1334 275 1389 298 seu
1417 263 1606 297 intentionis
1633 273 1688 296 no-

950 325 1043 359 strae,
1071 325 1121 351 aut
1149 320 1306 352 interesse
1334 317 1519 350 habentium
1552 327 1688 349 consen-

950 374 1012 409 sus,
1039 373 1140 404 aliove
1168 372 1313 415 quolibet
1349 371 1443 403 etiam
1481 369 1687 413 quantumvis

951 435 1066 466 magno
1102 430 1134 457 et
1169 424 1370 456 substantiali
1409 423 1534 456 defectu
1570 422 1687 461 notari,

951 477 1147 520 impugnari,
1174 476 1319 519 infringi,
1347 475 1527 513 retraetari,
1557 475 1587 507 in
1614 485 1689 507 ‹ton-

952 530 1141 563 troversiam
1166 529 1287 569 vorari,
1308 534 1360 562 aut
1378 529 1416 561 ad
1438 528 1591 561 terminos
1610 528 1689 560 iuris

951 582 1073 621 reduci,
1099 593 1153 615 seu
1179 582 1334 614 adversus
1362 581 1431 614 illas
1458 581 1688 623 quodcumque

951 635 1037 675 iuris,
1064 635 1134 668 faeti
1162 635 1209 668 vel
1236 634 1358 677 gratiae
1384 633 1562 666 remedium
1589 633 1691 675 impe-

952 688 1045 728 trari,
1073 698 1127 721 seu
1155 687 1309 721 intentari
1335 687 1402 719 ullo
1426 686 1522 719 modo
1548 695 1690 728 unquam

951 750 1059 783 posse,
1077 740 1133 773 sed
1152 740 1238 783 ipsas
1256 744 1448 782 praesentes
1466 738 1590 771 litteras
1615 748 1691 770 sem·

951 803 1010 835 per
1035 791 1156 833 firmas,
1179 791 1301 825 validas
1329 796 1359 824 et
1384 790 1530 824 efficaces
1553 790 1691 822 existere

952 852 983 878 et
1013 846 1099 884 fore,
1125 855 1266 888 suosque
1292 844 1459 888 plenarios
1488 851 1518 877 et
1548 843 1691 886 integros

951 898 1086 932 effectus
1115 898 1222 931 sortiri
1249 903 1280 930 et
1305 897 1466 937 obtinere,
1491 907 1525 929 ac
1554 896 1629 935 illis,
1652 896 1690 929 ad

951 962 1031 994 quos
1062 957 1188 995 spectat
1221 957 1251 983 et
1283 961 1343 994 pro
1369 955 1517 993 tempore
1551 950 1693 993 quando-

951 1014 1089 1047 cumque
1126 1003 1301 1047 spectabit,
1336 1003 1365 1035 in
1403 1002 1553 1035 omnibus
1580 1007 1611 1035 et
1635 1012 1693 1045 per

951 1057 1059 1090 onmia
1095 1057 1282 1100 plenissime
1319 1055 1498 1098 suffragari,
1528 1060 1559 1088 et
1582 1054 1621 1087 ab
1647 1055 1692 1088 eis

953 1109 1132 1153 respective
1163 1109 1392 1141 inviolabiliter
1423 1107 1611 1147 observari,
1638 1107 1692 1139 sic-

954 1174 1016 1206 que
1035 1167 1067 1196 et
1085 1173 1147 1195 non
1166 1162 1260 1194 aliter
1278 1161 1308 1194 in
1322 1160 1510 1204 praemissis
1524 1170 1584 1203 per
1597 1170 1693 1203 quos-

954 1226 1091 1258 cumque
1110 1215 1234 1247 iudiees
1254 1213 1441 1246 ordinarios
1459 1219 1490 1245 et
1509 1213 1691 1255 delegatos,

954 1269 1050 1301 etiam
1064 1278 1232 1300 causarum
1251 1266 1362 1309 palatii
1382 1265 1553 1308 apostolici
1568 1265 1693 1298 audito-

955 1331 1016 1359 res,
1049 1331 1083 1353 ac
1108 1320 1138 1352 S.
1168 1320 1204 1352 Ρι.
1232 1319 1266 1351 Ε.
1287 1319 1472 1362 praedictae
1498 1318 1690 1357 cardinales,

954 1380 1144 1417 ceterosque
1171 1372 1333 1415 quoslibet
1359 1382 1563 1415 quacumque
1587 1376 1694 1404 aueto-

955 1427 1048 1460 ritate
1075 1431 1105 1460 et
1128 1430 1290 1470 potestate
1317 1425 1487 1467 fungentes
1515 1429 1546 1457 et
1569 1424 1693 1456 functu-

954 1489 1016 1519 ros,
1043 1480 1166 1512 sublata
1192 1478 1238 1511 eis
1263 1483 1294 1511 et
1319 1488 1432 1510 eorum
1458 1477 1594 1510 cuilibet
1618 1487 1693 1520 qua-

953 1532 998 1565 vis
1038 1533 1132 1566 aliter
1178 1531 1342 1564 iudicandi
1382 1536 1413 1564 et
1452 1530 1692 1574 interpretandi

931 1605 932 1627 t
955 1585 1105 1618 facultate
1131 1590 1162 1617 et
1186 1583 1388 1623 auctoritate,
1412 1583 1547 1616 iudicari
1566 1588 1598 1615 et
1615 1583 1693 1616 deti-

954 1638 1015 1670 niri
1034 1638 1169 1678 debere,
1190 1647 1225 1669 ac
1242 1637 1367 1669 irritum
1389 1642 1421 1669 et
1438 1636 1534 1668 inane
1550 1637 1576 1668 si
1598 1646 1693 1669 secus

953 1690 1120 1734 superbis
1145 1701 1160 1722 a
1184 1700 1364 1733 quoquam,
1385 1688 1498 1732 quavis
1522 1689 1695 1721 auctorita-

955 1750 1002 1783 te,
1034 1743 1176 1776 scienter
1205 1743 1257 1774 vel
1291 1742 1500 1785 ignoranter,
1520 1741 1696 1785 contigerit

953 1796 1117 1829 attentari.

997 1850 1011 1893 ξ
1034 1849 1066 1881 [ι.
1097 1848 1167 1881 Non
1184 1848 1389 1881 obstantibus
1411 1858 1611 1891 quacumque
1630 1848 1694 1881 litis
1731 1857 1889 1887 omnir-ariorum

953 1902 1130 1946 pendentia
1166 1912 1202 1934 ac
1227 1901 1521 1933 constitutionibus
1551 1906 1583 1933 et
1608 1883 1823 1934 ordi-derog‘nm'

952 1955 1139 1988 nationibus
1168 1953 1367 1997 apostolicis,
1392 1963 1519 1986 necnon
1553 1953 1692 1993 Ordinis,

952 2007 1139 2050 provinciae
1166 2011 1196 2039 et
1213 2010 1391 2038 conventus
1409 2006 1639 2048 praefatorum,
1659 2017 1694 2039 ac

953 2059 1049 2093 etiam
1075 2058 1170 2091 officii
1197 2058 1470 2101 poenitentiariae
1505 2064 1537 2090 et
1562 2059 1692 2102 collegii

952 2112 1278 2156 poenitentiariorum
1305 2111 1464 2144 minorum
1491 2112 1691 2152 huiusmodi,

953 2166 1064 2200 aliisve
1090 2165 1264 2208 quibusvis,
1284 2165 1381 2198 etiam
1406 2165 1596 2207 iuramento,
1616 2176 1695 2200 cou-

953 2218 1133 2251 firmatione
1147 2218 1338 2261 apostolica,
1354 2219 1401 2251 vel
1418 2219 1531 2261 quavis
1545 2218 1693 2252 firmitate

954 2271 1015 2304 aliti
1050 2270 1223 2310 roboratis,
1257 2271 1388 2303 statutis
1423 2277 1455 2303 et
1487 2272 1696 2304 consuetudi—

954 2323 1072 2363 nibus,
1098 2322 1279 2366 privilegiis
1310 2333 1459 2366 quoque,
1491 2323 1626 2357 indultis
1664 2329 1696 2357 et

955 2375 1074 2409 litteris
1099 2375 1297 2419 apostoliciS,
1329 2376 1392 2409 illis
1418 2386 1595 2420 eorumque
1622 2388 1695 2420 per-

956 2429 1055 2468 sonis,
1080 2434 1177 2471 atque
1194 2428 1308 2460 maiori
1330 2429 1583 2471 poenitentiario
1602 2441 1695 2473 prae-

956 2481 1051 2518 dicto,
1082 2481 1140 2513 sub
1168 2480 1425 2524 quibuscumque
1450 2482 1622 2515 verborum
1649 2488 1694 2516 te-

223 2531 292 2574 53.
315 2531 547 2571 DecernenteS,
566 2532 697 2573 easdem
723 2540 911 2576 praesentes
955 2534 1089 2567 noribus
1127 2539 1159 2566 et
1195 2534 1311 2574 formis,
1346 2545 1381 2567 ac
1418 2546 1488 2567 eum
1526 2535 1693 2578 quibusvis

178 2584 301 2620 litteras
326 2585 365 2619 de
391 2584 610 2629 subreptionis
632 2587 680 2620 vel
706 2586 911 2631 obreptionis
955 2587 1049 2620 etiam
1082 2587 1306 2631 derogatoriis‚
1338 2587 1473 2634 aliisque
1507 2587 1694 2624 efficaciori„
