2139 3142
3 306 51 334 An.
67 303 97 332 c.
119 303 186 331 ¹730
442 307 446 312 ·
765 303 961 329 nssxnnicrus
986 302 1044 327 xm
1070 303 1119 327 pr.
1613 292 1675 325 307
1723 302 1769 328 An.
1788 302 1815 330 c.
1841 303 1907 330 1730

195 352 351 386 Minorum
379 353 481 386 saneti
506 353 666 387 Francisci
693 354 731 386 de
757 353 932 386 Observan-
951 354 954 394 Ξ
975 351 1129 395 praedicti
1156 351 1312 394 Iosephus
1339 357 1369 385 et
1393 351 1580 385 Emmanuel
1608 352 1711 385 humi-

195 406 236 438 tia
260 406 520 440 Excalceatorum
545 412 818 450 nuncupatorum,
839 406 932 438 nobis
953 433 954 464 Ξ
976 405 1048 437 liter
1073 405 1248 448 supplicari
1287 406 1431 438 fecerunt
1455 410 1490 437 nt
1511 405 1540 437 in
1560 405 1712 448 praemis-

196 468 300 502 nuper
326 459 442 502 exponi
476 460 640 499 fecerunt,
668 460 779 502 plures
805 458 932 491 litterae
953 479 955 485 r
976 458 1018 490 sis
1056 464 1239 501 opportune
1281 458 1452 501 providere
1496 463 1526 490 et
1562 463 1595 489 ut
1632 458 1714 490 infra

196 511 262 544 sive
290 512 542 545 constitutiones
566 512 766 556 apostolicae
796 509 933 543 diversis
953 507 955 521 '¹
976 509 1146 553 indulgere
1172 511 1211 544 de
1237 510 1436 554 benignitate
1462 511 1642 554 apostolica
1668 510 1714 543 ‹li—

195 565 396 608 temporibus
422 576 480 608 pro
507 565 625 598 salubri
644 566 859 608 praefatorum
878 563 934 596 Or-
954 585 955 606 Ξ
977 573 1159 606 gnaremur.

194 618 280 650 dinis
305 623 337 651 et
359 618 546 661 provinciae
565 617 743 651 directione
769 612 956 659 emanare-l
1021 616 1035 658 g
1060 615 1091 648 ἰ).
1118 616 1182 649 Nos
1218 617 1330 659 igitur,
1358 617 1445 659 ipsos
1484 617 1658 659 loseplium
1685 622 1715 648 ct
1774 629 1909 648 rur-„mo

195 670 279 711 rint,
308 681 424 714 nempe
450 671 546 704 binae
573 670 675 703 felicis
700 669 933 703 i·‹:‹·01·c.t:ui0nis
955 677 956 696 2
978 669 1217 702 Emmanuelem
1255 669 1450 712 specialibus
1488 670 1647 702 favoribus
1684 662 1751 702 etiisi

195 723 285 758 Pauli
310 725 346 762 V,
374 724 424 757 die
450 736 500 758 xix
527 725 640 768 aprilis
666 733 830 763 MDcxwu,
856 733 934 765 qua·
955 705 956 768 Ξ
978 722 1088 764 gratiis
1121 722 1271 765 prosequi
1312 723 1481 759 volentes,
1520 716 1903 765 illorumque.f1'·t·2iiiica=11=u.¹

196 787 266 809 rum
294 777 419 811 initium
446 783 496 811 est
529 777 626 811 Alitis
656 788 673 809 (t
698 776 802 819 felicis
834 785 934 808 recor·
954 770 956 818 Ξ
977 775 1161 817 singulares
1183 785 1342 817 personas
1369 776 1566 819 aquibusvis
1587 786 1713 808 excom-

194 829 350 870 dctlz'om's,
378 835 448 870 elo,
467 830 641 864 etDndum
668 841 688 862 a
704 829 809 871 felicis
833 839 932 861 recor-
954 821 956 878 Ξ
978 827 1216 867 munic-ationis,
1243 828 1466 871 suspensionis
1488 834 1519 861 et
1539 829 1712 867 interdicti,

194 880 348 921 dolionis,
382 886 454 921 ele„
492 891 591 924 super
629 879 795 913 erectione
831 879 956 918 dictae1
979 880 1118 922 aliisque
1158 880 1385 913 ecclesiasticis
1419 881 1612 921 sententiis,
1640 892 1714 913 cen-

193 934 405 978 provinciae‚
433 945 467 967 ae
493 934 671 977 respective
697 932 876 976 privilegiis
903 937 933 964 ct
954 921 956 966 Ξ
979 931 1061 963 suris
1087 937 1117 964 et
1141 931 1269 974 poenis,
1291 943 1308 964 a
1336 933 1401 965 iure
1428 934 1476 966 rel
1503 934 1540 964 ab
1568 934 1712 971 bomine,

194 986 323 1019 statutis
364 987 497 1020 fratrum
539 986 611 1019 dicti
653 984 795 1024 Ordinis,
834 977 955 1036 altera}
978 985 1091 1027 quavis
1112 985 1279 1017 occasione
1307 986 1353 1017 rel
1380 988 1475 1018 causa
1495 986 1577 1026 latis,
1606 988 1629 1018 si
1646 987 1714 1030 qui-

195 1039 314 1072 Urbani
332 1040 408 1080 Vlll,
429 1040 479 1073 die
498 1049 558 1073 xxti
576 1038 773 1082 septembris
792 1047 932 1078 iincxtiu,
953 1038 955 1045 ”
977 1037 1034 1069 bus
1050 1038 1294 1080 quomodolibet
1315 1037 1488 1071 innodatae
1507 1039 1657 1078 existunt,
1673 1040 1710 1071 ad

195 1093 356 1136 incipiens
382 1093 479 1127 Ali'c'ts
501 1103 560 1136 pro
584 1091 689 1135 felici.
718 1096 789 1131 ele,
817 1091 932 1134 quibus
953 1079 955 1133 Ξ
977 1091 1125 1124 effectum
1163 1092 1382 1134 praesentium
1415 1092 1576 1125 dumtaxat
1602 1103 1716 1125 conse-

195 1147 353 1180 eiusmodi
372 1146 541 1190 privilegia
567 1146 799 1179 confirmantur
823 1151 850 1177 et
871 1150 933 1177 sta·
953 1175 955 1192 e
978 1145 1153 1188 quendum,
1180 1145 1293 1177 harum
1328 1146 1412 1179 serie
1450 1145 1655 1179 absolventes
1686 1152 1715 1179 ct

195 1205 261 1232 tuta
286 1199 502 1238 declarantur,
528 1209 656 1231 necnon
683 1198 762 1231 aliae
787 1197 933 1231 Clemcn-
953 1213 955 1238 Ξ
977 1199 1139 1232 absolutas
1165 1199 1229 1232 sore
1256 1205 1439 1240 censentes,
1472 1200 1717 1244 susqilicationi-

195 1252 234 1285 tis
260 1252 294 1291 X,
321 1251 372 1285 die
397 1263 447 1286 xix
475 1251 553 1284 iunii
579 1261 752 1291 MDCLxxw,
780 1261 860 1294 quae
886 1251 930 1283 in-
953 1242 957 1287 Ξ,
976 1251 1036 1284 bus
1074 1262 1184 1284 corum
1223 1252 1353 1284 nomine
1391 1252 1484 1285 nobis
1521 1263 1618 1296 super
1655 1254 1717 1286 boc

195 1304 320 1348 cipiunt
355 1305 467 1348 Nuper
492 1305 528 1337 in
555 1305 827 1347 Conqrcqalt‘one‚
861 1308 933 1344 etc„
953 1296 955 1340 Ξ
978 1304 1142 1337 humiliter
1167 1305 1326 1347 porrectis
1352 1304 1559 1344 inclinati‚de
1587 1317 1716 1338 venera-

195 1368 230 1390 ac
255 1357 419 1401 reliquae¹
447 1357 623 1391 Clementis
650 1357 687 1389 xl
714 1357 931 1389 Romanorum
953 1354 955 1378 Ξ
976 1357 1088 1389 bilium
1117 1357 1246 1390 fratrum
1274 1362 1455 1390 nostrorum
1481 1358 1511 1391 S.
1534 1359 1569 1390 ti.
1592 1359 1623 1391 E.
1652 1370 1717 1391 car·

195 1410 386 1443 Pontificum
413 1411 702 1454 praedecessorum
744 1415 930 1443 nostrorum
953 1424 954 1438 i
976 1409 1129 1443 dinalium
1172 1410 1309 1454 negotiis
1351 1417 1381 1443 ct
1418 1412 1714 1445 consultationilms

195 1464 247 1497 die
271 1475 341 1498 xxtv
367 1464 551 1497 novembris
576 1473 698 1503 nuccii,
725 1474 859 1506 quarum
882 1451 954 1505 pri—i
977 1464 1202 1507 episcoporum
1229 1470 1261 1497 et
1287 1465 1485 1507 regularium
1518 1466 1716 1509 praeposito-

195 1518 274 1550 riter
299 1517 425 1550 initium
456 1523 502 1550 est
534 1517 630 1551 Alai-ts
655 1528 674 1549 a
698 1517 802 1559 felicis
831 1527 933 1549 recor·
976 1528 1057 1556 rum,
1085 1517 1137 1560 qui
1164 1517 1317 1550 dilectum
1347 1518 1446 1550 tilium
1472 1524 1715 1560 procuratorem

195 1571 354 1610 clationis,
398 1575 470 1610 etc„
515 1570 599 1603 circa
639 1570 794 1614 quasdam
836 1580 933 1613 super
952 1559 955 1613 Ξ
976 1571 1163 1612 generalem
1191 1570 1265 1602 dicti
1291 1570 1436 1611 OrdinIs,
1468 1581 1595 1604 necnon
1622 1582 1716 1605 vene-

195 1623 425 1668 praecedentia
443 1623 587 1666 aliasque
609 1623 848 1656 controversias
870 1622 933 1655 edi-
978 1623 1089 1655 rabilis
1115 1623 1222 1655 fratris
1252 1623 1353 1655 nostri
1380 1624 1544 1656 Laurentii
1571 1624 1714 1667 episcopi

197 1683 265 1717 tae;
290 1677 407 1710 fratres
423 1676 565 1709 eiusdem
584 1676 770 1720 provinciae
785 1686 932 1718 magnam
977 1675 1148 1709 Tusculani
1176 1676 1274 1719 ipsius
1291 1676 1322 1708 S.
1343 1675 1380 1709 tt.
1400 1676 1434 1708 E.
1454 1676 1636 1720 presbytcri
1655 1688 1718 1709 car-

196 1730 415 1763 dislicultatem
442 1734 656 1771 agnoscentes
680 1728 866 1761 recurrendi
894 1728 932 1760 ad
978 1729 1095 1761 tlinalis
1125 1728 1250 1761 Corsini
1283 1730 1469 1772 nuncupati,
1490 1729 1634 1762 eiusdem
1661 1730 1717 1762 Or-

195 1782 342 1816 Sanctam
368 1782 492 1822 Sedem,
517 1782 571 1814 ubi
590 1782 694 1825 aliqua
716 1782 746 1814 in
763 1782 845 1814 dicta
859 1792 932 1825 pro·
953 1780 955 1822 Ξ
978 1781 1061 1814 dinis
1095 1781 1180 1824 apud
1212 1792 1271 1814 nos
1299 1787 1329 1814 et
1354 1782 1468 1814 Sedem
1499 1783 1718 1825 Apostolicani

195 1837 298 1869 vincia
322 1836 466 1879 quaestio
492 1841 545 1868 aut
584 1835 803 1868 controversia
821 1834 935 1868 incidit,
954 1842 956 1887 Ξ
977 1834 1715 1878 protectoris,suffragiumdesuperandierunt,

197 1889 299 1921 aliave
325 1889 466 1922 occurrit
490 1889 685 1928 necessitas,
717 1893 853 1931 propter
886 1888 933 1921 ni·
955 1904 956 1931 3
978 1893 1010 1920 et
1034 1887 1072 1919 ad
1101 1887 1289 1919 relationem
1315 1887 1423 1920 dilecti
1446 1887 1502 1920 silii
1530 1888 1630 1920 nostri
1657 1889 1718 1921 Lu-

198 1941 292 1974 miam
318 1942 408 1984 regni
434 1942 586 1974 Mexieani
613 1952 629 1974 a
659 1941 752 1974 Curia
789 1942 933 1974 Romana
955 1942 956 1978 J
979 1939 1081 1973 dorici
1119 1940 1240 1983 pariter
1274 1940 1305 1972 S.
1326 1940 1362 1972 ll.
1386 1940 1421 1973 E.
1441 1940 1619 1984 presbyteri
1652 1952 1718 1973 car-

199 1993 382 2026 distantiam
400 2020 407 2033 ,
433 1994 594 2037 simulque
627 1993 820 2026 exactiorem
854 1993 934 2026 eius-
955 2012 956 2031 3
979 1993 1101 2026 dinales
1129 1993 1262 2034 Belluga
1287 1998 1319 2025 et
1342 1993 1495 2026 Moneada
1522 1995 1714 2037 nuncupati,

198 2046 283 2079 modi
313 2046 495 2079 litterarum
520 2046 585 2078 sive
611 2046 878 2079 constitutionum
903 2057 934 2078 a—
955 2033 956 2085 Ξ
978 2044 1122 2078 eisdem¹
1158 2044 1374 2078 cardinalibus
1402 2046 1526 2085 factam,
1558 2057 1624 2079 rem
1651 2047 1718 2078 uni-

198 2099 431 2142 postolicarum
467 2098 707 2131 observantiam
745 2099 836 2131 enixe
860 2110 934 2131 exo-
954 2095 956 2120 Ξ
978 2109 1102 2131 versam
1141 2103 1264 2131 mature
1305 2098 1538 2139 discusserunt,
1566 2099 1715 2139 consilio,

198 2158 347 2195 ptantes,
374 2152 411 2184 ad
443 2152 503 2184 hoc
527 2152 624 2184 etiam
649 2157 683 2184 ut
708 2152 739 2184 in
765 2157 934 2195 posterum
954 2122 956 2174 Ξ
979 2156 1170 2183 memoratas
1210 2151 1332 2183 litteras
1369 2161 1426 2184 seu
1466 2151 1718 2185 constitutiones

200 2205 333 2238 tollatur
358 2205 522 2248 quaelibet
540 2205 666 2238 occasio
684 2204 787 2238 litium
807 2215 841 2237 ac
866 2214 936 2248 per·
979 2203 1065 2236 Pauli
1092 2203 1123 2243 V,
1150 2203 1269 2236 Urbani
1295 2203 1367 2243 Vttl,
1395 2203 1569 2236 Clementis
1589 2204 1624 2243 X,
1650 2204 1718 2237 Cle-

200 2258 393 2291 turbationis
418 2258 448 2290 in
475 2258 558 2290 dicta
582 2257 757 2302 provincia,
783 2268 864 2300 quae
889 2268 956 2307 regi
979 2256 1096 2289 mentis
1121 2256 1159 2288 >21
1199 2255 1490 2299 praedecessorum
1517 2262 1716 2298 nostrorum,

199 2312 344 2354 gularem
372 2311 574 2355 disciplinam
600 2317 754 2351 evertere,
771 2317 931 2343 mutuam·
954 2309 956 2340 l
978 2310 1058 2343 sicut
1094 2311 1321 2353 praemittitur,
1350 2317 1522 2351 emanatas,
1543 2311 1717 2354 omniaque

200 2375 262 2408 que
287 2365 474 2398 charitatem
507 2365 591 2398 inter
623 2364 708 2397 illius
742 2364 856 2396 fratres
889 2341 957 2396 ‹ti-i
979 2368 1009 2395 et
1034 2363 1160 2405 singula
1185 2363 1217 2395 in
1243 2363 1288 2395 eis
1321 2369 1493 2404 contenta,
1529 2364 1719 2396 auctoritato

199 2419 370 2459 minuere,
398 2429 434 2451 ac
469 2418 625 2451 servorem
661 2417 791 2461 spiritus
821 2417 935 2450 restin-
979 2416 1172 2459 apostolica,
1199 2422 1313 2449 tenore
1349 2417 1578 2459 praesentium,
1605 2428 1720 2460 appro-

201 2481 298 2513 guere
325 2481 418 2515 saepe
444 2471 560 2511 solent,
587 2470 708 2504 litteras
733 2481 787 2503 seu
814 2469 934 2502 consti-
955 2498 957 2517 Ι
979 2469 1091 2501 bamus
1118 2474 1149 2501 et
1174 2468 1411 2509 confirmamus,
1430 2469 1559 2512 illisque
1586 2469 1720 2502 inviola-

202 2525 341 2557 tutiones
368 2524 524 2568 praefatas
549 2523 746 2566 apostolicae
768 2522 935 2556 confirma·
978 2521 1052 2554 bilis
1079 2521 1273 2564 apostolicae
1296 2521 1453 2553 firmitatis
1476 2522 1588 2562 robur,
1609 2523 1671 2554 riin
1689 2527 1720 2554 et

200 2577 298 2609 tionis
323 2582 450 2611 nostrae
477 2577 596 2609 robore
634 2575 823 2609 communiri
856 2586 935 2608 sum—
955 2576 957 2613 ζ
979 2574 1150 2606 efficaciam
1177 2574 1392 2617 adiungimus.

200 2640 331 2674 mopere
374 2630 580 2663 desiderent:
627 2629 721 2662 nobis
763 2619 957 2675 propterea¹¹

237 2694 248 2721 1
267 2691 337 2719 Edit.
359 2691 437 2718 Main.
459 2691 523 2728 legit
542 2691 649 2726 reliqui
668 2697 705 2728 (a.
719 2692 767 2725 Ti),
1016 2691 1025 2716 1
1050 2689 1120 2717 Edit.
1142 2689 1220 2716 Malu.
1243 2689 1306 2725 legit
1326 2690 1453 2718 eiusdem
1474 2692 1511 2725 (Β.
1525 2690 1572 2725 τ.).
