2170 3147
192 233 230 256 An
261 231 290 255 c.
311 230 376 256 17227
424 220 489 254 516

389 278 613 317 seminarium,
628 276 840 310 strictissimis
856 275 1045 308 earumdem
1060 283 1134 316 pro-

389 331 566 364 vinciarum
592 329 881 363 constitutionibus
906 327 1133 370 gubernaren-

392 390 452 424 tur,
477 390 508 417 et
532 383 689 416 ministris
716 388 748 415 et
773 381 970 416 delinitoriis
994 380 1130 423 provin--

390 437 524 470 cialibus
545 447 605 480 pro
624 442 771 479 tempore
789 434 1001 468 existentibus
1019 432 1133 465 subiici

391 489 558 528 deberent,
584 489 701 532 quibus
719 488 817 521 etiam
836 487 1014 520 electiones
1039 495 1134 527 guar-

391 542 562 575 dianorum
587 541 748 574 eiusmodi
774 540 991 583 collegiorum
1011 549 1066 571 seu
1091 548 1135 571 se-

390 594 602 627 minariorum
622 604 750 627 necnon
769 593 967 626 novitiorum
987 591 1134 634 receptio

392 652 611 690 competeret,
637 647 734 679 sicuti
758 647 791 678 in
821 646 893 679 aliis
918 644 1134 678 conventibus

391 700 644 739 observabatur,
675 709 739 732 non
765 703 873 732 autem
905 698 1052 740 praelato
1086 707 1137 739 ge-

392 753 495 786 nerali
522 753 776 791 subiicerentur,
799 749 1076 794 quemadmodum
1103 750 1134 782 in

393 806 590 850 quibusdam
615 806 811 839 recolendae
837 806 1017 839 memoriae
1043 805 1138 837 Inno-

393 860 491 893 centii
517 860 576 892 PP.
604 859 643 892 xt
668 859 933 902 praedecessoris
964 858 1067 891 nostri
1104 857 1135 889 in

393 913 489 946 simili
514 914 616 946 forma
640 912 751 945 Brevis
769 911 927 955 expeditis
943 911 1060 945 litteris
1077 920 1137 953 pro

394 966 541 1008 collegiis
582 965 864 998 missionariorum
905 965 945 997 ad
982 963 1136 995 familiam

394 1019 602 1062 Hispanicam
629 1018 850 1060 spectantibus
877 1016 1135 1059 disponebatur·‚

394 1072 604 1115 prohibendo
629 1071 724 1103 simul
745 1081 913 1114 expresse,
934 1070 1032 1112 quod,
1052 1069 1139 1101 dum-

394 1126 492 1158 modo
520 1125 551 1156 in
577 1123 671 1157 dictis
696 1123 871 1167 provinciis
889 1123 1054 1166 praedicta
1072 1122 1139 1154 col-

394 1179 482 1221 legia
507 1189 563 1212 seu
590 1178 765 1211 seminaria
790 1178 853 1210 iam
879 1181 989 1210 erecta
1021 1175 1139 1208 existe-

395 1236 478 1270 rent,
504 1232 615 1264 nullus
641 1231 742 1263 frater
767 1230 864 1262 unius
890 1239 926 1261 ex
952 1227 1139 1261 memoratis

395 1283 573 1327 provinciis
607 1283 646 1316 de
672 1283 746 1323 itta,
779 1282 873 1315 titulo
898 1280 1073 1320 missionis,
1100 1279 1139 1311 ad

395 1335 492 1368 aliam
516 1334 722 1378 provinciam
749 1333 889 1366 transire
914 1332 1038 1375 possit;
1062 1341 1141 1363 con-

396 1389 544 1421 cedendo
570 1388 692 1432 pariter
726 1388 776 1420 his
813 1386 903 1420 novis
927 1383 1141 1418 missionariis

397 1441 506 1474 omnia
532 1446 564 1474 et
587 1441 717 1482 singula
747 1439 922 1483 privilegia
948 1448 985 1470 ac
1009 1447 1142 1480 praero-

398 1495 519 1537 gativas
545 1494 577 1526 in
596 1494 691 1527 dictis
709 1492 889 1526 Innocentii
915 1491 1143 1535 praedecesso-

398 1547 442 1580 ris
481 1547 599 1580 litteris
645 1552 815 1585 contenta,
855 1545 1039 1588 quibusque
1079 1543 1142 1576 alia

398 1601 678 1634 missionariorum
712 1599 808 1632 etiam
833 1598 994 1641 regularis
1018 1597 1138 1630 Obser—

398 1655 524 1687 vantiae
538 1653 714 1686 seminaria
729 1653 936 1691 fruebantur,
954 1654 1142 1683 remanente

400 1713 508 1740 tamen
534 1707 654 1739 intacta
680 1712 709 1737 et
734 1706 845 1738 illaesa
864 1705 978 1737 eadem
1005 1702 1142 1745 praelati

400 1760 563 1802 generalis
588 1758 792 1799 auctoritate,
819 1768 915 1800 quam
941 1757 973 1788 in
992 1755 1142 1788 omnibus

400 1812 575 1855 provinciis
601 1818 633 1844 et
657 1811 873 1844 conventibus
891 1810 989 1842 totius
1014 1807 1143 1840 Ordinis

401 1866 591 1904 exercebat,
629 1865 773 1908 exceptis
814 1863 1002 1896 immediata
1026 1861 1140 1893 subie-

402 1919 520 1958 ctione,
545 1919 706 1951 electione
734 1917 987 1959 guardianorum
1019 1925 1054 1946 ac
1080 1925 1140 1946 no-

402 1972 554 2004 vitiorum
579 1972 780 2014 receptione,
806 1980 900 2014 quae,
925 1975 961 2002 ut
983 1979 1081 2011 supra
1102 1968 1144 2000 di-

403 2031 487 2057 ctum
514 2030 581 2065 est,
617 2025 655 2057 ad
682 2024 848 2056 ministros
889 2028 920 2055 et
960 2021 1145 2055 definitoria

402 2077 616 2121 provincialia
648 2082 796 2120 spectare
829 2077 1008 2115 deberent,
1035 2085 1145 2117 quein-

404 2131 579 2163 admodum
605 2131 643 2163 ab
670 2130 782 2162 eadem
800 2129 1057 2172 Congregatione
1078 2138 1146 2160 car-

405 2184 561 2216 dinalium
598 2183 713 2216 diebus
746 2194 786 2216 xx
820 2182 946 2225 augusti
979 2191 1145 2215 nnecxxiil

405 2243 436 2269 ct
467 2248 510 2270 vii
547 2237 732 2269 decembris
771 2246 919 2269 MDccxxv
956 2235 1146 2278 provinciae

406 2290 450 2322 Ss.
472 2289 559 2321 Pauli
585 2294 616 2321 et
640 2289 800 2322 Gabi-ielis
825 2288 954 2321 Ordinis
986 2288 1145 2330 praedicti

407 2342 583 2381 indultum,
603 2352 639 2374 ac
659 2342 799 2374 subinde
825 2352 884 2384 per
910 2341 1064 2384 quasdam
1089 2351 1146 2373 no-

407 2399 487 2426 stras
512 2394 654 2436 desuper
677 2395 710 2426 in
736 2395 805 2436 pari
826 2395 927 2427 forma
949 2394 1058 2426 Brevis
1080 2394 1148 2426 edi-

408 2452 455 2478 tas
493 2447 617 2478 litteras
650 2447 874 2480 confirmatum
900 2448 1020 2480 suerat:
1055 2457 1145 2479 ema-

408 2498 494 2529 navit
519 2497 558 2529 ab
584 2499 696 2531 eadem
722 2499 981 2541 Congregatione
1003 2499 1149 2532 cardina-

970 224 1153 250 BULLARIUM
1178 223 1336 248 ROMANUM

1216 274 1305 302 Sacra
1340 273 1535 311 Congregatio
1566 272 1872 302 eminentissimorum
1894 274 1924 301 et

1175 321 1493 351 reverendissimorum
1534 321 1563 351 S.
1592 322 1627 351 R.
1658 322 1690 351 E.
1728 319 1924 350 cardinalium

1176 370 1305 407 negotiis
1328 373 1356 399 et
1378 369 1645 400 consultationibus
1667 370 1875 409 episcoporum
1897 372 1926 398 et

1177 419 1358 456 regularium
1382 418 1558 457 praeposita,
1583 418 1704 448 attentis
1726 417 1864 454 narratiS‚
1881 426 1926 447 re-

1176 467 1288 497 ferente
1310 467 1545 496 eminentissimo
1566 466 1703 503 Belluga,
1727 465 1855 503 benigne
1878 465 1923 494 in-

1177 515 1268 545 dulsit
1299 520 1331 545 ut
1361 519 1459 554 patres
1483 514 1679 553 provinciales
1708 513 1924 552 praedictarum

1178 563 1398 602 provinciarum
1414 587 1421 601 ‚
1446 563 1526 592 veris
1558 561 1754 592 existentibus
1775 561 1904 591 narratis
1918 586 1925 600 ,

1178 612 1213 642 ad
1246 612 1448 642 fundationem
1483 612 1702 651 praedictorum
1734 611 1926 649 collegiorum

1179 670 1231 691 seu
1247 661 1474 690 seminariorum
1498 660 1754 690 missionariorum
1770 660 1800 689 in
1817 669 1875 689 uno
1891 669 1924 689 ex

1179 709 1373 740 conventibus
1402 709 1575 739 earumdem
1605 709 1824 748 provinciarum
1858 708 1928 738 sibi-

1179 762 1238 787 met
1260 758 1334 797 ipsis
1356 763 1385 788 et
1403 757 1610 787 definitoribus
1627 750 1861 796 provincialibus
1876 756 1927 786 be-

1179 807 1291 845 neviso,
1308 807 1389 836 iuxta
1413 807 1546 842 formam,
1564 806 1792 845 praerogativas,
1810 805 1929 845 privile-

1179 855 1225 893 gia
1248 860 1276 885 et
1299 864 1386 885 onera
1404 859 1539 884 contenta
1556 855 1586 884 in
1604 854 1771 893 praecitatis
1787 854 1927 884 Brevibus

1180 908 1299 933 sanctae
1322 903 1479 933 memoriae
1502 903 1666 932 innocentii
1681 902 1729 940 xt,
1750 911 1803 941 pro
1826 911 1926 932 eorum

1181 952 1303 982 arbitrio
1326 956 1353 981 et
1376 951 1557 981 conscientia
1575 974 1582 988 ‚
1607 951 1730 981 servatis
1753 950 1906 980 servandis
1920 974 1927 988 ,

1181 1000 1349 1037 deveniant,
1367 1000 1535 1029 immediata
1555 1005 1653 1029 tamen
1675 999 1880 1029 iurisdictione
1902 1003 1930 1028 et

1181 1049 1325 1079 electione
1340 1049 1494 1087 guardiani
1514 1053 1541 1078 et
1564 1048 1734 1087 receptione
1749 1047 1929 1078 novitiorum

1182 1098 1333 1137 exceptis,
1357 1107 1432 1136 quae
1461 1102 1628 1127 reservatae
1650 1097 1854 1134 intelligantur
1876 1096 1929 1126 eis-

1182 1148 1247 1177 dem
1278 1146 1509 1186 provincialibus
1539 1147 1623 1175 modo
1651 1155 1739 1185 supra
1761 1146 1930 1184 descripto,

1183 1205 1249 1226 cum
1273 1197 1413 1234 expressa
1435 1195 1520 1225 etiam
1544 1195 1711 1224 conditione
1740 1199 1772 1224 ut
1800 1195 1931 1233 religiosi

1185 1244 1405 1283 praedictarum
1428 1243 1649 1282 provinciarum
1669 1243 1704 1272 de
1720 1252 1779 1273 uno
1794 1243 1829 1273 ad
1852 1243 1931 1272 aliud

1184 1293 1376 1322 seminarium
1399 1292 1520 1322 alterius
1545 1292 1713 1330 provinciae
1736 1292 1879 1329 transire,
1903 1296 1932 1321 et,

1184 1341 1340 1379 guardiani
1357 1341 1461 1370 horum
1482 1341 1707 1370 seminariorum
1726 1340 1933 1378 erigendorum

1186 1391 1340 1428 religiosos
1363 1390 1487 1419 aliarum
1505 1389 1624 1420 Ordinis
1644 1389 1863 1428 provinciarum
1887 1399 1934 1419 ac-

1185 1443 1303 1478 ceptare
1333 1439 1455 1468 minime
1486 1438 1598 1477 possint
1620 1442 1648 1467 et
1672 1438 1810 1476 valeant,
1839 1438 1933 1468 firmis

1186 1488 1359 1527 ceteroquin
1383 1487 1508 1525 integris
1530 1491 1558 1516 et
1580 1487 1690 1516 illaesis
1711 1486 1933 1516 remanentibus

1186 1536 1324 1567 omnihus
1356 1536 1421 1565 aliis
1455 1536 1684 1575 praerogativiS,
1709 1535 1932 1565 auctoritatibus

1186 1595 1220 1615 ac
1242 1583 1501 1623 suprrioritatibus
1523 1583 1631 1613 debitis
1654 1588 1683 1613 et
1698 1583 1933 1622 competentibus

1187 1633 1264 1672 patri
1288 1633 1416 1672 praelato
1438 1632 1569 1670 generali
1590 1631 1725 1662 Ordinis:
1750 1631 1934 1662 constitutio-

1186 1682 1274 1712 nibus
1286 1681 1455 1720 apostolicis
1471 1685 1500 1710 et
1516 1680 1634 1710 Ordinis
1651 1680 1798 1719 praedicti
1812 1681 1933 1711 ceteris-

1187 1740 1243 1769 que
1266 1729 1424 1759 contrariis
1447 1729 1682 1768 quibuseumque
1707 1738 1765 1758 non
1791 1728 1933 1758 obstanti—

1186 1777 1252 1815 bus,
1270 1781 1325 1806 etc.
1345 1793 1380 1798 —
1404 1776 1513 1805 Romae
1530 1784 1596 1804 xxiv
1613 1775 1740 1805 ianuarii
1759 1783 1932 1805 aroccxxvn.

1186 1842 1223 1847 --
1244 1823 1332 1853 Card.
1357 1823 1542 1851 anffims
1565 1821 1765 1851 Baamznmns.
1785 1838 1822 1843 —-
1845 1821 1878 1851 P.
1897 1821 1931 1851 Α.

1188 1870 1428 1909 archiepiscopus
1450 1868 1598 1906 Larissae,
1623 1868 1812 1897 secretarius.

1234 1919 1248 1962 g
1273 1918 1305 1950 2.
1332 1918 1408 1950 Cum
1435 1922 1556 1955 autem,
1583 1916 1665 1949 sicut
1691 1916 1826 1949 dilectus
1850 1916 1935 1949 silius

1188 1973 1325 2005 loannes
1344 1971 1418 2003 Diaz
1437 1969 1696 2013 aConceptione,
1712 1980 1822 2007 sacrae
1841 1970 1935 2003 theo—

1188 2025 1294 2067 logiae
1315 2025 1417 2057 lector
1438 2034 1474 2056 ac
1500 2023 1634 2055 fratrum
1660 2023 1935 2056 Discalceatorum

1189 2079 1495 2111 etllecollectorum
1512 2076 1584 2109 dicti
1596 2075 1726 2108 Ordinis
1740 2076 1773 2108 in
1789 2076 1936 2109 Romana

1188 2130 1283 2163 Curia
1298 2135 1491 2173 procurator
1506 2128 1676 2170 generalis,
1688 2128 1781 2161 nobis
1796 2128 1935 2161 subinde

1190 2183 1308 2226 exponi
1328 2182 1414 2221 fecit,
1434 2182 1502 2224 ipse
1521 2182 1708 2224 praemissa,
1727 2191 1792 2224 quo
1812 2180 1936 2213 firmius

1189 2236 1370 2268 subsistant
1395 2240 1427 2267 et
1451 2240 1619 2267 serventur
1638 2234 1789 2273 exactius,
1811 2239 1937 2276 aposto-

1190 2290 1271 2322 licae
1301 2288 1557 2321 confirmationis
1590 2293 1720 2320 nostrae
1752 2287 1935 2330 patrocinio

1191 2341 1386 2375 communiri
1416 2350 1624 2383 summopere
1650 2340 1831 2372 desideret:
1863 2350 1933 2377 nos,

1191 2395 1368 2438 specialem
1390 2394 1452 2436 ipsi
1470 2393 1582 2425 Ioanni
1608 2392 1811 2435 procuratori
1836 2402 1936 2435 gene-

1191 2447 1251 2479 rali
1288 2446 1423 2489 gratiam
1460 2446 1565 2478 faeere
1602 2446 1764 2484 volentes,
1795 2454 1934 2486 eumque

1191 2511 1208 2531 a
1234 2499 1404 2541 quibusvis
1429 2497 1782 2535 excommunicationis,
1805 2506 1937 2539 suspen-

409 2551 486 2582 lium
524 2550 689 2582 decretum
726 2552 847 2584 tenoris
884 2552 938 2594 qui
975 2552 1146 2594 sequitur,
1190 2552 1291 2584 sionis
1330 2556 1361 2583 ct
1396 2550 1576 2589 interdicti,
1604 2550 1743 2592 aliisque
1778 2548 1932 2582 ecclesia-

409 2602 583 2635 videlicet:

1191 2604 1279 2637 sticis
1304 2603 1489 2643 sententiis,
1515 2603 1661 2635 censuris
1695 2607 1726 2635 et
1756 2602 1892 2645 poenis,
1920 2613 1936 2634 a

1930 224 1980 249 Au.
2001 225 2031 250 C.
2053 225 2118 252 ¹727

2006 284 2119 306 Deci-ctum

1934 310 2075 337 praedictum.

1993 1923 2130 1943 Confirmatio

1947 1950 2008 1970 relati
2024 1950 2112 1970 decreti.
