2170 3147
225 209 276 233 An.
297 206 326 233 c.
344 205 413 232 1727
460 195 525 229 5⁶20
1010 200 1194 225 BULLARlUM
1217 199 1375 224 Romnum

252 268 310 289 Laos
338 253 454 288 subm-S.
478 253 563 285 Petri
589 253 629 285 dc
654 251 780 285 Cusatis
806 251 950 293 aliasque
976 250 1016 283 ab
1049 251 1087 282 ea
1115 250 1169 282 de·
1210 253 1335 291 parato,
1359 248 1538 291 capitulum
1566 253 1597 281 et
1622 247 1770 281 canonici
1791 248 1956 290 praedicti

1963 199 2016 226 An.
2038 199 2067 226 C.
2083 199 2154 228 1727

228 299 262 315 tae
293 296 314 314 et
349 300 411 319 super

225 306 605 372 Efficossssssssssffiffipendemes
630 304 838 348 parochiales
865 303 1028 343 ecclesias,
1048 303 1081 335 in
1104 303 1166 336 vim

423 359 630 391 decretorum
656 357 794 390 Concilii
820 356 1016 395 Tridentini,
1037 366 1073 389 ae
1093 361 1168 388 tam-

422 422 519 455 quam
545 411 637 444 Sedis
659 409 870 453 Apostolicae
896 410 1073 452 delegatus,
1098 409 1169 441 visi-

423 465 513 496 tandi
531 464 592 496 sibi
607 468 795 506 competere
811 462 1062 506 praetendisset,
1081 462 1169 495 exhi-

421 517 490 550 bita
515 527 574 559 pro
600 521 691 559 parte
720 515 851 559 capituli
879 520 910 548 et
934 515 1168 548 canonicorum

422 570 640 612 praefatorum
676 568 761 600 dicta
792 568 908 600 cedula
932 567 1168 610 motusproprii

421 633 519 665 super
535 622 657 654 unione
675 625 706 653 et
722 620 990 664 incorporatione
1008 619 1168 652 eiusmodi

422 674 678 717 Congregationi
697 679 772 706 tunc
791 674 947 716 temporis
969 673 1093 716 pariter
1107 672 1168 705 exi-

422 728 576 760 stentium
609 727 640 760 S.
676 727 714 759 R.
749 727 784 759 E.
820 726 1033 759 cardinalium
1064 726 1166 768 ipsius

421 780 557 813 Concilii
582 780 813 823 interpretum,
840 785 872 812 et
889 779 1052 811 rationum
1071 778 1167 811 utrin-

422 844 487 876 que
514 833 728 866 deductarum
755 831 930 865 momentis
955 842 1014 874 per
1035 831 1167 864 eosdem

422 886 610 919 cardinales
636 892 762 918 mature
786 885 956 928 expensis,
983 884 1106 927 prodiit
1123 894 1168 917 re-

422 939 570 971 solutio:
596 938 671 971 Non
708 938 804 970 licere
839 938 989 981 praefato
1024 938 1168 980 episcopo

421 993 524 1025 dictas
560 991 769 1036 parochiales
814 991 962 1023 ecclesias
1002 994 1169 1034 [amquam

421 1045 536 1077 unitas
568 1048 639 1088 post
673 1044 850 1077 concilium
875 1043 1064 1086 praefatum
1092 1043 1170 1075 visi-

424 1103 501 1131 tare.
538 1098 749 1130 Postmodum
790 1108 891 1137 vero,
927 1107 1046 1139 nempe
1084 1106 1169 1128 anno

422 1161 584 1191 iiDeLxxi,
611 1161 685 1183 cum
710 1155 786 1182 tunc
811 1150 907 1182 etiam
936 1149 1079 1182 existens
1105 1149 1169 1192 epi-

423 1214 539 1246 scopus
572 1203 850 1243 Britonoriensis‚
889 1203 943 1245 qui
978 1203 1018 1235 ad
1050 1203 1168 1235 almam

425 1256 543 1290 Urbem
568 1261 713 1288 nostram
739 1255 853 1288 limina
869 1255 919 1288 Ss.
943 1256 1167 1298 apostolorum

426 1309 508 1341 Petri
535 1314 567 1341 et
592 1309 681 1341 Pauli
707 1308 870 1341 visitatum
888 1314 1033 1347 venerat,
1058 1318 1167 1340 coram

425 1363 539 1394 eadem
563 1362 826 1404 Congregatione
851 1362 1067 1394 cardinalium
1092 1362 1169 1394 licet

425 1415 587 1448 immerito
612 1420 813 1458 conquestus
838 1415 964 1455 suisset,
991 1415 1077 1458 quod
1097 1425 1169 1457 spo-

424 1469 502 1501 lium
540 1478 617 1501 suae
655 1468 841 1501 ordinariae
876 1468 1111 1500 iurisdictionis
1135 1467 1169 1500 in

425 1522 510 1554 dicto
537 1522 660 1564 oppido
686 1521 915 1564 Foripompilii
942 1526 974 1554 et
991 1521 1108 1554 Terrae
1129 1521 1169 1553 de

424 1575 580 1615 Meldola,
618 1585 702 1618 quae
734 1585 751 1606 a
781 1575 929 1617 praefato
966 1574 1169 1606 monasterio

424 1628 455 1661 S.
498 1628 607 1661 Rufini
649 1627 763 1660 itidem
805 1627 1015 1670 dependent,
1055 1636 1168 1669 passus

425 1681 550 1721 suisset,
570 1681 706 1723 ipsaque
719 1680 938 1722 Congregatio
956 1679 1170 1712 cardinalium

426 1734 532 1766 cidem
565 1735 720 1777 episcopo
752 1733 988 1766 Britonoriensi
1021 1733 1170 1765 mandas-

426 1793 475 1820 set
511 1793 547 1820 ut
582 1788 652 1820 iura
691 1798 776 1825 sua,
813 1786 917 1820 citatis
957 1786 1103 1829 capitulo
1139 1791 1171 1818 et

426 1841 594 1874 canonicis
620 1841 796 1884 praedictis
813 1866 820 1879 ,
853 1840 1051 1872 deduceret:
1078 1840 1170 1881 plura

426 1894 526 1926 dubia
549 1895 583 1927 in
609 1894 694 1926 dicta
719 1893 982 1936 Congregationc
1015 1893 1167 1925 cardina-

426 1948 515 1986 lium,
542 1953 582 1986 et,
608 1947 694 1980 inter
719 1947 800 1986 alia,
834 1957 872 1978 an
898 1946 1056 1989 praedicti
1082 1946 1170 1988 capi-

426 2001 532 2032 tulum
557 2005 589 2032 et
614 1999 764 2032 canonici
790 1999 914 2032 litteras
937 1999 1170 2031 dimissoriales

427 2053 582 2095 personis
608 2052 845 2085 iurisdictionis
873 2052 1018 2084 ciusdem
1044 2061 1172 2084 monas-

429 2107 501 2139 terii
527 2106 708 2139 concedere
735 2111 882 2148 possent,
910 2105 962 2137 die
986 2115 1030 2137 x11
1063 2104 1171 2137 martii

427 2169 579 2192 muetxxii
606 2159 769 2201 disputata
793 2158 897 2191 suere.
924 2157 1030 2200 Super
1055 2158 1173 2201 quibus

429 2214 519 2244 nulla
545 2213 687 2245 decisiva
711 2215 804 2254 capta
840 2211 1062 2251 resolutione,
1091 2211 1173 2243 eius-

429 2265 515 2297 modi
542 2275 638 2297 causa
671 2270 702 2297 et
736 2264 955 2297 controversia
979 2274 1038 2306 per
1062 2265 1172 2306 plures

430 2327 532 2349 annos
557 2317 658 2356 siluit,
683 2318 799 2356 donec,
826 2317 881 2349 illa
906 2319 1121 2359 reassumpta,
1138 2326 1174 2348 ac

430 2370 626 2411 pracsertim
662 2380 761 2412 super
792 2370 943 2402 facultate
969 2370 1171 2402 concedendi

432 2422 534 2454 dictas
555 2422 680 2454 litteras
699 2422 945 2461 dimissorialeS,
964 2422 1076 2454 cadem
1093 2422 1174 2455 Con-

433 2475 579 2517 gregatio
605 2475 817 2508 cardinalium
840 2475 1028 2518 (postquam
1050 2475 1102 2508 die
1122 2486 1173 2508 xx1

432 2527 568 2559 ianuarii
595 2537 749 2566 ninccxix,
781 2528 951 2570 proposito
976 2528 1036 2560 sibi
1063 2528 1172 2567 dubio,

432 2591 493 2619 an,
519 2580 645 2612 etiamsi
672 2585 835 2613 constaret
859 2581 898 2613 de
932 2580 1098 2613 territorio
1123 2591 1173 2613 se-

1212 301 1414 334 dimissorias
1434 301 1615 335 concedere
1636 306 1789 344 possent,
1805 300 1957 343 negative

1211 356 1447 398 responderat)
1473 355 1611 387 subinde
1636 355 1688 387 die
1711 364 1796 387 xxm
1826 353 1957 396 augusti

1211 417 1338 441 Moccxx
1375 407 1464 440 inter
1498 413 1608 441 cetera
1640 407 1836 450 rescripsit,
1869 407 1957 449 quod

1212 460 1311 493 iidem
1345 461 1524 503 capitulum
1559 466 1591 493 et
1627 459 1777 492 canonici
1810 459 1957 492 Romano

1212 513 1364 546 Pontifici
1396 524 1455 556 pro
1489 513 1673 546 obtinendo
1705 512 1836 545 indulto
1869 511 1958 544 litte-

1212 576 1264 598 ras
1283 565 1521 599 dimissoriales
1539 560 1728 608 praedictas
1752 563 1958 597 concedendi

1212 619 1450 661 supplicarent.
1488 618 1580 651 Unde
1615 617 1679 660 ipsi
1715 616 1819 650 felicis
1849 626 1958 649 recor-

1213 671 1354 704 dationis
1389 670 1583 704 Innocentio
1619 670 1679 703 ΡΡ.
1714 669 1783 702 XIII
1815 670 1957 712 praede=

1211 724 1334 757 cessori
1358 729 1470 757 nostro
1488 734 1605 766 preces
1624 727 1854 766 porrexerunt,
1876 733 1957 765 qua-

1212 782 1307 810 tenus
1332 777 1378 810 eis
1404 777 1565 810 eiusmodi
1593 776 1723 809 litteras
1756 775 1958 808 dimissoria-

1211 832 1259 864 les
1283 830 1350 863 suis
1376 830 1519 863 subditis
1544 834 1608 862 tam
1633 829 1763 862 ratione
1787 828 1820 861 S.
1847 828 1959 861 Rufilli

1212 893 1309 926 quam
1345 883 1394 915 Ss.
1429 882 1515 915 Petri
1552 883 1592 915 de
1628 881 1746 914 Cusato
1772 886 1804 914 et
1832 880 1957 914 Nazarii

1212 935 1490 969 monasteriorum
1523 935 1745 978 praefatorum
1776 934 1877 967 dandi
1901 944 1958 977 po-

1212 993 1364 1021 testatem
1390 988 1524 1021 faeeret.
1550 987 1639 1026 Quae
1656 992 1858 1021 memoratae
1874 985 1958 1019 Con-

1213 1041 1398 1084 gregationi
1435 1041 1653 1073 cardinalium
1683 1051 1744 1083 pro
1777 1045 1875 1080 voto,
1912 1039 1958 1072 ita

1213 1095 1300 1138 quod
1321 1094 1476 1127 instantia
1491 1099 1736 1137 proponeretur
1756 1093 1863 1126 citatis
1893 1093 1958 1135 epi-

1212 1148 1320 1190 scopis
1337 1148 1528 1191 praedictis,
1553 1148 1710 1181 remissae
1734 1147 1881 1180 suerunt.
1896 1146 1958 1179 Ubi

1212 1200 1264 1233 die
1289 1211 1365 1234 xxm
1390 1200 1468 1233 maii
1485 1210 1641 1234 mnccxxn
1661 1200 1835 1243 proposito
1852 1200 1957 1233 altero

1213 1254 1333 1294 dubio,
1366 1265 1444 1287 num
1475 1254 1711 1298 praestandum
1740 1254 1827 1287 foret
1850 1254 1960 1286 consi-

1211 1306 1291 1339 lium
1312 1317 1373 1350 pro
1395 1307 1610 1340 concessione
1636 1306 1795 1340 eiusmodi
1816 1306 1955 1347 indulti,

1212 1359 1354 1392 directa¹
1380 1360 1440 1392 suit
1465 1360 1636 1398 resolutio,
1654 1365 1685 1392 et
1705 1359 1903 1403 rescriptum
1923 1365 1958 1392 ut

1211 1417 1442 1455 expectaretur
1467 1414 1571 1446 exitus
1597 1422 1712 1445 causae
1736 1422 1836 1455 super
1862 1412 1958 1446 terri-

1212 1465 1298 1498 torio
1324 1471 1475 1508 separato
1505 1466 1681 1508 pendentis
1716 1465 1749 1497 in
1785 1475 1958 1498 causarum

1213 1519 1324 1560 palatii
1362 1519 1533 1562 apostolici
1570 1519 1756 1560 auditorio,
1788 1519 1827 1552 de
1863 1519 1956 1552 cuius

1212 1578 1286 1604 voto
1305 1572 1384 1605 alias
1410 1571 1699 1615 cognoscendam²
1724 1582 1795 1605 esse
1820 1582 1958 1605 censue-

1214 1631 1283 1665 rat;
1306 1631 1337 1658 et
1363 1626 1395 1658 in
1422 1626 1519 1657 huius
1546 1625 1699 1668 rescripti
1725 1625 1957 1658 executionem

1214 1678 1391 1721 capitulum
1418 1683 1449 1710 et
1473 1679 1625 1711 canonici
1651 1679 1801 1711 eamdem
1825 1688 1957 1711 causam

1214 1730 1246 1762 in
1284 1730 1372 1763 dieto
1410 1731 1574 1764 auditorio
1611 1731 1777 1773 prosecuti
1813 1736 1900 1764 sunt.
1931 1731 1957 1764 A

1213 1794 1298 1826 quo,
1326 1783 1450 1816 iuribus
1478 1784 1556 1816 hine
1580 1785 1656 1816 inde
1686 1784 1857 1824 deductis,
1883 1784 1957 1816 stri-

1214 1837 1290 1869 ctim
1321 1843 1353 1869 et
1388 1838 1538 1880 apprime
1564 1838 1735 1890 discussis,
1759 1837 1868 1870 favore
1904 1848 1958 1871 eo-

1214 1889 1361 1922 rumdem
1395 1889 1528 1932 capituli
1555 1896 1586 1922 et
1611 1890 1846 1922 canonicorum
1871 1890 1958 1923 deci-

1214 1953 1285 1974 sum
1321 1953 1357 1974 ac
1391 1944 1573 1976 resolutum
1609 1944 1689 1982 suit,
1727 1948 1880 1976 constare
1917 1944 1957 1976 de

1216 1995 1383 2028 territorio
1409 2002 1560 2038 separato
1586 1996 1618 2028 in
1644 1995 1730 2028 dicto
1756 1995 1958 2029 monasterio

1215 2048 1245 2080 S.
1262 2047 1384 2080 Rutilli.
1408 2048 1445 2080 Et
1463 2049 1581 2081 deinde
1603 2049 1768 2092 praefatus
1782 2049 1957 2092 episcopus

1216 2102 1474 2134 Britonoriensis
1501 2102 1685 2135 decisiones
1717 2112 1753 2134 ac
1785 2102 1960 2135 resolutio-

1216 2165 1274 2187 nes
1288 2155 1420 2188 Rotales
1445 2152 1631 2187 huiusmodi
1650 2155 1842 2197 acceptavit,
1861 2159 1894 2187 et
1909 2155 1958 2188 liti

1217 2218 1316 2251 super
1348 2208 1487 2241 articulo
1521 2208 1599 2240 dicti
1633 2207 1789 2241 territorii
1814 2208 1959 2251 separati

1217 2262 1323 2299 cessit,
1350 2261 1479 2304 ipsique
1505 2262 1634 2293 demum
1660 2261 1839 2304 capitulum
1860 2265 1892 2293 et
1909 2271 1960 2293 ca-

1217 2315 1326 2348 nonici
1353 2319 1541 2346 enarratum
1567 2319 1680 2345 votum
1705 2313 1744 2345 ab
1769 2314 1843 2356 ipso
1868 2313 1960 2347 audi-

1218 2367 1302 2400 torio
1328 2367 1471 2409 desuper
1495 2366 1643 2409 expediri
1668 2366 1896 2399 obtinuerunt.

1262 2422 1276 2464 ἓ
1297 2420 1328 2452 2.
1356 2419 1434 2453 Cum
1455 2425 1573 2458 autem,
1593 2419 1676 2452 sicut
1694 2419 1810 2452 eadem
1831 2419 1958 2461 exposi-

1254 2545 1263 2570 1
1287 2544 1401 2570 Videtur
1417 2543 1564 2576 legendum
1581 2543 1676 2569 dilala
1693 2544 1732 2575 (n.
1748 2542 1797 2574 T.).

1251 2589 1268 2614 ⁸2
1288 2588 1401 2614 Videtur
1420 2587 1566 2621 legendum
1586 2587 1813 2620 coqnoscendum
1829 2592 1869 2618 (τι.
1890 2586 1941 2618 Τ.),

2006 2422 2084 2442 Preces
2100 2421 2155 2441 eius—

1970 2449 2154 2474 denicapnulipro

1219 2473 1263 2506 tio
1289 2472 1524 2514 subiungebat,
1551 2472 1727 2515 capitulum
1754 2477 1786 2505 et
1809 2471 1958 2504 canonici
1971 2474 2154 2522 ffiffiffigefflw
