2170 3147
218 203 268 228 An.
288 199 403 227 cim
450 190 516 224 576

414 249 535 292 exponi
573 249 662 290 fecit,
689 250 765 283 licet
791 251 957 293 praefatae
996 250 1043 283 Pii
1069 260 1164 294 prae-

414 302 598 336 decessoris
632 304 762 337 litterae
796 304 829 337 in
868 305 966 348 plena
992 314 1029 337 ac
1065 303 1161 336 viridi

414 356 624 390 observantia
664 358 895 400 reperiantur,
943 357 1161 391 nibilominus

413 411 563 443 nonnulli
579 411 725 444 canonici
742 412 911 454 regulares
923 411 1052 444 Ordinis
1067 411 1162 444 Prae-

412 464 666 497 monstratensis
685 464 717 497 in
732 466 846 498 eadem
862 465 990 498 civitate
1005 466 1054 498 vel
1073 465 1163 498 dioe-

411 516 475 548 cesi
512 516 719 550 Olomucensi
750 519 983 557 consistentes,
1021 519 1080 550 sub
1106 518 1162 550 ob-

412 574 501 601 tentu
529 571 616 613 quod
644 571 831 614 praedictae
866 571 995 604 litterae
1021 571 1160 603 subinde

410 622 604 655 auctoritate
641 624 821 666 apostolica
846 623 1057 657 confirmatae
1094 633 1160 655 non

410 675 541 714 suerint,
561 676 621 720 ipsi
642 678 826 710 Alexandro
841 677 1058 710 Maximiliano
1072 687 1160 720 prae

411 729 594 762 cedentiatn
635 731 668 762 in
708 731 978 774 processionibus
1022 735 1054 763 et
1089 729 1159 762 aliis

410 782 534 815 actibus
567 783 606 816 de
639 784 944 828 sacto‘praeripere
982 794 1017 816 ac
1051 783 1159 825 dispu-

411 842 479 869 tare
520 838 684 878 nitantur;
718 839 823 871 dictus
860 849 935 872 vero
974 838 1159 870 Alexander

410 891 665 931 Maximilffinus,
691 894 824 926 easdem
850 893 994 931 litteras,
1022 902 1087 935 quo
1109 892 1158 923 su·-

410 945 493 978 mius
519 946 712 985 subsistant,
733 946 787 987 aci,
807 952 932 979 remoto
950 955 1157 989 quocumque

410 1004 583 1041 praetextu
600 999 802 1039 huiusmodi,
819 1006 989 1032 serventur
1003 999 1157 1037 exactius,

409 1052 611 1093 apostolicae
645 1052 905 1085 confirmationis
940 1058 1072 1085 nostrae
1104 1061 1158 1083 ro-

409 1106 489 1139 bore
515 1106 709 1139 communiri
736 1117 943 1149 summopere
970 1106 1154 1139 desideret:

261 1167 397 1188 Confirmant)
452 1159 467 1202 ἕ
491 1159 523 1192 3.
543 1159 620 1199 Nos,
640 1160 819 1203 specialem
845 1160 952 1193 eidem
971 1159 1156 1192 Alexandro

212 1196 626 1246 {Eligit}1⁰›‘1'1¹¹‘t¹⁷'fMaximitian0
667 1214 804 1255 gratiam
843 1214 949 1246 facere
987 1214 1154 1252 volentes,

409 1276 548 1309 eumque
561 1267 760 1309 aqnibusvis
781 1266 1130 1300 excommunicationis
1147 1293 1154 1306 ‚

408 1320 636 1362 suspensionis
663 1325 695 1353 et
720 1320 913 1360 interdicti,
941 1320 1080 1362 aliisque
1107 1330 1157 1351 ec—

409 1373 603 1406 clesiasticis
634 1374 814 1413 sententiis,
848 1374 997 1405 censuris
1024 1379 1057 1406 et
1081 1383 1155 1416 poe-

408 1426 485 1467 nis,
523 1438 541 1459 a
573 1427 644 1460 iure
681 1428 731 1459 vel
765 1427 806 1459 ab
843 1427 1004 1466 bomine,
1043 1427 1155 1470 quavis

407 1481 580 1514 occasione
617 1482 668 1513 vel
706 1483 802 1513 causa
842 1481 940 1519 latis,
973 1481 997 1512 si
1037 1481 1155 1523 quibus

407 1534 659 1577 quomodolibet
708 1534 886 1566 innodatus
937 1534 1069 1573 existit,
1115 1535 1153 1566 ad

408 1587 559 1620 effectum
591 1588 816 1630 praesentium
846 1588 1014 1620 dumtaxat
1040 1598 1156 1620 conse-

409 1642 598 1685 quendum,
628 1642 743 1673 barum
778 1640 863 1673 serie
889 1642 1099 1673 absolventes
1125 1647 1179 1692 et3

410 1695 597 1728 absolutum
637 1694 705 1727 sore
742 1700 943 1734 censentes,
985 1695 1153 1737 supplica-

410 1749 555 1781 tionibus
582 1750 652 1782 eius
678 1749 812 1781 nomine
838 1749 935 1781 nobis
967 1759 1067 1791 super
1093 1749 1157 1782 boc

408 1802 580 1835 humiliter
606 1802 769 1844 porrectis
794 1801 956 1841 inclinati,
980 1803 1159 1845 praeinser-

408 1861 455 1888 tas
482 1855 527 1887 Pii
554 1855 823 1898 praedecessoris
851 1850 976 1887 litteras
994 1883 1001 1896 ‚
1030 1866 1101 1888 cum
1128 1866 1159 1888 0-

407 1910 539 1941 ninibus
567 1915 599 1941 et
623 1909 762 1950 singulis
789 1909 822 1940 in
849 1908 895 1941 eis
916 1909 1088 1947 contentis,
1108 1919 1158 1941 au.

408 1963 556 1995 ctoritate
576 1963 768 2005 apostolica,
788 1967 899 1994 tenore
919 1963 1156 2005 praesentium,

407 2016 637 2049 confirmamus
665 2021 697 2048 et
722 2017 942 2058 approbamus
970 2026 1006 2048 ac
1024 2017 1157 2049 innova-

406 2079 488 2107 mus,
516 2069 647 2111 illisque
668 2069 867 2102 inviolabilis
887 2069 1087 2112 apostolicae
1107 2070 1157 2101 fir-

407 2123 529 2155 mitatis
556 2123 658 2155 robur
684 2123 867 2155 adiiciinus.

452 2177 466 2219 ξ
492 2176 522 2208 4.
548 2177 768 2209 Decernentes
795 2177 926 2209 casdem
965 2182 1154 2218 praesentes

408 2229 536 2261 litteras
557 2239 688 2272 semper
714 2228 838 2268 firmas,
865 2236 925 2261 cte.
942 2229 963 2262 ¹.

453 2283 467 2323 ᾗ
494 2282 525 2314 5.
552 2282 620 2315 Non
640 2283 845 2315 obstantibus
864 2283 1154 2315 constitutionibus

408 2340 440 2366 et
476 2335 739 2368 ordinationibus
778 2337 987 2379 apostolicis,
1025 2347 1153 2370 necnon

408 2388 561 2420 omnibus
586 2395 618 2421 et
643 2389 780 2430 singulis
808 2390 872 2422 illis
900 2400 982 2432 quae
1010 2390 1039 2421 in
1062 2400 1154 2432 prae-

408 2440 542 2472 insertis
569 2441 613 2472 Pii
641 2443 908 2483 praedecessoris
933 2442 1052 2475 litteris
1078 2453 1155 2475 con-

409 2504 500 2526 cessa
526 2500 599 2525 sunt
616 2504 680 2526 non
704 2496 845 2535 obstare,
868 2496 1054 2539 celerisque
1081 2507 1153 2529 con·

408 2546 516 2579 trariis
542 2547 818 2590 quibuscumque.

443 2609 456 2634 1
480 2608 516 2635 Ut
535 2616 619 2643 supra
639 2617 702 2643 pag.
723 2609 771 2635 471
796 2618 813 2635 a
833 2613 873 2643 (n.
889 2612 939 2644 τ.).

239 2181 364 2202 clausulam.

239 2287 396 2308 Contrariorum

212 2314 331 2339 derogatio.

1009 202 1193 226 BULLARIUM
1217 202 1374 228 ROMANUM

1963 209 2011 237 An.
2033 209 2062 237 C.
2078 211 2090 238 t

1252 251 1368 284 Datum
1381 252 1514 294 Romae,
1529 254 1615 297 apud
1629 254 1659 288 S.
1671 254 1814 295 Petrum,
1827 256 1888 289 sub
1902 266 1956 290 an-
2094 209 2145 240 τῇ

1207 306 1287 338 nulo
1317 305 1505 346 piscatoris,
1522 306 1574 339 die
1595 317 1646 341 xxi
1667 308 1747 340 iunii
1762 317 1949 349 unccxxvn,

1207 357 1418 402 pontificatus
1445 360 1550 392 nostri
1577 370 1664 394 anno
1689 371 1734 394 tv.

1242 420 1300 448 Dat.
1322 420 1365 448 die
1385 421 1416 448 21
1439 421 1507 448 iunii
1530 422 1613 453 ¹727,
1634 422 1729 456 pontif.
1751 431 1824 450 anno
1844 430 1882 450 iv.

1484 538 1683 572 CLXXXVII.

1208 608 1402 642 Conceditur
1424 610 1586 652 fratribus
1605 609 1793 642 Carmelitis
1808 611 1954 644 vicariae

1250 661 1459 698 Maranionis
1483 663 1520 694 in
1551 663 1721 703 Brasz‘lz'd,
1752 673 1774 696 a
1803 663 1954 706 yenerali

1251 714 1387 748 Ordinis
1431 715 1474 747 ad
1513 717 1743 758 magisterium
1784 717 1821 748 in
1859 717 1954 749 sacrd

1250 768 1411 811 theoloye?
1436 770 1615 812 promotis,
1642 774 1678 802 ut
1714 770 1859 802 lauream
1896 769 1953 802 do-

1247 826 1389 854 ctor-alus
1415 833 1435 854 a
1465 823 1589 855 vicario
1620 822 1822 866 provinciali
1852 822 1954 855 susci·

1246 885 1321 918 pere
1342 876 1470 919 possint
1484 874 1503 908 ¹.

1383 947 1569 974 Benedictus
1590 948 1671 980 Papa
1689 947 1769 979 xm.

1345 992 1382 1018 acl
1402 992 1538 1018 futuram
1558 992 1603 1018 rei
1623 992 1808 1019 memoriam.

1246 1054 1261 1097 ξ
1285 1053 1317 1086 1.
1345 1053 1470 1097 Exponi
1496 1054 1591 1086 nobis
1618 1064 1726 1097 nuper
1744 1054 1891 1086 fecerunt
1907 1054 2146 1114 di'„¹,}⁶g⁴?'²s⁵-⁰¹³-¹.¹›¹‘

1967 1099 1974 1113 l
1992 1099 2004 1113 u
2050 1099 2065 1112 lS
2080 1099 2113 1113 ΙΠΙΙ
2123 1099 2142 1114 l!

1202 1107 1276 1140 lecti
1310 1107 1366 1140 filii
1401 1107 1541 1140 vicarius
1577 1108 1790 1150 provincialis
1828 1108 2144 1151 aliiqueqtnbusdamauts

1203 1161 1320 1193 fratres
1346 1161 1486 1194 vicariae
1517 1161 1715 1193 Maranionis
1750 1160 1782 1192 in
1808 1146 2144 1198 B1·asiliailss¹⁵⁰‘i,¹l¹0vssss‘a¹li

1201 1215 1331 1247 Ordinis
1364 1215 1399 1247 B.
1432 1214 1548 1247 Mariae
1583 1214 1622 1246 de
1650 1214 1759 1247 Monte
1784 1204 2070 1255 Carmelo,⁰⁰¹¹⁰⁹⁵⁵³'

1202 1269 1288 1312 quod
1316 1268 1394 1301 alias
1413 1268 1607 1311 (postquam
1627 1268 1730 1301 felicis
1751 1268 1950 1301 recordatio-

1201 1321 1250 1353 nis
1276 1321 1426 1354 Urbanus
1452 1321 1511 1353 PP.
1539 1321 1603 1353 VIII
1628 1321 1865 1364 praedecessor
1894 1331 1950 1353 no-

1201 1382 1268 1407 ster
1293 1385 1353 1418 per
1378 1375 1534 1418 quasdam
1561 1385 1634 1407 suas
1661 1375 1693 1407 in
1719 1375 1818 1408 simili
1844 1375 1950 1408 forma

1200 1429 1312 1461 Brevis
1339 1429 1392 1462 die
1414 1439 1501 1461 xxvn
1518 1428 1648 1470 augusti
1673 1438 1817 1462 aincxxw
1854 1438 1951 1471 expe-

1200 1482 1282 1514 ditas
1297 1481 1422 1514 litteras
1441 1486 1649 1514 concesserat
1667 1481 1833 1524 quondam
1847 1480 1952 1513 Theo·

1201 1536 1280 1568 doro
1306 1535 1407 1568 Statio
1435 1540 1511 1567 tunc
1538 1535 1698 1577 temporis
1722 1535 1825 1578 priori
1852 1544 1951 1577 gene-

1200 1588 1257 1621 rali
1284 1600 1319 1621 ac
1344 1589 1589 1631 professoribus
1614 1589 1858 1632 provinciarum
1894 1588 1951 1621 Hi—

1200 1642 1334 1685 spaniae
1360 1648 1391 1674 et
1416 1642 1598 1675 lusitaniae
1624 1642 1773 1674 eiusdem
1799 1641 1948 1682 Ordinis,

1200 1701 1234 1727 ut
1259 1695 1297 1735 ii,
1326 1696 1381 1737 qui
1408 1696 1565 1728 absolutis
1599 1696 1732 1728 lecturis
1766 1701 1799 1728 et
1825 1696 1949 1728 exerci-

1202 1749 1381 1781 tationibus
1408 1749 1575 1781 litterariis
1608 1759 1668 1791 per
1701 1749 1868 1790 regularia
1892 1748 1949 1781 Or-

1203 1802 1287 1834 dinis
1315 1802 1503 1834 huiusmodi
1529 1801 1679 1833 instituta
1697 1802 1885 1844 requisitis,
1913 1812 1949 1834 ac

1202 1856 1338 1887 servatis
1371 1855 1450 1887 alias
1483 1855 1671 1894 servandis,
1698 1865 1758 1898 per
1795 1855 1948 1887 eumdem

1205 1910 1347 1952 priorem
1382 1909 1572 1950 generalem
1604 1908 1637 1940 in
1663 1910 1754 1940 sacra
1780 1908 1949 1951 theologia

1203 1962 1346 2004 magistri
1373 1962 1462 1993 iuxta
1499 1962 1567 1994 eius
1599 1962 1770 1994 facultates
1807 1962 1949 1995 instituti

1202 2022 1234 2048 et
1259 2015 1357 2048 creati
1397 2015 1551 2052 fuissent,
1578 2016 1722 2048 lauream
1759 2015 1948 2048 doctoratus

1202 2069 1232 2101 in
1273 2069 1414 2110 collegio
1449 2068 1480 2099 S.
1508 2068 1683 2100 'l'licresiae
1720 2068 1948 2101 Salmaticensi

1177 2117 1179 2148 ἶ
1201 2122 1373 2155 memorati
1398 2121 1527 2154 Ordinis
1552 2122 1592 2153 ad
1619 2122 1755 2153 sormam
1791 2122 1823 2153 in
1853 2131 1949 2165 prae-

1177 2172 1179 2178 ’
1200 2176 1270 2208 fatis
1297 2176 1413 2208 litteris
1434 2175 1670 2218 praescriptam
1692 2174 1859 2217 suscipere
1876 2184 1949 2217 pos-

1176 2236 1292 2276 'sent‚
1322 2239 1382 2261 nec
1407 2238 1467 2271 pro
1493 2231 1531 2260 ea
1563 2228 1772 2270 suscipienda
1806 2228 1947 2270 aliquam

1176 2281 1411 2327 iapprobatain
1438 2281 1537 2312 studii
1564 2280 1727 2322 generalis
1753 2280 1948 2314 universita-

1176 2331 1178 2342 ⁴
1201 2341 1263 2368 tem
1290 2335 1379 2366 adire
1407 2335 1621 2376 tenerentur)
1657 2333 1855 2366 recolendae
1880 2344 1947 2367 me-

1199 2389 1322 2421 moriae
1341 2387 1550 2420 Innocentius
1565 2386 1725 2419 ΡΡ.Χ1112
1739 2387 1836 2419 etiam
1854 2397 1946 2430 prae·

1238 2480 1244 2504 l
1269 2477 1372 2503 Similis
1392 2476 1507 2503 facultas
1528 2477 1561 2503 ab
1592 2476 1687 2503 eodem
1715 2476 1849 2503 Pontifice
1875 2475 1948 2503 sacta.

1198 2522 1248 2548 suit
1277 2522 1437 2557 provinciali
1471 2521 1628 2556 provinciae
1655 2521 1807 2556 Aragoniae
1835 2520 1943 2547 constit.

1199 2566 1264 2593 edit.
1288 2573 1414 2592 mcccxxv
1433 2565 1477 2592 die
1498 2565 1532 2592 30
1552 2565 1671 2600 augusti,
1694 2565 1788 2600 pontif.
1809 2570 1837 2590 11.

1234 2612 1249 2636 Ξ.)
1270 2610 1336 2637 Male
1357 2611 1424 2637 edit.
1447 2610 1526 2637 Μαίη.
1550 2610 1626 2644 legit.
1651 2609 1720 2636 VIII
1738 2611 1777 2643 (fl.
1799 2609 1850 2643 τ.).
