2170 3147
252 265 304 292 An.
320 265 349 290 c.
372 263 441 290 17226
486 254 551 288 34⁶2

276 593 398 615 tttausuiae.

276 2311 433 2331 Gonu-ariorum

248 2339 368 2360 «tummim,

444 313 546 345 forma
572 323 653 355 qnae
672 323 689 345 a
708 313 859 345 fratribus
878 318 909 346 et
927 313 1075 357 personis
1093 324 1187 355 prae-

444 366 538 398 dictis
563 372 781 409 peraguntur,
808 367 859 409 pie
886 377 921 399 ac
947 367 1062 399 devote
1089 377 1186 409 penes

443 419 557 451 fratres
572 419 647 451 dicti
663 418 967 463 Ordinis,privative
983 421 1089 464 quoad
1107 419 1185 452 alios

444 483 685 516 quoscumque,
713 480 871 517 peragent
910 479 941 506 et
978 474 1185 517 implebunt,

444 533 606 570 perpetuo
628 527 832 560 extendimus
859 533 890 560 et
907 528 1110 571 ampliamus.

490 579 504 622 ξ
529 579 561 612 6.
590 580 816 619 Decernentes,
843 587 1035 624 praesentes
1060 581 1186 614 litteras

445 638 574 666 nostras
599 633 698 676 inque
724 634 770 667 eis
792 640 944 667 contenta
964 644 1187 678 quaecumque

446 686 486 719 de
511 687 733 730 subreptionis
753 688 800 721 vel
823 688 1028 731 obreptionis
1048 694 1101 720 aut
1118 687 1188 720 nnl-

446 740 545 774 litatis
571 741 667 782 vitio,
690 742 738 775 vel
763 742 957 775 intentionis
980 748 1109 775 nostrae
1135 747 1188 774 aut.

447 804 657 838 quocumque
687 795 751 828 alio
777 795 903 828 defectu
930 796 1058 835 notari,
1084 796 1188 839 impu-

445 848 550 891 gnari,
568 848 748 889 invalidari,
767 849 806 882 ad
826 849 981 882 terminos
1003 849 1115 889 iuris¹,
1139 850 1187 882 vel

446 901 519 934 sacti
552 908 607 934 aut
641 903 761 945 gratiae
792 903 969 936 remedium
995 903 1184 946 impetrari,

445 965 505 988 nec
539 956 597 988 sub
627 956 794 999 quibusvis
829 956 983 989 similium
1016 957 1065 989 vel
1092 956 1186 989 dissi-

444 1008 568 1042 milium
602 1010 779 1052 gratiarum
806 1010 1091 1050 revocationibus,
1118 1020 1187 1042 sus-

444 1062 668 1105 pensionibus,
691 1063 950 1103 limitationibus,
971 1063 1187 1106 derogationi-

443 1115 516 1155 bus,
536 1122 590 1148 aut
606 1115 676 1148 aliis
702 1116 873 1149 contrariis
893 1116 1184 1159 dispositionibus,

443 1179 504 1213 per
521 1179 579 1201 nos
603 1170 653 1202 vel
679 1180 887 1202 successores
913 1175 1044 1202 nostros
1069 1169 1187 1202 Roma-

444 1232 505 1255 nos
535 1222 708 1255 Pontifices
743 1230 796 1255 aut
827 1223 943 1256 Sedem
969 1223 1185 1265 Apostolicam

443 1285 502 1318 pro
536 1281 683 1319 tempore
710 1276 823 1316 sactis,
859 1276 1094 1319 comprehendi
1120 1287 1185 1309 non

443 1339 557 1372 posse,
583 1325 814 1372 sed‘2'seriipei‘
838 1330 877 1362 ab
901 1330 965 1362 illis
988 1329 1110 1373 excipi,
1137 1335 1186 1369 et,

444 1383 571 1426 quoties
585 1384 660 1417 illae
680 1384 894 1423 emanabunt,
914 1385 1010 1417 toties
1026 1385 1058 1417 in
1077 1384 1187 1428 pristi-

443 1447 522 1470 num
550 1443 582 1470 et
605 1437 839 1471 validissimum
866 1443 982 1471 statum
1007 1438 1184 1479 restitutas,

443 1491 605 1535 repositas
639 1497 671 1524 et
702 1492 851 1535 plenarie
883 1492 1121 1535 reintegrataS,
1153 1503 1187 1525 ac

445 1545 484 1578 de
502 1555 587 1578 novo
612 1556 743 1588 semper
760 1556 949 1585 concessas,
969 1556 1005 1578 ac
1025 1552 1186 1589 perpetuo

443 1599 565 1632 validas
602 1605 633 1632 et
670 1599 818 1632 efficaces
857 1600 1019 1639 existere,
1045 1610 1188 1643 suosque

443 1653 611 1696 plenarios
654 1651 787 1685 effectus
826 1652 936 1685 sortiri
973 1657 1005 1685 et
1040 1651 1188 1686 obtinere

444 1704 578 1746 debere,
599 1706 713 1748 sicque
739 1712 770 1739 et
794 1716 861 1739 non
890 1706 985 1738 aliter
1010 1717 1069 1749 per
1094 1717 1190 1749 quos-

443 1770 580 1803 cumque
606 1759 732 1792 iudiccs
770 1759 956 1793 ordinarios
980 1760 1029 1792 vel
1060 1760 1190 1802 delega-

444 1819 507 1854 tos,
533 1813 646 1857 quavis
672 1814 865 1847 auctoritate
891 1814 1074 1857 fungentes,
1094 1815 1188 1848 etiam
1209 1832 1211 1861 3

444 1877 614 1900 causarum
640 1867 749 1911 palatii
773 1868 945 1911 apostolici
961 1868 1136 1909 auditores,
1154 1879 1189 1901 ac
1209 1888 1211 1908 ‚1

443 1920 475 1954 S.
503 1921 540 1954 R.
567 1920 602 1954 E.
631 1921 836 1962 cardinales,
877 1921 973 1955 ctiam
1011 1921 1050 1955 de
1087 1922 1210 1956 latere÷

443 1975 590 2018 legatos,
628 1975 849 2019 vicelegatos,
887 1976 1056 2019 dictaeque
1096 1975 1188 2009 Sedis

443 2029 604 2069 nuncios,
636 2028 772 2062 iudicari
813 2034 844 2061 et
881 2028 1008 2062 definiri
1044 2028 1186 2070 debere,

444 2085 476 2114 et
494 2081 654 2125 quidquid
674 2092 768 2115 secus
789 2092 889 2125 super
910 2082 961 2114 his
979 2093 996 2115 a
1014 2093 1187 2125 quoquam,

443 2135 555 2178 quavis
583 2135 798 2176 auctoritate,
835 2135 978 2169 scienter
1015 2137 1063 2169 vel
1096 2136 1189 2179 igno-

443 2193 575 2229 ranter,
602 2189 781 2231 contigerit
806 2188 975 2230 attentari,
1002 2189 1129 2222 irritum
1157 2195 1188 2223 et

444 2241 542 2275 inane
569 2243 785 2275 decernimus.

488 2296 503 2339 ἓ
529 2294 559 2328 7.
587 2295 658 2329 Non
683 2297 900 2337 obstantibus,
920 2302 1080 2340 quatenus
1107 2308 1188 2341 opus

445 2347 508 2388 sit,
533 2348 605 2391 piae
642 2349 819 2383 memoriae
845 2350 935 2383 Pauli
966 2350 1025 2383 ΡΡ.
1053 2351 1075 2382 V
1101 2351 1210 2393 simi-,

444 2401 520 2434 liter
545 2402 809 2445 praedecessoris
834 2403 938 2436 nostri
958 2403 1081 2447 super⁵³
1106 2415 1187 2438 non-

444 2455 608 2488 nullarum
651 2456 930 2500 indulgentiarum
979 2458 1187 2492 revocatione

481 2545 490 2570 1
516 2543 598 2570 Deest
613 2544 724 2576 reduci,
740 2548 791 2572 aut
805 2546 944 2573 adversus
959 2547 1010 2574 itta
1027 2547 1187 2582 quodcum-

444 2596 499 2625 que
513 2589 590 2615 iuris
607 2590 644 2621 (a.
661 2590 712 2623 T.).

479 2632 496 2659 2
515 2632 613 2659 Vocem
632 2633 681 2659 secl
701 2641 750 2660 nos
771 2632 896 2661 addimus
917 2636 956 2666 (n.
973 2636 1023 2670 T.).

478 2677 495 2707 3
515 2677 613 2705 Vocem
631 2686 720 2713 super
739 2686 788 2706 nos
808 2679 934 2707 addimus
954 2680 1059 2716 (ηπ),

1032 265 1211 288 BULLARIUM
1237 265 1391 289 ROMANUM

1980 268 2028 293 An.
2045 267 2074 294 C.
2099 267 2165 296 ¹726

1231 313 1295 347 sive
1322 314 1571 352 moderatione,
1596 315 1734 358 aliisque
1770 314 1974 348 constitutio·
2025 332 2027 334 ·

1233 367 1325 399 nibus
1359 374 1389 401 et
1421 369 1701 408 ordinationibus,
1728 379 1763 401 ac
1801 371 1911 401 nostra
1941 373 1974 402 et

1231 421 1449 454 Cancellariae
1485 422 1691 464 Apostolieae
1727 423 1837 463 regula
1864 422 1903 454 de
1928 422 1973 454 in-

1232 476 1408 518 dulgentiis
1442 487 1506 508 non
1533 476 1753 508 concedendis
1784 475 1826 507 ast
1851 475 1972 515 instar,

1232 530 1374 573 dictique
1400 530 1542 569 Ordinis,
1569 530 1664 563 etiam
1692 530 1882 569 iuramento,
1902 539 1974 562 con-

1232 583 1412 616 firmatione
1427 583 1616 627 apostolica,
1630 584 1678 616 vel
1694 583 1806 626 quavis
1825 581 1974 616 firmitate

1232 636 1293 669 alia
1309 637 1479 676 roboratis,
1492 637 1616 669 statutis
1629 642 1659 669 et
1672 635 1974 678 consuetudinibus,

1232 691 1414 734 ceterisque
1441 690 1612 723 contrariis
1637 690 1910 734 quibuscumque.

1276 744 1290 787 ᾖ
1315 743 1346 777 8.
1374 744 1459 777 Nulli
1486 754 1564 786 ergo
1590 743 1724 776 omnino
1750 743 1919 776 hominum
1939 742 1975 776 li-
2011 752 2100 784 sanctio
2117 760 2169 781 poa-

1232 802 1302 829 ceat
1325 797 1408 829 lianc
1429 797 1581 839 paginam
1602 802 1730 829 nostrae
1751 780 2049 837 absolutionis,⁰⁸¹¹⁵‘

1232 849 1508 890 confirmationis,
1536 849 1806 892 approbationis,
1844 849 1975 882 innova-

1233 903 1350 943 tionis,
1378 903 1509 936 roboris
1534 903 1761 943 adiiectionis,
1787 903 1973 936 defectuum

1231 957 1460 1000 suppletionis,
1479 957 1689 996 extensionis
1705 956 1928 1000 ampliationis
1943 961 1975 990 et

1232 1011 1354 1044 decreti
1377 1011 1564 1053 intringere,
1582 1012 1633 1044 vel
1651 1011 1679 1044 ei
1699 1021 1779 1044 ausu
1798 1010 1973 1044 temerario

1231 1065 1411 1105 contrairc·,
1441 1066 1467 1097 si
1496 1064 1567 1108 quis
1597 1071 1702 1098 autem
1729 1065 1791 1098 hoc
1816 1069 1973 1097 attentare

1231 1118 1505 1161 praesumpserit,
1537 1118 1798 1161 indignationem
1825 1117 1976 1161 omnipo-

1232 1169 1329 1201 tentis
1360 1169 1414 1202 Dei
1440 1180 1476 1202 ac
1508 1170 1677 1202 beatorum
1704 1169 1785 1202 Petri
1820 1174 1851 1202 ct
1884 1167 1973 1201 Pauli

1230 1224 1455 1266 apostolorum
1470 1223 1538 1255 eius
1556 1234 1589 1256 se
1604 1223 1731 1256 noverit
1753 1223 1970 1256 incursurum.

1275 1276 1389 1308 Datum
1416 1276 1545 1316 Romae,
1565 1276 1651 1319 apud
1673 1276 1703 1309 S.
1724 1276 1870 1317 Petrum,
1889 1286 1975 1309 anno

1231 1329 1467 1362 lncarnationis
1486 1329 1671 1362 dominicae
1689 1339 1861 1368 mcccxxw,
1885 1339 1902 1363 v
1918 1339 1975 1363 no-

1231 1394 1289 1416 nas
1314 1383 1457 1423 martias,
1480 1383 1690 1426 pontificatus
1712 1384 1817 1417 nostri
1834 1393 1919 1417 anno
1936 1393 1973 1418 11.

1266 1445 1326 1473 Dat.
1348 1445 1391 1472 die
1414 1447 1429 1473 3
1448 1445 1540 1472 martii
1562 1446 1642 1480 1726,
1661 1446 1759 1481 pontif.
1777 1453 1850 1473 anno
1871 1452 1902 1472 Π.

1551 1563 1654 1597 CXIX.

1231 1636 1444 1679 Praecipitnr
1478 1636 1622 1668 eoeecntio
1654 1634 1896 1668 constitutionis
1918 1634 1976 1668 In—

1275 1690 1418 1722 nocentia?
1441 1690 1533 1723 XIII
1554 1700 1613 1732 pro
1642 1688 1856 1722 ecclesiastica
1879 1688 1977 1721 disci-

1275 1742 1369 1785 ρίῖηᾶ
1404 1743 1440 1775 in
1471 1743 1581 1785 reynis
1613 1742 1877 1785 Hispaniarum,
1902 1751 1976 1774 cum

1276 1795 1449 1828 nonnullis
1475 1795 1741 1828 ordinationibus
1758 1793 1779 1828 ¹.

1416 1865 1599 1894 Benedictus
1621 1867 1702 1901 Papa
1719 1866 1803 1900 xm,

1343 1913 1379 1939 ad
1401 1915 1575 1946 perpetuam
1595 1912 1640 1939 rei
1660 1911 1846 1939 memoriam.

1276 1973 1451 2007 Pastoralis
1484 1973 1581 2007 officii
1615 1973 1803 2007 sollicitudo
1828 1984 1889 2006 nos
1918 1973 1975 2006 ad·
2010 1983 2133 2005 Exordium,

1232 2033 1344 2060 monet
1369 2027 1401 2060 in
1429 2027 1479 2060 liis
1505 2027 1693 2070 vigilantiae
1719 2033 1750 2060 et
1774 2027 1975 2061 auctoritatis

1232 2086 1361 2114 nostrae
1387 2086 1497 2124 partes
1523 2080 1667 2114 libenter
1685 2081 1910 2124 interponere,
1929 2086 1974 2124 ut,

1232 2145 1314 2178 quae
1351 2146 1369 2167 a
1402 2134 1558 2167 Romanis
1595 2133 1804 2168 Pontificibus
1836 2134 1975 2178 praede-

1232 2188 1417 2222 cessoribus
1442 2188 1562 2221 nostris
1598 2188 1637 2221 ad
1676 2187 1831 2221 dominici
1863 2188 1973 2231 gregis

1232 2243 1479 2285 animarumque
1514 2243 1653 2275 salutem
1690 2246 1721 2275 et
1757 2241 1975 2275 directionem

1232 2297 1365 2340 provide
1403 2296 1580 2329 constituta
1616 2295 1852 2339 reperiuntur,
1880 2305 1973 2329 suum

1230 2351 1417 2395 plenarium
1442 2349 1623 2383 sortiantur
1647 2348 1807 2382 effectum.

1275 2405 1289 2448 ἕ
1322 2403 1353 2437 l.
1393 2403 1470 2438 Cum
1507 2403 1616 2446 itaque
1653 2401 1895 2446 quamplurium
1932 2409 2166 2458 exsefflgsffiffiffig:

1230 2457 1477 2491 venerabilibus
1518 2456 1672 2489 fratribus
1712 2454 2053 2498 archiepiscopisnonis.

1230 2517 1262 2544 ct
1286 2510 1450 2555 episcopis
1470 2521 1649 2554 regnorum
1675 2509 1904 2553 Hispaniarum
1921 2508 1971 2543 lit-

1267 2593 1276 2618 1
1300 2591 1422 2618 Laudata
1438 2591 1547 2619 constit.
1565 2591 1608 2617 ed.
1625 2590 1675 2617 fuit
1690 2596 1824 2617 ›inccxxiu
1835 2611 1842 2622 ,
1863 2589 1907 2617 die
1922 2596 1970 2617 xm

1231 2636 1303 2669 maii,
1315 2636 1491 2672 pontif.11,et
1505 2635 1600 2662 abhoc
1615 2635 1691 2662 Pont.
1709 2636 1867 2662 confirmata
1882 2639 1970 2662 const.

1230 2681 1293 2709 edit.
1310 2686 1461 2716 necessu,
1478 2679 1521 2709 die
1535 2686 1598 2708 xsui
1613 2679 1792 2715 septembris,
1807 2679 1903 2715 pontit.
1920 2685 1939 2709 1.
