2170 3147
216 229 269 256 An.
289 228 316 256 c.
337 228 406 256 ¹726
451 218 517 251 [fl-'1-

413 276 532 309 mentis
557 275 825 320 praedecessoris
851 280 883 308 et
907 275 1000 308 Sedis
1024 276 1157 318 Aposto-

413 329 494 361 licae
521 329 635 361 humili
667 334 698 361 et
731 328 918 361 immediata
951 327 1156 360 subiectione

413 392 449 414 ac
475 382 609 424 speciali
628 382 835 424 protectione
857 381 1042 414 clericalem
1060 381 1156 413 vitam

414 435 533 468 ducere
554 435 790 477 decreverant),
804 435 936 468 illorum
957 435 986 467 in
1006 436 1042 468 ea
1063 439 1156 478 parte

412 488 707 532 supplicationibus
734 488 919 529 inclinatus,
946 489 1025 532 ipsis
1053 493 1084 521 et
1105 498 1156 520 eo-

412 552 484 574 rum
510 542 653 581 cuilibet,
679 548 724 582 ut,
751 543 1025 586 quandocm‘nque
1050 542 1155 575 visum

412 595 507 635 soret,
533 601 670 639 possent
694 596 755 628 tria
781 596 1006 629 substantialia
1025 595 1156 638 religio-

411 659 466 681 sae
491 649 586 688 vitae,
611 649 816 692 paupertatis
843 649 979 688 scilicet,
1000 647 1156 681 castitatis

411 706 443 735 et
459 702 667 736 obedientiae
692 708 766 736 vota
791 703 921 746 publice
943 701 1104 741 emittere,
1125 705 1157 733 et

410 755 444 788 in
464 755 613 788 manibus
632 756 866 799 cuiuscumque
887 754 1070 798 presbyteri
1088 764 1156 786 sae-

410 809 529 842 cularis
565 810 615 842 vel
651 808 793 842 cuiusvis
825 808 956 841 Ordinis
994 807 1155 850 regularis

411 863 602 895 solemniter
626 862 795 906 profiteri,
833 873 870 895 ae
908 862 968 894 sub
1001 861 1098 894 solito
1124 865 1156 893 et

410 916 577 949 communi
614 916 729 949 babitu
768 915 909 948 clericali
940 914 1066 958 subque
1100 924 1155 946 no-

410 970 498 1002 mine
526 975 557 1002 et
580 969 826 1013 nuncupatione
859 968 1060 1002 Clericorum
1093 967 1156 1000 Re-

411 1023 573 1066 gularium
599 1023 787 1055 huiusmodi
814 1022 844 1054 in
871 1021 1039 1054 communi
1065 1021 1154 1054 etde

410 1076 575 1110 communi
613 1076 759 1108 viventes
797 1075 830 1108 in
870 1075 950 1108 locis
991 1074 1154 1117 religiosis

410 1135 464 1162 aut
507 1129 751 1169 saecularibus,
788 1135 886 1172 prout
923 1128 969 1161 eis
1007 1128 1047 1160 ab
1090 1127 1154 1160 illis

409 1193 549 1226 quorum
590 1183 661 1215 loca
697 1183 770 1225 ipsa
809 1186 920 1214 essent
959 1191 1153 1214 concessum

410 1236 493 1269 soret
517 1246 572 1269 seu
609 1235 766 1278 expedire
792 1235 978 1274 videretur,
1014 1235 1072 1266 sub
1098 1236 1155 1266 sua

410 1295 443 1322 et
467 1289 571 1322 dictae
597 1288 691 1322 Sedis
728 1287 915 1321 immediata
947 1287 1154 1320 subiectione

410 1347 442 1376 et
467 1341 604 1386 speciali
630 1340 837 1384 protectione
876 1340 908 1372 in
941 1350 1039 1372 unum
1063 1339 1156 1372 habi-

412 1402 491 1436 tare,
512 1401 609 1438 atque
626 1405 662 1428 ex
685 1405 720 1428 se
739 1394 818 1438 ipsis
835 1394 922 1427 inter
944 1404 998 1427 eos
1016 1393 1154 1436 singulis

410 1449 504 1482 annis
529 1448 745 1493 superiorem,
776 1448 1003 1492 praepositum
1029 1458 1155 1481 nuncu-

409 1503 565 1546 pandum,
582 1502 715 1545 eligere,
731 1502 786 1545 qui
805 1512 910 1546 usque
925 1502 963 1534 ad
980 1501 1154 1535 triennium

410 1563 442 1590 et
465 1567 534 1590 non
559 1557 645 1589 ultra
662 1555 850 1589 confirmari
869 1561 989 1599 posset,
1009 1555 1155 1598 aliosque

411 1620 636 1654 quoscumque
662 1611 845 1643 saeculares
883 1609 1017 1643 clericos
1043 1609 1157 1652 quavis

411 1664 570 1708 dignitate
595 1665 770 1707 fulgentes,
795 1674 852 1697 seu
871 1663 980 1705 laicos,
1003 1663 1069 1707 qui,
1091 1663 1155 1697 Deo

410 1718 608 1761 inspirante,
637 1718 676 1751 ad
703 1717 891 1751 huiusmodi
925 1717 1012 1750 vitae
1036 1727 1158 1760 propo—

411 1770 509 1804 situm
544 1777 575 1804 et
612 1781 819 1804 communem
855 1770 984 1803 vivendi
1023 1769 1156 1802 modum

411 1834 483 1857 sese
513 1825 663 1857 conferre
689 1825 820 1863 vellent,
847 1824 1005 1867 recipere,
1028 1828 1059 1856 et
1083 1827 1159 1866 post

411 1888 531 1910 annum
557 1878 766 1921 probationis
792 1877 831 1910 ad
860 1878 955 1910 talem
983 1877 1080 1909 trium
1101 1887 1157 1909 vo-

412 1937 517 1965 torum
543 1931 782 1974 professionem
816 1930 848 1963 in
886 1930 1035 1963 manibus
1061 1940 1158 1973 supe-

412 1984 507 2018 rioris
534 1995 590 2017 seu
618 1984 797 2027 praepositi
824 1984 1036 2017 emittendam
1059 1988 1090 2016 et
1117 1983 1157 2016 ad

411 2049 619 2072 communem
648 2038 777 2071 vivendi
810 2038 942 2071 modum
967 2037 1156 2077 admittere,

410 2102 541 2125 necnon
567 2096 688 2124 statuta
717 2101 943 2135 quaecun‘ique
970 2097 1001 2123 et
1026 2091 1158 2124 ordina-

411 2144 517 2178 tiones
543 2155 579 2178 ac
605 2145 854 2178 constitutiones
882 2145 921 2177 de
946 2144 1098 2177 omnibus
1127 2149 1159 2176 et

412 2198 549 2240 singulis
587 2208 671 2241 quae
698 2197 736 2230 ad
763 2197 952 2230 huiusmodi
978 2197 1061 2230 vitae
1083 2208 1158 2240 pro—

411 2251 553 2294 positum
590 2251 776 2284 conducere
807 2261 979 2294 moresque
1006 2256 1038 2284 et
1063 2251 1157 2283 insti-

414 2310 518 2338 tutum
554 2305 693 2338 honeste
729 2310 761 2338 et
800 2305 918 2338 devote
959 2305 1158 2338 clericaliter

412 2358 539 2392 vivendi
558 2369 759 2392 concernere
777 2359 974 2399 viderentur,
997 2358 1035 2392 de
1051 2358 1158 2391 missis

412 2412 591 2455 praecipue
629 2417 660 2444 et
684 2412 754 2445 aliis
781 2412 899 2445 divinis
932 2412 1048 2445 officiis
1065 2439 1073 2452 ,
1100 2422 1158 2445 seu

413 2465 504 2497 horis
531 2464 720 2504 canonicis,
748 2470 848 2508 prout
883 2465 948 2498 illis
973 2465 1090 2498 melius
1116 2465 1159 2497 vi-

412 2517 558 2557 deretur,
592 2517 801 2550 celebrandis
827 2529 863 2551 ac
889 2518 1066 2552 recitandis
1084 2545 1091 2559 ,
1120 2518 1159 2551 li-

413 2569 477 2603 cita
495 2574 602 2603 tamen
625 2575 655 2602 et
681 2570 819 2603 honesta
841 2581 876 2603 ac
898 2571 1106 2604 rationabilia
1127 2576 1159 2604 ct

411 2622 505 2656 bonis
530 2623 675 2656 moribus
701 2634 736 2656 ae
761 2624 858 2656 sacris
889 2625 1070 2658 canonibus
1091 2635 1155 2658 non

993 225 1176 250 tintinnum
1199 225 1218 249 n
1224 225 1358 250 ouANUM

1202 275 1383 314 contraria,
1406 274 1511 309 faeere
1530 279 1562 308 et
1587 274 1706 316 edere,
1726 284 1762 308 ac
1781 283 1841 318 pro
1867 278 1945 308 tem-

1202 339 1281 371 pore
1301 328 1383 361 sacta
1403 334 1434 361 et
1452 329 1539 362 edita
1558 328 1733 371 corrigere,
1753 328 1943 369 reformare,

1203 387 1234 413 et
1258 382 1291 414 in
1316 388 1442 426 partem
1479 383 1527 416 vel
1564 383 1595 415 in
1630 388 1732 415 totum
1760 382 1943 422 immutare,

1202 445 1236 467 ae
1263 435 1302 467 de
1328 446 1412 469 novo
1448 435 1521 476 alia,
1554 441 1651 479 prout
1677 435 1831 478 expedire
1857 435 1946 467 vide—

1202 493 1312 528 retur,
1339 489 1511 522 instituere
1537 494 1568 521 ct
1593 489 1767 530 ordinare,
1793 499 1830 521 ac
1856 487 1944 520 iuxta

1200 540 1257 574 illa
1294 542 1421 581 vivere,
1448 553 1551 586 quae,
1578 547 1752 584 postquam
1790 541 1941 581 condita,

1201 595 1297 634 edita,
1324 596 1511 635 reformata,
1539 595 1699 635 instituta,
1723 594 1892 626 immutata
1912 597 1945 626 et

1200 647 1368 689 ordinata,
1395 659 1431 681 ae
1457 648 1602 691 praefato
1629 648 1784 681 Clementi
1810 647 1946 690 praede-

1201 701 1323 733 cessori
1350 711 1405 734 seu
1432 701 1680 734 successoribus
1701 701 1766 734 suis
1792 700 1944 734 Romanis

1200 753 1412 787 Pontificibus
1437 754 1583 787 exhibita
1609 755 1729 793 serent,
1750 753 1944 786 auctoritate

1200 806 1380 849 apostolica
1413 808 1594 850 approbata
1619 812 1651 840 et
1675 805 1868 840 confirmata
1894 816 1944 839 es—

1200 865 1271 892 sent
1297 865 1328 892 ct
1349 871 1420 893 esse
1440 867 1669 901 censerentur,
1690 865 1721 893 et
1738 866 1773 893 ut
1790 859 1942 893 omnibus

1200 918 1232 945 et
1257 913 1397 956 singulis
1424 914 1626 957 privilegiis,
1660 913 1942 957 exemptionibus,

1200 965 1483 1008 immunitatibus,
1520 966 1754 1010 indulgentiis,
1782 966 1944 1000 facultati-

1199 1021 1270 1060 bus,
1283 1020 1504 1061 libertatibus,
1518 1021 1777 1061 auctoritatibus,
1792 1019 1941 1059 indultis,

1200 1073 1379 1114 favoribus,
1399 1074 1669 1107 concessionibus
1694 1079 1726 1107 et
1745 1073 1858 1117 gratiis
1879 1073 1946 1117 spi-

1199 1127 1371 1160 ritualibus
1398 1132 1428 1161 et
1465 1128 1718 1171 temporalibus,
1744 1127 1861 1171 quibus
1886 1138 1945 1170 po-

1199 1181 1366 1213 tiebantur
1391 1186 1422 1214 et
1448 1181 1654 1224 gaudebant,
1674 1181 1777 1213 autin
1797 1180 1943 1214 futurum

1200 1234 1385 1276 potirentur
1422 1238 1452 1267 et
1488 1235 1671 1277 gauderent
1707 1233 1855 1267 canonici
1892 1244 1944 1267 re-

1200 1288 1331 1330 gulares
1373 1287 1647 1331 congregationis
1690 1287 1918 1321 Lateranensis
1934 1314 1941 1328 ,

1199 1351 1430 1384 personaeque
1457 1352 1493 1374 ac
1519 1342 1591 1374 loca
1617 1351 1742 1381 eorum,
1768 1340 1829 1385 ipsi
1864 1351 1944 1385 quo-

1199 1404 1262 1437 que
1288 1398 1320 1427 et
1356 1405 1467 1427 eorum
1504 1405 1665 1438 personae
1698 1406 1735 1428 ae
1766 1395 1839 1429 loca
1875 1395 1944 1438 uti,

1199 1447 1297 1490 potiri
1317 1452 1349 1480 et
1365 1448 1510 1491 gaudere
1535 1454 1684 1492 possent,
1703 1448 1747 1481 ita
1764 1454 1799 1481 ut
1815 1448 1945 1483 litterae

1200 1501 1402 1543 apostolieae
1442 1511 1542 1545 super
1577 1502 1699 1535 eisdem
1739 1501 1942 1545 privilegiis,

1200 1554 1482 1598 exemptionibus,
1509 1555 1787 1596 immunitatibus,
1813 1564 1945 1588 eonces-

1200 1607 1347 1641 sionibus
1380 1613 1413 1641 et
1447 1608 1579 1651 gratiis,
1617 1609 1741 1642 eisdem
1776 1608 1943 1642 concessis

1200 1662 1250 1694 vel
1276 1672 1337 1704 pro
1364 1667 1512 1705 tempore
1544 1662 1788 1703 concedendis,
1814 1661 1944 1695 mutatis

1201 1714 1367 1747 dumtaxat
1398 1714 1587 1747 nominibus
1613 1719 1645 1747 et
1669 1714 1943 1757 cognominibus,

1201 1767 1465 1800 invocationibus
1487 1774 1518 1801 et
1544 1768 1675 1808 diebus,
1702 1768 1741 1801 ad
1768 1778 1880 1801 eorum
1906 1768 1944 1801 li-

1201 1820 1302 1854 bitum
1329 1821 1476 1864 expediri
1512 1826 1666 1864 possent,
1693 1821 1833 1864 perinde
1857 1832 1893 1855 ac
1917 1821 1943 1855 si

1201 1875 1257 1908 illa
1284 1875 1394 1908 onmia
1420 1880 1450 1908 et
1475 1875 1627 1918 singula,
1655 1885 1721 1908 non
1750 1876 1857 1908 solum
1883 1886 1944 1919 per

1201 1929 1364 1962 clausulas
1404 1930 1601 1970 generales,
1640 1929 1695 1962 sed
1736 1939 1795 1972 per
1830 1939 1944 1963 eorum

1202 1980 1373 2015 tenorum*
1399 1982 1438 2015 de
1464 1983 1564 2016 verbo
1590 1983 1628 2016 ad
1653 1984 1785 2016 verbum
1817 1993 1945 2026 expres-

1202 2036 1326 2069 sionem
1345 2040 1376 2068 et
1393 2035 1610 2069 insertionem
1636 2036 1776 2070 fuissent
1792 2046 1946 2080 expressa

1202 2093 1233 2121 et
1259 2089 1305 2121 eis
1339 2089 1527 2132 specialiter
1561 2099 1727 2131 concessa,
1760 2099 1819 2133 per
1852 2099 1945 2133 quas-

1202 2143 1273 2175 dam
1289 2142 1317 2183 ²,

1246 2196 1283 2228 Et
1309 2195 1453 2229 deinde³
1478 2196 1554 2239 (pro
1580 2196 1692 2230 eadem
1716 2201 1811 2240 parte
1835 2196 1942 2230 eidem

1201 2249 1361 2282 Clementi
1383 2249 1634 2292 praedecessori
1665 2249 1761 2283 etiam
1794 2250 1943 2294 exposito

1202 2303 1289 2346 quod
1315 2302 1385 2346 ipse
1410 2302 1530 2336 Paulus
1563 2303 1821 2346 praedecessor,
1846 2308 1942 2345 tune,

1201 2361 1236 2389 ut
1260 2356 1471 2400 praefertur,
1500 2355 1533 2388 in
1564 2356 1748 2390 minoribus
1785 2356 1944 2390 constitu-

1203 2414 1262 2451 tus,
1284 2414 1317 2443 ct
1341 2409 1516 2442 Caietanus
1542 2420 1579 2443 ac
1604 2409 1684 2443 socii
1709 2409 1944 2453 Congregatio-

1238 2501 1248 2526 1
1272 2499 1344 2526 Edit.
1365 2499 1449 2527 Main.
1471 2499 1536 2535 legit
1556 2502 1685 2528 tenorem
1704 2500 1742 2534 (11.
1762 2499 1812 2533 Τ.).

1237 2544 1252 2570 ⁶2
1273 2544 1385 2579 Corrige
1405 2549 1431 2571 et
1451 2545 1548 2580 supple
1567 2552 1636 2580 quae
1656 2543 1763 2575 desunt,
1779 2546 1808 2570 ut
1823 2543 1941 2571 inmuni-

1201 2596 1260 2615 mus
1279 2597 1363 2624 supra
1383 2597 1445 2624 pag.
1469 2589 1519 2615 404
1539 2598 1573 2624 a,
1595 2592 1658 2616 nota
1680 2590 1689 2615 1
1714 2592 1739 2615 et
1758 2588 1775 2615 2
1795 2589 1834 2624 (a.
1855 2589 1904 2624 Τ.).

1235 2634 1252 2661 3
1267 2634 1319 2662 Pro
1335 2642 1393 2669 seq.
1411 2633 1547 2661 narrative.
1563 2633 1622 2661 vide
1638 2642 1699 2669 sup.
1716 2642 1744 2668 p.
1761 2633 1840 2660 404a
1851 2633 1940 2670 (uxr.)-

1949 225 2000 254 An.
2022 226 2052 255 C.
2069 227 2134 257 1726

1981 2204 2067 2225 Summa
2082 2202 2135 2225 alte·

1954 2231 1998 2252 rius
2033 2231 2135 2251 constitu-

1955 2258 2018 2278 tionis
2042 2257 2134 2278 Clemun·

1955 2285 1979 2304 tis
2009 2284 2045 2306 vu
2072 2288 2135 2310 prae-

1954 2311 1998 2333 sati.
