2170 3147
0 273 48 302 An.
68 273 96 300 C.
115 271 178 299 1727

764 271 957 296 BENEDICTUS
981 270 1036 295 xm
1062 272 1108 295 Pr.

191 320 323 353 cialatus
358 319 509 353 nimirum
528 348 535 360 ,
561 321 610 353 vel
647 321 835 363 prioratus,
874 326 929 353 aut

191 373 320 417 aliquod
347 384 472 412 eorum,
494 374 616 406 electus
642 374 752 413 fuerit,
781 374 927 416 dictaque

190 426 295 459 osticia
327 428 375 460 vel
410 427 541 470 aliquod
578 437 691 459 eorum
727 427 926 465 successive,

190 480 313 512 etiamsi
333 490 398 513 non
423 490 522 512 unum
549 490 681 523 semper
706 486 737 512 et
762 480 925 517 continuo,

189 533 245 565 sed
272 533 399 566 diversa
425 533 554 565 illorum
576 533 624 565 vel
643 533 737 576 plura
762 531 857 564 etiam
882 532 927 564 di-

189 596 284 618 verso
311 591 455 628 tempore
482 596 539 628 per
559 585 681 618 dictum
709 586 847 628 spatium
875 595 928 617 ex-

190 639 332 671 ercuerit
355 645 385 671 et
411 638 705 678 administraverit,
732 648 796 670 non
822 637 928 680 possit

190 690 222 723 in
260 691 402 734 capitulo
435 690 581 732 generali
614 690 808 733 propediem
833 689 927 730 {cele-

189 743 340 784 brando,
378 753 438 775 nec
477 743 616 775 subinde
655 752 714 785 per
750 741 926 774 triennium

188 796 375 829 immediate
410 796 631 839 subsequens,
659 796 698 828 ad
724 794 856 838 aliquod
891 804 926 827 ex

188 849 340 891 praefatis
367 848 481 881 officiis
519 848 617 891 eligi,
643 848 719 888 sed,
746 847 852 891 quoad
889 857 926 879 ea

189 903 298 935 omnia
333 908 364 935 et
399 902 527 944 singula
562 912 641 934 voce
678 901 804 945 passiva
840 900 925 933 dicto

190 960 336 999 tempore
361 959 487 994 eareat,
505 964 541 986 ac
566 954 630 987 Deo
657 960 688 987 et
705 954 829 986 animae
847 964 924 986 suae

188 1014 294 1049 vacet,
331 1009 364 1041 in
401 1013 567 1051 posterum
603 1018 701 1047 vero,
733 1006 787 1050 qui
819 1006 924 1050 spatio

188 1061 326 1094 duorum
365 1061 582 1104 capitulorum
617 1060 820 1102 generalium
855 1070 924 1092 suc-

187 1114 307 1147 cessive
345 1114 384 1146 ad
421 1113 567 1157 praefata
592 1112 697 1146 officia
731 1113 782 1145 vel
814 1123 924 1146 eorum

187 1167 318 1210 aliquod
346 1168 466 1200 electus
507 1166 623 1206 fuerit,
649 1166 680 1198 in
708 1166 803 1199 tertio
838 1167 925 1209 capi-

187 1220 254 1252 tulo
281 1220 447 1262 generali,
475 1230 510 1252 ac
535 1230 595 1262 per
618 1219 788 1251 biennium
814 1218 925 1251 imme-

185 1326 299 1359 ossiciis
325 1327 372 1359 vel
398 1327 528 1369 aliquod
554 1326 686 1359 illorum
708 1326 785 1368 eligi
811 1326 923 1369 possit,

187 1379 244 1411 sed
271 1389 349 1411 voce
375 1379 502 1422 passiva
529 1379 613 1412 dicto
641 1385 788 1422 tempore
818 1379 924 1422 quoad

187 1442 224 1464 ea
249 1431 359 1464 omnia
384 1437 504 1470 careat,
532 1442 567 1464 ac
584 1432 650 1464 Deo
670 1431 793 1474 pariter
811 1437 841 1463 et
858 1431 926 1463 ani-

187 1494 257 1516 mae
284 1494 361 1516 suae
387 1489 488 1516 vacet.
511 1484 731 1516 Decernentes
757 1494 870 1516 omnes
894 1489 926 1515 et

189 1536 347 1579 singulos,
367 1537 421 1579 qui
439 1535 544 1569 officia
562 1536 759 1577 huiusmodi,
783 1543 816 1568 ut
834 1546 925 1579 prae-

187 1589 301 1629 fertur,
318 1590 531 1630 exercuerint,
549 1590 587 1622 ad
604 1590 660 1623 illa
675 1591 725 1622 vel
744 1600 855 1622 eorum
872 1588 926 1621 ali-

188 1642 276 1686 quod
297 1649 410 1676 contra
432 1643 653 1686 praesentium
676 1648 822 1675 tenorem
840 1652 925 1675 asse-

189 1696 320 1737 quenda
345 1701 376 1728 et
400 1696 582 1728 exercenda
606 1695 770 1728 inhabiles
797 1706 869 1728 esse
895 1701 925 1728 et

188 1747 274 1788 sore;
293 1749 402 1791 sicque
424 1753 456 1781 et
475 1759 539 1781 non
566 1748 663 1781 aliter
681 1759 739 1791 per
755 1759 925 1791 quoscum-

189 1811 251 1843 que
278 1801 400 1833 iudices
420 1800 602 1833 ordinarios
627 1806 659 1833 et
683 1801 861 1843 delegatos,
882 1805 925 1833 et-

190 1853 251 1885 iam
273 1863 444 1886 causarum
472 1853 581 1896 palatii
607 1853 780 1896 apostolici
801 1852 925 1885 audito-

189 1915 252 1945 res,
268 1905 395 1938 sublata
412 1905 457 1938 eis
476 1911 508 1938 et
525 1916 636 1938 eorum
654 1906 791 1938 cuilibet
812 1906 924 1949 quavis

190 1958 286 1990 aliter
309 1958 473 1990 iudicandi
505 1965 536 1990 et
566 1958 803 2001 interpretandi
829 1959 926 1991 sacul-

191 2014 255 2042 tate
280 2015 311 2042 et
335 2011 548 2050 auctoritate,
580 2011 715 2043 iudicari
742 2016 773 2044 et
798 2010 924 2044 definiri

191 2061 326 2102 debere,
352 2073 389 2095 ac
413 2063 540 2095 irritum
577 2068 609 2095 et
644 2063 739 2096 inane
775 2064 801 2096 si
834 2075 926 2097 secus

191 2123 289 2156 super
312 2114 364 2147 his
390 2125 408 2147 a
432 2125 616 2157 quoquam,
643 2116 754 2158 quavis
787 2117 926 2149 auctori-

193 2171 267 2207 tate,
293 2167 435 2200 scienter
460 2169 508 2200 vel
527 2168 725 2211 ignoranter,
751 2169 927 2212 contigerit

190 2220 356 2253 attentari.
383 2221 570 2253 Mandantes
601 2227 772 2264 propterea
802 2222 835 2255 in
867 2223 927 2255 vir-

192 2278 259 2306 tute
283 2277 413 2306 sanctae
450 2273 678 2314 obedientiae,
702 2285 738 2307 ac
763 2276 823 2308 sub
848 2275 927 2308 indi·

971 330 1083 353 norem
1109 320 1250 363 eligere3
1278 320 1315 353 iis
1342 331 1431 361 vero,
1457 331 1537 364 quos
1563 321 1607 354 sic
1633 320 1709 363 eligi

971 373 1146 415 contigerit
1162 400 1169 413 ,
1197 373 1303 406 officia
1329 374 1494 417 praedicta
1519 380 1707 417 acceptare,

971 427 1018 458 vel
1045 426 1077 458 in
1096 427 1142 459 eis
1161 438 1295 470 quoquo
1321 429 1416 461 niodo
1438 439 1508 461 sese
1526 428 1709 460 immiscere

970 479 1110 511 audeant
1144 485 1175 512 et
1206 487 1427 523 praesumant.
1454 481 1523 513 Non
1557 480 1711 513 obstanti-

970 530 1030 563 bus
1068 533 1355 566 constitutionibus
1389 539 1421 566 et
1447 533 1709 567 ordinationibus

970 584 1168 626 apostolicis,
1189 596 1225 618 ac
1242 585 1370 619 Ordinis
1393 593 1423 620 et
1440 586 1709 629 Congregationis

970 637 1209 678 praefatorum,
1236 638 1330 671 etiam
1357 638 1560 679 iuramento,
1591 639 1710 672 contir-

969 689 1110 722 matione
1136 691 1336 732 apostolica,
1358 694 1406 726 vel
1434 693 1495 725 alia
1519 692 1629 735 quavis
1656 693 1710 725 fir-

969 742 1082 775 mitate
1113 744 1292 783 roboratis,
1326 746 1452 777 statutis
1479 751 1511 778 et
1539 751 1709 778 consuetu-

969 794 1118 835 dinibus,
1145 795 1325 839 privilegiis
1347 808 1490 840 quoque,
1517 797 1653 830 indultis
1679 804 1709 831 et

969 846 1085 880 litteris
1122 849 1311 891 apostolicis
1344 849 1454 882 Ordini
1477 855 1508 883 et
1528 850 1709 893 Congrega-

970 899 1048 932 tioni
1075 900 1277 942 huiusmodi,
1304 903 1503 945 illorumque
1530 903 1709 946 superiori-

968 952 1028 985 bus
1054 958 1085 985 et
1109 954 1273 996 personis,
1300 956 1359 988 sub
1386 956 1642 999 quibuscumque
1670 962 1709 989 te·

968 1006 1104 1038 neribus
1137 1012 1167 1039 et
1199 1006 1332 1048 formis,
1359 1019 1394 1040 ac
1431 1019 1502 1041 cum
1541 1009 1707 1051 quibusvis

969 1058 1063 1091 etiam
1081 1059 1361 1102 derogator-iarum
1384 1061 1608 1103 derogatoriis,
1627 1062 1709 1095 aliis-

969 1123 1032 1155 que
1051 1112 1302 1153 efficacioribus,
1320 1115 1553 1147 efficacissimis
1573 1121 1604 1148 et
1621 1116 1708 1149 inso*

969 1165 1032 1199 litis
1065 1167 1243 1208 clausulis,
1282 1179 1319 1201 ac
1354 1168 1555 1201 irritantibus
1581 1175 1611 1202 et
1636 1170 1707 1202 aliis

947 1219 1130 1259 idecretiS,
1166 1220 1198 1252 in
1234 1231 1353 1262 genere
1379 1222 1428 1254 vel
1455 1222 1487 1254 in
1513 1222 1644 1265 specie,
1672 1234 1707 1255 ac

188 1272 272 1305 diate
297 1273 508 1315 subsequens,
528 1273 565 1305 ad
587 1273 712 1305 nullum
739 1283 775 1304 ex
802 1272 925 1305 eisdem
947 1294 948 1313 ἢ

969 1272 1046 1304 alias
1072 1272 1103 1304 in
1130 1273 1329 1306 contrarium
1350 1275 1606 1317 praemissorum
1632 1286 1708 1319 quo-

947 1325 1150 1358 ¹niodolibet
1175 1326 1354 1366 concessis,
1385 1328 1582 1360 confirmatis
1610 1334 1641 1361 et
1666 1328 1706 1361 in-

969 1378 1119 1418 novatis3
1147 1379 1266 1421 quibus
1291 1380 1442 1412 omnibus
1480 1386 1511 1413 et
1548 1380 1705 1423 singulis,

969 1431 1092 1463 etiamsi
1129 1442 1188 1474 pro
1222 1431 1350 1465 illorum
1377 1433 1548 1466 sufficienti
1577 1435 1708 1477 deroga-

970 1483 1058 1516 tione
1085 1484 1123 1517 de
1149 1484 1213 1517 illis
1240 1494 1419 1529 eorumque
1445 1487 1519 1519 totis
1542 1488 1708 1520 tenoribus

969 1537 1130 1579 specialis,
1145 1537 1304 1580 specifica,
1320 1549 1473 1581 expressa
1487 1545 1518 1572 ct
1531 1539 1707 1579 individua,

968 1599 1003 1621 ac
1028 1589 1067 1622 de
1092 1589 1190 1622 verbo
1216 1591 1255 1623 ad
1277 1592 1420 1631 verbum,
1440 1603 1504 1624 non
1523 1598 1630 1625 auten]
1650 1603 1708 1635 per

968 1642 1128 1675 clausulas
1165 1645 1334 1686 generales
1359 1644 1444 1678 idem
1470 1646 1703 1688 importantes,

968 1695 1087 1728 mentio
1113 1706 1171 1728 seu
1196 1697 1329 1739 quaevis
1362 1698 1425 1730 alia
1461 1699 1627 1741 expressio
1656 1700 1707 1731 lia-

967 1748 1074 1781 benda
1110 1754 1163 1781 aut
1200 1750 1307 1792 aliqua
1344 1751 1503 1793 exquisita
1539 1752 1643 1784 forma
1669 1753 1707 1785 ad

969 1801 1029 1833 lioc
1054 1802 1210 1835 servanda
1237 1803 1335 1842 soret,
1356 1803 1489 1836 illorum
1511 1806 1657 1838 oninium
1677 1811 1707 1839 et

968 1854 1173 1896 singulorum
1213 1860 1342 1888 tenores
1385 1857 1612 1899 praesentibus
1649 1870 1707 1901 pro

967 1906 1066 1948 plene
1085 1912 1116 1938 et
1135 1906 1335 1941 sufficienter
1349 1909 1513 1951 expressis
1533 1910 1707 1951 babentes,

968 1959 1032 1992 illis
1055 1959 1133 1992 alias
1152 1960 1183 1992 in
1202 1970 1257 1993 suo
1277 1961 1394 1994 robore
1412 1963 1648 2005 permansuris,
1667 1964 1706 1997 ad

968 2013 1222 2054 praemissorum
1237 2012 1398 2054 effectum,
1422 2015 1481 2046 hac
1501 2015 1567 2049 vice
1584 2016 1707 2049 dumta-

968 2070 1039 2104 xat,
1065 2065 1252 2108 specialiter
1270 2072 1301 2098 et
1319 2077 1469 2110 expresse
1489 2069 1681 2111 derogamus
1697 2080 1703 2109 ;

969 2117 1148 2161 ceterisque
1174 2119 1348 2151 contrariis
1374 2120 1644 2165 quibuscumque.

1003 2179 1101 2206 Datum
1127 2181 1247 2215 Romae,
1268 2181 1338 2216 apud
1365 2182 1391 2208 S.
1418 2182 1531 2209 Mariam
1558 2183 1704 2218 Maiorem,

968 2223 1017 2249 sub
1037 2225 1137 2251 annulo
1157 2225 1304 2251 Piscatoris
1324 2225 1366 2252 die
1386 2233 1449 2253 xvm
1470 2227 1532 2254 maii
1553 2234 1704 2263 MDccxxxv,

968 2267 1139 2302 pontificatus
1159 2268 1245 2295 nostri
1266 2277 1338 2295 anno
1359 2277 1404 2296 x11.

1605 259 1669 295 613
1718 271 1766 297 An.
1790 270 1818 298 c.
1837 270 1902 298 1727

192 2326 354 2367 gnationis
379 2332 410 2358 et
431 2327 502 2359 aliis
538 2327 673 2360 arbitrio
709 2333 820 2361 nostro
846 2328 924 2360 inssi-

191 2377 305 2420 gendis
318 2379 444 2422 poenis,
458 2379 608 2412 omnibus
623 2385 653 2412 et
670 2380 805 2423 singulis
823 2381 926 2414 dictae

191 2430 460 2474 Congregationis
487 2432 639 2465 fratribus
655 2460 662 2473 ,
686 2434 724 2466 ad
750 2444 832 2477 quos
857 2445 928 2477 spe—

191 2489 255 2516 ctat
280 2489 311 2516 et
335 2494 393 2527 pro
419 2490 566 2528 tempore
591 2486 768 2528 spectabit,
792 2497 832 2519 ne
855 2497 924 2527 eos,

192 2537 247 2579 qui
272 2537 357 2570 dicta
373 2537 486 2577 officia,
506 2543 540 2570 ut
556 2539 746 2582 praefertur,
766 2541 927 2582 gesserint

192 2595 223 2621 et
247 2590 467 2630 exercuerint,
493 2591 532 2623 ad
558 2591 612 2624 illa
638 2592 676 2624 de
701 2602 785 2625 novo
815 2598 926 2626 contra

192 2643 377 2678 earumdem
402 2644 625 2687 praesentium
658 2645 791 2680 formam
824 2651 854 2679 et
884 2652 927 2680 te-

1012 2330 1026 2372 g
1053 2329 1083 2362 ΕΞ.
1112 2330 1188 2364 Cum
1214 2336 1336 2371 autem,
1354 2331 1435 2365 sicut
1456 2333 1592 2366 dilectus
1618 2334 1704 2368 filius
1744 2343 1902 2368 Cumanoru-

1717 2372 1782 2389 scntts
1797 2372 1900 2389 eonstitu-

970 2382 1105 2416 loannes
1132 2384 1265 2417 Iacobus
1290 2396 1308 2417 a
1331 2385 1362 2418 S.
1391 2386 1586 2427 Adalberto,
1620 2396 1900 2432 com-uvnisetmceu

969 2435 1133 2469 missarius
1158 2448 1194 2469 ac
1218 2443 1412 2480 procurator
1437 2440 1597 2481 generalis
1623 2427 1903 2474 Con-E‘r'ss'e'ffdiss‘rl'sff-

969 2489 1166 2532 gregationis
1184 2490 1293 2524 ltaliae
1312 2496 1344 2524 et
1360 2491 1550 2526 Germaniae
1563 2494 1706 2527 eiusdem
1717 2475 1802 2495 ''m''³‘

968 2541 1110 2583 Ordinis,
1138 2543 1230 2576 nobis
1256 2554 1359 2587 nuper
1383 2546 1498 2588 exponi
1525 2547 1617 2587 fecit,
1636 2558 1707 2580 suc-

968 2605 1059 2628 cessu
1086 2597 1243 2638 temporis
1270 2597 1401 2640 quidam
1427 2599 1562 2642 inquieti
1589 2605 1621 2632 et
1641 2612 1707 2633 am-

969 2647 1076 2681 bitiosi
1112 2649 1271 2692 religiosi,
1304 2661 1342 2683 eo
1368 2651 1442 2694 quia
1478 2652 1588 2686 forsan
1621 2654 1707 2696 quod
