2170 3147
201 159 250 184 An,
273 158 389 184 (21727

220 2532 230 2549 d

242 2506 283 2527 Qua

290 2505 403 2524 rdauiafia

235 2532 291 2550 wlff
310 2534 312 2543 ¹
333 2540 336 2548 v

220 2537 579 2586 W'zjsifs‘m‘riiTRomanus
618 2552 771 2595 Pontifex
810 2564 846 2587 ae
887 2555 983 2588 etiam
1025 2555 1157 2589 decreta

437 148 501 182 546

397 271 468 293 esse
495 260 767 304 praeservandam
795 271 810 292 a
837 259 984 302 qualibet
1008 257 1141 301 imposi-

398 314 487 346 tione
525 313 717 356 ampliorem
745 324 798 345 seu
826 312 1031 356 pinguiorem
1065 321 1142 343 con-

397 376 531 409 gruam,
560 366 738 408 quinimmo
772 377 808 397 ea
842 365 1073 398 confirmamus
1106 375 1142 397 ac

397 419 601 451 innovamus.
629 418 728 452 Porro
756 419 822 461 (ue,
850 429 886 451 ex
913 428 975 461 quo
1000 428 1060 461 per
1085 428 1142 450 no-

399 478 498 504 stram
527 471 794 504 constitutionem
821 471 1031 515 incipientem
1070 470 1143 504 Cre-

398 524 496 563 di'tae,
522 531 552 557 et
578 525 708 557 decreta
735 524 901 557 novissimi
928 523 1062 557 Concilii
1086 524 1143 556 Ro-

398 577 501 617 mani,
527 577 557 610 in
585 578 704 621 quibus
729 581 857 611 cautum
885 577 1004 619 legitur
1029 589 1045 609 a
1072 578 1142 610 taxa

399 631 562 664 seminarii
581 635 743 675 exemptos
760 641 824 664 esse
848 631 960 664 debere
976 630 1144 673 requtares

399 694 456 727 pro
482 685 523 716 iis
549 688 678 717 tantum
715 684 876 726 beneficiis
905 688 933 717 et
964 684 1142 727 fructibus,

399 747 538 781 quorum
563 737 690 769 ratione
721 738 799 780 ipsis
830 737 1018 780 Apostolica
1052 737 1144 770 Sedes

400 801 439 823 ex
455 791 552 823 causat
570 801 640 822 vere
660 794 688 823 et
703 791 836 834 proprie
850 791 983 823 oneres-ci
1004 790 1145 822 indulsit

400 848 436 876 ut
460 843 497 876 ab
522 853 614 876 onere
638 848 733 876 laxae
747 844 887 886 exempti
899 844 977 883 sint,
998 845 1064 876 ullo
1087 854 1146 875 un-

402 909 498 942 quam
533 904 680 941 tempore
717 898 748 929 in
787 898 963 930 discrimen
1001 897 1144 931 revocari

403 958 500 996 queat
537 951 740 995 amplissima
778 952 943 995 exemptio
970 952 1009 984 ab
1036 952 1146 984 huius-

403 1006 491 1040 modi
520 1008 611 1045 taxa,
637 1016 733 1048 quam
761 1005 930 1048 pi·aedieto
956 1005 1067 1038 Ordiui
1094 1006 1146 1037 im-

403 1060 541 1104 partitus
568 1059 626 1091 suit
651 1059 682 1092 S.
711 1059 785 1091 Pius
811 1059 833 1090 V
855 1059 885 1091 iu
905 1062 962 1091 sua
990 1060 1147 1092 constitu-

404 1114 493 1146 tione
528 1113 695 1146 Romanus
730 1112 902 1154 Pontifeaff,
938 1123 972 1144 ac
1009 1113 1040 1144 iu
1072 1112 1144 1146 alia.

403 1167 475 1202 Etsi
500 1166 775 1208 Mendicantiuni)
802 1166 886 1198 hanc
912 1166 1014 1209 ipsam
1038 1177 1147 1199 exem-

405 1221 569 1263 ptionem,
598 1218 793 1261 easdemque
820 1230 855 1251 ae
882 1219 960 1251 alias
981 1230 1147 1261 quascum-

405 1283 469 1316 que
489 1283 548 1316 per
566 1271 837 1316 praedecessores
856 1278 984 1305 nostros
1007 1272 1149 1315 desuper

406 1326 508 1359 editas
549 1324 798 1358 constitutiones
837 1330 869 1357 et
909 1325 1149 1358 declarationes

406 1389 559 1423 expresse
601 1378 831 1411 confirmamus
872 1384 904 1411 et
944 1379 1146 1411 innovamus.

406 1433 483 1465 Cum
510 1433 594 1465 enim
621 1437 820 1465 memoratus
845 1431 931 1465 Ordo
958 1432 1064 1465 varios
1083 1443 1149 1464 ma-

407 1486 524 1529 gistros
550 1492 580 1518 et
606 1485 755 1518 doctores
781 1490 923 1528 praestet
948 1496 983 1517 ac
1009 1486 1097 1519 alere
1120 1491 1147 1519 et

407 1541 613 1572 substentare
644 1544 816 1579 teneatur,
855 1549 894 1571 ea:
927 1549 1067 1583 quorum
1097 1539 1150 1572 do-

406 1594 514 1626 ctrinci
544 1594 661 1636 fratres
694 1592 832 1632 novitii,
861 1592 984 1625 eruditi
1012 1598 1151 1637 postmo-

407 1647 483 1680 dum
501 1646 611 1689 effecti,
631 1656 754 1689 yreyem
777 1644 979 1677 dominicum
998 1647 1067 1678 suis
1084 1657 1151 1679 con—

407 1701 502 1740 siliis,
529 1699 791 1743 confessionibus,
816 1699 1034 1739 orationibus,
1059 1700 1151 1732 aliis-

407 1765 469 1798 que
495 1753 679 1787 innumeris
701 1753 835 1796 pietatis
868 1753 1018 1796 operibus
1042 1754 1152 1786 iurent

408 1813 436 1841 et
460 1812 614 1852 pascant,
644 1806 857 1849 eiusdemque
883 1806 1012 1839 Ordinis
1039 1806 1152 1839 domus

408 1872 469 1894 non
497 1861 619 1900 minus,
640 1860 739 1892 inuno
766 1859 871 1903 magiis
888 1869 986 1902 quam
1010 1870 1046 1891 ea
1070 1870 1153 1903 quae

407 1924 464 1958 qm·
491 1913 684 1947 ordinarios
709 1917 815 1946 erecta
843 1916 940 1951 sunt,
973 1913 1152 1945 seminaria

408 1967 518 2000 vocari
532 1966 668 2010 possint,
682 1965 914 2009 aequissimum
929 1965 1055 1998 videtur
1081 1977 1151 1999 con-

411 2027 522 2054 ventus
549 2020 624 2053 dicti
650 2019 779 2053 Ordinis
813 2020 903 2052 nullo
933 2020 1030 2052 modo
1059 2031 1153 2063 prae-

410 2080 500 2107 terea
538 2073 639 2106 tavari
674 2083 769 2116 posse
807 2083 867 2115 pro
899 2072 1080 2105 seminariis
1113 2075 1152 2106 ab

410 2127 590 2160 Ordinariis
616 2126 731 2159 erectis
763 2127 812 2158 vel
846 2126 1026 2168 erigendis,
1055 2132 1151 2170 prout

412 2181 472 2213 hac
497 2182 609 2214 nostra
634 2186 795 2224 perpetuo
821 2179 959 2213 valitura
996 2180 1155 2212 coustitu-

411 2235 499 2267 tione
527 2235 747 2273 declaramus,
775 2233 980 2267 decernimus
1006 2239 1037 2266 et
1062 2245 1153 2266 man·

413 2288 540 2328 damus3
566 2287 662 2320 etiam
689 2287 824 2320 Concilii
851 2287 986 2320 Romani
1014 2287 1154 2321 decretis

414 2346 443 2372 et
481 2341 738 2384 quibuscumque
779 2341 851 2374 aliis
888 2341 917 2373 in
954 2341 1152 2374 contrarium

414 2394 662 2436 quomodolibet
702 2394 896 2428 facientibus
936 2395 1155 2439 quamplenis-

415 2446 494 2478 sime
522 2447 726 2488 derogantes.

459 2499 473 2541 ἓ
506 2499 557 2532 44.
598 2499 658 2532 Per
701 2506 844 2533 nostram
889 2501 1154 2535 constitutionem

980 156 1162 181 BULLARJUM
1187 156 1344 181 Romnum

395 207 565 247 ventibus,
599 208 622 239 si
656 217 738 250 quae
765 211 858 245 sunt,
887 205 1166 239 decernentibus*

1186 205 1348 238 novissimi
1386 206 1522 239 Romani
1559 206 1694 240 Concilii
1731 206 1928 240 iniunximus

1186 259 1340 302 parochis
1377 260 1565 293 solvendam
1603 270 1673 294 esse
1710 265 1856 304 quartam
1883 261 1930 293 su-

1187 312 1354 352 neralem,
1380 312 1413 344 in
1451 313 1540 345 Italia
1579 313 1728 346 nimirum
1755 318 1786 346 et
1811 313 1927 347 insulis

1186 364 1420 407 adiacentibus,
1441 365 1480 398 ab
1507 365 1658 399 omnibus
1677 371 1708 398 et
1724 365 1930 409 quibuscum-

1187 429 1249 461 que
1276 418 1484 461 regularibus
1518 429 1725 461 quocumque
1758 418 1929 462 privilegio

1187 470 1340 512 suffultis3
1367 476 1398 504 et
1423 471 1589 514 regulares
1617 470 1746 504 Ordinis
1772 471 1803 504 S.
1823 471 1931 504 Domi-

1189 524 1251 557 nici
1278 524 1448 567 utriusque
1487 534 1580 557 sexus
1618 524 1649 556 in
1690 524 1813 557 eisdem
1839 524 1931 558 ltalia

1188 582 1218 609 et
1244 577 1468 609 adiacentibus
1504 576 1617 609 insulis
1644 579 1845 616 reverenter,
1870 587 1931 620 pro

1188 632 1343 663 consueta
1369 630 1514 673 ipsorum
1541 641 1618 673 erga
1639 630 1858 673 Apostolicam
1878 630 1932 664 Se-

1189 685 1261 717 dem
1288 684 1487 723 obedientia,
1506 684 1711 727 dispositioni
1734 689 1880 724 nostrae,
1897 689 1932 716 ut

1189 737 1332 777 delient,
1357 737 1604 780 obsequuntur,
1630 744 1728 780 prout
1760 737 1857 770 etiam
1884 749 1932 771 vo·

1190 792 1296 823 tumus
1316 796 1345 823 et
1362 790 1550 823 mandamus
1572 791 1773 834 inposterum
1798 792 1930 830 servari,

1190 844 1232 876 ita
1266 843 1397 887 quidem
1435 848 1469 876 ut
1502 844 1670 886 regulares
1708 844 1867 887 praedicti
1902 844 1932 877 ei

1192 897 1437 938 tantummodo,
1463 897 1500 930 ad
1529 897 1619 930 euius
1646 898 1837 941 parochiam
1861 909 1933 942 spe-

1190 951 1290 983 ctabit
1315 950 1507 989 defunctus,
1534 950 1667 984 realiter
1707 962 1777 984 cum
1816 951 1934 985 effectu

1192 1010 1223 1037 et
1248 1004 1318 1036 siue
1355 1004 1420 1037 ulla
1454 1014 1587 1047 prorsus
1624 1005 1844 1038 controversia
1872 1011 1934 1038 tra-

1192 1058 1270 1091 dere
1297 1063 1470 1090 teneantur
1495 1067 1592 1090 unam
1627 1068 1664 1090 cx
1702 1064 1840 1101 quatuor
1865 1070 1936 1102 par-

1192 1111 1278 1143 tibus
1304 1111 1413 1154 (quam
1440 1111 1576 1155 proprio
1608 1111 1740 1145 nomine
1774 1111 1935 1152 Quartam

1192 1164 1442 1207 appellavimus)
1468 1165 1617 1197 omnium
1643 1165 1885 1198 inter-liciorum
1907 1169 1936 1199 et

1192 1218 1420 1258 candelarum,
1441 1218 1560 1261 quibus
1577 1218 1724 1262 defuncti
1744 1219 1881 1252 cadaver
1900 1221 1936 1252 in

1193 1271 1311 1303 itinere
1331 1271 1374 1303 ad
1394 1281 1504 1304 eorum
1524 1272 1688 1304 ecclesiam
1711 1273 1936 1306 tumulandum

1193 1325 1431 1364 associabitur,
1468 1335 1591 1357 necnon
1624 1326 1768 1358 onmium
1805 1327 1937 1359 intorti-

1193 1378 1317 1410 ciorum
1344 1382 1372 1410 et
1398 1377 1633 1418 candelarum,
1662 1390 1745 1422 quae
1770 1380 1805 1412 in
1830 1379 1937 1413 eadem

1194 1431 1324 1464 ecclesii?
1350 1431 1437 1464 circa
1463 1431 1610 1472 cadaver,
1639 1443 1693 1465 seu
1710 1434 1883 1472 feretrum,
1901 1445 1937 1466 uc

1195 1486 1295 1518 etiam*
1322 1485 1355 1518 in
1381 1485 1547 1518 altaribus
1584 1487 1619 1519 in
1647 1486 1698 1519 die
1729 1487 1854 1529 funeris
1886 1498 1938 1520 ac-

1195 1539 1383 1579 cendentur,
1410 1540 1544 1572 retentis
1571 1545 1677 1573 tamen
1703 1541 1762 1572 sibi
1792 1541 1937 1574 candelis

1197 1593 1390 1625 manualiter
1416 1602 1474 1635 per
1499 1593 1579 1625 viam
1612 1593 1748 1632 delatis,
1776 1596 1840 1626 una
1865 1605 1938 1626 cum

1197 1647 1349 1679 omnibus
1375 1645 1571 1686 intortioiis,
1608 1647 1771 1686 candelis,
1800 1648 1938 1691 aliisque

1197 1700 1235 1732 de
1263 1699 1378 1742 quibus
1417 1699 1448 1731 in
1487 1701 1522 1732 ea
1556 1700 1789 1733 constitutione
1816 1700 1938 1733 mentio

1197 1763 1348 1796 expressa
1375 1753 1455 1785 sacta
1480 1763 1545 1786 non
1584 1753 1663 1793 suit,
1700 1764 1782 1797 quae
1813 1755 1940 1797 regula·

1199 1807 1286 1839 ribus
1313 1816 1446 1849 prorsus
1472 1807 1586 1839 illaesa
1622 1813 1652 1840 et
1690 1808 1841 1841 inviolata
1867 1817 1940 1851 per-

1199 1865 1295 1903 petuo
1322 1869 1451 1892 manere
1478 1861 1659 1900 voluimus,
1678 1860 1881 1894 decrevimus
1903 1871 1940 1894 ac

1197 1913 1432 1946 mandavimus.
1473 1913 1531 1945 Ubi
1569 1924 1645 1946 vero
1676 1914 1783 1946 adsint
1807 1924 1942 1947 eonsue-

1199 1966 1329 1999 tudines
1347 1965 1489 2007 legitime
1509 1966 1675 2009 probatae,
1695 1967 1938 2006 conventiones.

1199 2019 1395 2053 concordiae
1435 2020 1483 2052 vel
1521 2024 1658 2061 statuta,
1685 2031 1766 2063 quae
1793 2020 1939 2064 parocho

1199 2073 1382 2116 portionem
1409 2075 1522 2116 quarta
1548 2074 1713 2116 praedicta
1734 2073 1939 2116 piuguiorem

1199 2126 1363 2169 assignet,
1401 2126 1486 2158 hanc
1522 2127 1694 2166 eamdem,
1735 2132 1830 2169 prout
1865 2131 1939 2159 ante

1199 2185 1343 2213 nostram
1376 2179 1578 2222 praedictam
1605 2180 1872 2213 constitutionem
1906 2191 1941 2213 ac

1199 2234 1295 2267 ctiam
1321 2232 1502 2266 Concilium
1539 2233 1740 2274 Romanum,
1768 2233 1844 2266 dare
1870 2244 1942 2277 per--

1199 2292 1276 2330 gant
1301 2292 1333 2319 et
1364 2291 1549 2319 teneantur.
1584 2285 1685 2324 Quum
1719 2297 1794 2319 vcro
1824 2287 1942 2319 mentis

1200 2346 1230 2374 et
1267 2339 1461 2373 intentionis
1502 2345 1634 2372 nostrae
1671 2339 1703 2372 in
1742 2341 1779 2372 ea
1814 2339 1942 2373 edenda

1200 2393 1434 2427 constitutione
1473 2393 1572 2426 suerit
1607 2393 1780 2426 consulere
1812 2392 1942 2435 quidem

1201 2446 1420 2490 parochorum
1446 2446 1669 2485 indemnitati,
1696 2445 1735 2478 ad
1762 2446 1823 2478 hoc
1850 2445 1942 2478 ninii-

1201 2511 1283 2541 rum,
1305 2505 1341 2533 ut
1366 2500 1405 2533 iis
1431 2500 1484 2543 qui
1512 2500 1604 2538 nihil,
1626 2500 1675 2533 vel
1701 2501 1813 2542 quarta
1835 2498 1941 2531 minus

1201 2554 1439 2597 1*›e1·‹5i1·iel)aiit,
1454 2554 1600 2586 eamdem
1618 2558 1762 2596 qiiartaui
1783 2552 1942 2595 consequi

1933 160 1985 186 An.
2007 160 2034 187 C.
2052 161 2118 190 1727

1938 221 2005 241 nei-ali
2016 226 2028 242 a
2037 222 2118 248 reguta-

1939 247 1997 267 ribus
2019 248 2120 271 solvenda

1938 273 2046 300 parochis.
