2170 3147
199 145 248 171 An.
264 144 293 171 C.
313 145 380 172 ¹726

425 138 490 172 430
972 151 1155 175 minimum

394 196 455 229 alia
481 197 667 237 roboratis,
705 197 832 230 statutis
867 203 897 231 et
931 200 1161 232 consuetudi-l

393 249 488 282 nibus
515 249 610 282 etiam
636 250 977 291 immemorabilibus,
1004 252 1136 295 privile·
1159 258 1160 290 ᾖ

394 302 454 344 giis
480 313 622 345 quoquc,
651 303 787 336 indultis
809 309 840 337 et
866 305 986 337 litteris
1013 311 1127 347 aposto
1158 319 1160 337 ς

393 355 465 387 licis
498 356 593 388 etiam
628 356 740 389 Ordini
767 362 797 389 et
822 357 1075 400 Congregationi
1102 368 1160 391 ac·

391 409 593 442 monasterio
630 415 661 441 et
692 410 871 453 provinciis
905 411 1059 454 praefatis
1081 417 1159 451 (ιο-ἰ

393 472 530 505 rumque
558 463 789 506 superioribus
822 469 854 497 et
887 465 1050 508 personiS,
1076 462 1159 497 subl

393 515 653 560 quibuscumque
691 517 867 551 verborum
906 519 1078 552 tenoribus
1105 524 1159 551 et:

392 568 521 609 formis,
561 580 597 603 ac
632 580 702 602 cum
729 570 895 613 quibusvis
921 571 1018 604 ctiam
1045 572 1136 605 dero-

392 622 589 664 gatoriarum
626 624 867 667 (lerogatoriis‚
904 625 1040 669 aliisque
1072 625 1137 658 effi-

392 674 605 715 caeioribus,
648 677 884 710 efficacissimis
922 689 958 711 ac
995 678 1136 711 insolitis

392 727 554 767 clausulis,
582 729 853 774 irritantibusque
879 737 908 764 et
930 731 1002 764 aliis
1029 732 1137 765 decre-

392 781 454 820 tis,
481 782 512 813 in
539 792 661 825 genere
699 784 748 816 vel
783 783 814 816 in
841 785 969 828 specie,
996 795 1031 817 ac
1056 785 1136 818 alias

391 833 423 866 in
450 837 650 869 contrarium
678 838 931 881 quomodolibet
955 839 1134 880 concessis,

391 890 585 932 approbatis
599 896 631 923 ct
645 891 824 933 innovatis3
845 893 963 936 quibus
983 894 1134 927 omnibus

391 946 423 974 et
447 942 608 986 singulis,
634 944 760 978 etiamsi
788 957 847 989 pro
880 946 1011 979 illorum
1049 947 1136 980 sufli-

390 995 490 1028 cicnti
527 997 739 1040 derogatione
778 1000 817 1032 de
855 999 920 1033 illis
954 1011 1135 1045 eorumque

391 1050 467 1082 totis
493 1051 663 1083 tenoribus
690 1052 863 1095 specialis,
892 1054 1062 1097 specifica,
1088 1066 1135 1087 ex·
1157 1069 1158 1073 ¹

389 1112 503 1146 pressa
540 1109 571 1136 et
607 1105 784 1147 individua,
811 1117 846 1139 ac
882 1108 922 1140 de
958 1108 1058 1141 verbo
1095 1109 1158 1141 ad³

392 1156 537 1197 verbum,
564 1167 627 1190 non
656 1165 763 1191 autem
801 1171 858 1203 per
895 1161 1060 1194 clausulas
1086 1172 1136 1204 ge-

389 1210 519 1242 nerales
544 1210 630 1243 idem
656 1212 891 1255 imlmrtantes,
917 1214 1041 1247 mentio
1079 1226 1134 1247 seu

390 1263 524 1306 quaevis
550 1265 612 1297 alia
638 1275 790 1309 expresso
821 1267 976 1300 habenda
1003 1273 1059 1300 aut
1083 1269 1136 1302 ali-

390 1326 451 1358 qua
477 1317 539 1350 alia
564 1319 722 1362 exquisita
742 1319 845 1353 forma
872 1321 911 1353 ad
932 1321 995 1355 hoc
1013 1332 1138 1355 servan-
1157 1332 1158 1337 ¹

390 1370 428 1403 da
467 1371 570 1411 foret,
599 1378 727 1406 tenores
760 1373 946 1408 huiusmodi
985 1386 1020 1408 ac
1045 1375 1069 1409 si
1097 1377 1158 1410 de*

391 1424 487 1457 verbo
512 1425 551 1458 ad
576 1426 722 1467 verbum,
748 1427 831 1461 nihil
858 1428 985 1471 penitus
1015 1429 1136 1463 omisso

390 1482 422 1510 et
447 1478 550 1511 forma
578 1480 606 1511 in
633 1480 696 1513 illis
723 1481 838 1514 tradita
864 1482 1061 1524 observata,
1085 1495 1137 1516 ex-

389 1530 611 1574 primerentur
636 1539 668 1567 ct
694 1534 927 1576 insererentur,
953 1538 1158 1580 praesenti·'

389 1584 450 1616 hus
477 1595 535 1628 pro
561 1587 657 1629 plene
684 1591 715 1619 et
740 1587 940 1621 sufficienter
972 1591 1134 1632 expressis

391 1642 422 1670 ct
457 1638 588 1672 insertis
626 1639 801 1681 habentes,
828 1641 890 1674 illis
917 1642 994 1675 alias
1020 1643 1050 1675 in
1078 1654 1135 1677 suo

390 1691 782 1736 robore.permansuris,
809 1694 847 1728 ad
879 1695 1135 1738 praemissorum

391 1744 550 1787 effectum,
570 1747 631 1780 hac
656 1747 723 1781 viee
750 1748 927 1789 dumtaxat,
948 1750 1136 1793 specialiter
1156 1769 1158 1786 i

392 1803 424 1831 et
442 1809 596 1843 expresse
623 1800 838 1844 deroganius;
860 1802 1044 1846 ceterisque
1063 1813 1135 1836 con-

392 1853 499 1885 trariis
526 1853 802 1898 quibuscumque.

436 1905 549 1939 Datum
584 1907 721 1948 Romae,
748 1908 831 1951 apud
862 1908 893 1941 S.
915 1908 1046 1942 Mariam
1072 1910 1134 1943 Ma·
1156 1910 1158 1927 ”

392 1959 514 1999 iorem,
555 1961 616 1993 sub
658 1962 779 1994 annulo
813 1961 1006 2003 piscatoris,
1034 1963 1086 1996 die
1113 1974 1135 1997 11

392 2013 586 2056 septembris
605 2023 777 2054 anccxxvt,
795 2015 1004 2058 pontificatus
1030 2017 1134 2049 nostri
1156 2024 1158 2053 1

392 2075 479 2099 anno
501 2075 551 2100 111.

429 2125 486 2153 fiat.
506 2127 551 2155 die
568 2128 583 2155 Ξ
601 2129 765 2163 septembris
783 2129 865 2163 1726,
884 2130 986 2164 pontif.
1006 2139 1079 2157 anno
1096 2137 1134 2157 111.

693 2264 833 2297 CXLYII.

393 2329 544 2374 Eriqitur
566 2332 696 2367 ecclesia
722 2334 920 2367 cathedralis
947 2335 1079 2368 Lucana
1102 2336 1136 2368 ia

438 2384 539 2417 sedem
566 2387 873 2431 archiepiscopalem
891 2389 909 2420 ¹.

431 2466 439 2490 t
465 2464 522 2491 Atia
543 2465 623 2492 huius
645 2466 779 2494 Pontificis
800 2472 888 2495 const.
920 2468 963 2495 ed.
994 2475 1133 2503 mcccxxv,

394 2509 437 2535 die
466 2515 509 2535 ,xvi
531 2509 596 2542 iulii,
619 2512 714 2545 pontis.
738 2518 766 2543 n,
787 2513 942 2539 confirmata
964 2513 1011 2539 fuit
1033 2514 1134 2541 erectio

394 2554 524 2581 ecclesiae
545 2555 651 2583 Setinae
673 2556 697 2581 in
712 2556 913 2592 cathedralerng
937 2562 961 2585 et
982 2563 1067 2586 const.
1090 2558 1134 2587 ed.

1181 151 1340 177 ROMANUM

1365 201 1545 230 Benedictus
1566 202 1741 236 episcopus,

1364 254 1478 283 'servus
1500 255 1656 274 servorum
1677 247 1738 280 Dei.

1305 293 1340 317 ad
1362 295 1538 324 perpetuam
1558 292 1603 318 rei
1624 293 1807 319 memoriam.

1226 360 1433 395 inscrutabili
1462 362 1590 395 divinae
1627 362 1854 405 providentiae
1880 373 1926 396 ar-

1181 424 1261 446 cano
1284 425 1382 457 super
1399 416 1533 458 specula
1554 415 1724 448 militantis
1742 415 1923 457 Ecclesiae,

1181 467 1306 500 meritis
1343 467 1420 500 licet
1457 468 1650 512 imparibus,
1678 469 1865 510 constituti,
1892 470 1926 504 il-

1181 521 1308 564 liusque
1335 522 1420 555 vices
1447 528 1598 564 gerentes
1617 522 1649 555 in
1668 524 1763 556 terris
1783 523 1836 567 qui
1855 524 1925 567 glo-

1182 574 1287 607 riosus
1315 582 1430 618 regnat
1456 576 1487 608 in
1515 576 1633 617 caelis,
1660 576 1692 610 in
1719 587 1830 610 omnes
1855 577 1924 620 agri

1182 627 1336 661 dominici
1377 634 1485 672 partes
1526 630 1639 663 oeulos
1679 636 1813 664 nostrae
1839 641 1926 663 men-

1182 681 1239 721 tis,
1266 682 1371 724 vigilis
1398 693 1488 715 more
1514 683 1676 726 pastoris,
1702 683 1925 724 intendimus,

1181 734 1394 777 inspicientes
1421 736 1508 778 quod
1531 736 1743 769 ecelesiarum
1764 736 1923 777 omnium,

1180 788 1374 830 pracsertim
1385 788 1623 822 cathedralium
1634 789 1811 833 insignium
1827 790 1924 823 statui

1181 846 1213 873 et
1239 841 1348 874 decori
1369 842 1508 876 maxime
1534 842 1714 882 conveniat,
1734 853 1874 886 cumque
1893 842 1923 876 id

1180 894 1279 927 etiam
1312 905 1371 938 per
1406 895 1546 939 aliquan]
1580 895 1663 929 tituli
1695 901 1727 929 et
1751 907 1926 939 praeroga-

1181 947 1264 980 tivae
1297 949 1535 991 specialitatem
1565 948 1634 982 fieri
1666 949 1828 982 nobilium
1852 959 1926 993 per-

1180 1011 1334 1034 sonarum
1349 1002 1459 1045 aliqua
1473 1003 1630 1045 dignitate
1644 1002 1838 1044 fulgentium
1852 1007 1925 1036 vota

1181 1060 1371 1097 exposcant,
1400 1061 1431 1088 et
1457 1066 1516 1089 nos
1542 1056 1581 1088 ad
1609 1056 1844 1099 omnipotentis
1868 1056 1924 1089 Dei

1180 1108 1315 1151 eiusque
1355 1109 1523 1151 genitricis
1565 1110 1598 1142 B.
1640 1109 1756 1142 Mariae
1796 1120 1926 1153 semper

1180 1161 1320 1204 virginis
1344 1162 1493 1204 gloriam,
1514 1163 1764 1206 animarumque
1789 1164 1925 1196 salutem

1180 1220 1212 1247 et
1237 1214 1380 1248 fidelium
1415 1216 1623 1259 disciplinam
1656 1217 1923 1257 confirmandam,

1180 1269 1432 1312 augendamque
1468 1269 1499 1302 in
1534 1270 1580 1303 eis
1611 1270 1819 1304 devotionem
1856 1280 1926 1314 per-

1180 1321 1285 1355 tinere
1311 1323 1557 1365 cognoscimus,
1583 1329 1618 1356 ut
1643 1334 1660 1356 a
1685 1323 1779 1357 nobis
1805 1323 1924 1366 gratias

1180 1381 1211 1407 ct
1237 1375 1364 1409 favores
1399 1382 1585 1421 reportasse
1618 1377 1789 1419 laetentur,
1814 1378 1847 1410 in
1873 1377 1925 1410 his

1181 1429 1413 1463 sollicitudinis
1428 1436 1559 1464 nostrae
1577 1436 1687 1474 partes
1701 1431 1925 1465 favorabiliter

1180 1481 1442 1526 interponimus,
1470 1494 1634 1527 opemque
1661 1490 1693 1517 et
1718 1495 1835 1528 operas
1870 1493 1925 1517 no-

1180 1541 1261 1568 stras
1279 1536 1498 1579 impendimus
1518 1537 1673 1577 efficaces,
1692 1543 1799 1581 prout,
1817 1547 1925 1581 perso-

1180 1599 1294 1621 narum
1311 1589 1456 1633 ipsarum
1474 1601 1509 1623 ac
1529 1591 1676 1623 locorum
1692 1596 1723 1623 et
1737 1595 1923 1633 temporum

1180 1641 1390 1684 qualitatibus
1406 1648 1436 1676 et
1450 1643 1535 1676 circu
1543 1643 1703 1676 instantiis
1715 1645 1839 1676 matura
1849 1653 1925 1677 con-

1180 1695 1380 1729 sideratione
1396 1697 1551 1739 pensatis,
1570 1696 1788 1741 conspicimus
1811 1696 1843 1730 in
1863 1697 1924 1730 Do-

1180 1748 1267 1781 mino
1294 1750 1468 1783 salubriter
1494 1751 1661 1794 expedire.

1225 1802 1239 1845 ξ
1264 1802 1295 1835 sl.
1318 1802 1409 1843 Sane,
1430 1813 1511 1843 cum,
1530 1804 1611 1836 sicut
1630 1804 1830 1848 accepimus,
1854 1814 1924 1848 per-

1180 1914 1209 1942 et
1241 1909 1340 1942 fertili
1368 1911 1439 1943 solo
1464 1910 1611 1943 Etruriae
1645 1911 1724 1951 sita,
1762 1910 1922 1944 nobilium

1180 1974 1283 2007 aeque
1311 1975 1344 1996 ac
1373 1963 1507 1996 divitum
1531 1964 1726 1997 familiarum
1745 1965 1923 2008 splendore

1155 2056 1158 2064 ,
1179 2017 1355 2061 conspicua
1381 2044 1387 2057 ,
1426 2018 1566 2061 inclytae
1604 2018 1700 2051 etiam
1737 2018 1922 2052 comitissae

1155 2065 1158 2108 ζ
1179 2070 1319 2104 Matildis
1355 2071 1394 2104 de
1431 2071 1575 2104 Roman-:t
1612 2071 1758 2105 Ecclesia
1791 2071 1923 2115 egregie

1156 2116 1158 2173 ξ
1179 2124 1314 2157 meritae
1340 2124 1469 2166 origine
1494 2125 1581 2158 clara
1601 2151 1608 2165 ,
1635 2124 1800 2157 moenium
1829 2135 1923 2168 prae-

1156 2177 1158 2219 ξ
1179 2177 1262 2210 sidio
1289 2177 1526 2217 munitissima,
1553 2177 1777 2211 aedificiorum
1802 2178 1923 2220 magni-

1156 2221 1158 2276 ς’
1179 2230 1307 2264 licentia
1325 2231 1474 2271 celebris,
1497 2236 1528 2264 et
1546 2232 1615 2265 sola
1633 2230 1665 2263 in
1685 2231 1815 2264 Etruria
1828 2241 1922 2274 prae-

1156 2285 1263 2317 *dicta
1290 2284 1492 2328 reipublicae
1524 2295 1560 2317 ac
1597 2290 1730 2318 strenue
1767 2285 1919 2318 defensae

1156 2326 1158 2365 ἶ
1179 2338 1339 2371 libertatis
1357 2337 1515 2379 dignitate
1530 2337 1667 2371 illustris
1685 2338 1804 2378 existit,
1823 2347 1921 2382 quae·

1179 2402 1242 2434 que
1264 2391 1368 2434 prima
1387 2392 1443 2424 suit
1462 2391 1494 2424 in
1516 2392 1629 2425 eadem
1647 2392 1773 2425 Etruria
1792 2391 1917 2432 civitas,

1155 2442 1158 2480 l

1156 2486 1157 2500 i
1178 2477 1341 2506 moccxxvtu,
1357 2471 1401 2499 die
1416 2480 1447 2498 xv
1468 2471 1636 2504 novembris,
1649 2471 1738 2506 pontif
1762 2480 1785 2505 v,
1807 2470 1920 2505 erigitur

1155 2506 1157 2540 l
1178 2516 1320 2550 collegiata
1341 2516 1367 2542 S.
1388 2515 1512 2543 Venantii
1532 2517 1557 2542 in
1579 2515 1779 2549 cathedralem,
1802 2519 1828 2543 et
1847 2518 1918 2542 terra

1156 2572 1157 2576 =
1177 2560 1304 2587 Fabi-iani
1325 2560 1351 2586 in
1372 2560 1518 2587 civitatem.

1935 155 1989 182 An.
2006 155 2119 186 &1726

1977 375 2026 395 lix-u
2034 376 2091 396 dium
2107 382 2119 397 a

1935 407 1987 422 cura
2028 408 2118 425 omnium

1936 429 2082 450 ecelesiarum.

1960 1814 2044 1836 Laudas
2065 1815 2117 1835 cirt-

1934 1843 1983 1861 taus
2005 1843 2026 1862 ot
2048 1841 2118 1862 ecclo-

1156 1895 1158 1899 γ
1179 1861 1304 1889 vetusta
1330 1856 1438 1888 civitas
1460 1857 1586 1889 Lucana
1606 1857 1703 1900 <quae
1728 1857 1758 1889 in
1783 1867 1922 1890 amoeno
1933 1868 1979 1889 stae
1994 1868 2103 1890 Lucanae.
