2170 3147
199 160 252 186 An.
269 161 297 186 c.
322 159 390 188 1726
435 151 501 184 7154

292 626 352 639 '‘w'‘
396 643 431 665 ac
456 633 591 676 praefati
629 634 760 667 loannis
798 635 913 668 Mariae
938 635 1052 668 attii-ua
1076 646 1135 669 vo-

395 210 542 250 nuncios,
559 210 679 243 aliosve
699 210 876 253 quoslibet,
897 210 1009 253 quavis
1033 216 1139 243 aucto·

395 262 491 295 ritate
519 268 550 295 et
576 268 736 305 potestate
760 263 945 305 fungentes,
967 264 999 295 in
1026 263 1139 307 quavis

395 318 491 347 causa
509 321 540 348 et
566 316 731 355 instantia,
760 316 886 348 sublata
909 316 954 349 eis
974 322 1005 349 et
1026 327 1137 349 corum

396 368 532 400 cuilibet
565 368 678 411 quavis
712 369 807 401 aliter
844 369 1034 409 iudicandI,
1063 369 1140 402 deti-

395 421 506 453 niendi
546 427 577 453 ct
609 421 850 465 interpretandi
871 422 1023 455 facultate
1039 428 1070 455 et
1087 433 1140 455 au-

395 473 558 513 ctoritate,
583 474 703 517 ubique
729 474 866 507 iudicari
889 480 920 508 et
941 475 1070 508 definiri
1091 475 1140 508 de·

395 526 495 565 bere,
516 527 653 568 irritum,
672 533 744 567 etc,
771 528 993 561 decernimus.

440 580 455 622 ἓ
480 579 534 613 30.
572 580 642 614 Non
679 581 884 614 obstantibus
924 582 1109 625 praemissis
1130 609 1136 623 ‚

395 686 520 719 luntate
542 687 738 727 huiusmodi,
760 699 887 722 necnon
914 689 1016 722 felicis
1035 699 1138 722 recor-

396 739 538 773 dationis
559 740 753 784 Svmmacbi,
777 741 897 782 Calisti,
931 742 1080 785 Gregorii
1100 743 1139 775 lx

396 798 428 825 et
452 793 529 833 XIII,
554 793 684 827 loannis
709 794 786 833 XXI,
813 794 987 828 Clementis
1012 795 1073 835 VH,
1093 795 1139 827 ln-

396 847 540 880 nocentii
566 847 603 880 Vt
630 853 660 880 et
683 848 752 887 ΥΙΙ,
782 848 870 882 Pauli
897 849 942 887 ll,
968 849 1006 881 ΙΙΙ
1033 855 1061 882 et
1089 850 1135 889 lv,

395 899 465 932 Iulii
493 900 588 932 etiam
614 900 664 940 ΙΙΙ,
693 900 736 933 Pii
764 901 915 934 similiter
936 902 971 934 lv
997 908 1028 935 et
1052 903 1084 944 Υ,
1104 913 1139 935 ac

395 951 473 984 Sixti
501 953 624 995 pariter
645 954 676 993 V,
697 959 727 986 et
751 954 890 987 aliorum
918 955 1138 988 Romanorum

396 1005 587 1039 Pontificum
606 1007 901 1050 praedecessorum
921 1014 1081 1050 nostrum,
1100 1010 1138 1042 de

395 1059 492 1092 rebus
523 1060 684 1093 Ecclesiae
722 1066 754 1093 et
789 1061 937 1094 Gamerae
972 1064 1138 1105 praefatae

395 1122 461 1145 non
488 1112 679 1152 alienandis,
707 1119 737 1146 ct
762 1114 844 1146 male
870 1114 1019 1148 alienans
1046 1126 1138 1149 recu-

396 1165 567 1207 perandis,
593 1165 774 1209 itidemque
808 1167 942 1209 praefati
969 1167 1015 1200 Pii
1042 1169 1078 1200 lv
1100 1169 1138 1202 de

396 1218 519 1259 gratiis,
539 1219 777 1262 qualecumque
792 1219 952 1253 interesse
969 1221 1073 1253 dietae
1088 1221 1139 1254 Ca-

396 1282 504 1304 merae
519 1272 803 1313 concernentibus,
821 1273 853 1305 in
873 1273 985 1307 eadem
1007 1273 1139 1309 Camerti

395 1324 481 1358 intra
506 1330 627 1358 certum
646 1325 725 1358 inibi
746 1327 982 1370 praescriptum
1009 1333 1138 1372 tempus

394 1379 644 1421 praesentandis
660 1385 691 1412 et
706 1380 933 1422 registrandis‚
949 1381 1030 1414 itaut
1049 1393 1139 1425 prae-

395 1437 503 1465 sentes
528 1432 560 1464 in
595 1434 632 1465 ea
662 1434 865 1476 praesentari
904 1440 935 1467 et
970 1436 1139 1477 regiStrari

395 1485 486 1518 nullo
520 1496 662 1528 unquam
700 1492 845 1530 tempore
879 1489 927 1520 vel
962 1489 1058 1521 modo
1086 1500 1141 1522 ne-

396 1548 486 1571 cesse
512 1539 563 1579 sit,
584 1550 714 1572 necnon
742 1540 780 1573 de
806 1541 877 1574 iure
904 1542 1053 1584 quaesito
1075 1553 1139 1575 non

397 1592 554 1631 tollendo,
574 1593 663 1625 etde
689 1603 754 1625 non
780 1593 1002 1627 concedendis
1027 1595 1138 1638 gratiis

395 1645 435 1678 ad
453 1645 562 1686 instar,
582 1656 618 1678 ac
636 1646 674 1679 de
697 1646 908 1689 exprimendo
927 1658 1002 1680 iero
1020 1649 1139 1689 valore,

396 1699 533 1742 aliisque
559 1699 681 1732 nostris
709 1705 740 1732 et
765 1699 984 1733 Cancellariae
1010 1707 1139 1736 nostrae

396 1752 603 1796 Apostolicae
621 1753 754 1795 regulis,
773 1764 808 1786 ac
834 1754 1034 1797 apostolicis,
1055 1761 1087 1788 et
1108 1756 1139 1788 in

397 1806 649 1846 universalibus,
667 1807 922 1850 provincialibus
949 1813 979 1840 et
1000 1809 1139 1852 synoda-

397 1859 483 1892 libus
503 1860 650 1892 conciliis
672 1861 778 1900 editis,
798 1861 998 1904 specialibus
1017 1863 1067 1895 vel
1086 1873 1139 1905 ge-

397 1913 573 1954 neralibus,
590 1913 880 1947 constitutionibus
907 1920 938 1947 et
964 1916 1141 1948 ordinatio-

397 1965 504 2006 nibus,
524 1977 560 1999 ac
586 1966 691 2007 Urbis,
711 1966 876 2007 Gamerae,
898 1968 1140 2012 archiliospita—

397 2019 449 2060 lis,
471 2026 500 2053 et
519 2031 798 2064 quorumcumque
820 2022 969 2065 superius
988 2023 1139 2066 explicite

398 2074 640 2108 nominatorum
668 2081 699 2108 et
732 2076 1044 2119 comprehensorum
1072 2077 1140 2120 qui-

396 2127 515 2167 busvis,
541 2128 636 2161 etiam
664 2128 866 2169 iuramento,
889 2130 1139 2163 confirmatione

398 2181 587 2223 apostolica,
608 2183 657 2215 vel
684 2182 796 2225 quavis
822 2182 976 2215 firmitate
1002 2182 1065 2215 alia
1089 2193 1141 2216 ro—

398 2234 532 2275 boratis,
553 2236 690 2275 statutis,
705 2236 831 2276 usibus,
847 2236 935 2279 stylis
956 2241 987 2268 ct
1003 2246 1140 2269 cousue-

401 2287 589 2329 tudinibus,
624 2288 802 2331 privilegiis
841 2299 970 2332 quoquc
1006 2289 1139 2322 indultis

401 2345 430 2371 ct
450 2340 563 2372 litteris
583 2341 781 2384 apostolicis,
804 2342 862 2374 sub
884 2342 1139 2386 quibuscumque

398 2391 573 2425 verborum
613 2394 780 2426 tenoribus
818 2400 849 2427 et
879 2395 990 2427 t'orn‘tis
1010 2422 1017 2436 ,
1046 2395 1139 2428 etiam

400 2451 488 2478 motu
517 2452 548 2477 ct
574 2447 742 2488 potestatis
768 2448 972 2491 plenitudine
997 2450 1138 2492 paribus,

400 2498 498 2531 etiam
524 2499 803 2539 consistorialiter,
821 2512 856 2533 ac
877 2502 971 2534 etiam
998 2513 1058 2545 per
1078 2514 1141 2536 mo-

401 2553 474 2585 dum
502 2552 609 2583 statuti
649 2554 799 2595 perpetui
826 2566 860 2586 at·
889 2555 956 2587 initi
984 2562 1015 2587 ct
1040 2556 1140 2599 stipu-

1002 160 1184 185 BULLARIUM
1208 160 1364 186 ROMANUM

1183 211 1284 252 pulati
1300 215 1494 252 contractus,
1514 216 1632 245 etcum
1648 211 1815 255 quibusvis
1829 212 1925 245 etiam

1185 264 1464 312 derogatoriarum
1503 265 1745 307 derogatoriis,
1786 265 1926 308 aliisque

1185 316 1441 358 efficacioribus,
1470 318 1702 352 efficacissimis
1727 324 1759 351 et
1783 318 1924 352 insolitis

1185 370 1338 403 clausulis
1372 376 1403 404 et
1429 371 1587 411 decretis,
1614 371 1645 404 in
1671 382 1791 414 genere
1819 372 1866 404 vel
1893 371 1925 404 in

1184 423 1303 466 specie,
1325 429 1357 456 et
1381 424 1418 457 ad
1446 424 1633 468 quorumvis
1659 424 1855 464 instantiam,
1874 425 1924 457 vel

1185 476 1264 509 alias
1298 478 1548 520 quomodolibet
1583 478 1615 510 in
1648 478 1848 511 contrarium
1873 488 1927 511 co-

1184 530 1332 563 rumdem
1359 531 1611 573 praemissorum
1631 530 1804 571 concessis,
1823 541 1860 564 ac
1880 536 1927 564 et-

1185 581 1247 614 iam
1273 583 1398 625 pluries
1424 583 1618 626 approbatis,
1646 582 1855 624 confirmatis,
1872 584 1928 617 ite-

1186 635 1262 667 ratis
1297 640 1328 668 et
1361 635 1539 677 innovatis;
1567 636 1685 679 quibus
1723 636 1870 669 omnibus
1895 642 1928 669 et

1185 687 1330 730 singulis,
1360 687 1482 721 etiamsi
1510 699 1570 731 pro
1596 688 1726 721 illorum
1753 688 1926 722 sufficienti

1185 740 1400 783 derogatione
1427 741 1465 773 de
1491 741 1555 774 illis
1585 752 1762 785 eorumque
1788 742 1864 775 totis
1884 747 1928 775 te—

1184 793 1319 827 noribus
1346 794 1506 838 specialis,
1532 794 1708 838 specifica,
1735 795 1924 836 individua,

1185 858 1220 879 ac
1241 847 1280 880 de
1298 849 1399 881 verbo
1426 848 1463 882 ad
1490 849 1635 888 verbum,
1655 860 1720 882 non
1742 855 1849 883 autem
1867 860 1928 893 per

1184 901 1349 933 clausulas
1382 901 1552 944 generales
1577 902 1663 935 idem
1690 902 1903 947 importantes
1919 929 1926 943 ,

1184 954 1307 986 mentio
1333 965 1388 987 seu
1415 954 1547 998 quaevis
1579 955 1642 988 alia
1667 955 1835 998 expressio
1869 955 1927 988 lia-

1182 1007 1291 1040 benda
1323 1012 1379 1041 aut
1415 1019 1641 1052 quaecumque
1675 1009 1738 1042 alia
1768 1009 1927 1052 exquisita

1184 1061 1288 1093 forma
1312 1061 1350 1093 ad
1377 1061 1441 1094 boc
1477 1062 1634 1095 servanda
1663 1062 1767 1103 soret,
1792 1062 1924 1095 illorum

1185 1115 1331 1147 omnium
1350 1120 1381 1148 ct
1401 1114 1603 1157 singulorum
1630 1122 1770 1157 tenores,
1791 1116 1925 1156 formas,

1161 1204 1163 1210 χ
1185 1167 1374 1201 occasiones
1399 1174 1430 1200 et
1455 1179 1576 1209 causas,
1596 1169 1692 1202 etiam
1719 1169 1926 1213 quantumvis

1184 1226 1416 1264 praegnantes,
1438 1222 1508 1264 pias
1537 1227 1569 1255 et
1592 1222 1824 1266 privilegiatas,
1844 1234 1881 1257 ac
1901 1223 1926 1257 si

1185 1275 1224 1307 de
1244 1275 1341 1308 verbo
1363 1275 1402 1308 ad
1422 1275 1553 1308 verbum
1584 1276 1667 1310 nihil
1686 1277 1815 1319 penitus
1833 1277 1929 1310 omis-

1161 1339 1219 1361 1so
1256 1334 1287 1361 et
1313 1329 1417 1361 forma
1450 1329 1482 1362 in
1515 1329 1580 1362 illis
1614 1330 1730 1363 tradita
1755 1331 1927 1364 observata

1185 1382 1448 1426 exprimerentur
1485 1388 1516 1415 et
1551 1383 1785 1424 insererentur,
1812 1384 1927 1417 iisdem

1184 1436 1412 1479 praesentibus
1450 1447 1508 1480 pro
1540 1438 1637 1480 plene
1671 1443 1702 1471 et
1727 1437 1928 1471 sufficienter

1185 1489 1347 1533 expressis
1379 1494 1411 1522 et
1431 1490 1565 1523 insertis
1591 1495 1622 1523 et
1647 1491 1850 1524 exactissime
1876 1492 1928 1525 ad-

1185 1543 1288 1576 ductis
1313 1543 1494 1586 respective
1520 1544 1692 1585 habentes,
1712 1544 1776 1578 illis
1794 1544 1873 1578 alias
1894 1545 1927 1578 in

1184 1607 1243 1629 suo
1268 1597 1389 1629 robore
1416 1597 1650 1640 permansuris,
1668 1598 1707 1631 ad
1734 1598 1929 1640 praemisso-

1184 1660 1256 1682 rum
1274 1648 1433 1689 effectum,
1450 1650 1562 1683 harum
1581 1651 1666 1684 serie
1689 1651 1880 1695 specialiter
1896 1656 1928 1685 et

1184 1714 1348 1746 expresse,
1375 1709 1484 1744 motu,
1511 1704 1657 1745 scientia,
1688 1704 1928 1738 deliberatione

1184 1762 1215 1789 et
1240 1757 1410 1799 potestatis
1435 1757 1639 1800 plenitudine
1665 1757 1834 1798 similibus,
1861 1759 1929 1802 ple-

1185 1810 1319 1843 nissime
1347 1816 1379 1843 et
1404 1810 1603 1844 sufficienter
1629 1811 1689 1844 hac
1714 1811 1781 1845 vice
1803 1812 1927 1845 dumta-

1161 1895 1163 1901 χ
1184 1869 1236 1896 xat
1255 1865 1460 1906 derogamus,
1481 1875 1516 1897 ac
1538 1865 1727 1907 derogatum
1750 1875 1820 1898 esse
1841 1866 1929 1899 volu-

1161 1907 1255 1954 :mus
1287 1922 1317 1949 et
1350 1917 1564 1958 mandamus,
1595 1917 1779 1961 ceterisque
1801 1924 1928 1951 contra-

1184 1971 1239 2003 riis
1264 1971 1536 2014 spiibuscumque.

1227 2025 1241 2068 ξ
1267 2024 1321 2057 31.
1349 2025 1435 2057 Nulli
1462 2035 1541 2067 ergo
1579 2025 1715 2059 omniuo
1753 2026 1924 2059 hominum

1184 2077 1281 2111 liceat
1306 2078 1391 2110 lianc
1416 2078 1569 2120 paginam
1588 2084 1772 2112 nostrarum
1794 2079 1928 2113 erectio-

1161 2155 1162 2164 ,
1184 2130 1258 2171 nis,
1288 2130 1488 2163 fundationis
1509 2158 1517 2172 ,
1545 2131 1780 2173 institutionis,
1806 2143 1927 2176 appro-

1183 2183 1325 2216 bationis
1339 2210 1346 2223 ,
1373 2184 1632 2218 confirmationis
1646 2212 1653 2226 ‚
1684 2185 1903 2220 innovationis
1917 2213 1924 2227 ,

1184 2237 1420 2277 roborationis,
1444 2238 1687 2279 conditionum,
1716 2244 1925 2282 statutorum,

1183 2290 1441 2331 concessionum,
1460 2290 1726 2334 applicationum‚
1746 2291 1927 2336 exempti0-

1184 2354 1273 2385 num,
1302 2343 1566 2384 subiectionum,
1593 2345 1812 2386 voluntatum,
1836 2355 1926 2378 man-

1184 2397 1346 2438 datorum,
1367 2397 1554 2435 sanationis,
1573 2398 1797 2441 suppletionis,
1815 2398 1927 2431 decre-

1184 2455 1300 2489 torum,
1324 2450 1554 2493 deputationis
1571 2451 1819 2491 constitutionis,
1838 2460 1925 2484 com-

1183 2503 1371 2536 mutationis
1398 2509 1430 2536 et
1454 2504 1692 2546 derogationiS,
1719 2504 1923 2548 aliorumque

1183 2556 1436 2599 praemissorum
1457 2557 1646 2599 infringere,
1664 2567 1720 2591 seu
1741 2557 1769 2590 ei
1787 2567 1866 2591 ausu
1883 2563 1925 2593 te*

1933 161 1984 190 An.
2005 163 2035 192 C.
2052 164 2118 194 ¹725

1963 2030 2028 2052 Nemo
2040 2032 2078 2053 has
2088 2033 2121 2054 lit-

1937 2060 1994 2078 toras
2007 2059 2120 2086 infringet-o

1937 2086 2021 2106 audeat.
