2170 3147
217 172 265 198 An,
287 173 315 197 c.
337 173 402 199 172<
449 164 511 196 ‹372›

217 238 259 254 tatu

217 271 220 280 ι

270 240 398 258 swanusvciu

224 263 302 282 tela-at.

228 1739 231 1741 v
246 1712 348 1732 Remedia
365 1718 401 1737 pro

227 1745 243 1759 is
255 1745 290 1764 qui
302 1745 323 1758 se
335 1746 346 1758 a
356 1745 402 1759 svu-

228 1768 285 1785 entia
307 1766 402 1785 enisilem

218 1798 278 1817 pruni
327 1793 401 1811 iudicis

219 1847 300 1865 *rurali

217 1873 222 1889 t
229 1878 231 1890 ι

227 1818 393 1843 appellationum

355 1851 401 1865 Seu-

237 1873 279 1890 cut.

411 223 659 264 l'raganeoruiu,
687 222 734 252 rel
761 221 792 252 in
819 220 921 262 prima
946 219 1053 262 quoad
1079 230 1153 252 eau—

411 285 461 306 sas
487 273 638 317 propriae
666 273 846 311 dioecesis,
873 272 1003 315 possint
1027 278 1151 315 partes,

412 329 460 360 rel
487 338 596 360 earum
623 327 750 364 altera,
788 335 964 368 provocare
1004 325 1043 357 ad
1081 336 1152 357 eum

414 382 516 413 virum
542 381 574 412 in
600 380 670 413 iure
696 379 858 412 canonico
885 379 1070 418 doctorem,
1097 389 1152 411 seu

414 433 625 471 licentiantur,
644 432 805 465 nobilium
820 431 1066 464 universitatum
1088 442 1152 463 nio-

414 496 446 518 re
464 513 471 524 ,
501 485 648 528 diligenti
676 485 821 517 examine
850 484 1066 527 praecedente
1084 494 1155 526 pro-

415 545 564 577 motum,
597 545 628 571 et
669 539 700 570 in
738 537 959 570 ecclesiastiea
998 537 1153 580 dignitate

413 592 650 631 constitutum,
687 602 701 623 a
740 591 909 623 carissimo
941 589 1007 623 filio
1041 595 1153 623 nostro

414 645 526 677 Carolo
551 644 586 676 Vl
613 644 644 676 in
671 644 891 676 Romanorum
917 642 1152 686 imperatorem

412 699 520 731 electo
561 703 593 730 et
631 697 760 730 Siciliae
802 707 905 740 rege,
948 697 1085 740 eiusque
1122 696 1152 729 in

411 761 513 793 regno
539 750 666 784 Siciliae
698 751 783 783 ultra
815 750 956 783 Pharum
988 760 1154 783 successo-

412 804 501 836 ribus
518 831 525 843 ,
552 810 606 836 aut
631 803 669 836 de
695 803 883 836 corumdem
909 802 1061 835 mandato
1082 830 1088 841 ‚
1116 814 1152 836 ex

412 856 627 889 concessione
643 856 734 889 Sedis
745 855 950 898 Apostolicae
965 856 1152 897 deputatum

413 915 444 941 et
470 909 681 951 delegatum,
707 915 738 940 et
764 908 796 940 in
821 913 987 950 posterum
1013 907 1052 939 ab
1082 907 1153 949 ipso

413 962 549 1004 eiusque
576 962 606 993 in
633 961 747 994 codem
776 971 878 1003 regno
911 960 1154 993 suecessoribus

412 1019 468 1046 aut
493 1015 532 1047 de
555 1014 744 1047 eorumdem
760 1014 913 1046 mandato
932 1012 1152 1055 deputandum

413 1072 445 1099 et
471 1067 714 1108 delegandum:
742 1076 839 1109 quem
865 1076 904 1098 eo
930 1066 1001 1108 ipso
1027 1065 1154 1107 delega-

413 1125 478 1151 tum
505 1120 694 1152 auctoritate
720 1119 811 1152 Sedis
838 1118 1046 1161 Apostolieae
1076 1129 1154 1150 con-

412 1173 570 1212 stitutum,
591 1178 619 1204 et
636 1183 695 1215 pro
716 1178 862 1214 tempore
877 1171 1152 1210 constituendum,

412 1225 683 1267 recognoscimus
708 1230 740 1256 et
765 1223 951 1263 firmamus,
978 1229 1012 1255 ut
1041 1233 1153 1256 causas

413 1277 648 1310 ecclesiasticas
685 1277 920 1310 antedictarum
961 1277 1153 1320 appellatio-

411 1342 487 1363 num
514 1331 544 1362 in
572 1331 739 1374 praedicto
772 1341 873 1373 regno
903 1329 1032 1363 Siciliae
1070 1330 1153 1361 ultra

413 1384 553 1416 l‘liarum
597 1395 798 1427 cognoscere
844 1384 975 1427 aliaque
1019 1383 1153 1416 inl‘erius

414 1438 626 1480 exprimenda
651 1448 813 1480 peragere
851 1437 979 1480 possit,
1018 1436 1152 1470 servatis

414 1496 521 1523 tamen
547 1490 736 1534 praemissis
775 1490 911 1533 aliisque
936 1490 1071 1522 inferius
1102 1501 1154 1522 ex-

413 1543 593 1586 plicandis,
632 1543 727 1582 itaut,
762 1543 920 1586 quidquid
958 1543 1052 1575 aliter
1088 1543 1152 1575 sive

413 1596 555 1629 scienter
581 1596 646 1629 sive
672 1597 863 1638 ignoranter
888 1595 955 1628 sieri
972 1595 1151 1637 eontigerit,

413 1650 483 1693 ipso
510 1650 578 1682 iure
604 1651 727 1682 nullum
752 1650 946 1692 irritumque
972 1649 1024 1681 sit.

457 1704 472 1745 ἓ
496 1702 527 1735 4.
555 1702 587 1735 Si
613 1713 689 1735 vero
716 1702 898 1735 antedictus
925 1702 1017 1734 iudex
1044 1712 1153 1743 grava-

415 1766 487 1788 men
515 1755 648 1795 inserat,
674 1756 723 1788 vel
750 1755 1056 1798 quomodocumque
1083 1765 1154 1796 par-

415 1815 485 1847 tes,
522 1809 588 1841 sive
626 1819 734 1841 earum
772 1809 893 1847 altera,
934 1813 1081 1850 gravatas
1114 1807 1153 1840 ab

414 1862 560 1895 eiusdem
587 1862 747 1895 sententia
766 1872 821 1895 seu
840 1861 972 1894 decreto
990 1871 1062 1894 sese
1081 1871 1151 1893 sen-

414 1915 527 1956 serint,
557 1920 642 1954 tune,
668 1920 701 1947 ut
726 1915 956 1959 appellationis
981 1920 1076 1958 atque
1100 1925 1153 1947 ex-

415 1974 535 2001 tremae
553 1968 794 2012 provocationis
819 1968 965 2002 remedio
989 1969 1154 2002 omnibus-

415 2032 476 2064 que
485 2022 592 2064 legum
604 2027 700 2065 atque
711 2022 940 2055 canonicarum
950 2021 1152 2055 sanctionum

414 2073 541 2107 auxiliis
579 2074 808 2108 christifideles
839 2074 1000 2118 praedicti
1026 2074 1154 2108 Siciliae

416 2128 507 2169 regni
546 2127 589 2159 uti
628 2133 659 2160 et
695 2128 756 2160 frui
791 2128 935 2170 possint,
975 2127 1153 2171 eademque

415 2180 583 2219 remedia,
617 2181 696 2213 iuris
730 2181 845 2213 ordine
881 2186 1032 2220 servato,
1073 2181 1155 2213 sicut

416 2239 570 2275 oportet,
598 2233 759 2275 experiri,
786 2233 870 2266 idem
901 2233 1086 2266 carissimus
1122 2234 1153 2266 in

417 2285 546 2317 Christo
572 2285 656 2318 lilius
681 2286 809 2318 Siciliae
836 2296 899 2324 rex,
927 2287 1064 2329 eiusque
1087 2296 1154 2318 suc-

416 2348 562 2370 cessores
581 2338 610 2370 in
630 2344 835 2381 perpetuum,
852 2339 899 2372 vel
915 2340 997 2371 alter
1011 2340 1050 2372 de
1070 2340 1155 2372 eius-

419 2390 490 2421 dem
509 2396 562 2422 ant
581 2391 618 2424 de
631 2392 731 2434 ipsius
750 2402 972 2425 successorum
991 2392 1155 2431 mandato,

418 2443 533 2475 sedulo
559 2443 805 2485 providendum*
833 2451 867 2477 ut
887 2451 1033 2487 apertum
1060 2451 1155 2488 atque

417 2500 531 2536 patens
568 2496 598 2527 in
633 2496 718 2528 omni
758 2503 905 2540 tempore
932 2497 1074 2531 tribunal
1099 2508 1154 2530 seu

991 171 1173 196 BULLAML'M
1200 172 1309 195 noum
1316 172 1356 195 HM

1198 219 1308 260 curia,
1335 219 1367 252 in
1393 230 1454 262 qua
1482 224 1587 253 tamen
1626 221 1673 253 vir
1711 221 1807 254 etiam
1833 221 1864 252 in
1891 220 1938 253 di-

1197 273 1319 315 gnitate
1345 273 1564 306 eeclesiastica
1588 274 1795 314 constitutus,
1822 278 1936 317 atque,

1198 330 1232 357 ut
1257 336 1378 368 supra,
1410 324 1441 357 in
1476 331 1614 368 utroque
1648 326 1718 358 iure
1755 326 1938 359 licentiatus

1197 388 1253 411 seu
1280 378 1406 417 doctor,
1426 378 1600 420 deputatus
1619 383 1650 411 et
1668 379 1847 421 delegatus,
1866 389 1938 411 curn

1200 430 1301 462 tribus
1319 430 1389 462 aliis
1407 431 1623 464 assessoribus
1649 431 1680 463 in
1706 436 1847 473 utroque
1868 431 1937 464 iure

1199 483 1347 522 versatis,
1364 483 1477 516 eodem
1497 483 1620 526 pariter
1637 484 1744 522 inodo,
1764 483 1810 515 uti
1830 494 1936 526 supra,

1199 536 1394 579 deputandis
1419 542 1451 568 et
1475 537 1702 576 nominandis,
1727 537 1777 569 ius
1809 537 1934 569 reddat.

1199 589 1301 631 Atque
1326 589 1467 631 primum
1501 588 1676 631 diligenter
1709 589 1873 632 expendat
1897 599 1937 621 an

1198 641 1374 684 appellatio
1399 641 1487 673 reiici
1514 642 1563 674 vel
1589 641 1714 674 admitti
1741 642 1880 680 debeat,
1906 646 1938 674 et

1199 694 1315 736 quibus
1338 695 1490 727 clausulis
1516 705 1611 727 causa
1632 694 1864 727 committenda
1882 694 1934 727 sit.

1198 747 1330 785 Quoties
1354 759 1431 781 vero
1456 759 1553 781 causa
1580 748 1677 781 suerit
1702 748 1879 790 visadigna
1895 748 1938 780 ul-

1199 800 1312 832 teriori
1339 801 1527 843 cognitione
1545 828 1552 841 ,
1579 811 1647 834 eam
1675 801 1781 844 primo
1808 810 1934 842 cogno-

1198 858 1265 885 scat
1291 859 1322 885 et,
1347 854 1467 886 iudicet
1492 854 1577 886 idem
1593 854 1689 886 modo
1705 854 1811 887 dietus
1830 853 1936 892 iudex,

1198 917 1213 937 a
1240 917 1303 948 quo
1325 906 1472 939 ulteriori
1489 907 1676 949 cognitione
1695 907 1791 948 digna
1806 906 1938 939 decreta

1198 964 1255 999 est,
1277 959 1425 992 adhibito
1442 960 1630 992 eorumdem
1650 969 1849 992 assessorum
1867 969 1939 992 eon-

1197 1012 1283 1045 silio.
1311 1012 1404 1053 Quod
1423 1013 1446 1045 si
1467 1019 1540 1056 post
1567 1013 1647 1045 haec
1665 1023 1714 1045 res
1732 1013 1840 1045 adhuc
1855 1013 1938 1046 ulte-

1198 1065 1276 1098 riori
1292 1065 1494 1098 discussione
1509 1076 1592 1109 opus
1611 1065 1746 1104 lrabeat,
1771 1076 1830 1098 nec
1848 1065 1887 1098 lis
1904 1064 1938 1096 fi-

1198 1120 1262 1152 nita
1278 1121 1336 1159 sit,
1359 1120 1473 1152 eadem
1491 1130 1600 1152 coram
1622 1120 1726 1152 altero
1748 1119 1869 1152 idoneo
1889 1128 1938 1151 ec-

1197 1173 1378 1206 clesiastico
1394 1173 1518 1212 iudice,
1532 1178 1695 1215 utsupra,
1710 1183 1780 1205 cum
1799 1182 1939 1205 assesso-

1198 1226 1284 1258 ribus
1303 1227 1351 1259 vel
1378 1225 1573 1258 consiliariis
1599 1224 1814 1265 nominando,
1833 1224 1938 1257 diseu-

1199 1281 1311 1319 tiatur,
1328 1285 1359 1312 et
1373 1279 1414 1311 ita
1429 1279 1598 1322 deinceps:
1614 1278 1659 1311 ita
1673 1283 1779 1311 tamen
1794 1282 1829 1310 ut
1843 1288 1938 1311 causa

1198 1334 1229 1365 in
1248 1343 1450 1376 (parcumque
1468 1332 1620 1365 instantia
1638 1340 1744 1365 coram
1764 1331 1868 1364 iudice
1887 1340 1939 1363 ee-

1197 1386 1382 1419 clesiastico
1410 1396 1539 1428 semper
1564 1390 1802 1429 pertractetur,
1831 1390 1875 1425 ct,
1906 1384 1939 1417 in

1197 1440 1347 1473 omnibus
1361 1439 1440 1472 iuris
1455 1439 1569 1472 ordine
1585 1444 1720 1478 servato,
1737 1438 1938 1472 terminetur.

1241 1493 1256 1535 ᾗ
1276 1493 1307 1526 5.
1327 1493 1538 1537 Appellantes
1553 1493 1585 1525 in
1602 1495 1666 1525 una
1680 1493 1788 1531 causa,
1805 1492 1938 1525 omnino

1198 1546 1335 1579 subiecti
1362 1552 1564 1586 remaneant,
1579 1545 1687 1589 quoad
1712 1544 1791 1578 alias
1816 1554 1937 1585 eausaS,

1198 1599 1415 1632 iurisdictioni
1448 1609 1583 1632 suorum
1615 1598 1860 1631 Ordinariorum
1879 1624 1887 1637 ,
1921 1608 1939 1630 a

1198 1663 1260 1695 qna
1285 1651 1382 1685 eximi
1407 1662 1468 1684 nee
1492 1662 1509 1684 a
1533 1651 1787 1694 metropolitano
1822 1660 1884 1683 nec
1920 1661 1938 1682 a

1198 1707 1348 1748 delegato
1374 1705 1519 1748 possint,
1545 1704 1605 1737 nisi
1632 1704 1664 1736 in
1689 1704 1817 1737 casibus
1835 1714 1851 1737 a
1869 1703 1938 1736 iure

1198 1758 1353 1791 canonico
1379 1757 1604 1802 praescriptis.

1242 1812 1256 1855 g
1281 1811 1311 1844 6.
1339 1811 1372 1843 ln
1399 1810 1521 1850 causis,
1549 1810 1668 1854 quibus
1695 1815 1939 1844 conservatores

1198 1865 1396 1908 regularium
1423 1865 1587 1898 decretum
1613 1865 1661 1898 vel
1679 1863 1872 1898 sententiam
1897 1870 1940 1896 tu-

1199 1919 1308 1959 lerint,
1328 1918 1380 1961 qui
1401 1928 1434 1950 se
1451 1918 1490 1950 ab
1510 1918 1573 1951 illis
1592 1923 1757 1961 gravatum
1783 1917 1940 1951 existima-

1199 1972 1287 2012 verit,
1307 1981 1474 2005 recursum
1496 1970 1646 2004 similiter
1672 1971 1795 2004 habere
1821 1970 1941 2014 poterit

1199 2026 1237 2059 ad
1262 2025 1459 2059 antedictum
1487 2025 1691 2067 delegatum:
1719 2024 1771 2067 qui
1795 2024 1938 2067 quidem,

1198 2078 1222 2110 si
1242 2104 1249 2117 ,
1275 2077 1430 2120 inspeetis
1457 2078 1626 2121 utriusque
1652 2077 1751 2121 partis
1788 2077 1911 2110 iuribus
1930 2103 1937 2116 ,

1198 2129 1453 2173 appellationem
1470 2129 1598 2162 duxerit
1611 2128 1856 2169 admittendum,
1870 2128 1938 2171 ipse

1200 2184 1230 2215 in
1258 2183 1329 2215 talis
1354 2193 1470 2215 causae
1497 2182 1685 2225 cognitione
1704 2208 1711 2221 ‚
1736 2187 1836 2224 prout
1860 2181 1939 2214 iuris

1200 2236 1302 2275 suerit,
1329 2235 1499 2279 procedet:
1518 2235 1609 2278 sique
1627 2240 1744 2277 partes,
1762 2235 1810 2268 vel
1828 2244 1939 2267 earum

1199 2290 1317 2327 altera,
1343 2289 1381 2321 de
1407 2287 1593 2331 gravamine
1630 2287 1670 2320 ab
1704 2287 1773 2320 eius
1798 2287 1940 2320 iudicato

1199 2340 1260 2372 sibi
1287 2340 1375 2373 illato
1405 2344 1689 2381 conquereretur,
1717 2338 1747 2370 id
1773 2342 1941 2377 servetur,

1200 2392 1286 2435 quod
1309 2402 1406 2435 supra
1424 2391 1463 2424 de
1483 2390 1761 2435 appellationibus
1779 2401 1796 2423 a
1809 2391 1940 2423 decreto

1199 2446 1246 2477 vel
1273 2444 1434 2478 sententia
1461 2444 1576 2477 iudicis
1613 2444 1752 2486 delegati
1786 2448 1940 2476 statutum

1200 2504 1259 2532 est.
1287 2497 1438 2531 Ceterum
1456 2496 1616 2540 praedicti
1632 2501 1878 2530 conservatores
1896 2494 1941 2528 in-

454 2557 463 2581 1
484 2555 781 2590 Legendprovz'debit
800 2558 839 2584 vet
856 2559 1049 2593 providebunt
1065 2560 1156 2594 (nar).
1199 2551 1315 2585 violate
1340 2560 1468 2584 servare
1494 2549 1637 2583 debeant
1672 2547 1872 2592 praescripta
1907 2547 1940 2580 in

1947 172 1996 198 An.
2017 172 2046 199 C.
2065 173 2129 200 ¹728

1962 1493 2095 1520 appellantes
2109 1495 2128 1516 in

1950 1522 2129 1542 unatantumcau-

1950 1548 1987 1571 sii,
2010 1548 2030 1568 in
2045 1547 2128 1574 reliquis

1949 1576 2058 1600 appellare
2089 1580 2127 1596 uon

1950 1604 2082 1623 censeantur.

1977 1814 2006 1835 De
2018 1815 2087 1836 causis
2096 1819 2126 1836 re-

1950 1841 2059 1868 gularium.
