2170 3147
19 265 67 293 An.
85 263 114 292 C.
137 264 203 290 ¹721

67 537 148 558 Canus
172 543 204 557 *e-

19 566 104 591 quami«
132 565 201 585 decla-

20 592 117 612 rationis.

204 2264 403 2300 'communio
422 2268 640 2302 ecclesiastica
661 2268 783 2307 existit,
802 2274 845 2308 et,
864 2268 887 2301 si
908 2269 954 2301 di-

787 261 981 285 RENEDICTI‘S
1008 262 1062 285 xm
1089 262 1136 285 ΓΡ.

215 312 412 355 praedictis,
439 321 574 355 quarum
602 315 749 343 tenorem
775 311 975 358 praesenti-t,

215 367 273 398 bus
297 375 359 408 pro
384 365 480 407 plene
506 368 538 396 et
563 362 761 395 sufficienter
793 372 950 405 expresso

215 423 246 451 et
270 418 309 450 ad
340 417 472 450 verbum
497 416 620 449 inserto
646 414 759 448 haberi
785 415 952 454 volumus,

215 471 347 503 uberius
372 469 568 503 continetur.

258 523 321 567 5⁶2.
341 523 419 557 Cum
437 528 543 556 autem
562 532 635 561 nos,
653 521 756 565 probe
775 529 951 564 agnoscen-

216 583 262 610 tes
288 576 485 620 pastoralem
512 580 656 608 nostram
682 585 789 607 curam
815 579 846 606 et
863 573 951 606 solli—

215 629 391 662 citudinem
419 628 449 661 in
475 627 654 661 catholicae
680 626 768 667 fidei,
794 626 863 658 sine
889 636 950 668 qua
972 634 973 674 ᾗ

215 681 415 725 impossibile
440 686 489 714 est.
512 681 643 725 placete
669 679 743 720 Deo,
767 679 890 711 unitate
905 684 950 710 at-

214 745 277 778 que
296 735 403 777 integr
407 733 662 767 itateretincnda
679 739 711 766 et
726 732 972 766 conservandml

214 787 417 830 potissimum
443 787 536 820 sitam
575 797 664 826 esse,
691 796 727 818 ac
752 791 947 829 propteica,
971 786 973 813 l

216 840 290 873 licet
315 845 512 873 memoratae
539 840 667 873 litterae
690 838 849 871 universis
866 837 950 870 chri-

214 893 411 926 stitldelibus
431 920 438 933 ,
466 903 549 936 quos
577 892 718 935 gerimus
756 891 786 923 in
824 890 948 933 paterni

214 945 347 979 affectus
365 946 554 985 visceribus,
572 944 744 988 inscriptae
760 954 794 975 ac
809 943 949 976 directae
971 961 972 966 =

216 999 335 1032 tuerint
352 1026 359 1037 ,
393 999 585 1041 illarumque
611 996 787 1040 publicatio
814 995 950 1039 patriar-

215 1052 295 1091 chis,
313 1051 577 1096 archiepiscopis,
594 1050 769 1094 episcopis,
786 1049 949 1093 praelatis,

215 1105 389 1138 ordinariis
406 1132 413 1145 ,
439 1105 620 1147 ceterisque
650 1103 798 1146 personis
835 1112 950 1146 supra-

215 1157 307 1191 dictis
334 1158 526 1191 demandata
551 1158 613 1196 sit,
637 1162 672 1188 ut
696 1155 894 1199 praefertur,
920 1152 972 1186 a-'

215 1211 302 1244 nimo
329 1217 433 1244 tamen
460 1211 611 1244 fuerimus
636 1210 774 1242 maxime
796 1208 892 1242 alieni
911 1207 949 1240 ab
971 1228 973 1249 ς

215 1265 326 1298 iisdem
345 1265 459 1298 litteris
481 1263 698 1297 inscribendis
716 1274 751 1295 ac
769 1261 949 1304 dirigendis

217 1327 364 1350 earumve
400 1317 621 1360 publicatione
657 1316 722 1348 sive
760 1315 949 1348 executione

217 1371 441 1404 demandanda
468 1370 533 1403 illis
558 1369 611 1413 qui
637 1380 654 1401 a
679 1373 810 1401 sanctae
836 1367 952 1400 Rorna-

217 1433 276 1456 nae
302 1423 463 1456 Ecclesiae
489 1422 715 1456 communione
734 1420 952 1454 ecclesiastiea

217 1475 354 1518 separati
391 1475 624 1519 reperiuntur3
658 1473 872 1507 nihilominus
910 1483 948 1505 o-

217 1538 325 1561 mnem
353 1528 520 1561 dubitandi
542 1527 746 1561 occasionem
766 1535 948 1564 removere,

217 1591 335 1624 vosque
361 1582 399 1614 de
427 1583 538 1614 nostra
562 1581 593 1613 in
623 1579 808 1624 praemissis
844 1583 950 1611 mente

216 1643 251 1665 ac
276 1635 441 1667 voluntate
466 1633 621 1666 certiores
637 1633 773 1665 reddere
796 1633 950 1671 volentes,
972 1664 974 1673 Α

216 1686 405 1719 auctoritate
431 1685 608 1728 apostolica
626 1712 633 1723 ‚
659 1690 772 1717 tenore
797 1693 952 1727 praesen-

216 1739 304 1779 tium,
326 1739 543 1778 declaramus,
565 1738 720 1781 vobisque
746 1737 896 1771 omnibus
921 1742 951 1770 et

216 1791 351 1834 singulis
366 1797 476 1824 notum
486 1792 657 1834 palamque
669 1790 810 1829 facimus,
822 1795 951 1822 nostrae
972 1791 973 1826 l

215 1844 405 1877 intentionis
421 1845 607 1877 nullatenus
619 1844 712 1876 fuisse
728 1843 849 1876 litteras
864 1853 952 1886 prae-

216 1897 294 1930 fatas
320 1897 498 1930 inscribere
529 1908 564 1929 ac
597 1897 740 1939 dirigere
774 1907 951 1939 earumque

216 1950 467 1993 publicationem
493 1960 547 1982 seu
564 1949 785 1982 executionem
806 1948 952 1982 commit·
972 1974 974 1992 ,

217 2009 284 2036 tere
316 2004 379 2037 illis
419 2003 472 2047 qui
506 2013 565 2047 per
594 2003 757 2035 Romanos
783 2002 974 2050 Pontifices3

217 2057 483 2099 praedecessores
509 2062 635 2090 nostros
661 2057 701 2089 ab
722 2057 867 2089 eiusdem
881 2067 952 2089 san-

218 2113 286 2141 ctae
312 2109 472 2142 Romanae
490 2109 650 2142 Ecclesiae
674 2109 831 2142 charitate
849 2119 953 2151 segre-

219 2162 281 2204 gati
308 2162 458 2201 suerunt,
492 2173 527 2195 ac
563 2173 632 2195 cum
666 2162 781 2206 quibus
817 2162 953 2206 proinde

218 2215 306 2248 nulla
332 2215 425 2247 nobis
458 2220 488 2246 et
520 2215 581 2258 ipsi
607 2216 766 2248 Romanae
791 2215 952 2249 Ecclesiae
974 2232 975 2236 =

218 2325 282 2352 ctas
317 2321 440 2353 litteras
469 2331 526 2364 per
551 2332 622 2361 eos,
650 2321 704 2365 qui
731 2322 770 2353 ab
796 2314 976 2362 eiusmodi}

217 2375 447 2407 communione
483 2374 620 2417 separati
658 2380 754 2414 sunt,
793 2373 952 2417 publicari

996 311 1170 353 doquidem
1192 320 1261 349 nos,
1280 309 1421 342 decretis
1442 314 1473 342 et
1493 308 1734 342 constitutioni·

973 362 974 366 ’
995 363 1054 395 bus
1079 363 1268 396 eorumdem
1294 362 1516 395 Romanorum
1543 362 1732 395 Pontificum

996 415 1478 457 praedecessorumnostrorum
1493 415 1646 447 adversus
1661 415 1732 447 illos

996 467 1090 499 editis
1120 467 1254 500 tirmiter
1280 468 1505 506 inhaerentes,
1533 467 1626 499 sicuti
1652 477 1734 500 sem-

995 530 1062 562 per,
1082 520 1296 553 benedicente
1323 520 1470 558 Domino,
1492 520 1656 552 inhaesuri
1683 530 1735 551 su-

971 559 974 611 i
995 582 1064 605 mus
1078 599 1085 611 ‚
1112 582 1185 611 θος,
1206 572 1266 604 nisi
1286 572 1500 615 resipuerint,
1519 582 1536 604 a
1554 573 1735 604 communis

995 625 1160 657 societatis
1185 624 1342 657 charitate
1377 634 1510 667 prorsus
1542 624 1668 657 alienos
1694 624 1734 656 ab

971 696 973 705 ι
995 678 1145 711 omnibus
1172 677 1287 711 haberi
1318 688 1352 710 ac
1379 677 1503 710 censeri
1531 678 1677 710 volumus
1703 682 1734 709 et

995 731 1206 764 intendimus.

1040 785 1054 827 ἓ
1079 783 1111 817 3.
1138 783 1254 827 Sicque
1280 788 1311 816 et
1336 793 1399 816 non
1430 784 1524 816 aliter
1549 793 1609 826 per
1638 793 1735 826 quos-

971 840 972 845 ’
994 847 1134 880 cumque
1159 836 1285 869 iudices
1308 836 1490 869 ordinarios
1505 842 1536 868 et
1554 836 1734 878 delegatos,

994 889 1089 922 etiam
1116 898 1282 921 causarum
1305 888 1416 932 palatii
1443 888 1617 931 apostolici
1644 889 1735 921 audi-

995 948 1094 982 tores,
1112 952 1148 974 ac
1173 942 1338 985 praefatae
1364 942 1395 974 S.
1424 941 1460 973 R.
1481 941 1515 973 E.
1539 941 1735 979 cardinales,

994 994 1090 1027 etiam
1109 995 1148 1027 de
1175 996 1276 1028 latere
1297 995 1434 1037 legatos,
1454 999 1485 1027 et
1506 994 1636 1037 quosvis
1654 994 1735 1026 alios

970 1059 972 1068 ¹
994 1047 1139 1090 qualibet
1174 1047 1366 1080 auctoritate
1392 1046 1579 1089 fungentes,
1608 1046 1735 1079 sublata

970 1131 972 1149 l
994 1103 1040 1134 eis
1066 1107 1096 1134 et
1121 1111 1234 1134 eorum
1260 1100 1395 1133 cuilibet
1420 1100 1532 1143 quavis
1558 1100 1654 1132 aliter
1685 1098 1734 1131 iu-

994 1154 1123 1187 dicandi
1141 1159 1172 1187 ct
1189 1153 1427 1197 interpretandi
1456 1154 1606 1186 facultate
1632 1158 1664 1185 et
1683 1162 1736 1184 au—

994 1207 1154 1246 ctoritate,
1180 1206 1332 1245 iudicari,
1360 1205 1569 1249 interpretari
1597 1210 1624 1238 ct
1658 1205 1736 1238 defi-

970 1253 973 1295 ἶ
994 1260 1057 1292 niri
1083 1260 1216 1299 debere,
1234 1270 1269 1292 ac
1286 1259 1413 1291 irritum
1433 1263 1464 1291 et
1483 1259 1580 1291 inane
1599 1258 1623 1291 si
1641 1268 1735 1291 secus

972 1321 973 1326 ¹
994 1313 1157 1356 superbis
1174 1323 1191 1345 a
1209 1322 1383 1356 quoquam,
1399 1311 1512 1355 quavis
1534 1310 1735 1351 auctoritate,

994 1366 1137 1399 scienter
1168 1367 1219 1398 vel
1248 1366 1461 1407 ignoranter,
1490 1365 1667 1408 contigerit
1692 1369 1736 1397 at—

972 1418 973 1437 *
995 1419 1125 1458 tentari,
1150 1419 1369 1452 decernimus.

1038 1473 1052 1515 ᾖ
1078 1472 1106 1505 4.
1133 1472 1201 1505 Non
1227 1472 1431 1505 obstantibus
1464 1472 1582 1504 litteris
1608 1470 1738 1514 praedi-

995 1524 1062 1564 ctis,
1089 1535 1124 1557 ac
1149 1523 1317 1568 quibusvis
1343 1523 1544 1567 apostolicis,
1563 1523 1652 1556 et-in
1671 1523 1737 1556 uni-

995 1578 1176 1610 versalibus
1200 1577 1519 1621 provincialibusque
1546 1581 1578 1609 et
1602 1576 1739 1620 synoda-

996 1631 1078 1664 libus
1111 1631 1260 1663 coneiliis
1298 1630 1418 1669 editis,
1455 1629 1664 1672 generalibus
1688 1630 1737 1662 vel

995 1684 1198 1727 specialibus,
1225 1683 1515 1716 constitutionibus
1542 1687 1574 1714 et
1599 1682 1735 1715 ordina-

996 1737 1156 1776 tionibus,
1177 1737 1294 1780 quibus
1316 1736 1466 1769 omnibus
1484 1740 1514 1768 et
1531 1735 1683 1778 singulis,
1703 1735 1739 1768 it-

996 1791 1100 1822 lorum
1128 1795 1256 1823 tenores
1289 1789 1520 1832 praesentibus
1550 1798 1610 1831 pro
1639 1788 1736 1831 plene

972 1839 973 1880 ξ
996 1848 1028 1875 et
1052 1842 1250 1875 sufficienter
1281 1841 1444 1885 expressis
1475 1848 1505 1874 et
1529 1841 1567 1874 ad
1604 1842 1737 1873 verbum

996 1895 1126 1928 insertis
1145 1895 1324 1934 habentes,
1355 1894 1419 1928 illis
1444 1895 1523 1927 alias
1548 1894 1578 1926 in
1605 1903 1664 1926 suo
1689 1903 1740 1925 ro-

996 1949 1073 1981 bore
1113 1948 1363 1991 permansuris,
1401 1948 1439 1980 ad
1483 1948 1738 1991 praemissorum

996 2001 1160 2042 effectum,
1182 2003 1242 2035 hac
1263 2002 1331 2035 viee
1351 2002 1533 2042 dumtaxat,
1552 2001 1739 2045 specialiter

996 2061 1027 2089 et.
1052 2066 1207 2099 expresse
1225 2056 1435 2097 derogamus,
1458 2054 1641 2098 ceterisque
1664 2063 1739 2087 eon-

997 2108 1103 2141 trariis
1130 2109 1400 2152 quibuscumque.

1039 2162 1053 2205 5
1086 2162 1117 2194 5.
1145 2161 1298 2195 Volumus
1336 2167 1443 2195 autem
1481 2166 1515 2194 ut
1551 2160 1737 2194 earumdem

996 2214 1215 2257 praesentium
1237 2215 1417 2248 litterarum
1438 2214 1658 2256 transumptis,
1681 2222 1738 2246 seu

997 2268 1166 2311 exemplis,
1194 2268 1290 2301 etiam
1318 2266 1494 2311 impressis,
1514 2276 1611 2300 manu
1638 2266 1739 2299 alicu-

997 2321 1046 2353 ius
1072 2320 1188 2353 notarii
1216 2321 1337 2363 publici
1359 2319 1559 2363 subscriptis,
1578 2325 1609 2352 et
1628 2320 1737 2363 sigillo

975 2397 976 2414 ,
997 2383 1160 2416 personae
1188 2374 1219 2406 in
1245 2373 1462 2406 ecclesiastica
1483 2373 1641 2416 dignitate
1665 2383 1739 2406 con-

217 2436 273 2459 seu
300 2426 484 2459 executioni
499 2427 687 2459 demandari
706 2427 883 2469 contingat,
904 2427 953 2459 vel
975 2422 977 2450 ἶ
998 2426 1125 2459 stitutae
1151 2426 1293 2467 munitis,
1320 2426 1433 2459 eadem
1454 2436 1591 2469 prorsus
1610 2425 1687 2459 tides
1705 2426 1737 2457 in

218 2479 300 2512 sorte
326 2479 388 2511 iam
414 2479 613 2522 eontigerit,
640 2479 730 2512 vobis
762 2479 954 2512 auctoritate
974 2463 977 2493 Ι
998 2478 1117 2512 iudicio
1144 2487 1175 2513 et
1209 2484 1296 2512 extra
1332 2479 1413 2512 illud
1448 2479 1629 2518 habeatur,
1656 2489 1737 2522 quae

218 2530 362 2573 praefata
388 2531 502 2563 harum
529 2531 613 2564 sei-ie
645 2531 895 2570 denunciamus,
924 2531 952 2563 id
974 2528 976 2568 ἕ
999 2532 1177 2565 haberetur
1209 2532 1286 2575 ipsis
1320 2532 1549 2576 praesentibus
1580 2532 1603 2563 si
1631 2532 1737 2564 sorent

217 2589 332 2617 contra
358 2589 522 2623 mentem,
550 2586 750 2617 voluntatem
782 2594 817 2616 ac
853 2585 954 2617 inten-
998 2585 1164 2618 exhibitae
1189 2585 1238 2617 vel
1263 2590 1425 2618 ostensae.

217 2636 341 2671 tionem
368 2642 513 2671 nostram
540 2647 609 2671 esse
635 2647 669 2670 ac
695 2637 818 2677 fuisse,
852 2647 977 2681 quan—l
1042 2637 1154 2671 Datum
1190 2638 1318 2678 Rornae,
1352 2638 1438 2681 apud
1464 2637 1495 2671 S.
1525 2637 1653 2672 Mariam
1678 2636 1735 2668 Ma-

1656 249 1698 282 69
1745 258 1792 285 An.
1809 258 1837 286 c.
1859 258 1927 286 1724

1773 789 1893 809 Clausulam.

1771 1476 1930 1496 (bunuariorum

1747 1503 1759 1522 tl
1768 1505 1866 1527 ’rugatum

1789 2163 1849 2183 flans
1876 2165 1931 2183 trau·

1747 2192 1883 2215 sumptorum.
