2170 3147
1 183 50 232 jin.
70 202 98 230 c.
117 202 184 230 ¹726

31 1587 87 1612 Quae
102 1588 170 1609 omnia

3 1615 66 1635 terum
83 1621 96 1636 a
117 1616 170 1635 Pau-

2 1646 13 1661 o
40 1641 66 1661 tv
94 1642 170 1663 consu·-

0 1669 78 1689 uantur.

794 206 986 230 BENEDICTUS

191 251 344 284 Ordinum
384 262 440 285 seu
480 252 615 285 alicuius
657 253 761 295 ipsius
797 253 925 286 Ordinis

190 304 298 337 fratris
335 305 384 337 vel
420 304 573 338 monachi
610 316 646 338 ex
684 306 926 348 dispensatione

189 357 372 400 apostolica
405 359 454 391 vel
480 359 559 391 alias
598 359 716 397 fuerit,
756 369 811 391 seu
847 360 925 392 alias

189 410 226 442 ad
253 420 309 443 eos
333 415 389 442 aut
414 421 528 443 corum
552 411 692 453 aliquem
717 411 923 453 pertinuerit,

189 466 220 495 ct
243 473 304 505 per
340 473 395 495 cos
433 463 530 495 etiam
570 464 669 506 longo
713 469 858 505 tempore
894 469 925 497 et

188 514 448 555 immemorabili,
476 516 590 559 quovis
617 516 713 548 ctiam
732 516 876 549 colorato
895 523 925 549 et

188 567 323 600 iuridico
350 568 452 609 titulo,
471 579 618 611 possessa
644 574 675 601 et
700 574 787 601 tenta
812 569 924 601 extite-

188 621 244 660 rit,
264 626 296 653 et
321 621 428 653 adhuc
454 621 562 653 forsan
582 621 831 664 quomodolibet
852 631 923 654 esse

187 684 245 706 seu
270 674 433 717 pertinere
460 674 522 707 dici
548 685 603 707 seu
634 674 762 707 censeri
788 675 920 717 possit),

187 727 237 759 vel
263 726 340 759 alias
366 727 626 769 quomodolibet,
645 726 768 759 directe
796 728 846 760 vel
877 727 923 759 in-

187 777 310 811 directe
331 779 399 811 ullo
418 789 560 821 unquam
587 785 733 821 tempore
755 779 921 811 molestari

186 830 370 872 perturbari
397 840 453 863 seu
479 830 654 873 inquietari
681 841 779 873 posse
797 841 853 863 seu
872 831 922 864 de-

186 882 285 923 bere,
312 887 344 916 et
368 883 412 916 ita
441 882 474 915 in
498 883 684 926 praemissis
703 887 734 916 et
759 883 922 916 infrascri-

184 934 249 978 ptis
274 935 424 968 omnihus
449 940 481 967 et
506 935 643 978 singulis
668 946 727 979 per
752 946 922 978 quoscum-

185 997 247 1030 que
263 986 388 1020 iudices
407 987 518 1031 quavis
537 988 726 1021 auctoritate
740 989 919 1031 fungentes,

184 1039 280 1073 etiam
305 1050 471 1073 causarum
496 1040 606 1084 palatii
632 1041 803 1084 apostolici
830 1041 921 1074 audi-

185 1096 286 1133 tores,
310 1103 366 1126 seu
392 1094 678 1134 locumtenentes,
706 1103 740 1127 ac
764 1093 795 1127 S.
822 1094 857 1127 R.
883 1094 917 1127 Ε.

183 1145 375 1187 cardinales,
390 1146 422 1179 in
437 1146 548 1190 quavis
563 1148 659 1179 causa
673 1157 729 1180 seu
744 1145 917 1189 instantia¹‚

183 1197 323 1239 sublata,
343 1203 419 1239 etc.,
444 1199 572 1233 irritum
598 1210 738 1243 quoque,
764 1206 839 1241 etc„
865 1201 920 1234 de-

183 1251 346 1284 cernimus
360 1257 392 1284 et
406 1252 616 1292 declaramus
632 1263 667 1285 ac
681 1263 793 1285 omnes
812 1258 844 1285 et
858 1253 920 1285 sin-

183 1305 276 1347 gulos
300 1304 381 1337 iuris
402 1310 433 1338 et
453 1305 525 1338 facti
545 1316 580 1338 ac
598 1306 806 1339 solemniumQ
824 1305 920 1339 etiam

182 1358 292 1391 forsan
316 1359 578 1391 substantialium
605 1359 700 1391 etiam
726 1360 919 1392 omissarum

182 1411 337 1453 defectus,
355 1412 451 1445 etiam
470 1413 508 1445 de
527 1413 718 1446 necessitate
742 1413 919 1456 cxprimen·
941 1435 942 1439 =

182 1464 259 1507 dos,
274 1465 300 1497 si
319 1465 372 1508 qui
391 1466 502 1498 forsan
527 1466 558 1498 in
584 1466 769 1509 praemissis
794 1477 851 1499 seu
871 1477 920 1500 eo-

182 1530 254 1552 rum
290 1519 399 1562 aliquo
431 1520 685 1561 intervenerint,
714 1521 915 1564 supplemus.

181 1573 219 1607 Et
253 1573 492 1615 nihilominus,
524 1585 584 1617 pro
620 1574 741 1617 potiori
773 1576 918 1617 cautela,

181 1639 218 1662 ea
243 1628 371 1668 omnia,
399 1633 498 1671 prout
522 1638 685 1668 concessa,
713 1631 845 1668 statuta,
870 1639 920 1661 or-

181 1681 303 1723 dinata,
330 1682 494 1724 assignata
525 1692 561 1715 ac
593 1682 723 1716 decreta
749 1688 780 1715 et
813 1684 918 1716 decla-

179 1740 248 1769 rata
272 1737 415 1776 fuerunt,
442 1737 474 1769 in
496 1736 645 1770 omnibus
671 1741 702 1769 et
722 1747 780 1780 per
798 1738 917 1778 omnia,

179 1794 297 1831 motu,
324 1789 459 1823 scientia
493 1795 523 1823 et
558 1790 728 1833 potestatis
768 1792 914 1834 plenitu-

180 1844 255 1878 dine
280 1844 465 1885 similibus,
493 1844 532 1877 de
564 1855 647 1878 novo
683 1845 890 1879 concedimus
907 1874 914 1887 ,

178 1898 356 1938 statuimus,
383 1898 571 1931 ordinamus
596 1903 627 1930 et
648 1898 862 1939 declaramus,
883 1906 917 1933 ut

178 1952 382 1996 praefertur,
407 1952 507 1984 factas
534 1956 565 1984 et
589 1962 647 1994 pro
675 1958 824 1995 tempore
858 1964 915 1996 per

178 2015 237 2038 nos
261 2015 318 2037 seu
345 2005 383 2038 de
408 2004 561 2037 mandato
588 2010 698 2038 nostro
735 2007 916 2048 quomodo-

178 2057 256 2091 libet
281 2063 312 2091 et
337 2057 616 2101 qualitercumque
642 2069 700 2101 pro
726 2059 810 2092 dicta
834 2059 916 2092 Con-

178 2111 370 2154 gregatione
396 2121 454 2144 seu
480 2111 566 2144 illius
597 2111 723 2145 ratione
749 2112 913 2145 faciendas

177 2174 339 2208 expensas
365 2169 397 2197 et
416 2170 573 2207 sumptus
593 2174 628 2197 ac
646 2164 753 2205 etiam,
770 2170 805 2197 ut
825 2176 914 2208 prae-

176 2218 293 2259 fertur,
321 2222 441 2261 empta,
466 2228 593 2251 necnon
625 2218 722 2251 ctiam
747 2230 807 2262 pro
834 2225 914 2253 tem-

175 2281 255 2315 pore
280 2270 426 2311 emenda,
453 2271 577 2311 domos,
602 2271 721 2312 vineas,
748 2272 910 2314 viridaria,

174 2324 287 2358 hortos
313 2329 346 2357 et
369 2324 431 2357 alia
455 2324 590 2357 mobilia
620 2329 715 2368 atque
734 2325 914 2360 immobilia

174 2377 261 2411 bona
286 2381 350 2410 tam
381 2377 415 2410 in
452 2377 536 2410 dicta
568 2377 653 2410 Urbe
687 2389 783 2421 quam
823 2385 913 2413 extra

175 2430 265 2464 illam
290 2435 322 2463 et
345 2430 423 2463 alias
440 2429 577 2464 ubilibet
597 2430 779 2471 existentia,
807 2431 913 2465 cuius-

176 2493 313 2528 cumque
345 2483 460 2527 pretii,
495 2483 614 2517 valoris
652 2489 683 2517 et
723 2485 912 2528 quantitatis

212 2555 224 2580 1
246 2553 326 2580 Deest
344 2553 474 2581 iudicari
493 2553 595 2580 debere
615 2554 654 2587 (R.
670 2554 720 2589 T.).

210 2597 227 2623 2
245 2596 399 2631 Legendum
423 2597 641 2625 solemnitatum
661 2598 700 2632 (R.
719 2598 770 2631 Τ.).

263 2651 341 2679 Butl.
362 2651 448 2679 Rom.
466 2667 499 2672 -·
520 2653 580 2679 Vol.
605 2652 697 2682 XXII.
842 2653 875 2680 52

1011 206 1068 230 xm
1093 206 1141 230 ΡΡ.

970 254 1110 287 existant
1146 260 1178 287 et
1213 255 1351 295 suerint,
1388 266 1516 288 necnon
1553 256 1709 298 pecunias

969 307 1044 339 inde
1061 308 1224 350 expositas
1246 313 1277 340 et
1295 309 1515 350 exponendas,
1538 309 1576 340 ad
1597 319 1709 351 quam—

969 370 1106 402 cumque
1132 371 1290 393 summam
1309 366 1341 393 et
1362 361 1577 404 quantitatem
1598 373 1710 394 ascen-

969 411 1064 450 dant,
1105 412 1210 445 eidem
1253 412 1530 455 Congregationi,
1560 425 1617 456 per
1655 425 1709 447 eos

969 462 1054 495 iuxta
1076 464 1154 496 ritus
1182 469 1214 496 ct
1239 475 1345 497 mores
1371 476 1482 498 eorum
1510 468 1651 499 tenenda
1678 473 1710 499 et

968 515 1174 557 possidenda,
1201 523 1362 560 perpetuo
1387 519 1591 559 remittimus,
1611 520 1709 552 dona·

968 577 1045 606 mus,
1072 569 1284 601 concedimus
1311 575 1343 602 ct
1368 571 1563 613 elargimur,
1592 582 1627 603 ac
1658 582 1708 604 re-

967 619 1074 660 missa,
1089 620 1219 660 donata,
1235 632 1388 655 concessa
1407 629 1438 655 et
1458 624 1592 666 elargita
1611 624 1706 658 fuisse

968 677 998 704 et
1023 674 1104 714 fore,
1129 684 1166 706 ac
1190 675 1228 707 ad
1262 675 1379 708 dictam
1410 676 1706 719 Congregationem

967 732 1126 769 perpetuo
1163 728 1355 770 pertinere,
1381 739 1417 761 ac
1456 736 1642 772 praesentes
1668 731 1705 762 ad

965 779 1094 822 plenam
1130 779 1360 822 probationem
1392 782 1649 824 praemissorum
1672 794 1706 815 o-

965 832 1086 865 mniun]
1105 838 1136 866 et
1149 833 1366 875 singulorum,
1385 835 1462 867 itaut
1480 837 1569 868 nulla
1588 837 1706 878 proba-

966 885 1009 918 tio
1035 886 1069 918 in
1094 886 1292 919 contrarium
1319 888 1518 927 admittatur,
1544 889 1704 929 sufficere,

965 949 1025 971 nec
1050 939 1087 971 ad
1113 938 1143 971 id
1170 939 1307 972 alterius
1335 940 1540 983 probationis
1568 941 1706 973 admini-

964 991 1070 1024 culum
1098 991 1219 1035 requiri
1260 992 1401 1033 debere,
1440 1004 1476 1026 ac
1502 994 1702 1036 praeniissa,

964 1054 1022 1076 seu
1048 1055 1160 1077 eorum
1186 1045 1307 1088 aliqua,
1334 1046 1372 1078 de
1405 1046 1628 1088 subreptionis
1654 1048 1703 1080 vel

964 1097 1167 1140 obreptionis
1181 1097 1257 1130 vitio
1277 1109 1333 1130 seu
1361 1098 1552 1131 intentionis
1572 1105 1704 1133 nostrae

964 1149 1100 1190 defectu,
1120 1150 1232 1194 quovis
1258 1156 1440 1193 praetextu,
1461 1152 1633 1185 occasione
1656 1154 1703 1186 vel

964 1205 1075 1243 eausa,
1098 1204 1205 1236 notari
1231 1204 1280 1237 vel
1313 1204 1495 1248 impugnari
1528 1210 1582 1237 aut
1616 1216 1703 1240 revo-

964 1256 1029 1288 cari
1044 1266 1097 1289 seu
1114 1256 1146 1288 in
1172 1256 1282 1300 aliquo
1298 1258 1427 1290 alterari
1448 1269 1513 1290 non
1536 1269 1630 1301 posse
1649 1270 1704 1292 nc-

965 1319 1026 1352 que
1052 1310 1187 1350 debere,
1209 1311 1304 1343 etiam
1321 1311 1525 1344 decernimus
1545 1318 1575 1345 et
1597 1313 1702 1346 decla-

964 1374 1083 1396 ramus.
1103 1364 1173 1397 Non
1191 1365 1395 1398 obstantibus
1413 1366 1701 1400 constitutionibus
1736 1379 1851 1424 (xqusuiae
1862 1381 1897 1401 aa·

1715 1412 1763 1429 roga
1776 1413 1835 1426 ortae

964 1422 995 1449 ct
1018 1417 1280 1450 ordinationibus
1317 1420 1530 1461 apostolicis,
1559 1431 1595 1453 ac
1621 1432 1698 1463 quw
1714 1433 1831 1459 [iltssmlae.

964 1481 1102 1513 eumque
1120 1481 1174 1503 seu
1192 1471 1462 1514 quibuscumque,
1477 1472 1538 1505 alia
1553 1475 1600 1506 rel
1616 1475 1700 1515 aliis,

963 1523 1058 1556 simili
1085 1524 1133 1556 vel
1171 1524 1343 1565 dissimili,
1372 1531 1426 1557 aut
1461 1526 1624 1559 similibus
1653 1530 1701 1561 vel

964 1577 1175 1609 dissimilibus
1196 1605 1203 1617 ,
1232 1578 1444 1611 concessione
1469 1590 1523 1611 seu
1562 1591 1700 1614 conces-

939 1629 1129 1669 ‘sionibus‚
1161 1630 1239 1663 alias
1266 1631 1305 1663 dc
1332 1631 1416 1664 dicta
1452 1633 1591 1665 ccclesia
1621 1645 1701 1677 quo-

962 1683 1007 1714 vis
1032 1684 1131 1716 modo
1156 1689 1298 1725 vacante,
1325 1689 1378 1716 aut
1402 1685 1491 1724 alias,
1515 1686 1619 1719 eidem
1647 1688 1701 1721 ba-

962 1735 1071 1769 silicae
1096 1746 1152 1769 seu
1178 1736 1304 1769 dilectis
1342 1737 1416 1770 filiis
1441 1738 1570 1773 Ordinis
1606 1741 1701 1776 Mino-

961 1798 1030 1821 rum
1057 1789 1142 1832 apud
1168 1789 1269 1832 ipsam
1295 1790 1462 1824 basilicam
1487 1792 1697 1836 degentibus,

961 1852 1018 1874 seu
1044 1842 1218 1885 praedictis
1245 1848 1298 1875 aut
1329 1844 1494 1886 quibusvis
1529 1847 1599 1879 aliis
1636 1848 1700 1881 fra-

960 1894 1081 1935 tribus,
1100 1895 1195 1928 etiam
1222 1896 1332 1928 forsan
1350 1907 1450 1940 super
1475 1899 1613 1932 eeclesia
1631 1901 1700 1944 ipsa

960 1960 1018 1992 per
1035 1960 1091 1982 cos
1110 1950 1249 1983 tenenda
1276 1955 1308 1983 et
1332 1952 1494 1994 regenda,
1520 1960 1575 1986 aut
1600 1955 1698 1997 alias,

959 2002 1135 2045 apostolica
1161 2003 1355 2037 auctoritate
1373 2006 1540 2047 praedicta
1566 2018 1699 2051 quomo-

959 2056 1085 2103 dolibet
1109 2056 1220 2097 factis,
1247 2067 1375 2091 necnon
1401 2059 1507 2092 dictae
1543 2061 1697 2096 basilicae

959 2115 990 2142 et
1025 2109 1266 2153 praedictorum
1307 2121 1343 2143 ac
1381 2113 1520 2146 aliorum
1546 2126 1697 2158 quorum-

958 2172 1096 2205 cumque
1107 2162 1274 2203 Ordinum,
1291 2164 1387 2197 etiam
1407 2165 1600 2208 iuramento,
1619 2180 1695 2202 con-

959 2215 1138 2248 firmatione
1166 2217 1362 2258 apostolica,
1383 2219 1431 2250 vel
1459 2220 1570 2262 quavis
1598 2222 1697 2255 tirmi—

958 2273 1021 2301 tate
1046 2269 1109 2301 alia
1134 2269 1316 2310 roboratiS,
1344 2272 1474 2305 statutis
1499 2278 1530 2306 et
1559 2285 1696 2310 consue-

958 2321 1144 2362 tudinibus,
1171 2322 1350 2365 privilegiis
1378 2336 1530 2369 quoque,
1558 2327 1694 2363 indultis

957 2379 989 2406 et
1013 2374 1130 2407 litteris
1164 2377 1353 2418 apostolicis
1388 2379 1543 2413 moderno
1570 2386 1601 2415 et
1637 2394 1695 2426 pro

957 2433 1104 2470 tempore
1130 2428 1280 2461 existenti
1307 2429 1391 2464 tituli
1409 2432 1565 2467 basilicae
1587 2436 1696 2470 huius-

955 2479 1043 2512 modi
1069 2480 1262 2523 presbytero
1288 2483 1458 2525 cardinali,
1484 2495 1614 2520 necnon
1636 2489 1695 2522 fra-

957 2532 1058 2565 tribus
1083 2541 1262 2576 eorumque
1287 2534 1461 2570 Ordinibus
1479 2540 1642 2583 praefatis,
1663 2547 1694 2575 ct

954 2588 1078 2632 populo
1104 2586 1249 2620 Romano
1276 2587 1315 2622 dc
1340 2599 1406 2624 non
1433 2591 1610 2629 obtinendo
1634 2595 1691 2631 bc-

1613 198 1677 231 AOQ
1723 208 1771 234 An.
1793 207 1820 235 C.
1840 208 1906 236 1726
