2170 3147
0 270 7 278 .
27 250 56 278 C.
78 249 146 277 1728

1 1206 140 1232 nugatoriae.

0 2261 71 2291 {ausae
84 2261 145 2282 liuius

0 2293 114 2309 messionis.

148 296 315 341 potestatis
340 295 543 340 plenitudine
569 295 699 339 paribus
733 304 886 328 concesso

149 350 199 382 vel
224 354 389 388 emanato,
409 349 596 392 quempiam
622 349 653 380 in
684 348 803 381 iudicio
837 347 885 379 vel

149 407 239 434 extra
263 402 343 435 illud
368 402 413 434 uti
439 412 495 434 seu
521 412 555 434 se
574 401 682 433 iuvare
702 401 769 432 ullo
790 399 886 431 modo

147 464 290 498 unquam
315 465 434 498 posse,
461 454 569 497 sieque
595 459 626 486 et
646 463 710 486 non
736 453 829 486 aliter
854 453 885 485 in

149 507 336 550 praemissis
360 518 418 551 per
443 517 666 550 quoscumque
692 506 815 539 iudices
841 515 888 538 or-

149 559 294 593 dinarios
332 565 364 592 et
396 560 560 603 delegatos
591 559 687 593 etiam
719 568 886 591 causarum

148 612 259 655 palatii
278 612 449 655 apostolici
468 612 631 644 auditores
649 621 685 644 ac
701 610 886 654 praedictae

148 664 181 697 S.
200 665 237 698 R.
260 665 294 698 E.
317 666 498 699 cardinales
514 665 610 698 etiam
625 665 663 697 de
678 665 780 697 latere
801 663 887 705 lega-

150 723 207 757 tos,
227 723 256 751 et
275 719 355 752 alios
374 718 541 762 quoslibet
558 727 760 761 quacumque
778 725 888 759 prace-

147 770 306 804 minentia
326 776 357 804 ct
381 776 541 814 potestate
567 771 737 813 fungentes
763 774 795 802 et
820 769 888 800 sun-

149 828 284 864 cturos,
316 824 443 856 sublata
472 823 518 856 eis
550 828 581 856 ct
613 833 724 856 eorum
757 821 888 854 cuilibet

149 874 260 917 quavis
285 874 380 907 aliter
404 874 569 907 iudicandi
595 879 625 907 et
649 871 886 916 interpretandi

149 927 299 960 facultate
325 932 356 960 et
379 927 585 965 auctoritate,
614 925 750 959 iudicari
777 931 808 958 et
833 925 888 957 de-

150 979 237 1012 finiri
263 980 405 1018 debere,
434 991 470 1012 ac
497 980 626 1012 irritum
661 985 692 1012 et
727 979 822 1011 inane
860 978 886 1010 si

149 1042 242 1065 secus
268 1043 368 1076 super
392 1033 443 1066 his
463 1043 480 1065 a
497 1043 675 1076 quoquam,
703 1031 814 1074 quavis
832 1041 888 1063 au-

149 1085 321 1125 ctoritate,
350 1085 492 1118 scienter
518 1086 566 1118 vel
592 1085 796 1128 ignoranter,
817 1093 888 1117 con-

149 1139 260 1181 tigerit
284 1138 447 1171 attentari.

194 1191 209 1233 §
235 1191 264 1223 7.
289 1190 358 1224 Non
377 1190 581 1224 obstantibus
599 1190 795 1233 supradictis
815 1190 888 1222 Ale-

150 1244 265 1277 xandri
290 1244 554 1288 praedecessoris
586 1243 720 1281 litteris,
753 1243 887 1286 aliisque

150 1297 434 1331 constitutionibus
463 1302 494 1330 et
519 1296 782 1330 ordinationibus
812 1306 889 1339 apo-

149 1351 283 1391 stoliciS,
301 1361 437 1391 necnon,
451 1355 608 1394 quatenus
627 1360 709 1393 opus
728 1350 782 1389 sit,
800 1359 888 1392 prae-

150 1405 290 1438 fatorum
304 1404 433 1437 Ordinis
444 1409 475 1437 et
485 1404 683 1447 provinciae,
698 1401 886 1443 etiam,ctc.¹

193 1457 308 1490 Datum
333 1457 469 1497 Romae,
487 1456 573 1499 apud
603 1456 635 1489 S.
663 1456 807 1495 Petrum,
827 1454 888 1487 sub

150 1512 269 1545 annulo
302 1510 497 1551 Piscatoris,
535 1510 587 1542 die
622 1519 675 1542 xvi
707 1508 887 1542 decembris

149 1574 348 1605 Muccxxvln,
377 1563 591 1608 pontificatus
614 1561 720 1595 nostri
746 1572 831 1594 anno
856 1572 885 1594 v.

186 1627 246 1654 Dat.
264 1626 309 1653 die
326 1626 358 1654 16
374 1625 530 1654 decembris
553 1624 637 1659 1728,
660 1624 755 1659 pontis.
774 1631 846 1650 anno
863 1631 887 1650 v.

455 1768 579 1802 CCLlll.

155 1848 343 1882 Conceditur
366 1848 506 1891 facultas
536 1847 720 1889 definitorio
744 1846 892 1890 gyencrali

198 1901 464 1944 Conyreqationz's
495 1901 737 1944 Hispaniarum
761 1900 892 1932 canoni-

197 1964 308 1986 corum
331 1953 538 1996 reqularinm
564 1953 697 1987 Ordinis
715 1954 893 1986 Praemon-

198 2006 366 2040 stratensis
394 2007 528 2040 creandi
558 2017 660 2039 mmm
694 2006 834 2039 vocalem
858 2007 894 2039 in

198 2059 339 2104 quolibet
363 2060 507 2103 capitulo
532 2059 712 2103 qeneraw.

330 2139 512 2167 Benedictus
532 2139 612 2173 Papa
635 2138 718 2171 XIII,

294 2184 332 2211 ad
352 2183 488 2211 futuram
508 2183 555 2210 rei
577 2183 759 2210 memoriam.

201 2255 216 2298 ξ,
240 2254 271 2287 1.
300 2254 423 2298 Exponi
448 2253 543 2287 nobis
562 2264 667 2297 nuper
685 2254 834 2286 fecerunt
851 2253 896 2286 di-

156 2308 233 2342 lecti
258 2308 314 2341 filii
340 2308 489 2341 moderni
515 2307 704 2341 definitores
726 2307 895 2349 generales

156 2361 422 2405 Congregationis
458 2360 686 2404 Hispaniarum
725 2360 896 2393 canonico-

191 2459 203 2485 1
227 2457 260 2485 Ut
275 2465 359 2494 supra
375 2465 436 2493 pag.
455 2457 501 2484 471
519 2465 538 2484 α
553 2458 591 2491 (R.
611 2457 662 2491 Τ.).

191 2503 203 2528 1
226 2502 263 2529 De
283 2501 389 2534 habitu,
409 2501 510 2529 missali
537 2505 564 2528 et
582 2501 717 2528 breviario
740 2501 897 2528 Praemon-

155 2547 340 2574 stranensium
356 2547 443 2574 dictae
463 2546 686 2582 Congregationis
706 2545 898 2581 Hispaniarum

157 2591 216 2619 vide
236 2591 379 2619 Clementis
407 2591 438 2618 Xl
468 2594 555 2620 const.
580 2591 625 2621 ed.
646 2597 746 2625 mcccv,
776 2590 819 2620 die
849 2598 897 2619 xxx

157 2635 230 2672 maii,
252 2636 347 2671 pontis.
369 2644 392 2663 v.

730 244 924 270 BENEDlCTUS

951 245 1010 268 xm
1033 245 1084 269 PP.

930 304 999 326 rum
1018 293 1214 336 regularium
1230 293 1359 327 Ordinis
1372 293 1666 326 praemonstraten-

930 346 1029 385 sium,
1050 346 1149 389 quod‚
1170 357 1240 379 cum
1259 347 1290 378 in
1309 346 1394 379 dicta
1407 344 1665 388 Congrcgatione

930 399 1096 432 multoties
1114 400 1319 442 reperiantur
1339 399 1438 441 aliqui
1456 398 1604 431 canonici
1621 408 1668 429 re-

930 453 1059 494 gulares
1086 453 1181 486 titulo
1208 464 1262 485 seu
1285 453 1385 494 gradu
1405 452 1665 494 praedicatorum

931 505 1130 547 generalium
1165 505 1321 548 insigniti,
1348 510 1379 537 et
1400 505 1452 537 alii
1478 506 1594 536 virtute
1631 514 1666 535 ac

930 558 1053 591 meritis
1078 563 1300 601 praestantes,
1331 558 1385 601 qui
1416 567 1610 600 progressus
1635 557 1666 588 in

930 610 1112 644 litterarum
1131 611 1245 643 studiis
1265 611 1381 651 faeere,
1400 611 1571 653 dictaeque
1589 610 1668 642 Con-

931 664 1129 705 gregationis
1156 664 1253 696 decus
1279 674 1315 696 ac
1340 663 1530 706 dignitatem
1548 672 1667 704 angere

931 715 1136 755 adnituntur,
1170 716 1202 748 in
1233 716 1377 758 capitulo
1414 725 1488 748 vero
1525 714 1668 757 generali

931 767 1076 800 eiusdem
1109 768 1378 811 Congregationis
1414 768 1507 811 pauci
1544 768 1669 800 vocales

931 821 1042 854 adesse
1067 827 1324 861 consueverunt,
1350 822 1410 864 ipsi
1443 826 1666 864 exponentes,

932 885 996 917 quo
1022 875 1166 916 religiosi
1198 885 1234 907 ac
1259 874 1406 907 litterarii
1434 873 1591 906 eiusmodi
1620 884 1670 906 ca-

931 927 1123 960 nonicorum
1160 927 1359 969 regularium
1395 926 1523 959 labores
1558 927 1670 969 aliquo

932 980 1095 1023 condigno
1112 981 1257 1023 praemio
1283 980 1456 1019 donentur,
1483 978 1670 1012 delinitorio

932 1034 1076 1076 generali
1104 1033 1247 1065 eiusdem
1278 1032 1549 1075 Congregationis
1576 1041 1670 1063 unum

932 1096 969 1119 ex
994 1085 1167 1129 praedietis
1203 1085 1368 1118 canonicis
1405 1084 1612 1126 regularibus
1639 1085 1670 1116 in

933 1139 1072 1181 singulis
1108 1139 1257 1182 capitulis
1289 1138 1497 1181 generalibus
1529 1138 1671 1170 vocalem

933 1193 1064 1226 creandi
1079 1203 1115 1225 ac
1128 1192 1358 1231 constituendi,
1374 1192 1555 1225 facultatem
1572 1191 1670 1223 tribui

932 1246 1108 1289 plurimum
1140 1245 1342 1278 desiderent:
1375 1244 1467 1277 nobis
1496 1248 1672 1287 propterea

934 1298 1102 1331 humiliter
1140 1297 1317 1341 supplicari
1360 1298 1506 1330 fecerunt
1558 1301 1593 1329 ut
1639 1297 1671 1328 in

932 1352 1120 1395 praemissis
1158 1356 1343 1394 opportune
1380 1350 1550 1394 providere
1584 1355 1615 1383 et
1638 1355 1673 1382 ut

932 1405 1015 1437 infra
1040 1404 1210 1447 indulgere
1247 1404 1286 1437 de
1319 1404 1519 1446 benignitate
1547 1410 1674 1447 aposto-

933 1458 993 1491 liea
1019 1457 1240 1500 dignaremur.

976 1511 991 1553 ξ
1008 1510 1039 1543 ⁶2.
1058 1509 1121 1543 Nos
1138 1509 1247 1552 igitur,
1268 1509 1413 1552 ipsorum
1438 1509 1671 1552 exponentium

932 1628 1124 1661 possumus,
1149 1617 1373 1650 favorabiliter
1399 1627 1542 1650 annuere
1567 1618 1674 1650 volen-

933 1676 1001 1711 tes,
1039 1680 1215 1713 eorumque
1249 1670 1429 1712 singulares
1465 1680 1623 1712 personas
1657 1681 1674 1701 a

933 1724 1098 1767 quibusvis
1116 1722 1469 1761 excommunicationis,
1491 1723 1676 1765 suspensio,

934 1776 982 1810 nis
1013 1781 1045 1809 ct
1074 1774 1267 1815 interdicti,
1309 1774 1445 1817 aliisque
1481 1775 1676 1807 ecclesiasti.

934 1829 978 1862 cis
1015 1828 1207 1867 sententiis,
1241 1827 1387 1860 censuris
1425 1832 1457 1859 et
1490 1827 1621 1870 poenis,
1659 1837 1676 1859 a

934 1882 1003 1916 iure
1027 1883 1077 1915 vel
1104 1881 1142 1913 ab
1168 1880 1302 1913 homine
1320 1906 1327 1919 ,
1361 1880 1473 1923 quavis
1504 1879 1674 1913 occasione

936 1936 986 1968 vel
1011 1935 1107 1967 causa
1133 1934 1216 1973 latis,
1243 1933 1267 1965 si
1294 1933 1410 1976 quibus
1427 1932 1677 1975 quomodolibet

936 1988 1110 2021 innodatae
1135 1987 1298 2026 existunt,
1325 1986 1363 2019 ad
1401 1985 1549 2019 ellectum
1584 1995 1678 2029 prac-

937 2041 1075 2074 sentium
1108 2041 1273 2073 dumtaxat
1303 2039 1593 2082 consequendum,
1621 2039 1677 2071 lia-

937 2105 1007 2127 rum
1025 2094 1109 2127 serie
1136 2093 1340 2125 absolventes
1359 2097 1391 2125 et
1407 2090 1583 2125 absolutas¹
1606 2091 1675 2124 sore

938 2153 1133 2187 censentes,
1161 2145 1349 2179 huiusmodi
1382 2143 1677 2188 supplicationibus

938 2199 1095 2239 inclinati,
1123 2198 1269 2232 eiusdem
1288 2197 1453 2231 modernis
1476 2202 1508 2230 ct
1524 2207 1584 2240 pro
1605 2203 1678 2229 tem-

938 2263 1018 2296 pore
1044 2251 1255 2285 existentibus
1274 2249 1501 2283 deliuitoribus
1519 2249 1678 2291 generali-

938 2307 998 2339 bus
1019 2305 1125 2339 dictae
1142 2303 1410 2347 Congregationis
1427 2302 1655 2346 Hispaniarum
1668 2328 1676 2342 ,

939 2364 974 2390 ut
1009 2357 1069 2401 ipsi
1106 2357 1138 2390 in
1174 2357 1320 2400 quolibet
1355 2356 1497 2399 capitulo
1534 2354 1677 2398 generali

940 2411 1043 2444 dictae
1079 2408 1347 2452 Congrcgationis
1370 2419 1482 2448 ,tutum
1519 2418 1555 2441 ex
1589 2418 1679 2451 prae-

942 2463 1011 2497 fatis
1036 2463 1199 2496 canonicis
1232 2462 1456 2505 regularibus,
1494 2461 1549 2504 qui
1587 2461 1678 2494 titulo

940 2527 996 2550 seu
1021 2517 1125 2560 gradu
1149 2515 1385 2560 praedicatoris
1418 2515 1581 2558 generalis
1607 2514 1679 2547 insi-

941 2569 1050 2614 gnitus
1075 2569 1272 2614 reperiatur,
1291 2573 1346 2602 aut
1370 2568 1448 2602 alias
1474 2568 1622 2602 doctrina
1647 2572 1678 2600 ct

977 2635 988 2660 1
1011 2633 1084 2663 Edit.
1104 2632 1183 2663 Main.
1205 2632 1271 2669 legit
1288 2632 1429 2664 absolutos
1450 2632 1486 2670 (a.
1506 2632 1555 2667 τ,).

1553 234 1616 268 7653
1663 243 1711 269 An.
1736 244 1765 269 c.
1788 244 1857 271 1723

1756 1517 1869 1537 (tanea-sio

1685 1544 1808 1568 praedictae

933 1564 1013 1597 votis
1039 1564 1100 1596 liac
1125 1563 1157 1595 in
1184 1574 1238 1603 re,
1264 1568 1420 1606 quantum
1443 1574 1513 1595 cuni
1534 1563 1672 1596 Domino
1686 1570 1779 1591 cunam.
