2170 3147
263 209 314 233 Αη.
337 209 365 236 c.
386 208 455 236 1720
504 199 566 234 813

1054 208 1234 232 nutantum
1259 207 1416 232 Romami

459 258 530 290 riat.
559 257 643 296 Quae
670 258 778 291 onmia
815 258 899 291 intra
936 267 1081 291 mensem
1107 256 1145 290 ab
1172 268 1205 290 ο-
1226 260 1229 299 l
1248 266 1315 289 rem
1347 257 1377 289 in
1412 257 1467 291 illa
1498 260 1666 302 provincia
1704 261 1872 301 emittant3
1901 271 1993 294 secus

458 311 589 343 mnibus
615 311 718 343 dictae
744 310 933 354 provinciae
961 311 1114 344 fratribus
1140 313 1204 343 tam

459 364 583 406 primae
624 374 719 405 quam
761 364 921 397 secundae
963 363 1205 397 reformationis

458 416 614 460 professis
633 422 664 448 et
681 416 836 459 deinceps
850 417 1052 460 professuris
1069 416 1203 450 omnino

459 469 642 502 executioni
669 470 815 502 mandari
842 469 1004 510 debeant,
1033 481 1105 502 cum
1131 472 1203 502 vera

460 529 487 555 et
505 522 583 555 reali
603 523 824 566 assumptione
844 528 879 555 et
893 523 1057 556 delatione
1073 523 1203 556 babitus

459 581 523 607 tam
549 575 668 608 interni
695 586 789 619 quam
816 576 959 616 externi,
988 581 1085 619 prout
1105 586 1204 619 supra

458 628 640 661 iniunctum
666 629 839 672 reperitur,
864 640 971 672 neque
998 629 1116 662 deinde
1140 630 1204 662 for·
1225 645 1226 654 π

458 693 543 715 mam
578 688 610 716 et
642 682 809 715 materiam
846 683 975 716 babitus
1012 683 1203 716 huiusmodi

458 736 621 769 dimittere
640 736 688 768 vel
709 735 881 769 immutare
896 742 1107 779 praesumant
1124 746 1204 778 quo-

458 789 505 822 vis
529 793 719 832 praetextu,
756 789 815 821 sub
849 791 957 832 poena
989 789 1226 822 θκοοηηῃιιηί-Ἰ

459 843 596 876 cationis
626 854 684 886 per
709 843 994 876 contravenientes
1020 843 1092 887 ipso
1119 844 1202 876 facto
1224 846 1226 887 2}

458 897 667 936 incurrentia,
689 896 779 929 cuius
800 897 1039 930 absolutionem
1058 897 1152 930 nobis
1172 902 1204 930 et
1224 889 1226 918 ³

459 950 612 983 Romanis
639 949 849 983 Pontificibus
876 950 1121 983 successoribus
1147 961 1203 983 no-

458 1003 532 1036 stris
551 1013 767 1036 rcservamus.
785 1023 828 1026 —
846 1014 887 1037 vt.
905 1003 972 1042 Quo
992 1014 1067 1036 vero
1087 1004 1202 1036 fratres
1224 1017 1225 1020 ¹

457 1056 672 1099 primodietae
704 1057 944 1090 reformationis
976 1057 1072 1090 lmins
1103 1057 1203 1090 refor-

457 1109 611 1142 mationis
630 1109 739 1152 iugum
759 1109 925 1142 lubentius
949 1110 1102 1150 subeant,
1126 1121 1203 1143 con·
1224 1114 1226 1123 '

459 1162 603 1195 ccdimus
619 1162 833 1205 exprioribus,
845 1162 1105 1206 provincialibus
1121 1163 1204 1195 aliis·
1224 1162 1226 1183 ²

459 1226 522 1259 que
542 1215 706 1255 fratribus,
723 1215 777 1259 qui
796 1216 1009 1259 reperiuntur
1027 1217 1058 1248 in
1078 1227 1204 1259 posses·
1225 1242 1226 1254 i

458 1269 550 1301 sione
583 1278 638 1301 seu
665 1269 754 1311 quasi
780 1269 992 1312 possessione
1020 1270 1200 1312 graduum,

457 1322 810 1365 praeeminentiarum,
838 1324 1141 1366 praecedentiarum
1173 1330 1204 1357 et

458 1375 698 1408 ‹lefinitoriatus
723 1376 889 1419 perpetui,
907 1382 940 1409 ut
962 1376 1036 1419 ipsi,
1062 1378 1124 1410 vita
1151 1387 1205 1410 eo-

457 1439 528 1461 rum
556 1429 696 1461 naturali
720 1429 867 1469 durante,
886 1430 917 1462 in
936 1431 1050 1463 eadem
1068 1440 1200 1474 posses-

457 1481 548 1514 sione
568 1492 625 1515 seu
646 1483 736 1526 quasi
752 1483 963 1525 possessione
981 1482 1152 1516 remanere
1172 1490 1202 1517 et
1224 1483 1225 1498 ³

457 1535 650 1568 continuare
676 1536 820 1578 possint,
847 1536 981 1569 sublatis
1008 1539 1202 1580 ceteroquin

457 1588 610 1620 omnibus
636 1588 707 1621 aliis
732 1589 1000 1632 praeeminentiis
1024 1590 1204 1632 privilegiis

457 1642 732 1685 quibuscumque,
753 1641 794 1674 ita
813 1643 899 1685 quod
919 1643 1026 1675 nullus
1046 1643 1201 1686 deinceps

457 1695 488 1727 in
501 1695 586 1728 dicta
598 1695 827 1728 reformatione
841 1697 942 1729 ullum
958 1697 1094 1739 gradum
1108 1698 1203 1729 susci·
1223 1714 1224 1720 κ

457 1759 535 1791 pere
551 1754 583 1780 et
601 1749 727 1791 assequi
745 1741 861 1792 possit,
879 1749 940 1782 nisi
955 1750 1090 1783 servatis
1106 1751 1201 1784 niodo
1222 1767 1224 1777 =

458 1807 489 1835 et
515 1801 635 1841 forma,
675 1808 706 1835 et
744 1803 928 1846 adimpletis
959 1803 1202 1837 conditionibus

457 1865 492 1888 ac
518 1856 635 1888 ceteris
661 1855 832 1895 omnibus,

457 1908 746 1941 constitutionibus
789 1911 992 1953 praescripta
1034 1910 1202 1953 reperiun-

458 1967 520 1994 tur.
539 1979 580 1985 —
599 1971 654 1994 vn.
673 1961 859 1995 Mandanius
878 1973 1008 2006 quoque
1036 1963 1200 1996 executori
1222 1977 1223 2008 ζ

457 2014 641 2058 praedicto,
663 2019 707 2054 nt,
733 2020 807 2057 post
833 2015 1019 2048 earumdem
1046 2026 1200 2058 praesen-
1222 2037 1223 2048 i

458 2068 536 2100 tium
558 2068 737 2100 litterarum
755 2070 1065 2112 promulgationem,
1086 2070 1200 2102 fratres

456 2121 643 2164 provinciae
670 2122 833 2164 praefatae
860 2122 892 2154 in
919 2123 1022 2165 prima
1049 2123 1201 2155 reforma-

457 2174 545 2207 tione
572 2174 752 2217 professos,
780 2176 828 2207 vel
848 2176 887 2208 ad
906 2175 994 2208 illam
1014 2176 1051 2209 de
1071 2176 1199 2209 licentia

457 2228 553 2260 liuius
589 2228 725 2261 Sanctae
751 2228 842 2261 Sedis
871 2231 1067 2268 translatos,
1106 2230 1199 2262 enixe

456 2286 596 2321 moneat,
624 2281 722 2324 quod,
748 2281 836 2314 iuxta
868 2283 1091 2325 praesentium
1119 2283 1201 2316 litte-

458 2345 566 2367 rarnm
601 2335 733 2375 scriem,
761 2343 924 2368 enarratas
950 2336 1199 2369 constitutiones
1221 2339 1222 2356 ³

457 2387 668 2420 iureiurando
693 2394 873 2431 acceptent,
902 2399 936 2421 ac
957 2389 1148 2432 promittant
1165 2400 1199 2422 se

456 2439 530 2472 illas
556 2441 594 2472 ad
621 2441 760 2473 litteram
793 2442 942 2483 amplecti
969 2449 1000 2474 ct
1027 2442 1135 2474 ‹tit-ina
1161 2444 1200 2474 fa-

457 2498 550 2524 vente
569 2494 670 2534 gratia
686 2492 826 2525 fideliter
840 2494 1082 2533 observaturos,
1104 2495 1200 2528 idcin-

456 2555 518 2587 que
553 2545 769 2578 iuramentum
803 2548 1016 2590 praestabunt
1044 2558 1198 2588 omnncs,

866 1867 949 1899 quae
982 1856 1014 1888 in
1048 1857 1224 1900 praefatisz

1223 1503 1225 1517 l

1223 1519 1225 1534 Ι

1223 1565 1225 1578 l

1249 319 1325 342 vero
1352 310 1515 344 eiusmodi
1541 313 1714 347 monitioni
1750 314 1990 358 obsequentes,

1250 362 1303 405 qui
1329 363 1361 396 in
1389 363 1448 396 hac
1474 364 1704 400 reformatione
1730 368 1994 409 permanebunt,

1248 415 1390 458 benigne
1409 427 1445 449 ac
1462 417 1616 459 peculiari
1636 419 1795 453 charitate
1815 425 1993 454 tractentur

1225 474 1265 501 ffa
1297 469 1541 512 superioribus,
1575 471 1669 505 sicuti
1702 473 1798 506 etiarn
1832 473 1865 506 in
1897 474 1992 507 dictis

1249 522 1537 556 constitutionibus
1555 525 1663 567 quoad
1684 525 1829 560 infirmos
1847 532 1991 560 cavetur.

1248 575 1286 607 Et
1311 576 1336 608 si
1363 576 1417 619 qui
1445 587 1480 609 ex
1508 578 1664 611 fratribus
1690 580 1813 623 primae
1838 580 1994 614 reforma-

1250 628 1345 661 tionis
1373 628 1485 661 forsan
1513 629 1624 673 (quod
1651 631 1756 675 absit>
1787 632 1994 676 acquiescere

1248 692 1304 715 seu
1332 694 1450 726 parere
1486 684 1680 725 noluerint,
1717 685 1903 720 facultatem
1941 688 1994 720 tri-

1248 735 1377 769 buimus
1403 736 1508 770 eidem
1554 739 1719 772 executori
1752 739 1917 773 licentiam
1946 740 1992 774 eis

1248 789 1449 823 concedendi
1489 792 1678 825 transeundi
1711 792 1751 825 ad
1788 793 1884 826 aliam
1916 804 1993 838 pro-

1250 842 1386 875 vinciam
1424 843 1499 876 dieti
1536 843 1684 885 Ordinis,
1722 845 1787 879 sive
1826 846 1921 880 ctiam
1954 847 1993 880 ad

1248 895 1346 928 alium
1371 895 1524 930 Ordinem
1551 908 1587 930 ex
1609 898 1878 940 Mendicantibus,
1904 899 1994 934 dum-

1248 949 1343 982 modo
1369 949 1459 993 prius
1486 950 1661 985 benevolos
1688 957 1878 996 receptores
1903 953 1993 987 inve-

1249 1002 1368 1036 nerint.
1395 1023 1438 1026 —
1466 1015 1531 1038 rin.
1559 1004 1620 1038 Alii
1646 1005 1763 1039 fratres
1788 1007 1821 1038 in
1847 1007 1994 1041 secunda

1249 1056 1482 1090 reformatione
1500 1058 1651 1100 professi,
1668 1060 1717 1091 vel
1736 1059 1774 1092 ad
1796 1070 1866 1092 eam
1885 1060 1992 1103 legiti-

1247 1120 1299 1143 me
1320 1111 1473 1151 translati,
1490 1117 1647 1154 qnatenus
1665 1113 1753 1145 illam
1771 1113 1988 1154 deseruerint,

1248 1163 1284 1195 ad
1318 1163 1455 1206 primam
1487 1164 1754 1198 reformationem
1789 1176 1993 1211 quacumque

1249 1227 1284 1248 ex
1313 1220 1408 1249 eausa
1440 1217 1489 1250 vel
1522 1218 1633 1251 colore
1667 1218 1737 1252 sine
1764 1219 1868 1253 dictae
1901 1219 1993 1253 Sedis

1248 1268 1379 1302 licentia
1417 1269 1623 1310 transierint,
1659 1282 1675 1303 a
1707 1279 1889 1306 memorato
1923 1283 1994 1307 exe-

1248 1328 1379 1363 cutore,
1406 1324 1502 1356 etiam
1527 1325 1589 1357 snb
1620 1326 1767 1358 censuris
1805 1332 1836 1359 et
1875 1327 1992 1369 poenis

1248 1377 1502 1418 ecclesiasticiS,
1540 1378 1778 1422 compellantur
1807 1380 1847 1413 ad
1884 1380 1993 1414 obser-

1248 1430 1385 1463 vandum
1423 1431 1501 1463 alias
1538 1431 1577 1464 ab
1614 1431 1660 1464 eis
1698 1432 1927 1476 praestitutum
1962 1437 1994 1466 et

1246 1484 1472 1517 renovandum
1500 1484 1716 1530 iuramentum
1743 1486 1782 1519 de
1805 1486 1897 1520 dietis
1915 1497 1995 1520 con-

1246 1537 1472 1570 stitutionibus
1506 1539 1756 1573 reformatorum
1790 1551 1893 1583 pure,
1917 1541 1993 1574 sim-

1247 1591 1377 1634 pliciter
1403 1596 1435 1623 et
1459 1591 1499 1624 ad
1525 1591 1666 1625 litteram
1690 1598 1838 1636 utsupra
1863 1603 1992 1627 servan-

1247 1644 1309 1676 dis.
1330 1663 1374 1667 -
1399 1654 1441 1677 1x.
1469 1643 1507 1676 Et
1533 1644 1607 1687 qnia
1634 1644 1796 1678 eiusmodi
1822 1646 1992 1689 provincia

1247 1696 1488 1729 Pedemontana
1514 1697 1612 1730 veluti
1635 1698 1760 1731 unitum
1787 1708 1906 1742 corpus
1931 1700 1989 1732 sub

1246 1761 1310 1783 uno
1336 1750 1458 1794 capite,
1485 1750 1594 1793 priore
1620 1751 1745 1785 seilicet
1779 1752 1991 1795 provinciali,

1246 1803 1332 1836 iuxta
1350 1803 1512 1847 praefatas
1528 1804 1779 1838 constitutiones
1798 1805 1830 1837 in
1847 1806 1991 1839 futurum

1246 1857 1313 1900 regi
1334 1863 1364 1890 et
1383 1857 1559 1899 gubernari
1579 1858 1686 1898 debet,
1706 1868 1774 1899 nos,
1789 1859 1898 1892 vicarii
1918 1871 1992 1904 pro-

1245 1909 1391 1943 vincialis
1411 1909 1613 1954 aliorumque
1639 1911 1864 1945 ministrorum
1883 1913 1991 1946 officia

1245 1963 1498 2006 supprimentes,
1528 1964 1718 1997 mandamus
1747 1965 1824 2009 eligi
1849 1965 1881 1998 in
1908 1966 1990 2010 capi·

1246 2016 1320 2049 tulis
1351 2016 1607 2059 provincialibus
1639 2018 1781 2060 priorem
1811 2018 1990 2061 provincia-

1246 2071 1307 2103 lem
1335 2081 1406 2102 eum
1444 2069 1615 2103 assistente
1653 2076 1685 2104 et
1716 2076 1856 2114 quatuor
1880 2071 1990 2105 defini-

1247 2123 1370 2156 toribus
1398 2133 1433 2156 ac
1459 2123 1530 2156 aliis
1549 2124 1744 2158 officialibus
1769 2124 1855 2158 iuxta
1872 2130 1990 2159 statuta

1244 2187 1302 2208 seu
1329 2177 1582 2210 constitutiones
1609 2177 1686 2211 dicti
1712 2177 1841 2211 Ordinis
1867 2178 1901 2211 B.
1930 2178 1990 2212 Ma-

1245 2230 1311 2262 riae
1338 2231 1378 2262 de
1404 2230 1511 2263 Monte
1538 2230 1704 2272 Carme103
1730 2236 1839 2275 atque,
1867 2235 1990 2266 attenta

1245 2282 1393 2316 nullitate
1416 2283 1593 2326 supradicti
1623 2284 1752 2326 capituli
1780 2283 1989 2328 provincialis

1244 2335 1461 2374 laurinensis,
1489 2335 1724 2369 connnittinius
1750 2337 1894 2380 praefato
1920 2347 1988 2370 exe-

1245 2388 1366 2428 cutori,
1395 2394 1429 2420 nt
1455 2399 1512 2421 eos
1539 2389 1673 2427 fratres,
1709 2391 1763 2433 qui
1791 2390 1822 2422 in
1849 2390 1986 2433 epistola

1244 2441 1446 2475 Secretariae
1474 2448 1603 2475 nostrae
1624 2443 1730 2476 Status
1749 2443 1776 2476 ei
1796 2443 1916 2476 directa
1934 2443 1987 2477 de-

1243 2495 1421 2536 signantur,
1442 2495 1474 2528 in
1498 2495 1643 2538 priorem
1669 2496 1918 2540 provincialem,
1941 2507 1987 2530 as-

1243 2548 1427 2588 sistentem,
1454 2554 1593 2591 quatuor
1618 2549 1806 2582 definitores
1831 2555 1863 2582 et
1888 2549 1986 2593 magi-

455 2597 509 2640 qui
536 2597 567 2629 in
594 2604 759 2640 posterum
796 2601 1034 2643 professionem
1074 2602 1198 2644 rcgula-
1242 2606 1346 2634 strum
1371 2602 1566 2636 norinorum
1592 2613 1652 2646 pro
1680 2603 1811 2636 residuo
1838 2607 1984 2646 tempore

1997 213 2047 239 An.
2069 213 2099 240 C.
2115 214 2170 244 ¹⁷29
