2170 3147
223 200 272 228 Aa.
294 200 323 227 c,
344 200 409 226 tm
455 191 498 224 at

998 196 1179 221 arrmmru

418 260 479 282 nus
505 250 592 292 gravi
615 254 646 282 et
671 248 856 292 periculoso
881 246 996 280 morbo
1022 246 1157 286 laborat,

418 303 507 336 illico
528 302 699 346 episcopus
721 300 896 335 cardinalis
921 299 1086 343 antiquior
1107 299 1160 331 ab·

419 367 515 396 sens,
541 355 593 399 qui
620 355 682 399 ipsi
708 355 740 387 in
767 355 922 388 decanatu
950 362 1159 385 successurus

419 412 478 449 est,
506 408 684 441 amicorum
710 407 826 440 litteris
853 407 890 439 ad
916 406 1036 439 Urbem
1064 415 1161 448 quan-

419 462 548 495 tocitius
576 460 790 504 repetendum
819 460 987 498 incitatur,
1021 463 1056 490 ut
1081 463 1161 491 tem-

419 525 498 559 pore
526 515 634 548 obitus
667 515 814 547 eiusdem
846 512 1020 545 cardinalis
1046 512 1160 545 decani

420 568 450 601 in
477 568 624 601 Romana
648 567 740 601 Curia
766 577 922 610 praeseus
944 565 995 605 sit,
1013 565 1160 608 adeoque

419 623 458 654 ad
477 632 548 655 eum
574 632 610 654 ex
637 621 789 654 Paulinae
810 619 1050 653 constitutionis
1068 629 1158 662 prae-

419 675 540 718 scripto
566 675 745 707 decanatus
770 673 953 712 deseratur;
981 672 1067 705 unde
1094 681 1159 704 non
1183 668 1185 690 ⁴

419 728 488 760 sine
506 727 595 770 gravi
620 727 783 760 bonorum
810 725 991 759 offensione
1011 731 1042 757 et
1059 726 1161 758 eecle-

420 781 569 814 siasticae
589 780 778 823 disciplinae
797 780 1007 818 detrimento,
1028 779 1059 810 in
1077 778 1161 810 Urbe

420 834 620 878 conspicitur
656 834 830 877 episcopus
868 831 1041 865 cardinalis
1074 830 1158 863 anti-

420 888 522 931 quior,
542 888 572 920 in
593 888 750 920 decanatu
772 886 920 930 proxime
939 894 1160 922 successurus,

421 941 474 984 qui
503 941 678 973 cardinalis
709 939 821 973 decani
856 937 1053 981 aegrotantis
1082 943 1187 973 mor-t

421 1000 484 1027 tem
510 999 669 1038 expectat,
688 999 722 1026 ut
747 993 786 1026 ad
814 992 917 1036 ipsum
947 990 1089 1033 dignitas
1113 999 1164 1022 va-

421 1053 531 1080 catura
564 1047 733 1086 deveniat,
761 1051 875 1078 eontra
912 1042 1163 1076 saluberrimum

421 1100 649 1134 Lateranensis
674 1098 808 1132 Concilii
838 1097 997 1130 monitum
1023 1096 1163 1128 relatum

421 1154 453 1186 in
479 1164 549 1197 cap.
577 1162 599 1185 11
625 1152 670 1185 De
705 1150 903 1184 concessione
932 1147 1135 1192 praebendae
1152 1175 1161 1187 ,

421 1208 513 1240 cuius
539 1205 635 1239 verba
671 1210 770 1238 sunt:
797 1205 844 1237 Ne
880 1203 1065 1236 desiderare
1089 1202 1165 1245 quis

421 1265 552 1293 mortem
578 1258 726 1303 proximi
749 1257 910 1297 videatur,
935 1257 971 1289 in
996 1256 1089 1288 cuius
1122 1255 1166 1287 Io-

421 1325 492 1346 cum
517 1318 545 1346 el
570 1312 757 1354 beneficium
787 1322 818 1343 se
847 1309 1020 1343 crediderit
1044 1319 1166 1341 succes-

421 1377 546 1400 suram.
578 1366 655 1400 Cum
681 1365 767 1397 enim
794 1365 829 1397 in
855 1363 937 1407 ipsis
962 1362 1060 1395 eliam
1088 1361 1167 1405 leoi-

423 1421 480 1453 luis
516 1419 692 1463 yeiztilium
733 1418 922 1450 inveniatur
959 1415 1164 1455 inlu'bz'lmn,

424 1479 516 1517 turpe
541 1477 585 1506 est
611 1477 638 1505 et
662 1471 771 1504 (livini
800 1471 936 1514 plenum
962 1468 1168 1502 ctizimaclcer-

422 1527 512 1560 sione
536 1526 668 1563 iudicii,
696 1526 724 1557 si
751 1525 854 1557 Iocum
882 1524 917 1556 in
942 1522 1083 1556 Ecclesia
1109 1521 1169 1554 Dei

422 1582 556 1624 futurae
587 1579 794 1612 successionis
827 1576 1004 1620 csrpeclatio
1031 1575 1165 1615 habeat,

424 1644 525 1678 quam
558 1633 623 1676 ipsi
655 1632 754 1665 etiam
785 1630 921 1674 yenliles
953 1628 1168 1662 condemnare

424 1689 586 1718 curarunt
601 1694 610 1716 .·

1204 196 1359 220 neutrum

1203 251 1303 278 strum
1329 243 1536 278 moventibus
1569 243 1698 276 adducti
1715 270 1722 281 ‚
1748 242 1809 275 hac
1833 241 1946 274 nostra

1203 304 1364 342 perpetuo
1382 297 1515 331 valitura
1533 297 1766 331 constitutione
1781 295 1944 328 sancimus

1204 357 1299 394 atque
1326 351 1541 392 decernimus,
1563 351 1649 394 quod
1676 350 1849 393 episcopus
1876 359 1946 381 car-

1205 404 1322 437 dinalis
1347 405 1534 447 antiquior,
1561 404 1616 448 qui
1650 405 1714 436 una
1739 413 1810 436 cum
1837 401 1946 444 aliqua

1205 468 1241 490 ex
1268 458 1515 490 cathedralibus
1551 456 1785 490 suburbicariis
1823 454 1945 498 praesa·

1207 512 1244 545 tis
1265 512 1295 544 in
1315 512 1441 545 titulum
1459 511 1679 544 cardinalibus
1704 507 1945 552 antiquioribus

1205 565 1364 608 assignari
1391 564 1496 597 solitis
1528 564 1622 597 aliam
1655 561 1811 596 retinebit
1835 561 1947 594 cathe-

1205 618 1330 651 dralem
1364 628 1419 650 seu
1451 616 1737 660 metropolitanam
1774 615 1946 649 ecclesiam

1206 672 1237 704 in
1264 670 1581 704 administrationem
1597 697 1604 710 ,
1635 669 1812 703 dummodo
1837 674 1946 702 tamen

1184 756 1186 774 e
1206 725 1290 768 apud
1333 725 1434 767 ipsam
1473 724 1740 757 secundodictam
1776 723 1947 756 ecclesiam

1206 779 1425 821 personaliter
1449 777 1590 810 resideat
1608 781 1755 820 tempore
1773 775 1948 809 vacationis

1185 837 1186 843 ¹
1207 832 1382 864 decanatus
1409 830 1556 864 eiusdem
1573 830 1654 863 sacri
1681 830 1822 872 collegii,
1840 829 1879 862 de
1901 839 1950 862 ce-

1185 886 1186 910 3
1208 890 1276 917 tero
1295 885 1333 917 ad
1348 884 1454 927 ipsum
1473 884 1669 917 decanatum
1687 883 1812 916 admitti
1831 882 1968 921 debeat,

1209 943 1240 970 et
1265 937 1462 977 admittatur,
1482 936 1619 980 perinde
1646 946 1682 969 ac
1702 936 1726 969 si
1754 939 1946 968 occurrente

1208 991 1293 1024 illius
1318 990 1484 1024 vacatione
1512 991 1544 1023 in
1570 989 1715 1023 Romana
1740 988 1834 1022 Curia
1860 998 1949 1031 prae-

1208 1054 1281 1077 sens
1308 1043 1439 1083 fuisset,
1466 1044 1548 1076 itaut
1572 1042 1718 1075 absentia
1743 1041 1782 1074 ab
1807 1041 1891 1074 Urbe
1909 1041 1948 1074 ad

1209 1098 1420 1141 praemissum
1436 1096 1582 1129 effectum
1595 1097 1623 1129 ei
1636 1096 1821 1128 nullatenus
1833 1094 1948 1128 obesse

1209 1150 1331 1193 possit:
1359 1150 1437 1192 quin
1463 1149 1559 1182 etiam
1584 1149 1733 1182 volumus
1758 1153 1789 1181 et
1807 1148 1950 1181 declara·

1209 1214 1298 1241 mus,
1326 1203 1431 1246 ipsum
1458 1203 1648 1235 decanatum
1674 1202 1712 1234 ad
1748 1200 1951 1244 praedictum

1209 1257 1397 1299 episcopum
1423 1255 1623 1287 cardinalem
1650 1253 1871 1297 antiquiorem
1895 1252 1951 1286 ab·

1210 1315 1353 1348 sentem,
1374 1314 1406 1341 et
1423 1308 1507 1351 apud
1533 1307 1676 1350 priorem
1702 1307 1890 1346 ecclesiam,
1915 1309 1952 1338 ut

1210 1362 1416 1406 praefertur,
1442 1366 1511 1393 actu
1541 1360 1760 1399 residentem,
1785 1359 1856 1402 ipso
1882 1359 1951 1391 iure

1211 1415 1362 1448 devenire
1388 1414 1510 1448 debere
1531 1424 1569 1446 eo
1596 1423 1730 1456 prorsus
1755 1412 1868 1452 modo,
1887 1421 1952 1455 quo

1210 1469 1243 1501 in
1268 1469 1401 1501 Paulina
1427 1467 1657 1500 constitutione
1689 1466 1728 1499 ad
1761 1465 1951 1509 episcopum

1211 1522 1410 1556 cardinalem
1437 1520 1656 1564 antiquiorem
1685 1519 1718 1552 in
1743 1519 1837 1553 Curia
1860 1529 1953 1562 prae-

1211 1582 1349 1615 sentem,
1368 1580 1423 1608 aut
1441 1585 1478 1607 ex
1505 1576 1599 1607 causa
1624 1573 1757 1617 publica
1774 1573 1951 1613 absentem,

1213 1634 1244 1662 et
1265 1634 1355 1662 extra
1380 1627 1506 1661 Curiam
1533 1637 1591 1670 per
1616 1626 1797 1659 Romanum
1824 1623 1955 1659 Pontifi-

1211 1693 1280 1716 cem
1299 1682 1495 1715 destinatum
1509 1708 1516 1721 ‚
1538 1679 1689 1713 devenire
1708 1679 1825 1713 debere
1844 1679 1954 1712 decer-

1950 191 1998 219 Αη.
2019 192 2049 218 C.
2066 192 2131 220 ¹725

234 1748 413 1783 ,meermanni
468 1739 483 1782 ἓ
508 1738 539 1771 5.
566 1737 627 1770 Nos
654 1737 785 1780 itaque,
813 1735 868 1778 qui
895 1734 1013 1768 deinde
1040 1733 1169 1777 praedi-

230 1776 513 1838 iiikf''”pr2'¹§g{;{'s;};0t011]
533 1791 615 1824 sacri
635 1790 767 1833 collegii
790 1788 1004 1822 cardinalium
1030 1788 1168 1820 decana-

230 1832 344 1855 pmmw'
427 1852 493 1879 tum
509 1846 630 1889 absque
652 1846 717 1878 ulla
735 1842 949 1877 contentione
969 1841 1168 1874 obtinuimus

427 1900 468 1933 ob
494 1899 579 1933 illius
606 1898 808 1931 vacationem
847 1895 1019 1929 retroactis
1051 1895 1191 1927 mensi-¹

425 1955 486 1986 bus
510 1958 652 1985 secutam
680 1962 736 1994 per
762 1950 887 1983 obitum
913 1947 1082 1981 memorati
1101 1957 1169 1980 car-

428 2007 544 2040 dinalis
563 2005 691 2038 Tanarii
719 2004 843 2042 decani,
872 2003 947 2035 dum
970 2002 1002 2033 in
1024 2001 1169 2033 Romana

427 2060 519 2093 Curia
537 2064 727 2103 praesentes
746 2067 899 2096 essemus,
919 2061 948 2088 et
966 2055 997 2087 in
1013 2054 1169 2093 conclavi,

1211 1736 1307 1776 nitur,
1326 1735 1370 1768 ita
1388 1734 1475 1778 quod
1493 1734 1579 1766 inter
1597 1744 1652 1767 eos
1671 1733 1795 1766 nullum
1815 1731 1953 1775 amplius

1212 1789 1386 1822 discrimen
1413 1798 1468 1820 seu
1496 1785 1679 1820 differentia
1712 1784 1952 1819 constituatur:

1211 1853 1246 1875 ac
1266 1842 1308 1874 ita
1333 1840 1500 1884 perpetuis
1527 1839 1642 1872 suturis
1660 1838 1861 1882 temporibus
1885 1847 1952 1871 ser-

1212 1894 1277 1928 vari
1303 1893 1523 1937 praecipimus
1550 1898 1580 1925 et
1604 1892 1808 1924 mandamus.

1257 1948 1271 1990 g
1296 1946 1327 1979 6.
1351 1946 1521 1979 Praeterea
1539 1944 1694 1988 expedire
1720 1948 1892 1978 censentes
1918 1948 1953 1976 ut
1971 1951 2069 1972 Totmur
2080 1953 2142 1976 ‘1⁰⁵⁰-

1213 2012 1229 2034 e
1255 2001 1363 2034 medio
1389 2000 1523 2033 tollatur
1542 2009 1576 2031 ac
1594 1998 1722 2041 penitus
1745 1978 2141 2040 extinguatur25223222‘21553

1190 2037 1192 2052 Ι
1214 2054 1277 2087 alia
1291 2053 1416 2097 pariter
1431 2051 1650 2085 controversia
1669 2050 1755 2089 alias,
1771 2050 1854 2083 sicut
1866 2060 1956 2094 prae-
1968 2032 2142 2077 ῗῗῖἶτῗῖιιῗῖἷιιῗῖῗῖἷ

427 2114 494 2153 ubi,
520 2113 626 2147 divina
644 2112 689 2145 sic
708 2112 903 2155 disponente
925 2108 1113 2148 clementia,
1131 2107 1169 2140 ad
1190 2099 1192 2107 Α
1215 2107 1361 2147 mittitur,
1379 2106 1515 2139 excitata
1541 2110 1572 2138 et
1598 2115 1662 2137 non
1689 2103 1830 2143 definita,
1850 2109 1957 2136 utrum

428 2166 543 2200 summi
569 2166 770 2209 apostolatus
797 2163 960 2206 fastigium
987 2161 1087 2195 evecti
1113 2160 1172 2193 sui-
1192 2187 1193 2207 ,
1215 2160 1352 2199 scilicet,
1381 2160 1411 2191 in
1438 2158 1643 2191 assecutione
1662 2167 1760 2200 saepe
1789 2156 1957 2189 memorati

429 2231 509 2259 mus,
536 2219 778 2263 reperiremur:
801 2215 986 2260 praemissis
1010 2213 1172 2254 omnibus,
1192 2211 1193 2217 ¹
1216 2214 1400 2251 decanatus,
1417 2211 1591 2245 cardinalis
1606 2210 1770 2253 antiquior
1784 2210 1815 2242 in
1833 2209 1956 2253 episco-

430 2278 587 2316 quantum
614 2282 685 2304 cum
704 2270 839 2303 Domino
861 2278 1046 2312 possumus,
1066 2276 1173 2300 occur·
1193 2257 1194 2305 J
1215 2272 1292 2310 patu
1316 2265 1551 2304 suburbicario,
1572 2270 1603 2296 et
1624 2264 1730 2297 iunior
1755 2264 1788 2296 in
1813 2263 1960 2296 cardina-

430 2335 503 2359 rere
532 2330 564 2358 et
589 2324 742 2364 obviare,
769 2334 804 2356 ac
834 2322 913 2355 alias
948 2321 1090 2364 desuper
1116 2330 1173 2363 op·
1217 2321 1302 2359 latu,
1324 2318 1562 2363 praeferendus
1589 2317 1630 2350 sit
1655 2316 1812 2350 cardinali
1838 2315 1958 2349 iuniori

429 2384 568 2422 portune
595 2378 767 2421 providere
794 2378 956 2410 volentes:
985 2380 1073 2408 motu
1099 2385 1173 2417 pro·
1217 2376 1249 2408 in
1275 2375 1462 2418 episcopatu
1496 2373 1553 2406 sed
1587 2371 1765 2415 antiquiori
1799 2371 1830 2403 in
1856 2370 1959 2403 cardi-

430 2432 503 2475 prio
529 2437 559 2464 et
584 2441 619 2464 ex
642 2433 730 2464 certa
756 2430 887 2463 scientia
911 2440 946 2461 ac
969 2429 1096 2461 matura
1123 2427 1173 2460 de·
1217 2429 1340 2467 nalem,
1370 2428 1417 2459 vel
1446 2437 1461 2459 e
1488 2431 1617 2465 contra,
1644 2430 1742 2464 motu,
1769 2423 1903 2457 scientia
1928 2427 1960 2456 et

431 2485 625 2518 liberatione
658 2483 801 2522 nostris,
830 2483 933 2525 deque
972 2481 1171 2524 apostolicae
1217 2480 1388 2523 potestatis
1412 2478 1616 2522 plenitudine
1643 2476 1813 2516 similibus,
1833 2475 1959 2518 praela-

431 2538 601 2582 potestatis
629 2535 1011 2579 plenitudine,praefatis
1037 2534 1172 2577 aliisque
1218 2533 1339 2565 tionem
1376 2531 1488 2564 deberi
1527 2529 1684 2563 cardinali
1722 2528 1894 2572 antiquiori
1924 2528 1957 2559 in

432 2590 524 2624 iustis
544 2595 574 2622 et
592 2588 803 2622 rationalibus
823 2588 928 2621 causis
955 2587 1095 2620 animum
1116 2596 1173 2620 no·
1217 2585 1425 2628 episcopatu,
1453 2584 1528 2617 lieet
1553 2583 1596 2615 sit
1619 2582 1727 2616 iunior
1752 2581 1784 2613 in
1809 2579 1958 2615 cardina‘
