2139 3142
413 329 510 363 XCIV.
535 326 689 360 Statuitur
706 324 822 369 quibus
840 324 981 357 ecelesiis
1001 324 1115 357 calices
1130 330 1160 357 et

502 380 584 414 cerei
611 389 628 411 a
650 384 759 411 senatu
796 378 977 421 populoque
1014 378 1159 411 Romano

502 434 533 466 in
560 438 723 475 posterum
749 430 940 469 offerantur,
967 429 1045 463 ε269.

414 486 501 520 XCV.
521 486 633 519 Unitur
653 484 865 526 Congregatio
892 483 1059 516 Doctrinae
1075 483 1160 516 Chri-

501 539 622 571 stianae
648 537 736 580 regni
753 537 900 579 Neapolis
918 536 1007 568 alteri
1030 536 1160 569 Arenio-

500 592 589 624 nensi
609 602 679 622 cum
699 590 888 633 quibusdam
907 588 1160 622 ordinationibus

502 651 532 678 et
557 643 834 682 concessionibus,
859 642 935 675 ⁶270.

413 698 512 732 XCVI.
539 698 726 731 Statuuntur
751 696 900 729 nonnulla
917 696 953 727 ad
968 695 1086 728 bonum
1105 705 1160 728 an-

503 761 604 784 nonae
631 750 772 792 regimen
805 755 835 781 et
869 749 899 781 iu
933 748 979 781 rei
1015 748 1160 791 agrariae

502 804 693 836 beneficium
710 831 717 843 ,
742 802 818 836 0277.

414 858 527 891 XCVII.
552 858 735 890 Publieatur
766 856 939 889 Concilium
966 856 1160 898 Romanum,

503 909 580 943 284.

414 964 540 998 XCVIII.
556 964 790 997 Confirniantur
804 962 911 995 Ordini
927 963 1075 996 universo
1091 964 1163 996 Ter-

505 1018 670 1050 tiariorum
697 1017 793 1048 saneti
817 1016 974 1049 Francisci
996 1016 1163 1059 privilegia

505 1070 611 1103 omnia
636 1070 711 1101 alias
737 1080 905 1109 concessa,
931 1080 1052 1102 neeuon
1079 1069 1161 1102 idem

504 1122 716 1155 iurisdictioni
735 1128 764 1154 et
786 1122 932 1164 regimini
951 1122 1087 1154 ministri
1113 1134 1163 1165 ge·

504 1176 620 1208 neralis
650 1176 744 1208 totius
769 1175 895 1209 Ordinis
927 1176 1083 1208 Minorum
1109 1177 1163 1208 de-

505 1240 569 1262 nuo
590 1229 776 1270 subiicitur,
802 1240 873 1261 cum
899 1229 1087 1272 quibusdam
1113 1241 1163 1262 or-

505 1282 738 1321 dinationibus,
763 1281 839 1314 985.

416 1336 516 1369 XCIX.
548 1336 770 1369 Conceduntur
802 1335 976 1368 Minoribus
1010 1336 1164 1378 regularis

505 1388 729 1423 Observantiae
765 1389 930 1431 privilegia
956 1389 986 1421 in
1012 1390 1165 1422 constitu-

505 1442 591 1475 tione
616 1443 660 1475 Pii
678 1443 701 1474 V
721 1452 779 1485 pro
796 1442 968 1475 Ordinibus
989 1442 1166 1475 lllendican-

507 1496 584 1528 tium
601 1501 758 1535 contenta,
772 1496 895 1539 aliaque
913 1496 1075 1535 nonnulla,
1089 1496 1163 1529 ⁹294.

417 1550 447 1582 C.
474 1549 657 1582 Extenditur
675 1549 855 1582 constitutio
872 1549 1017 1591 Gregorii
1040 1549 1107 1582 XIII
1126 1549 1165 1581 ad

509 1609 656 1635 ornatum
696 1602 787 1635 Urbis
812 1603 992 1645 augendum
1019 1602 1102 1635 edita
1126 1603 1165 1635 ad

507 1657 664 1689 civitatem
690 1657 958 1697 Beneventanam,
984 1656 1060 1689 297.

419 1710 463 1744 CI.
489 1709 718 1743 Praescribitur
740 1710 1080 1742 archiconfrateruitati
1105 1711 1166 1742 An-

508 1763 721 1796 nunciationis
745 1763 777 1795 B,
803 1763 840 1795 M.
865 1763 1011 1805 Virginis,
1031 1767 1063 1796 ut
1087 1774 1165 1806 qua-

509 1823 581 1849 tuor
612 1816 752 1849 subsidia
788 1816 904 1849 dotalia
938 1816 1052 1859 puellis
1084 1826 1167 1849 neo—

509 1870 606 1914 phitis
619 1869 847 1902 conservatorii
866 1870 1166 1902 catechumenorum

510 1924 679 1967 quotannis
704 1927 883 1966 praestent,
909 1921 984 1955 300.

507 1977 719 2011 Consti-matur
739 1977 925 2009 constitutio
944 1976 1113 2010 Clementis
1127 1976 1166 2009 IX

512 2041 607 2074 super
621 2031 767 2063 facultate
785 2040 881 2063 novas
895 2029 1036 2072 erigendi
1055 2029 1167 2061 domos

511 2084 687 2117 Cat-melitis
705 2083 906 2116 Disealceatis
919 2093 1078 2124 concessa,
1091 2082 1166 2116 302.

518 2137 730 2170 Conssrmatur
754 2137 916 2169 decretum
941 2136 1167 2178 Congregatio-

511 2191 559 2222 nis
573 2190 796 2233 episcoporum
812 2195 842 2222 et
859 2188 1053 2231 regularium
1072 2200 1168 2232 super

511 2242 669 2274 erectione
690 2241 816 2283 collegii
831 2240 1115 2283 ,missionariorum
1136 2242 1168 2273 in

512 2305 575 2328 uno
589 2306 625 2327 ex
643 2295 851 2327 conventibus
868 2293 1050 2337 provinciae
1067 2294 1097 2326 S.
1112 2293 1168 2327 Ga<

512 2348 622 2380 brielis
647 2347 772 2380 Ordinis
807 2347 962 2380 Minorum
999 2347 1169 2379 Discaleea-

513 2407 619 2433 torum
644 2401 675 2432 in
702 2401 868 2443 IIispania,
889 2399 965 2432 307.

514 2453 735 2486 Cone-eduntur
753 2453 978 2495 indulgentiae,
998 2453 1093 2485 etiam
1111 2463 1168 2496 pro

515 2506 681 2544 defunctis,
700 2505 1010 2538 consi-aternitatibus
1027 2506 1059 2538 B.
1074 2506 1112 2537 M.
1133 2506 1166 2538 V.

515 2557 553 2590 de
566 2558 697 2591 Ilosario
717 2564 747 2590 et
763 2558 815 2591 SS.
830 2558 972 2591 Nominis
990 2558 1074 2597 Iesu,
1090 2557 1165 2590 309.

425 2612 483 2645 CV.
513 2611 683 2651 Statuitur,
708 2617 741 2644 ut
773 2613 922 2645 eremitae
946 2612 975 2645 S.
1002 2611 1169 2654 Augustini

515 2664 699 2697 Discalceati
718 2665 927 2707 quarumdam
943 2664 1171 2707 Congregatio—

421 1978 481 2012 CII.

421 2136 493 2170 CIII.

425 2453 497 2486 CIV.

1008 272 1188 296 Butuntum
1214 272 1365 297 wasnaum

1300 334 1375 356 num
1401 324 1433 356 in
1457 329 1550 357 cantu
1570 329 1600 357 et
1623 324 1733 358 habitu
1758 325 1958 358 uniformita-

1301 382 1364 410 tem
1390 382 1533 417 servent‚
1557 376 1633 410 310.

1212 430 1281 464 CVI.
1295 431 1436 473 Erigitur
1450 441 1531 464 nova
1545 431 1707 474 provincia
1718 431 1748 463 in
1760 442 1856 474 regno
1871 431 1959 466 Polo-

1300 484 1371 517 niae
1385 494 1442 527 pro
1456 483 1604 517 fratribus
1618 483 1818 517 Disealeeatis
1831 484 1958 517 SS.Tri-

1300 536 1407 569 nitatis
1422 536 1648 580 redemptionis
1662 537 1858 580 captivorum
1876 537 1959 571 Con-

1301 589 1496 633 gregationis
1513 589 1749 633 Hispaniarum,
1767 589 1845 623 311.
1963 630 1965 632 Ι

1211 642 1297 677 CVII.
1323 643 1509 676 Extenditur
1530 643 1560 675 in
1577 648 1765 686 perpetuum
1791 642 1957 686 indulgen-

1302 696 1345 729 tia
1382 697 1524 739 plenaria
1559 707 1618 740 pro
1655 696 1796 729 ecelesiis
1831 696 1959 730 Ordinis

1302 749 1559 782 Praedicatorum
1603 749 1653 782 die
1693 749 1772 783 sesto
1812 749 1960 783 Omnium

1302 803 1502 842 Sanctorum,
1525 802 1603 835 3112.

1213 856 1314 890 CVIII.
1353 856 1539 896 Mandatur‚
1564 855 1684 888 servari
1721 855 1962 890 constitutiones

1302 911 1492 954 apostolicas
1513 910 1545 943 in
1568 911 1709 943 favorem
1734 911 1962 944 canonicorum

1303 964 1498 1006 regularium
1525 963 1554 997 S.
1573 963 1739 1006 Augustini
1757 963 1879 997 abbatis
1896 964 1962 998 edi-

1304 1023 1366 1059 tas,
1391 1016 1468 1050 3113.

1214 1069 1289 1104 CIX.
1307 1071 1494 1104 Statuuntur
1510 1071 1661 1104 nonnulla
1685 1082 1744 1114 pro
1764 1072 1852 1105 reeta
1873 1071 1963 1105 iusti-

1304 1124 1365 1156 tiae
1382 1124 1413 1156 in
1430 1124 1512 1156 alma
1530 1124 1613 1157 Urbe
1630 1124 1915 1166 administratione,
1932 1130 1963 1158 et

1305 1177 1494 1219 litigantium
1515 1204 1522 1217 ‚
1558 1177 1744 1220 praesertim
1770 1188 1961 1222 pauperum,

1306 1229 1458 1269 utilitate,
1483 1229 1560 1262 314.

1216 1282 1276 1317 CX.
1293 1282 1481 1316 Conceditur
1496 1282 1692 1325 indulgentia
1715 1283 1746 1315 in
1766 1282 1817 1316 die
1839 1287 1962 1326 septem

1307 1336 1392 1368 seriis
1425 1336 1518 1368 sextis
1553 1336 1813 1379 praecedentibus
1848 1335 1962 1369 festum

1306 1388 1335 1421 S.
1353 1388 1508 1421 Vincentii
1526 1388 1651 1421 Feri-eri
1668 1399 1729 1432 pro
1747 1389 1888 1422 eeclesiis
1901 1389 1964 1422 sra-

1307 1447 1391 1473 trum
1417 1440 1542 1474 Ordinis
1579 1441 1857 1483 Praedicatorum‚
1884 1441 1960 1475 317.

1316 1494 1500 1528 Extenditur
1536 1494 1717 1527 constitutio
1748 1505 1846 1538 super
1870 1505 1970 1529 rece·

1306 1548 1413 1591 ptione
1439 1548 1573 1580 fratrum
1600 1548 1858 1581 Praedicatorum
1884 1548 1965 1582 Con-

1307 1602 1501 1645 gregationis
1519 1602 1548 1635 S.
1566 1602 1701 1636 Sabinae
1718 1602 1749 1634 in
1766 1602 1964 1646 provinciam

1308 1656 1519 1689 Lombardiae
1557 1656 1595 1689 ad
1634 1656 1814 1700 provincias
1849 1656 1965 1690 Roma-

1308 1720 1380 1742 nam
1400 1715 1430 1742 et
1452 1709 1602 1742 Venetam
1629 1720 1688 1752 pro
1712 1708 1969 1752 Congregatione

1309 1762 1338 1795 S.
1364 1763 1457 1795 Mai-ei
1484 1768 1514 1795 et
1539 1762 1569 1795 S.
1598 1762 1703 1795 tacobi
1737 1761 1863 1802 Veneti,
1887 1760 1963 1795 3218.

1220 1814 1309 1849 CXII.
1335 1815 1526 1848 Prohibetur
1551 1815 1751 1857 regularibus
1769 1819 1798 1846 et
1815 1814 1967 1847 claustra-

1310 1868 1392 1901 libus
1425 1867 1574 1900 omnibus
1609 1867 1759 1900 transitus
1796 1866 1834 1899 ad
1869 1866 1967 1898 alium

1309 1920 1480 1960 Ordinem,
1517 1919 1688 1962 praecipue
1723 1918 1966 1962 hospitalarium

1310 1979 1363 2006 aut
1382 1973 1561 2012 militarem,
1583 1972 1650 2004 sine
1667 1972 1820 2015 peculiari
1834 1970 1967 2004 Romani

1309 2025 1469 2059 Pontilieis
1493 2024 1636 2065 licentia,
1664 2024 1740 2057 320.

1220 2080 1322 2115 CXIII.
1350 2079 1513 2119 Statuitur,
1532 2084 1565 2110 ut
1589 2079 1725 2111 Minores
1741 2077 1779 2110 de
1797 2077 1971 2111 Observan-

1315 2134 1358 2165 tia
1383 2143 1510 2175 semper
1535 2137 1565 2164 et
1590 2131 1709 2174 ubique
1746 2130 1966 2174 praecedentia

1311 2197 1408 2230 super
1433 2186 1629 2218 Reformatos
1654 2185 1792 2227 gaudere
1816 2184 1967 2224 debeant,

1312 2239 1388 2273 3022.

1222 2294 1322 2328 CXIV.
1339 2292 1544 2326 Declarantur
1558 2291 1644 2323 nulla
1662 2296 1750 2333 gesta
1775 2300 1831 2334 per
1847 2289 1967 2322 secula-

1312 2357 1378 2379 rem
1405 2350 1590 2389 potestatem
1610 2344 1641 2376 in
1659 2344 1774 2376 ducatu
1792 2342 1967 2376 Sabaudiae

1311 2399 1460 2432 adversus
1498 2397 1724 2429 monasterium
1757 2396 1786 2429 S.
1818 2395 1967 2428 Bernardi

1312 2453 1341 2485 in
1367 2451 1488 2484 Valesia
1514 2444 1639 2483 Ordinis
1664 2449 1890 2483 canonicorum
1917 2459 1963 2481 re-

1310 2505 1468 2548 gularium
1494 2504 1523 2537 S.
1549 2503 1731 2546 Augustini,
1755 2502 1831 2537 3⁶25.

1222 2559 1307 2592 CXV.
1332 2558 1566 2591 Confirmantur
1601 2562 1631 2589 et
1659 2555 1850 2600 ampliantur
1875 2564 1967 2597 quae-

1311 2611 1382 2643 dam
1394 2610 1559 2654 privilegia
1570 2609 1797 2643 canonicorum
1807 2613 1965 2650 metropo-

1313 2664 1426 2696 litanae
1443 2663 1592 2696 Lucensis
1611 2662 1714 2706 quoad
1732 2661 1877 2703 insignia,
1891 2658 1972 2692 3028..

1218 1494 1290 1528 CXI.
