2170 3147
0 224 37 249 ln.
60 221 88 248 C.
107 220 175 247 1725,

0 752 103 774 Institutio
119 756 167 777 poe-

0 779 159 800 :mantuanorum

3 808 109 826 tanetum
128 804 167 824 tia-

0 837 39 851 rum
56 831 168 851 Praedica-

0 863 54 878 arum
65 863 101 882 pro
114 858 167 877 has·-

0 885 29 904 ressa
55 883 169 904 Liber-ana

2 917 12 931 ι
54 911 170 931 redditibus

1 937 95 959 uiusdain
105 938 170 958 abba·

0 970 30 985 nau
39 965 170 986 alendorum.

177 266 344 299 vincialem
369 261 554 306 provinciae
578 259 744 294 Romanae
770 262 801 289 et
825 255 912 298 prio-

175 329 242 352 rem
267 320 441 351 conventus
465 313 497 347 S.
524 311 641 346 Mariae
671 320 771 353 super
794 308 912 341 Miner-

175 382 243 404 vam
268 371 307 403 de
332 368 417 402 Urbe
441 364 570 399 Ordinis
589 363 861 401 Praedicatorum,
876 370 912 392 ex

175 425 275 457 altera
292 420 449 464 partibus,
463 418 501 450 de
516 423 547 450 et
561 425 659 459 super
676 414 827 446 facultate
842 422 915 445 con-

175 473 329 510 stituendi
344 483 379 505 ac
392 468 578 504 removendi
593 468 736 500 minores
747 463 915 508 poeniten-

177 528 286 561 tiarios
307 524 459 558 basilicae
484 520 686 559 Liberianae,
713 529 768 551 seu
794 516 825 549 S.
852 516 915 548 Ma-

177 582 244 614 riae
261 577 398 616 Maioris,
415 575 510 609 Urbis
531 578 561 607 et
577 572 706 606 Ordinis
731 569 916 614 praedicto-

178 644 258 673 rum,
284 639 461 672 eorumque
478 625 679 660 subiectione
699 622 913 661 vertentibus,

179 687 306 719 decreta
332 681 453 716 tenoris
480 679 534 723 qui
559 678 715 721 sequitur,
742 674 914 708 videlicet:

218 737 349 768 Romana.
376 732 655 764 poenitentiariormn
681 730 817 758 minorum
840 726 918 756 Libe-

180 790 275 817 νῖαιιτιε
293 784 431 814 basilicae.
448 800 479 804 -—-
495 780 567 810 Prae
584 778 688 809 ceteris
706 776 794 812 curis,
812 774 916 814 quibus

179 833 336 874 apostolica
349 829 515 861 sollicitudo
529 827 684 868 premitur,
694 834 725 855 ea
740 823 917 863 comperitur

181 882 336 924 praecipua
371 888 443 919 quae
472 879 548 908 circa
584 873 790 916 poenitentiale
824 872 915 902 sorum

181 934 324 968 versatur,
341 929 411 959 adeo
431 926 545 963 merito,
564 929 594 954 ut
609 922 731 954 Romani
749 920 916 958 Pontifices,

182 980 328 1010 exoriente
359 975 500 1012 Ecclesia,
533 973 625 1004 eidem
660 971 772 1001 muneri
806 978 857 1009 per
888 977 917 998 se

182 1030 260 1069 ipsos
281 1027 381 1057 sedulo
403 1024 617 1056 incumberent,
641 1031 673 1051 ac
697 1020 814 1057 deinde,
832 1027 919 1056 nego-

184 1078 290 1107 tiorum
303 1075 378 1105 mole
391 1072 533 1113 oppressi,
548 1070 690 1100 nobiliora
704 1067 919 1098 ecclesiasticae

183 1125 366 1156 hierarchiae
386 1121 514 1151 membra
537 1120 565 1149 S.
586 1120 621 1149 R.
639 1118 670 1148 E.
687 1116 851 1146 cardinales
870 1116 918 1144 ad-

183 1173 336 1210 dixerint¹,
348 1180 442 1210 neque
458 1169 584 1208 primum
601 1167 635 1196 ah
649 1164 816 1196 huiusmodi
832 1172 919 1193 onere

184 1223 239 1263 ipsi
262 1220 383 1251 relevati
405 1220 533 1254 fuerunt,
551 1216 607 1245 nisi
630 1224 696 1244 cum
717 1212 840 1251 publicis
863 1221 922 1241 ina-

185 1272 306 1310 gnisque
328 1266 567 1307 occupationibus
600 1272 648 1293 eos
681 1261 816 1292 distineri
839 1269 922 1299 opor-

186 1319 250 1350 tuit.
269 1318 343 1348 Tum
365 1316 480 1356 quidem
510 1312 593 1352 probi
627 1311 790 1341 sacerdotes
824 1308 923 1347 poeni·

186 1366 323 1399 tentiario
340 1365 435 1395 officio
459 1362 572 1393 suffecti
594 1360 763 1395 extiterunt,
781 1357 831 1397 qui
853 1357 921 1387 fide-

188 1416 263 1447 libus
279 1414 471 1452 undequaque
488 1411 520 1441 ad
538 1408 736 1446 sacraglimma
752 1405 924 1436 confluenti-

185 1465 241 1495 bus
259 1465 373 1503 praesto
389 1463 497 1497 essent,
515 1458 568 1487 sub
585 1458 656 1487 cura
672 1461 698 1486 et
720 1454 923 1485 iurisdictione

190 1512 276 1543 unius
292 1520 326 1540 ex
349 1510 378 1539 S.
396 1510 430 1539 R.
448 1508 479 1538 E.
497 1506 692 1536 cardinalibus
715 1503 832 1533 maioris
856 1511 921 1541 poe-

190 1558 350 1590 nitentiarii
374 1557 489 1587 nomine
512 1553 681 1592 nuncupati.
700 1552 751 1582 Hic
768 1560 836 1580 sane
854 1555 923 1580 tam·

189 1619 274 1649 quam
298 1608 402 1638 summi
420 1605 569 1636 pontilicis
593 1603 718 1633 vicarius
741 1602 769 1631 in
793 1602 854 1630 soro
869 1600 922 1630 sori

189 1657 355 1688 memoratis
377 1653 577 1685 sacerdotibus
600 1650 761 1681 minoribus
778 1649 924 1688 poeniten-

190 1706 281 1737 tiariis
309 1703 472 1744 praesidere
495 1701 608 1740 coepit,
633 1708 739 1738 eosque
761 1699 869 1735 eligere
891 1706 923 1726 ac

190 1756 218 1788 in
248 1751 438 1784 nobilioribus
475 1749 559 1780 Urbis
593 1748 721 1777 basilicis
760 1746 923 1785 promiscue

190 1804 327 1842 deputare
349 1798 510 1834 consuevit,
535 1798 544 1813 ²
558 1802 617 1826 tum
634 1805 667 1825 ex
690 1794 817 1832 regulari
840 1797 923 1822 coetu

192 1852 335 1890 variisque
357 1858 391 1878 ex
410 1846 576 1878 nationibus
598 1850 626 1874 et
647 1844 765 1881 linguis.
790 1843 925 1872 Perseve-

191 1901 265 1932 ravit
290 1899 392 1930 ultimo
420 1896 581 1927 recensitus
608 1892 846 1934 poenitentiariae
869 1896 925 1922 sta-

193 1955 238 1980 tus
260 1955 409 1988 quousque
437 1946 467 1975 S.
492 1944 559 1974 Pius
582 1943 603 1973 V
629 1943 656 1972 in
682 1941 830 1971 meliorem
860 1950 925 1979 par-

193 2004 249 2029 tem
282 2005 346 2027 eum
381 1998 492 2024 vertere
516 1991 639 2028 censuit,
663 1990 808 2029 simulque
832 1989 924 2018 tribus

194 2045 382 2084 religionibus
415 2042 521 2082 optime
555 2040 667 2070 meritis
696 2038 852 2077 gratificari
878 2047 925 2067 vo-

197 2094 259 2132 luit,
283 2091 460 2132 proindeque
482 2088 534 2119 sub
563 2097 638 2117 anno
666 2095 794 2116 MDvain
817 2085 923 2116 eonsti-

196 2142 251 2172 tuit
265 2140 340 2180 quod
362 2140 391 2169 in
407 2137 562 2168 Liberiana.
583 2135 704 2166 basilica
728 2139 824 2174 patres
840 2134 923 2164 Prae-

196 2191 339 2220 dicatores
360 2187 537 2225 eligerentur
555 2185 681 2214 minores
698 2182 924 2222 poenitentiarii,

195 2241 225 2269 in
249 2235 435 2268 Lateranensi
463 2237 558 2273 patres
580 2233 715 2268 Minores,
745 2241 778 2261 ac
800 2232 829 2260 in
852 2231 927 2260 Vati-

195 2288 265 2317 cana
288 2295 322 2316 ex
345 2284 487 2314 Societate
513 2282 576 2311 Iesu
605 2284 833 2310 assumerentur,
852 2280 927 2314 Quin

195 2337 280 2366 etiam
298 2343 366 2373 prae
386 2332 449 2362 aliis
464 2330 567 2360 maiori
583 2329 777 2359 beneficentia.
792 2329 927 2368 prosequi

196 2384 295 2414 volens
327 2381 497 2419 religionem
529 2378 558 2408 S.
582 2377 736 2415 Dominici,
760 2376 813 2406 sul)
845 2376 928 2408 cuius

196 2432 300 2463 vexillo
332 2431 420 2460 vitam
453 2428 488 2458 ab
519 2426 713 2457 adolescentia
745 2426 926 2462 instituerat,

230 2500 243 2526 1
266 2497 336 2525 Edit.
357 2495 440 2523 Main.
470 2494 535 2530 legit
562 2492 713 2521 addioeerit
738 2499 785 2527 pro
806 2491 929 2519 addixe-

196 2543 258 2572 rint
275 2544 314 2576 (a.
332 2542 383 2574 τ.).

231 2587 247 2614 2
267 2586 366 2614 Forsan
382 2584 457 2611 deest
472 2586 532 2611 tum
548 2591 583 2610 ex
593 2583 668 2609 clero
679 2581 822 2610 saeculari
835 2580 928 2616 (nm).

266 2640 345 2669 Bull.
360 2640 441 2669 Rom.
459 2653 489 2658 —
511 2638 570 2666 Vol.
587 2637 679 2666 XXII.
825 2635 856 2663 10

759 207 954 232 BENEDICTUS
978 205 1034 229 >3111
1058 205 1106 228 1³1².

953 263 1011 284 non
1045 256 1087 283 sat
1120 251 1221 282 habuit
1255 248 1450 286 correligiosis
1473 246 1534 276 suis
1564 245 1609 275 ius·
1636 244 1691 273 ele-

955 303 1060 333 ctionis
1084 300 1230 340 passivum
1254 299 1422 333 decernere,
1447 293 1689 336 quemadmodum

954 352 1030 381 binis
1054 348 1205 380 recensitis
1234 346 1424 385 religionibus
1457 343 1620 380 constituit,
1643 342 1691 371 sed

955 400 1077 429 ulterius
1099 397 1319 437 dispositionem
1350 403 1447 424 eorum
1476 394 1572 422 favore
1594 401 1693 421 exara-

957 448 1018 483 vit,
1047 446 1122 485 quod
1146 455 1193 475 sex
1219 448 1329 473 tantum
1360 441 1576 482 poenitentiarii
1601 440 1693 469 mino-

956 505 1001 525 res
1024 494 1142 525 Ordinis
1164 492 1398 523 Praedicatorum
1423 490 1450 518 in
1475 490 1549 518 dicta
1572 487 1695 517 basilica

957 543 1110 573 Liberiantl
1138 542 1297 571 existerent
1323 549 1356 569 ex
1386 538 1470 567 unica
1500 538 1601 575 lingua
1623 536 1695 565 [tata

957 597 985 621 et
1006 602 1040 621 ex
1069 591 1221 630 provincia
1243 589 1375 619 Romanii.
1390 611 1397 624 ‚
1424 586 1533 616 tributa
1561 584 1694 614 facultate

959 639 1130 680 provinciali
1146 639 1238 668 dietae
1255 636 1423 676 provinciae
1436 635 1502 664 sub¹
1520 633 1609 672 priori
1627 641 1696 661 con-

959 692 1062 718 ventus
1087 687 1116 716 S.
1141 686 1246 716 Mariae
1274 693 1361 723 super
1384 684 1540 713 Minervam
1569 680 1695 718 eligendi

958 746 989 766 ac
1013 734 1180 765 removendi
1201 733 1316 763 eosdem
1350 732 1477 760 minores
1502 728 1696 768 poenitentia-

959 786 1029 820 rios,
1050 793 1082 813 ac
1099 787 1194 812 certos
1210 780 1364 811 exercendi
1381 784 1464 809 actus
1480 777 1697 808 iurisdietiona-

959 833 1000 862 les
1023 833 1052 862 in
1076 840 1124 861 eos
1147 830 1288 870 privative
1313 828 1406 868 quoad
1428 826 1606 857 cardinalem
1640 834 1698 854 ma-

959 882 1051 912 iorem
1079 878 1354 920 poenitentiarium,
1382 875 1510 915 exceptis
1539 873 1698 913 respicien-

960 929 1036 960 tibus
1060 938 1159 959 curam
1183 927 1271 957 officii
1295 923 1532 966 poenitentiarii,
1557 928 1587 952 ut
1611 921 1698 952 latius

960 988 993 1008 ex
1011 977 1170 1017 apostolico
1186 976 1343 1014 diplomate
1361 973 1414 1003 sub
1430 973 1475 1002 die
1496 981 1501 1000 ι
1525 970 1698 1010 septembris

961 1037 1037 1057 anno
1060 1034 1198 1056 nnisvin.
1223 1024 1277 1054 Sed
1301 1023 1409 1056 statim,
1429 1021 1473 1050 vix
1492 1017 1698 1059 praeterlapsis

961 1077 1062 1106 diebus
1085 1080 1159 1111 octo,
1183 1073 1268 1103 aliam
1291 1071 1380 1101 edidit
1403 1069 1653 1104 constitutionem,
1671 1066 1697 1096 in

961 1135 1017 1165 qua
1039 1125 1114 1154 sicut
1140 1123 1184 1152 ius
1208 1121 1334 1159 eligendi
1359 1117 1530 1159 provinciali
1554 1117 1700 1146 Romanae.

964 1173 1142 1213 provinciae,
1167 1171 1226 1200 sive
1250 1169 1340 1208 priori
1363 1170 1524 1197 conventus
1546 1165 1576 1194 S.
1595 1164 1700 1193 Mariae

962 1230 1050 1260 super
1082 1220 1239 1249 Minervam
1272 1211 1415 1251 atiribuit,
1445 1215 1483 1243 ita
1517 1223 1590 1243 onus
1623 1213 1701 1250 ipsos

965 1268 1194 1303 manutenendi,
1229 1271 1375 1304 tamquam
1407 1263 1558 1300 religiosos
1580 1271 1613 1291 ex
1648 1262 1702 1290 sue

965 1320 1076 1353 mensa,
1101 1315 1275 1346 monasterio
1300 1314 1426 1353 praefato
1450 1312 1570 1347 addixit,
1594 1320 1626 1339 ac
1651 1319 1701 1348 pio

965 1366 1096 1397 subsidio
1120 1365 1213 1394 eidem
1237 1361 1412 1392 monasterio
1442 1360 1534 1389 univit
1557 1359 1701 1388 abbatiam

966 1415 995 1444 S.
1010 1414 1117 1444 Mariae
1132 1412 1309 1442 Macularuin
1331 1410 1386 1440 loci
1408 1409 1436 1439 S.
1453 1408 1584 1437 tlencsii:
1606 1417 1619 1435 <t
1636 1417 1701 1437 cuin

966 1473 998 1493 eo
1023 1468 1117 1493 tamen
1148 1466 1178 1491 ut
1207 1460 1268 1498 ipse
1293 1458 1369 1498 prior
1392 1458 1425 1487 de
1449 1456 1614 1494 fructibus,
1639 1456 1703 1485 red-

965 1511 1074 1542 ditibus
1097 1515 1125 1540 et
1147 1508 1333 1549 proventibus
1365 1506 1500 1546 praefatis
1534 1504 1702 1544 pensionem

966 1568 1092 1590 annuam
1117 1561 1312 1587 tercentorum
1330 1559 1477 1585 scutorum
1494 1553 1556 1582 auri
1581 1553 1608 1581 in
1633 1561 1703 1581 auro

966 1609 1076 1639 eisdem
1092 1617 1140 1637 sex
1158 1605 1390 1646 poenitentiariis
1406 1607 1434 1633 et
1453 1602 1565 1633 duobus
1582 1610 1704 1631 conver-

967 1658 1018 1690 sis,
1036 1656 1120 1687 annis
1143 1654 1278 1693 singulis,
1303 1653 1416 1683 duobus
1443 1651 1576 1682 terminis
1599 1660 1704 1689 aequa-

967 1707 1032 1736 liter
1055 1707 1083 1735 in
1103 1709 1274 1745 perpetuum
1292 1703 1456 1742 persolvere
1474 1704 1616 1735 teneatur,
1633 1703 1702 1733 etc.;

967 1756 990 1785 si
1012 1755 1081 1794 quid
1105 1762 1173 1783 vero
1195 1753 1272 1781 dicta
1291 1753 1403 1781 summit
1422 1753 1617 1779 tercentorum
1640 1757 1706 1777 scu-

969 1810 1062 1834 torum
1078 1802 1225 1842 persoluta
1242 1801 1388 1839 reliquum
1405 1798 1472 1834 crit,
1486 1797 1556 1827 illud
1573 1805 1658 1826 omne
1675 1796 1704 1825 in

968 1862 1136 1883 communes
1152 1851 1245 1881 dictae
1270 1850 1372 1879 domus
1390 1857 1458 1877 usus
1474 1850 1661 1876 convertatur
1678 1856 1704 1874 ».

1008 1903 1044 1931 Αἱ
1068 1910 1135 1930 vero
1157 1905 1276 1929 sanctae
1305 1897 1461 1927 memoriae
1489 1896 1571 1925 Sixto
1596 1894 1614 1924 V

969 2008 1021 2028 nae
1044 1998 1193 2027 innovare.
1225 1993 1467 2032 Quandoquidem
1496 1992 1596 2021 sedulo
1628 1991 1705 2021 idem

970 2046 1101 2076 Pontifex
1132 2045 1227 2074 animo
1258 2043 1376 2072 volvens
1406 2041 1481 2081 quod
1510 2041 1586 2070 iuter
1615 2039 1707 2079 ipsius

970 2095 1106 2124 basilicae
1122 2093 1309 2123 canonicatus
1327 2100 1420 2130 neque
1439 2089 1609 2127 tlicologalis
1626 2097 1708 2127 prae-

970 2143 1062 2172 benda
1086 2152 1179 2181 neque
1210 2139 1432 2180 poenitentialia
1466 2141 1561 2167 erecta
1592 2146 1708 2175 compe-

969 2192 1098 2221 riebatur
1121 2191 1199 2220 iuxta
1223 2189 1297 2218 sacri
1320 2187 1440 2218 Concilii
1456 2185 1617 2216 Tridentini
1641 2194 1707 2214 san-

969 2240 1092 2275 ctiones,
1115 2239 1164 2268 sed
1187 2248 1220 2268 ex
1246 2237 1333 2266 veteri
1355 2235 1488 2265 instituto
1510 2243 1559 2264 sex
1582 2234 1709 2263 minores⁴

972 2287 1190 2327 poenitentiarii
1228 2285 1361 2315 fidelibus
1397 2283 1548 2322 expiandis
1592 2292 1709 2322 operam

971 2336 1088 2374 dabant,
1106 2336 1286 2375 proindeque
1309 2342 1469 2371 congruum
1490 2332 1609 2362 omnino
1625 2341 1712 2370 repu-

973 2388 1036 2412 tans
1062 2383 1137 2421 quod
1166 2391 1200 2411 ex
1231 2389 1348 2410 mensae
1369 2378 1538 2418 capitularis
1567 2377 1709 2408 fructibus

972 2429 1109 2458 alimenta
1132 2427 1203 2466 ipsis
1226 2426 1492 2466 suppeditarentur,
1512 2424 1579 2453 hinc
1604 2433 1712 2454 memo-

972 2480 1053 2506 ratus
1077 2475 1205 2504 Pontifex
1234 2470 1347 2512 inquit:
1372 2471 1569 2511 Motuproprio
1592 2471 1713 2500 canoni-

973 2527 1070 2552 catum
1093 2531 1125 2552 ac
1149 2519 1354 2560 praebendam,
1376 2522 1443 2548 tunc
1465 2521 1626 2554 vacantem,
1645 2525 1712 2555 sup-

1011 2581 1021 2608 1
1040 2578 1159 2616 Legend.
1175 2578 1233 2607 sive
1249 2585 1297 2614 pro
1313 2576 1374 2612 sub,
1392 2579 1420 2604 ut
1434 2575 1481 2603 ins.
1499 2574 1545 2603 lin.
1563 2573 1596 2602 20
1610 2573 1710 2611 (n.1·.).

1612 185 1652 219 73
1698 194 1747 218 An.
1769 192 1797 217 c.
1820 188 1885 216 1724

1646 1895 1706 1933 pla·
1716 1900 1758 1921 S·=·t
1775 1902 1849 1924 puntea
1862 1904 1900 1929 pro

968 1950 1027 1980 cuit
1048 1950 1153 1979 iterum
1177 1953 1283 1977 statum
1314 1944 1554 1985 poenitentiariae
1579 1927 1901 1981 Liberiu-231¹.2¹1¹3{¹²f1}÷2iiiii

1716 1981 1861 2000 canonicatus.
