2170 3147
43 175 95 203 An.
116 173 143 199 C.
162 173 229 201 ¹725

81 1764 215 1785 Confirmatio

33 1793 155 1817 praedictae
168 1798 214 1812 con·
243 1811 249 1816 ,

32 1819 156 1839 stitutionis.

818 174 1013 198 BENEDICTUS
1039 175 1095 198 xm
1119 175 1166 198 PP.

235 221 429 265 superiores,
457 220 620 260 officiales,
647 220 782 253 ministri
809 226 839 253 et
863 231 969 264 perso-

234 285 293 306 nae
332 278 406 305 tunc
438 278 467 305 et
500 283 559 316 pro
597 278 741 316 tempore
780 273 966 314 existentes,

233 326 416 370 praemissis
442 325 592 358 omnibus
630 331 660 357 et
696 325 829 367 singulis
867 337 968 369 aeque

234 384 263 412 et
289 378 506 422 parisormiter
535 389 570 411 ac
595 378 663 410 sine
693 377 800 421 aliqua
819 378 967 411 differen-

234 432 275 465 tia
300 431 356 467 uti,
381 431 478 474 potiri
506 436 537 463 et
561 431 703 473 gaudere
740 425 841 463 libere
875 436 905 463 et
931 432 968 463 li-

233 485 294 517 cite
319 489 459 527 possent,
478 484 614 527 perinde
636 494 671 516 ae
690 483 714 515 si
732 483 858 526 singula
878 494 969 526 prae-

233 537 327 570 missa
360 537 422 570 illis
455 536 639 580 specialiter
675 543 706 569 et
742 546 893 579 expresse
933 547 969 568 ac

232 587 465 631 principaliter,
487 598 550 620 non
577 592 681 620 autem
701 587 738 619 ad
765 587 874 630 instar,
894 597 968 619 con-

232 651 331 680 cessa,
357 646 389 673 et
423 640 487 673 suis
514 640 630 673 litteris
666 650 829 683 expressa,
854 650 889 671 ac
929 640 967 672 de

231 694 329 726 verbo
355 693 393 726 ad
414 693 554 731 verbum,
581 692 663 726 nihil
688 692 817 736 penitus
838 692 966 733 omisso,

232 747 351 779 inserta
378 746 523 785 fuissent,
544 745 628 778 dicta
649 744 839 777 auctoritate
858 749 968 777 exten-

232 799 298 839 dit,
325 798 444 841 illaque
477 798 585 830 onmia
619 803 647 830 et
674 797 802 839 singula
827 797 968 839 Congre-

231 850 352 894 gationi
379 850 571 883 clericorum
594 850 792 892 regularium
809 849 966 882 Minorum

230 902 415 936 huiusmodi
446 902 594 945 illiusque
628 901 777 935 domibus
810 902 967 944 regulari-

230 957 290 989 bus
316 962 348 989 et
372 955 521 999 personis
546 954 720 998 praedictis
751 954 966 988 communica-

230 1009 294 1049 vit3
326 1015 357 1041 et
392 1009 481 1048 alias,
507 1014 603 1052 prout
627 1008 658 1040 in
684 1008 783 1051 ipsius
819 1007 964 1050 Gregorii

228 1061 492 1104 praedecessoris
518 1061 633 1093 litteris
659 1061 800 1103 desuper
817 1060 848 1092 in
868 1060 963 1093 simili

230 1114 330 1146 forma
357 1113 465 1146 Brevis
492 1113 542 1146 die
572 1123 647 1146 xvm
681 1112 834 1145 februarii
867 1123 965 1147 ,unxffl

229 1167 396 1211 expeditis,
416 1177 554 1211 quarum
574 1172 719 1200 tenorem
738 1168 965 1210 praesentibus

228 1235 286 1269 pro
311 1225 406 1268 plene
432 1229 464 1257 et
487 1223 684 1257 sufficienter
704 1234 856 1266 expresso
877 1229 907 1257 et
927 1225 964 1257 de

227 1279 327 1312 verbo
353 1279 392 1311 ad
419 1277 549 1310 verbum
580 1278 703 1310 inserto
737 1278 850 1310 haberi
877 1279 965 1311 volu-

228 1342 310 1371 mus,
330 1331 463 1364 uberius
490 1331 607 1364 dicitur
631 1331 804 1364 contineri.
825 1331 861 1363 Et
879 1338 964 1374 post-

227 1385 356 1418 modum
398 1385 469 1428 piae
512 1385 687 1417 memoriae
724 1385 873 1417 Clemens
907 1385 965 1417 Pa-

227 1449 267 1481 pa
285 1437 358 1478 vlu,
374 1437 496 1481 pariter
516 1438 748 1480 praedecessor
771 1443 888 1478 noster,
907 1448 965 1481 per

227 1500 300 1523 suas
326 1490 437 1523 itidem
463 1490 586 1523 litteras
612 1501 622 1523 1
647 1490 716 1523 iulii
737 1500 848 1524 Mnxcu
874 1501 964 1533 expe-

228 1544 318 1585 ditas,
337 1544 445 1577 omnia
464 1549 494 1577 et
515 1544 641 1587 singula
657 1543 829 1587 privilegia
847 1549 877 1577 et
895 1555 964 1587 gra-

229 1598 308 1638 tias,
347 1596 452 1630 eidem
486 1596 736 1640 Congregationi
771 1597 964 1630 clericorum

226 1650 431 1693 regularium,
451 1649 531 1682 sicut
549 1650 774 1693 praemittitur,
801 1660 963 1689 concessa,

226 1702 294 1745 pari
321 1702 510 1735 auctoritate
537 1702 752 1735 confirmavit.

269 1755 335 1800 §2
363 1755 440 1789 Cum
466 1761 584 1796 autem,
621 1756 704 1788 sicut
729 1756 839 1788 eadem
867 1765 964 1798 expo-

225 1810 298 1844 sitio
323 1810 551 1853 subiungebat,
577 1810 678 1843 dictus
710 1810 845 1842 Didacus
872 1820 964 1853 prae-

225 1862 350 1906 positus
389 1863 551 1906 generalis
578 1863 783 1906 praedictas¹
817 1862 962 1905 Gregorii

225 1915 485 1958 praedecessoris
510 1916 634 1949 litteras
666 1916 863 1959 apostolicae
889 1926 964 1948 eon-

225 1969 415 2002 sirmationis
446 1974 575 2001 nostrae
612 1969 791 2012 patrocinio
825 1979 964 2001 commu-

227 2022 288 2055 niri
302 2023 477 2066 plurimum
498 2022 676 2055 desideret:
703 2033 770 2063 nos,
790 2023 963 2065 specialem

225 2075 287 2119 ipsi
313 2075 431 2108 Didaco
456 2075 647 2119 praeposito
667 2076 810 2118 generali
830 2076 963 2118 gratiam

226 2128 331 2162 facere
375 2129 538 2168 volentes,
570 2139 711 2172 eumque
748 2140 765 2161 a
796 2129 965 2172 quibusvis

224 2182 582 2222 excommunicationis,
613 2182 837 2225 suspensionis
862 2188 893 2215 et
916 2182 966 2214 in-

224 2234 364 2274 terdicti,
380 2234 519 2277 aliisque
534 2234 765 2268 ecclesiasticis
784 2235 965 2274 sententiis,

222 2287 371 2320 censuris
390 2293 421 2320 et
439 2287 565 2330 poenis,
583 2298 599 2319 a
616 2287 686 2320 iure
700 2289 749 2320 vel
764 2289 804 2320 ab
820 2287 963 2326 bomine,

222 2340 334 2384 quavis
349 2340 520 2373 occasione
535 2341 584 2373 vel
598 2343 694 2373 causa
706 2341 788 2380 latis,
804 2340 828 2372 si
846 2340 965 2383 quibus

222 2393 471 2437 quomodolibet
492 2394 666 2426 innodatus
689 2393 806 2433 existit,
824 2394 862 2426 ad
882 2392 961 2426 ell'c«

222 2452 310 2479 ctum
327 2446 549 2490 praesentium
569 2447 734 2479 dumtaxat
760 2456 965 2489 consequen-

223 2500 309 2539 dum,
327 2500 444 2532 harum
461 2501 544 2533 serie
560 2500 766 2532 absolventes
785 2505 817 2532 et
834 2500 966 2533 absolu-

262 2564 271 2588 1
294 2561 361 2588 Male
376 2560 441 2588 edit.
458 2560 538 2588 Main.
556 2561 619 2596 legit
635 2561 805 2596 praedictus
822 2562 861 2597 (R.
878 2562 927 2596 T.).

296 2615 374 2643 Bulz.
398 2616 479 2645 Rom.
502 2632 531 2636 —
558 2615 617 2644 Vol.
640 2615 730 2642 XXII.
874 2615 907 2644 27

1650 166 1712 199 ⁶209

1011 227 1075 255 tum
1090 222 1158 256 fore
1172 229 1354 263 censenteS,
1369 224 1666 268 supplicationibus
1680 224 1750 257 eius

1013 275 1142 308 nomine
1168 276 1260 308 nobis
1286 287 1383 320 super
1408 277 1469 310 hoc
1491 277 1659 310 humiliter
1675 288 1750 321 por—

1012 328 1107 360 rectis
1132 328 1293 369 inclinati,
1322 330 1564 363 concessionem
1586 334 1617 363 et
1635 330 1750 373 elargi-

1013 379 1132 413 tionem
1158 380 1405 424 Congregationi
1433 383 1625 416 clericorum
1656 395 1750 427 regu-

1012 432 1126 465 larium
1168 433 1323 466 Minorum
1371 434 1561 468 huiusmodi
1604 436 1749 469 omnium

1012 483 1189 526 gratiarum
1215 491 1243 517 et
1271 485 1516 528 privilegiorum
1549 494 1749 522 memoratae

1011 536 1277 579 Congregationis
1304 537 1535 572 Theatinorum
1563 540 1659 573 etiam
1692 552 1749 584 per

1013 599 1092 620 v1am
1119 590 1422 623 communicationis
1453 597 1484 624 et
1509 594 1707 627 extensionis
1733 605 1750 627 a

1011 641 1180 684 praedicto
1205 642 1362 685 Gregorio
1399 645 1653 686 praedecessore
1690 657 1749 689 per

1011 692 1078 725 eius
1104 693 1229 726 litteras
1253 695 1454 738 supradictas
1472 697 1578 734 factas,
1605 702 1638 728 ut
1658 708 1750 740 prae-

1012 745 1124 785 fertur,
1151 747 1264 779 eadem
1292 748 1495 788 auctoritate,
1524 754 1635 782 tenore
1657 761 1749 793 prae-

1011 798 1170 839 sentium,
1197 806 1358 843 perpetuo
1385 800 1613 835 confirmamus
1640 808 1669 835 et
1695 814 1750 847 ap-

1010 852 1186 895 probamus
1212 862 1246 884 ac
1271 852 1478 894 innovamus,
1505 864 1645 894 necnon,
1673 866 1750 898 qua-

1011 910 1103 936 tenus
1130 915 1210 947 opus
1236 905 1286 946 sit,
1314 916 1350 938 ea
1376 907 1484 939 omnia
1507 912 1537 940 et
1563 908 1689 950 singula
1711 909 1749 942 de

1011 967 1093 990 novo
1118 958 1336 998 concedimus,
1364 958 1493 1002 illisque
1519 966 1696 1003 perpetuae
1719 966 1750 994 et

1010 1009 1205 1043 inviolabilis
1230 1011 1427 1054 apostolicae
1455 1012 1614 1045 firmitatis
1649 1015 1750 1046 robur

1010 1063 1198 1104 adiicimus,
1227 1076 1404 1108 omnesque
1442 1071 1472 1098 et
1508 1066 1652 1109 singulos
1686 1073 1748 1100 tam

1010 1117 1087 1149 iuris
1113 1128 1205 1161 quam
1233 1118 1307 1151 sacti
1333 1119 1493 1159 desectus,
1520 1121 1543 1152 si
1576 1121 1628 1164 qui
1656 1121 1749 1154 desu-

1009 1181 1067 1213 per
1097 1171 1345 1214 quomodolibet.
1383 1172 1639 1215 intervenerint,
1675 1186 1748 1218 sup-

1008 1225 1148 1267 plemus.

1051 1277 1066 1319 ξ
1091 1276 1122 1311 3.
1149 1277 1377 1319 Decernentes,
1408 1279 1537 1312 easdem
1560 1286 1747 1324 praesentes

1009 1329 1133 1363 litteras
1160 1341 1287 1374 semper
1305 1337 1335 1364 et
1355 1338 1515 1374 perpetuo
1535 1332 1653 1373 firmas,
1673 1334 1747 1366 vali-

1009 1384 1064 1416 das
1091 1388 1122 1416 et
1149 1384 1297 1428 efficaces
1325 1385 1462 1418 existere
1490 1391 1521 1418 et
1547 1386 1628 1426 sore,
1657 1397 1749 1420 suos-

1009 1447 1069 1479 que
1088 1437 1253 1480 plenarios
1273 1441 1303 1471 et
1325 1438 1469 1481 integros
1486 1439 1619 1472 effectus
1639 1441 1746 1473 sortiri

1008 1495 1039 1522 et
1056 1490 1214 1530 obtinere,
1234 1496 1265 1523 et
1291 1491 1363 1530 illis,
1391 1492 1429 1524 ad
1456 1503 1536 1534 quos
1567 1499 1691 1536 spectat
1717 1500 1748 1527 et

1007 1554 1069 1586 pro
1103 1549 1249 1587 tempore
1280 1545 1453 1587 spectabit,
1489 1545 1518 1577 in
1546 1547 1697 1579 omnibus
1718 1553 1748 1580 ct

1008 1607 1067 1640 per
1092 1597 1199 1629 onmia
1221 1599 1408 1640 plenissime
1427 1599 1607 1642 sulliagari,
1635 1601 1746 1644 sicque

1009 1650 1040 1682 in
1065 1651 1255 1693 praemissis
1285 1662 1344 1694 per
1377 1663 1599 1696 quoscumque
1625 1654 1747 1687 iudices

1009 1703 1191 1736 ordinarios
1212 1709 1241 1737 et
1263 1705 1440 1746 delegato&
1463 1706 1558 1739 etiam
1577 1716 1746 1739 cau<arum

1008 1755 1120 1798 palatii
1147 1757 1318 1799 apostolici
1350 1757 1524 1798 auditores,
1558 1758 1690 1791 iudicari
1718 1764 1749 1792 et

1009 1807 1136 1841 deliniri
1163 1809 1303 1851 debere,
1324 1822 1359 1843 ac
1386 1810 1511 1842 irritum
1541 1816 1572 1843 et
1598 1811 1692 1844 inane
1722 1811 1746 1845 si

1008 1871 1103 1894 secus
1129 1872 1227 1905 super
1255 1863 1306 1895 his
1340 1874 1357 1895 a
1383 1874 1554 1907 quoquam,
1571 1864 1678 1907 quavis
1697 1875 1748 1897 au-

1008 1914 1166 1954 ctoritate,
1188 1915 1331 1948 scienter
1354 1917 1402 1948 vel
1424 1916 1621 1958 ignoranter,
1648 1917 1747 1949 eonti-

1009 1968 1094 2011 gerit
1124 1969 1289 2001 attentari.

1052 2021 1114 2064 §4-
1134 2021 1204 2054 Non
1231 2021 1436 2055 obstantibus
1457 2022 1939 2077 constitutionibusrugssirgffixgocon-

1009 2080 1041 2107 et
1076 2075 1340 2108 ordinationibus
1376 2076 1577 2119 apostolicis,
1616 2087 1744 2110 necnon
1873 2073 1877 2078 “

1009 2129 1161 2162 omnibus
1197 2135 1228 2163 et
1259 2129 1397 2172 singulis
1430 2129 1493 2163 illis
1528 2140 1608 2172 quae
1643 2130 1746 2163 dictus

1009 2182 1181 2225 Gregorius
1214 2183 1449 2226 praedecessor
1478 2182 1509 2214 in
1535 2182 1600 2215 suis
1626 2183 1746 2216 litteris

1010 2236 1184 2279 praedictis
1210 2236 1311 2269 voluit
1325 2246 1389 2269 non
1404 2235 1543 2276 obstare,
1560 2236 1745 2279 ceterisque

1009 2289 1180 2322 contrariis
1206 2289 1480 2332 quibuscumque.

1052 2343 1066 2385 ξ
1091 2342 1121 2374 5.
1146 2342 1298 2375 Volumus
1323 2347 1428 2374 autem
1462 2347 1496 2374 ut
1523 2342 1941 2395 praesentium„ff'ssfssjssfl'ssssssfi'g‘

1009 2395 1189 2428 litterarum
1229 2395 1450 2438 transumptis,
1480 2405 1535 2427 seu
1576 2395 1745 2438 exemplis,
1815 2388 1820 2394 ⁴
1844 2391 1848 2393 ’
1890 2381 1895 2400 ¹
1933 2390 1939 2396 ’

1009 2447 1103 2481 etiam
1122 2447 1300 2490 impressiS,
1328 2446 1420 2480 etc.¹.

1052 2500 1165 2532 Datum
1190 2500 1325 2539 Romae,
1349 2500 1434 2544 apud
1460 2500 1491 2533 S.
1519 2500 1659 2541 Petrum,
1686 2500 1745 2533 sub

1045 2563 1054 2589 1
1075 2561 1138 2589 Vide
1155 2565 1279 2598 utsupra
1295 2570 1356 2598 pag.
1372 2563 1406 2591 66
1422 2562 1437 2590 b
1453 2563 1490 2598 (a.
1503 2563 1551 2597 r.).

1760 177 1808 201 ΛΠ,
1831 175 1857 202 C.
1879 175 1945 201 ¹725

1785 1290 1907 1311 Clausulam
