2170 3147
211 236 261 262 An.
281 235 308 261 C.
332 234 397 261 1727

261 825 397 846 Canama-uio

212 853 273 873 reliti
288 854 378 872 ‹leci-eti.

245 2153 365 2174 ciausutie.

444 225 509 259 500

407 292 447 313 111.
470 284 511 312 An
546 282 604 312 illis
637 282 672 311 tle
706 286 830 320 utroque.
853 281 932 310 clero
955 281 1101 310 saeculari
1123 285 1149 310 ct

408 331 535 369 regulari
567 334 713 369 competat
738 339 790 368 pro
819 331 883 359 rata
905 339 1043 359 excessus
1066 328 1151 358 (111111-

409 381 491 410 nutio
526 385 608 410 taxae
631 385 658 409 et
681 379 843 418 respective
878 379 1066 416 reintegratio
1101 387 1151 417 pro

407 430 571 468 quantitate
584 429 657 458 ultra
675 428 822 467 propriam
836 432 927 456 ratam
943 428 1105 466 persoluta:
1116 446 1148 448 —

406 478 512 507 Eadem
536 486 615 506 sacra
639 477 832 514 Congregatio
847 500 854 513 ,
879 476 981 505 sedulo
1004 475 1039 505 de
1072 484 1151 504 ruore.

408 526 560 565 perpensis
600 525 764 555 rationibus
797 535 849 564 pro
884 530 965 564 parte
997 525 1150 554 memorati

407 575 478 604 cleri
498 575 643 612 regularis
663 575 777 609 allatis,
802 574 955 613 rescripsit
982 574 1151 613 affirmantia-e

408 625 436 653 in
467 624 601 653 erunibus.
627 624 657 654 ln
690 634 813 663 quorum
838 624 935 653 fidem.
969 623 1073 653 Datum
1096 623 1151 652 lto-

408 682 472 703 mae
496 674 548 703 liae
571 674 619 703 die
643 683 688 703 xxi
711 674 785 703 iunii
802 681 972 703 nnmxxvn.
989 691 1028 696 —
1043 673 1074 702 F.
1089 682 1152 702 car-

408 722 513 752 dinalis
536 723 565 752 S.
583 723 716 761 Agnetis.
740 741 778 745 —
801 723 830 752 S.
849 731 885 752 nc
901 723 1006 760 limeis,
1024 726 1129 752 secret.

452 811 467 855 ἓ
492 812 522 844 2.
550 811 625 845 Cum
648 817 765 853 autem,
787 812 869 845 sicut
887 812 994 845 dilecti
1014 812 1070 846 filii
1090 814 1152 846 cle-

409 876 463 898 rus
489 866 646 909 regularis
673 866 833 899 dioecesis
852 872 883 899 et
907 867 1012 900 Status
1033 866 1152 899 Medio-

408 918 552 952 lanensis
577 919 670 952 nobis
695 930 800 963 nuper
833 920 948 962 exponi
985 920 1151 960 fecerunt,

408 971 469 1015 ipsi
504 973 670 1005 decretum
697 973 909 1011 huiusmodi,
937 984 1001 1016 quo
1029 972 1151 1006 firmius

408 1025 572 1065 subsistat,
599 1026 799 1069 apostolicae
821 1025 1075 1059 confirmationis
1097 1037 1153 1059 no-

408 1085 493 1112 strae
520 1079 705 1122 patrocinio
731 1079 924 1112 communiri
944 1090 1151 1123 summopere

409 1133 614 1166 desiderent:
637 1143 711 1174 nos,
738 1133 913 1176 specialem
942 1133 1019 1176 ipsis
1047 1144 1149 1177 expo-

408 1186 561 1219 nentibus
587 1187 723 1228 gratiam
750 1186 857 1219 faeere
875 1188 1034 1227 volentes,
1055 1193 1086 1219 et
1105 1198 1153 1220 co<

407 1251 478 1272 rum
505 1241 688 1282 singulares
705 1250 864 1282 personas
883 1250 900 1272 a
918 1239 1083 1283 quibusvis
1102 1251 1154 1273 cx-

407 1293 722 1333 communicationis,
746 1294 975 1336 suspensionis
1003 1299 1033 1326 et
1054 1295 1155 1328 inter-

407 1347 495 1385 dicti,
520 1347 659 1390 aliisque
696 1347 928 1379 ecclesiasticis
958 1348 1152 1381 sententiis.

408 1400 555 1433 censuris
588 1406 619 1432 et
643 1400 778 1442 poenis,
802 1411 819 1432 a
845 1399 914 1433 iure
939 1402 987 1433 vel
1013 1401 1052 1433 ab
1089 1401 1156 1434 110-

407 1452 505 1491 mine,
533 1451 645 1496 quavis
672 1453 844 1486 occasione
871 1454 919 1486 vel
946 1456 1042 1487 causa
1068 1454 1153 1495 latis,

408 1506 434 1538 si
465 1506 583 1550 quibus
615 1507 864 1550 quomodolibet
889 1507 1064 1541 innodatae
1091 1508 1155 1540 esi-

409 1565 511 1599 stunt,
536 1560 575 1592 ad
601 1559 752 1593 effectum
780 1561 1003 1602 praesentium
1031 1562 1154 1594 dumta-

408 1618 462 1644 xat
486 1612 773 1656 consequendum,
800 1613 915 1645 liarum
942 1614 1026 1646 serie
1053 1615 1156 1647 absol-

407 1670 520 1698 ventes
547 1670 578 1698 et
603 1666 768 1698 absolutas
791 1666 858 1699 fore
880 1672 1063 1706 censentes,
1083 1678 1156 1710 sup-

409 1718 644 1761 plicationibus
670 1729 781 1752 eorum
815 1720 947 1752 nomine
985 1720 1078 1753 nobis
1104 1732 1155 1753 su—

409 1782 467 1814 per
492 1772 555 1805 1100
593 1773 759 1805 humiliter
795 1773 954 1816 porrectis
983 1773 1153 1814 inclinati,

411 1824 578 1858 decretum
605 1826 856 1869 praeinsertum,
875 1827 1065 1860 auctoritate
1083 1838 1156 1871 apo-

411 1878 532 1918 stolica,
551 1883 662 1912 tenore
681 1880 919 1922 praesentium,
937 1881 1155 1923 appt'tsibamus

413 1937 443 1964 et
469 1933 709 1971 confirmamus,
727 1933 839 1976 illique
865 1934 1060 1968 inviolabilis
1079 1946 1155 1978 apo-

413 1986 544 2019 stolicae
563 1986 722 2019 firmitatis
743 1987 840 2020 robur
861 1987 1049 2020 adjicimus:
1070 1989 1153 2021 salva

414 2045 519 2072 tamen
547 2050 677 2083 semper
699 2040 729 2072 in
757 2041 945 2083 praemissis
964 2041 1153 2074 auctoritate

414 2092 686 2135 Congregationis
712 2095 900 2127 corumdem
927 2094 1153 2127 cardinalium.

455 2145 469 2188 g
494 2146 525 2178 3.
550 2146 791 2187 Decernentes,
813 2148 944 2180 easdem
960 2154 1155 2191 praesentes

412 2199 537 2230 litteras
570 2198 689 2239 firmas,
713 2200 836 2232 validas
863 2205 894 2232 et
921 2200 1068 2233 efficaces
1090 2201 1155 2233 exi-

412 2255 497 2283 stere
524 2256 556 2284 et
583 2252 668 2292 fore,
695 2263 838 2296 suosque
865 2254 1032 2295 plenarios
1057 2259 1087 2286 et
1112 2254 1156 2286 in-

416 2309 522 2347 tegros
549 2304 683 2338 effeetus
711 2306 821 2339 sortiri
860 2312 892 2339 et
916 2307 1087 2347 obtinere,
1118 2318 1154 2339 ac

412 2357 493 2397 illis,
518 2358 556 2390 ad
590 2369 670 2400 quos
703 2364 829 2402 spectat
855 2365 886 2392 et
918 2370 977 2402 pro
1010 2366 1154 2403 tempore

413 2410 684 2454 quandocumque
722 2413 903 2455 spectabit,
937 2413 969 2445 in
1001 2411 1153 2446 omnibus

414 2469 445 2495 ct
462 2473 521 2506 per
543 2466 651 2496 onmia
673 2466 864 2508 plenissime
890 2466 1071 2509 suffragari,
1095 2467 1155 2500 sic-

414 2526 476 2559 que
505 2517 534 2548 in
562 2519 769 2560 praemissis,
797 2519 869 2551 etc.¹

450 2631 462 2659 ’1
488 2632 517 2658 t't
538 2640 619 2667 supra
641 2641 699 2667 pcg.
723 2634 767 2659 471
793 2642 809 2660 a
829 2638 868 2664 (n.
887 2641 923 2669 Tm*

991 230 1173 256 BULLARIUM
1197 230 1354 255 Romnum

1942 228 1994 256 An.
2014 229 2044 257 C.
2062 230 2127 260 1727

1240 281 1254 323 g
1281 280 1312 312 4.
1340 281 1409 312 Non
1428 279 1631 312 obstantibus
1653 277 1937 312 constitutionibus
1975 290 2128 321 commatum

1196 339 1225 366 ct
1244 333 1503 367 ordinationibus
1529 332 1735 377 apostolicis,
1756 331 1937 374 ceterisque
1949 316 2065 341 ⁶⁰'⁰⁵¹‘'⁵¹'⁰'

1196 387 1366 420 contrariis
1393 387 1663 430 quibuscumque.

1238 440 1349 472 Datum
1377 440 1516 479 Romae,
1537 439 1622 482 apud
1646 439 1677 471 S.
1706 438 1853 478 Petrum,
1879 437 1938 470 sub

1196 494 1316 526 annulo
1330 493 1514 531 piscatoris,
1528 492 1579 525 die
1590 503 1646 525 xxx
1660 491 1740 524 iunii
1755 500 1938 530 nnccxxvn,

1196 545 1406 588 pontificatus
1433 545 1535 579 nostri
1556 555 1641 578 anno
1667 555 1708 578 lv.

1232 608 1289 635 liat.
1312 608 1355 635 die
1376 608 1410 635 30
1430 607 1487 634 iulii
1512 607 1591 640 17027,
1614 606 1708 643 pontif.
1730 614 1799 634 anno
1819 612 1854 634 tv.

1515 778 1628 813 CXCV.

1199 867 1443 909 Confirmantur
1485 867 1731 910 reformationes
1780 865 1940 909 quaedam

1240 921 1510 953 constitutionum
1526 920 1662 954 Ordinis
1675 920 1847 953 Servorum
1864 919 1942 952 Bea-

1242 979 1291 1007 lae
1315 974 1442 1007 Mariae
1471 973 1618 1017 Virqim‘s
1652 983 1712 1017 pro
1746 972 1943 1006 Germaniae
1993 995 1995 997 ·

1240 1032 1268 1060 et
1295 1027 1467 1060 Boliemiae
1489 1026 1701 1070 provinciis'.

1382 1116 1563 1143 Benedictus
1585 1117 1663 1149 Papa
1682 1115 1759 1146 XIII,

1339 1161 1375 1187 ad
1394 1161 1528 1187 futuram
1547 1161 1592 1188 rei
1612 1160 1795 1188 memoriam.

1242 1241 1390 1274 Debitum
1417 1241 1592 1285 pastoralis
1614 1241 1725 1281 officii,
1746 1250 1809 1284 qno
1834 1240 1941 1273 Eccle-
1978 1247 2100 1270 Exordium.

1198 1295 1263 1328 siae
1283 1295 1464 1328 catholicae
1485 1295 1729 1337 adstringimur,
1751 1304 1811 1326 nos
1830 1294 1942 1327 admo-

1198 1354 1262 1388 net,
1286 1354 1330 1388 ut,
1352 1354 1519 1392 paternam
1541 1347 1804 1381 christifidelium
1826 1346 1943 1379 divinis

1199 1402 1366 1445 obsequiis
1385 1401 1445 1434 sub
1471 1400 1557 1434 suavi
1577 1400 1746 1443 religionis
1763 1401 1840 1443 iugo
1859 1409 1944 1432 man-

1199 1455 1381 1498 cipatorum
1397 1465 1506 1487 curam
1527 1459 1690 1496 gerentes,
1706 1453 1772 1494 illa,
1789 1463 1871 1496 quae
1886 1461 1943 1496 pro

1200 1508 1285 1541 felici
1307 1517 1534 1551 prosperoque
1561 1517 1672 1540 eorum
1696 1506 1855 1549 regimine
1887 1510 1943 1538 sta-

1200 1566 1277 1602 tuta,
1296 1571 1352 1593 seu
1380 1561 1419 1593 ad
1444 1561 1506 1593 iam
1532 1564 1724 1593 statutorum
1745 1558 1944 1592 reformatio-

1199 1625 1272 1647 nem
1292 1621 1321 1647 et
1342 1613 1594 1647 declarationem
1613 1613 1746 1656 provide
1773 1612 1854 1646 sacta
1871 1622 1942 1645 esse

1200 1673 1390 1707 noscuntur,
1413 1673 1447 1700 ut.
1471 1666 1564 1699 firma
1590 1672 1685 1710 atque
1719 1666 1846 1699 illibata
1870 1675 1944 1708 per-

1199 1721 1334 1760 sistant,
1358 1720 1526 1763 apostolici
1554 1719 1708 1763 praesidii
1737 1719 1853 1752 robore
1880 1728 1943 1751 mu-

1200 1775 1339 1806 niamus.

1243 1826 1313 1869 gl.
1347 1826 1470 1868 Exponi
1508 1825 1669 1869 siquidem
1707 1824 1801 1858 nobis
1838 1834 1942 1868 nuper
1971 1833 2134 1864 constitutione·

1200 1881 1348 1912 fecerunt
1374 1878 1483 1911 dilecti
1502 1878 1557 1911 sitii
1576 1879 1701 1922 priores
1726 1877 1942 1922 provinciales
1952 1861 2135 1918 gissssiflssiffpssss

1200 1932 1442 1976 provinciarum
1469 1932 1660 1965 Germaniae
1698 1938 1729 1964 et
1764 1915 2135 1972 Botiemiaefissf‘tffffllssoss

1199 1985 1329 2018 Ordinis
1346 1986 1478 2018 fratrum
1497 1985 1669 2018 Servorum
1689 1985 1723 2018 B.
1744 1984 1784 2018 M.
1801 1985 1836 2018 V.
1853 1984 1940 2028 quod
1952 1967 2134 2025 ffihff‘hsi‘sssslfflii:

1199 2039 1294 2079 alias,
1322 2039 1397 2071 dum
1423 2039 1534 2071 ambae
1561 2038 1744 2082 provinciae
1778 2037 1942 2081 praefatae
1953 2026 2004 2070 izise'f
2035 2021 2135 2042 'mmm‘

1200 2094 1335 2126 invicem
1359 2093 1467 2126 unitae
1494 2092 1742 2136 reperiebantur
1764 2097 1795 2124 et
1814 2091 1942 2124 unicam

1199 2147 1399 2190 provinciam
1419 2146 1673 2185 constituebant,
1692 2145 1850 2189 quaedam
1870 2155 1942 2189 par-

1201 2202 1352 2234 ticulares
1389 2200 1639 2233 constitutiones
1678 2200 1718 2232 ad
1759 2200 1941 2242 regularem

1200 2255 1439 2287 observantiam
1477 2255 1509 2287 in
1547 2253 1704 2286 eiusmodi
1741 2253 1941 2296 provinciam

1199 2308 1416 2341 imlucendam
1475 2307 1622 2350 inibique
1684 2306 1939 2340 conservandam

1199 2362 1349 2394 conditae
1384 2367 1531 2404 tempore
1565 2360 1667 2394 felicis
1704 2359 1940 2393 recordationis

1198 2415 1372 2449 Clementis
1388 2415 1490 2458 Papae
1505 2414 1542 2447 xt
1560 2414 1819 2457 praedecessoris
1841 2413 1941 2447 nostri

1198 2468 1388 2501 auctoritate
1407 2468 1586 2511 apostolica
1604 2468 1801 2511 approbatae
1819 2471 1851 2500 et
1868 2476 1940 2499 con·

1235 2549 1244 2573 1
1269 2548 1325 2573 Alia
1342 2547 1420 2574 liuius
1436 2547 1572 2574 Pontificis
1588 2547 1696 2574 constit.
1713 2545 1778 2572 edit.
1796 2551 1940 2579 moccxxw,

1197 2592 1240 2618 die
1260 2593 1275 2618 8
1296 2592 1414 2626 augusti,
1432 2591 1525 2627 pontis.
1544 2597 1582 2625 111,
1599 2590 1732 2626 quaedam
1753 2589 1862 2617 decreta
1882 2589 1940 2617 sue*

1197 2640 1262 2662 runt
1282 2644 1329 2671 pro
1351 2636 1480 2663 tertiariis
1500 2635 1621 2663 eiusdem
1642 2634 1760 2662 Ordinis.
