2170 3147
204 183 250 207 An,

273 183 289 206 (ἶ

327 182 391 208 17Ξ7

439 172 503 205 5902

440 232 469 260 ln
486 241 550 270 cap.
567 241 625 268 vm,
641 241 720 260 num.
738 240 796 263 rui,
812 231 937 269 positum
955 234 1010 263 est:
1034 242 1046 257 «
1062 238 1142 268 prae-

400 281 544 319 scriptum
564 281 592 310 in
613 280 819 309 caereimmiali
837 284 938 308 nostro
952 288 980 315 »ς
998 284 1026 308 et
1048 279 1140 307 deleta

400 334 467 358 sunt
482 330 550 358 haec
569 329 653 358 verba
672 328 898 357 «observantiae
911 328 1102 357 Germanicae
1115 337 1142 364 »η

401 383 487 416 atque
504 378 635 406 additum
653 381 712 405 est:
734 388 745 403 «
765 386 879 406 necnon
896 377 1058 405 secundum
1075 386 1143 405 con-

402 427 571 456 stitutiones
593 433 751 456 herrorum
776 426 806 454 ll.
821 426 904 455 BLV.
921 435 972 464 pro
996 428 1053 454 tota
1076 425 1145 454 Ger-

403 475 501 505 mani-'t
523 475 691 514 specialiter
719 475 895 514 approbatas
915 486 943 503 ν).
960 492 999 497 —-
1022 474 1107 503 Num.
1128 484 1142 503 x

403 525 528 563 positum
545 528 601 553 est:
623 535 635 552 (ι
653 524 802 563 provincia
821 524 854 554 N.
870 535 898 561 κη
916 528 944 553 et
959 524 1027 553 item
1049 534 1061 552 t(
1078 533 1146 553 cou—

403 573 588 603 stitutionum
613 574 717 603 harum
738 584 766 602 ».
787 591 824 595 -
846 573 932 603 Num.
958 582 993 602 xv
1017 572 1145 602 deletum

403 626 462 651 est:
491 637 499 647 κ
523 627 550 652 et
574 621 630 651 nisi
653 622 786 652 absoluta
812 622 971 651 necessitas
994 622 1074 651 aliud
1099 631 1147 661 po-

403 671 574 706 stulaverit,
598 671 673 710 quod
698 671 732 700 ad
757 671 783 700 id
809 671 940 700 muneris
970 670 1089 700 omnino
1112 670 1147 699 ab

403 729 502 749 corum
521 720 644 749 lectione
657 720 801 757 distincti,
820 729 915 759 neque
931 719 988 749 alio
1006 719 1145 758 quopiam

404 769 499 799 officio
531 770 678 808 occupati,
711 779 745 799 ne
780 779 793 798 a
822 770 895 799 cura
924 774 952 799 et
982 768 1147 807 praesentia

404 827 524 848 suorum
554 828 740 858 quocumque
770 822 922 857 praetextu
953 817 1146 856 impediatur⁷

405 872 493 906 atque
518 868 553 897 (le
576 878 610 897 eo
633 869 812 907 illorumque
835 868 1008 897 educatione
1038 867 1149 906 pariter

406 917 506 945 onmia
537 917 758 955 intelligantur,
783 926 858 956 quae
886 925 973 955 supra
997 916 1086 955 capit.
1112 924 1149 944 vu

405 965 441 994 de
467 965 607 1003 magistro
630 966 809 995 novitiorum
837 969 865 994 et
895 964 1015 994 novitiis
1042 968 1148 994 statuta

405 1018 474 1044 sunt
490 1024 519 1051 »3
543 1019 572 1044 et
593 1014 725 1043 additum
756 1019 815 1043 est:
843 1024 856 1042 (t
873 1013 980 1052 quibus
1010 1013 1150 1048 magister

406 1063 598 1100 novitiorum,
615 1063 644 1092 iu
668 1063 801 1092 absentia
818 1072 885 1092 vero
902 1061 1035 1099 magistri
1060 1061 1150 1099 priori

407 1111 510 1148 locali,
535 1111 564 1140 in
588 1111 724 1140 omnibus
746 1111 908 1140 subsint».
928 1127 965 1131 -
987 1109 1072 1139 Num.
1092 1118 1151 1138 xm

408 1160 536 1190 deletum
566 1164 624 1189 est:
652 1172 665 1188 a
683 1160 712 1189 in
736 1159 926 1190 observantia
954 1161 1055 1188 nostrii
1086 1168 1150 1197 pro·

408 1210 563 1239 sessionem
584 1220 612 1238 )).

449 1259 480 1288 In
515 1267 580 1298 cap.
605 1267 639 1296 x,
665 1267 747 1288 num.
772 1267 807 1296 11,
831 1257 961 1287 additum
985 1260 1046 1286 est:
1075 1266 1086 1284 α
1109 1255 1152 1286 vel

410 1307 618 1347 professorium
637 1318 664 1336 »>.

448 1356 480 1386 ln
504 1366 568 1396 cap.
593 1365 633 1393 xi,
656 1365 735 1386 num.
758 1365 796 1393 ir,
821 1355 950 1385 deletum
974 1359 1032 1384 est:
1057 1368 1067 1381 «ι
1088 1363 1152 1383 cum

410 1406 577 1435 iuramento
594 1415 622 1441 »ς
644 1410 669 1435 et
694 1405 823 1434 additum
848 1408 908 1434 est:
937 1414 950 1431 ι(
967 1405 1088 1433 onerata
1106 1402 1155 1432 de-

410 1463 500 1494 super
515 1464 614 1484 eorum
632 1454 814 1484 conscientia
830 1453 955 1483 dandum
972 1464 999 1481 ³).
1014 1469 1050 1474 -
1068 1452 1153 1481 Num.

411 1511 438 1532 xi
461 1503 588 1541 positum
613 1507 674 1532 est:
695 1514 707 1531 t<
723 1502 886 1532 examinari
907 1505 1074 1541 possunt».

452 1552 484 1581 ln
506 1562 571 1591 cap.
589 1561 646 1586 xn,
665 1561 746 1581 nunt.
764 1561 788 1587 1,
813 1551 941 1581 deletum
964 1555 1021 1581 est:
1042 1562 1052 1577 «
1071 1555 1156 1590 prout

413 1601 509 1639 capite
523 1601 710 1639 praecedenti
723 1601 758 1630 de
772 1600 978 1640 promovendis
991 1600 1025 1629 ad
1039 1601 1157 1629 ordines

415 1650 627 1689 praescriptum
645 1654 688 1679 est
706 1662 732 1678 n.
749 1668 787 1672 -
802 1650 889 1679 Num.
907 1658 925 1678 11
948 1649 1075 1678 deletum
1100 1653 1157 1678 est:

417 1711 429 1727 o
447 1703 476 1728 et
498 1708 557 1728 uon
581 1699 667 1734 ultra⁷
692 1699 784 1728 donec
806 1698 913 1727 iterum
936 1698 1155 1733 examinentur,

414 1753 442 1777 et
466 1757 531 1777 cum
555 1748 695 1787 praetatis
718 1747 886 1786 duplicibus
909 1746 1158 1776 testimonialibus

415 1796 470 1826 sibi
484 1797 590 1826 iterum
606 1800 841 1836 praesententur,
854 1795 985 1834 exeeptis
997 1794 1158 1825 lectoribus

415 1850 442 1875 et
466 1845 750 1881 constitutionilms‚
779 1845 866 1874 etiam
890 1844 1047 1874 ordinariis
1062 1867 1069 1881 ‚
1097 1844 1160 1884 qui-

415 1895 469 1924 bus
487 1895 578 1934 possit
599 1894 732 1924 absolute
754 1895 870 1924 licentia
893 1894 1032 1931 concedi3
1061 1899 1159 1933 patres

416 1948 535 1980 autem,
560 1944 608 1983 qui
643 1944 921 1984 quinquagesimum
946 1952 1054 1972 annum
1079 1952 1159 1972 exce-

416 1993 505 2028 dunt,
531 1998 669 2032 poterunt
701 1994 788 2023 eximi
813 2003 827 2022 a
850 2003 925 2023 novo
956 1993 1112 2027 examine,
1136 1992 1160 2021 si

417 2047 515 2071 tamen
542 2042 614 2071 alias
637 2042 744 2081 reperti
763 2042 872 2071 suerint
895 2041 991 2071 idonei
1009 2051 1037 2077 »η
1062 2045 1089 2070 et
1112 2041 1162 2070 ad-

417 2091 510 2120 ditum
541 2095 596 2120 est:
624 2091 688 2119 «ad
711 2091 872 2120 triennium
896 2094 1022 2125 tantum3
1047 2090 1089 2119 illi
1113 2100 1161 2120 au—

418 2143 474 2168 tem
505 2144 601 2177 patres
628 2140 822 2175 confessarii,
846 2144 874 2169 et
898 2139 947 2178 qui
981 2139 1160 2177 theologiam

417 2189 628 2226 speculativam
661 2198 720 2219 non
754 2188 965 2225 absolverunt,
993 2188 1016 2217 si
1051 2188 1160 2226 reperti

419 2237 528 2266 suerint
543 2237 692 2268 fructuose
710 2243 823 2276 tempus
840 2247 898 2267 non
914 2237 1086 2276 impendere
1103 2242 1163 2266 stu-

419 2285 465 2314 dio
488 2286 661 2323 casuistico;
685 2287 755 2316 item
778 2286 821 2316 illi
845 2286 984 2323 theologi,
1008 2286 1070 2324 qui⁷
1095 2286 1162 2315 licet

421 2332 514 2362 trihus
537 2334 621 2364 annis
643 2335 673 2364 in
697 2335 844 2373 theologia
868 2334 1098 2374 periminserint,
1122 2338 1165 2363 at-

423 2387 517 2412 tamen
541 2383 657 2421 exigua,
681 2384 742 2413 sive
765 2393 817 2421 per
837 2383 969 2422 publicas
991 2382 1163 2422 disputatio-

423 2441 485 2467 nes,
512 2431 571 2461 sive
596 2442 648 2471 per
672 2442 792 2462 examen
817 2443 850 2462 ex
873 2432 1009 2463 omnibus
1032 2433 1164 2462 materiis

424 2478 648 2517 instituendum,
666 2481 770 2511 dedere
795 2483 943 2521 profectus
960 2483 1004 2511 sui
1028 2481 1164 2521 specimi-

424 2540 470 2565 na,
491 2528 597 2558 debent
621 2533 751 2568 tempore
775 2531 966 2568 visitationis,
986 2530 1029 2560 vel
1046 2530 1130 2567 alias,
1148 2539 1162 2558 a

425 2577 608 2619 provinciali,
626 2578 703 2607 socio
720 2578 903 2616 provinciali,
921 2583 948 2608 et
967 2588 1024 2608 uno
1042 2578 1084 2608 rel
1101 2578 1164 2617 plu-

983 183 1082 205 nt'Lm
1089 182 1165 205 meat
1192 182 1257 206 ΗΘΜ
1264 182 1349 205 ,mun

1187 230 1267 259 ribus
1290 229 1538 260 examinatoribus
1563 231 1748 269 provinciae,
1773 230 1795 260 si
1820 229 1928 269 adsint,

1188 278 1282 307 denuo
1299 278 1471 313 examinare
1490 279 1606 318 quando
1626 279 1815 308 invenientur
1832 278 1929 308 minus

1188 327 1283 356 idonei
1308 336 1359 366 pro
1382 327 1560 366 excipiendis
1582 327 1834 361 confessionibus,
1860 331 1929 356 tunc

1189 376 1379 414 provincialis
1395 376 1488 405 dictos
1512 376 1694 413 negligentes
1718 385 1769 414 pro
1791 376 1932 414 qualitate

1188 425 1290 464 culpae
1313 431 1340 454 et
1363 426 1558 463 negligentiae
1583 426 1684 463 puniat
1702 435 1731 453 n.

1230 474 1260 503 ln
1284 475 1371 513 capit.
1395 483 1456 510 xm,
1481 483 1562 503 num.
1587 482 1602 501 v
1628 475 1752 512 positum
1776 478 1837 503 est:
1859 484 1872 502 t(
1891 473 1932 503 vi-

1190 523 1276 553 deant
1294 528 1324 553 nt
1346 523 1380 552 ad
1397 523 1494 552 minus
1517 523 1607 552 semel
1631 522 1708 552 intra
1732 532 1861 552 mensem
1887 522 1931 561 (si

1190 573 1341 602 commode
1365 572 1429 602 fieri
1453 573 1564 611 potest)
1596 571 1737 610 privatam
1760 571 1933 610 disputatio-

1190 630 1257 650 nem
1280 620 1405 650 habeant
1422 631 1449 649 ν).
1476 638 1509 640 -
1534 620 1619 649 «Num.
1644 628 1692 649 vm
1716 619 1842 649 deletum
1869 623 1930 649 est:

1194 680 1205 697 «
1224 679 1287 699 cum
1314 670 1478 699 iuramento
1496 679 1524 706 »3
1544 668 1613 699 item
1633 668 1760 698 deletum
1780 672 1838 698 est:
1866 679 1880 698 <t
1896 668 1934 698 si-

1191 719 1314 756 gillatim
1340 728 1404 747 cum
1430 718 1595 747 iuramento
1615 728 1644 755 »η
1669 721 1696 747 et
1719 717 1848 747 additum
1873 720 1932 747 est:

1195 778 1207 795 t(
1231 767 1402 805 singillatim
1421 767 1502 806 prior
1525 771 1554 796 et
1577 771 1674 805 patres
1696 766 1828 805 discreti,
1848 766 1889 795 vel
1914 764 1933 794 ii

1192 816 1240 855 qui
1269 817 1406 845 statrrint
1438 816 1501 844 loro
1530 815 1724 844 discretorum
1757 814 1785 844 in
1809 824 1842 844 eo
1865 825 1934 844 con-

1193 870 1280 895 ventu
1299 866 1325 894 in
1344 875 1400 904 quo
1418 865 1441 893 is
1457 869 1525 894 ante
1538 864 1681 894 resederit
1693 864 1794 893 saltem
1820 873 1871 903 per
1887 873 1936 894 an-

1194 924 1274 947 num,
1292 916 1413 943 onerata
1429 915 1483 942 sua
1497 913 1676 942 conscientia
1693 923 1721 942 >).
1734 931 1766 934 -
1778 913 1868 942 Num.
1887 921 1936 942 xm

1194 963 1319 1002 positum
1343 966 1402 991 est:
1430 972 1443 989 «
1462 962 1597 1001 proprius
1616 962 1708 991 lector
1725 961 1890 1000 praesideat
1906 972 1935 997 »ς

1193 1016 1222 1042 et
1237 1012 1364 1041 deletum
1385 1016 1443 1041 est:
1466 1022 1478 1039 «
1496 1015 1522 1040 et
1543 1021 1599 1040 non
1619 1011 1694 1040 alius
1708 1021 1735 1039 n.
1751 1027 1786 1032 —-
1800 1010 1885 1040 Num.
1900 1019 1938 1040 xv

1194 1061 1320 1090 deletum
1339 1065 1393 1089 est:
1417 1071 1429 1088 a
1445 1069 1510 1089 cum
1529 1060 1695 1088 iuramento
1713 1069 1742 1094 »ς
1759 1063 1787 1088 et
1805 1059 1936 1089 additum

1195 1114 1252 1138 est:
1274 1120 1287 1137 ᾳ
1305 1110 1424 1139 onerata
1442 1110 1496 1137 sua
1511 1107 1695 1137 conscientia
1712 1118 1740 1136 ».

1236 1158 1266 1188 ln
1290 1168 1353 1197 cap.
1380 1166 1437 1195 xiv,
1461 1166 1542 1187 num.
1564 1165 1594 1194 u,
1619 1156 1745 1195 positum
1769 1161 1831 1186 est:
1859 1166 1871 1185 z(
1889 1157 1938 1195 qui

1196 1207 1364 1236 idoneitatis
1381 1215 1449 1235 suae
1467 1205 1668 1235 testimonium
1684 1215 1743 1235 uon
1759 1204 1896 1235 habuerit
1910 1215 1937 1234 »z

1197 1260 1224 1285 et
1247 1255 1373 1285 deletum
1396 1258 1454 1284 est:
1484 1266 1494 1282 t<
1516 1253 1645 1283 iuratum
1664 1264 1691 1283 >›.
1717 1253 1787 1283 Item
1811 1253 1940 1293 positum

1197 1309 1256 1334 est:
1285 1316 1296 1333 <a
1315 1305 1344 1333 in
1368 1303 1520 1332 refectorio
1548 1302 1673 1332 themate
1697 1302 1731 1332 ab
1761 1303 1796 1332 iis
1826 1307 1940 1332 tantum

1199 1353 1296 1383 triduo
1312 1352 1367 1382 sihi
1385 1356 1450 1381 ants·
1468 1351 1629 1390 a=signato,
1648 1351 1849 1381 testimonium
1869 1360 1940 1391 quo-

1199 1413 1254 1443 que
1279 1403 1354 1432 vitae
1371 1411 1403 1431 ac
1421 1410 1546 1439 morum,
1565 1405 1650 1441 prout
1666 1410 1754 1440 supra
1777 1400 1813 1430 de
1835 1410 1940 1440 appro-

1199 1451 1302 1481 bandis
1326 1450 1485 1480 lectoribus
1511 1450 1725 1489 praescriptum
1749 1454 1810 1487 est,
1835 1449 1941 1478 habere

1201 1505 1333 1530 teneatur
1353 1510 1378 1529 ι).
1396 1518 1433 1522 -
1450 1500 1535 1529 Num.
1556 1508 1585 1529 111
1603 1503 1712 1529 mutata
1729 1503 1772 1529 est
1788 1499 1877 1529 dictio
1899 1509 1943 1528 or-

1200 1551 1320 1584 dium-ie,
1331 1554 1358 1579 et
1372 1550 1503 1588 apposita
1520 1554 1563 1579 est
1575 1549 1751 1587 reyzdariter.
1768 1567 1803 1570 —
1816 1549 1901 1578 Num.
1916 1557 1942 1577 xi

1201 1599 1330 1628 additum
1354 1603 1415 1627 est:
1437 1609 1449 1626 (ι
1468 1598 1604 1627 scandalo
1621 1597 1777 1627 ostenderit
1793 1597 1881 1627 nimis
1903 1598 1944 1626 sa-

1202 1648 1356 1677 miliariter
1385 1657 1450 1676 cum
1484 1646 1628 1685 improbis
1657 1646 1875 1681 conversando,
1899 1646 1942 1675 vel

1202 1697 1339 1734 ludendo,
1359 1696 1402 1725 vel
1419 1695 1661 1735 blasphemando,
1686 1704 1808 1725 munere
1831 1695 1944 1734 praedi-

1202 1745 1286 1775 candi
1309 1750 1407 1775 careat
1431 1755 1481 1784 per
1503 1745 1740 1783 quinquennium
1760 1754 1792 1773 »ζ
1817 1748 1845 1774 et
1866 1744 1944 1773 dele-

1203 1800 1265 1825 tum
1287 1798 1350 1824 est:
1378 1806 1391 1822 <t
1415 1803 1536 1823 munere
1564 1793 1753 1832 praedicandi
1780 1793 1811 1822 in
1843 1802 1944 1832 perpe-

1204 1849 1284 1874 tuum
1299 1848 1437 1873 careat».
1454 1861 1482 1863 —
1500 1843 1636 1872 Nu1n.x11
1653 1842 1777 1881 positum
1792 1847 1850 1872 est:
1864 1852 1875 1870 c
1890 1840 1943 1870 suh

1205 1894 1296 1933 poena
1320 1892 1481 1922 arbitraria
1504 1891 1735 1931 provincialis».

1245 1943 1273 1971 ln
1299 1951 1362 1981 cap.
1388 1950 1434 1979 xv,
1453 1951 1533 1971 num.
1554 1949 1585 1979 11,
1610 1940 1739 1970 additum
1763 1944 1822 1970 est:
1850 1951 1862 1968 «
1881 1949 1946 1979 pro-

1204 1991 1260 2030 prii
1280 1991 1403 2020 lectores
1420 1994 1532 2020 tantum
1547 2002 1574 2019 ».
1592 1990 1662 2019 Item
1679 1989 1771 2018 deleta
1794 1993 1835 2019 est
1856 1989 1945 2018 dictio

1204 2041 1414 2078 riyorosissinzffi
1429 2045 1457 2069 et
1471 2039 1602 2078 apposita
1621 2039 1749 2077 rigyorose.
1764 2055 1803 2059 —
1815 2037 1900 2068 Num.
1917 2047 1945 2067 ιιι

1206 2089 1329 2127 positum
1360 2092 1419 2117 est:
1448 2097 1576 2117 «vocem
1610 2092 1666 2117 tam
1701 2087 1824 2117 activam
1858 2096 1944 2125 quam

1206 2138 1350 2177 passivam
1375 2137 1481 2166 habere
1504 2137 1634 2175 possint,
1658 2136 1789 2175 adeoque
1811 2136 1882 2174 ipsis
1917 2136 1945 2164 in

1205 2187 1319 2216 nullum
1344 2196 1463 2225 prorsus
1485 2187 1693 2216 detrimentum
1711 2186 1745 2215 de
1764 2185 1878 2224 reliquo
1901 2194 1948 2214 ce-

1205 2236 1297 2266 dat».
1323 2235 1420 2265 Additi
1437 2239 1504 2265 sunt
1520 2245 1552 2264 ex
1571 2244 1637 2273 cap.
1657 2243 1723 2263 xxxi
1743 2238 1771 2263 et
1793 2243 1856 2272 cap.
1876 2243 1944 2270 xnu,

1205 2289 1293 2323 atque
1316 2284 1372 2313 huc
1397 2283 1541 2321 translati,
1565 2288 1722 2322 sequentes
1738 2283 1795 2313 duo
1817 2283 1945 2318 numeri,

1208 2334 1361 2364 xidelicet:
1386 2333 1420 2363 N.
1444 2341 1482 2362 iv.
1510 2343 1524 2361 t<
1544 2332 1740 2362 Nihilominus
1769 2332 1895 2362 lectores
1917 2337 1946 2361 et

1206 2382 1441 2419 concionatores,
1465 2381 1567 2411 habita
1588 2381 1702 2410 ratione
1724 2389 1844 2410 suorum
1867 2380 1949 2410 laho-

1206 2441 1283 2470 rum⁷
1308 2431 1357 2470 qui
1382 2441 1432 2471 per
1454 2431 1554 2460 decem
1579 2440 1671 2460 annos
1693 2430 1848 2460 actualiter
1871 2430 1948 2467 lege-

1207 2481 1265 2510 rint
1293 2479 1468 2518 theologiam
1499 2479 1708 2518 speculativam
1740 2482 1790 2507 aut
1823 2478 1948 2517 philoso-

1208 2529 1319 2568 phiam,
1334 2532 1383 2557 ant
1400 2531 1553 2566 utramque
1568 2526 1668 2564 simul,
1684 2530 1711 2556 et
1726 2526 1947 2555 concionatores

1208 2577 1256 2617 qui
1275 2586 1325 2616 per
1342 2576 1416 2606 idem
1435 2580 1550 2615 tempus
1565 2574 1729 2605 concionati
1749 2574 1870 2612 suerint,
1887 2574 1948 2605 sive

1923 183 1970 207 An.
1994 183 2022 207 c.
2047 182 2109 211 1727
