2170 3147
248 202 300 227 An.
321 200 351 227 c.
370 200 438 228 1726
484 190 549 225 ,⁶30ss

296 905 432 925 ‹jouin-maim

247 934 327 952 »etatae
353 933 433 951 constt-

248 960 335 978 tulimus
386 958 432 977 Cle-

247 988 321 1005 suenktss
337 984 363 1005 lx
380 985 432 1004 alio-

247 1018 334 1038 rumque
356 1011 432 1031 ftoma-

247 1045 320 1059 nnrum
346 1039 433 1058 ronna-

247 1072 303 1087 cum.

442 250 656 293 buscumque.
678 249 830 283 Volumus
851 254 972 291 antem,
991 249 1046 283 ιη’
1066 260 1191 283 earum-

444 303 516 336 dem
554 303 777 346 praesentium
810 303 996 337 litterarum
1030 309 1188 338 transum-

445 357 516 401 ptis,
536 367 590 389 seu
617 357 789 400 exemplis,
813 358 910 390 etiam
931 358 1107 401 impressis,
1127 368 1191 391 ma-

443 420 484 442 nu
503 410 638 443 alicuius
658 409 775 442 notarii
794 409 913 453 publici
936 411 1141 454 subscriptiS,
1159 416 1191 444 et

443 463 551 506 sigillo
570 473 727 506 personae
746 463 779 496 in
798 463 1016 507 ecclesiastica
1033 463 1189 506 dignitate

442 516 640 548 constitutae
659 515 802 555 munitis,
822 516 935 549 eadem
953 526 1088 560 prorsus
1109 516 1189 549 tides

442 569 474 601 in
513 569 633 602 iudicio
672 575 701 601 et
739 574 829 602 extra
864 570 944 602 illud
971 569 1186 611 adhibeatur,

442 633 524 667 quae
550 622 630 666 ipsis
656 623 886 666 praesentibus
918 623 1134 656 adhiberetur
1164 623 1189 656 si

443 677 550 710 forent
569 677 735 710 exhibitae
751 679 800 710 vel
819 683 984 711 ostensae.

479 739 575 766 Datum
606 739 717 775 Romae,
749 739 820 774 apud
854 739 879 766 S.
907 739 1020 767 Mariam
1045 740 1188 773 Maiorem,

442 785 491 811 snb
508 785 609 811 annulo
626 784 783 817 piscatoris,
799 784 843 811 die
863 791 889 811 Vt
906 784 1027 812 octobris
1042 791 1189 818 MDCvattt,

443 829 619 865 pontificatus
640 829 725 856 nostri
747 836 818 856 anuo
838 835 865 856 tt.

488 892 551 936 §2
578 891 653 925 Cum
681 897 805 933 autem,
837 892 922 925 sicut
947 892 1085 926 dilectus
1103 892 1188 926 filins

443 946 580 979 Michael
607 956 623 978 a
648 945 778 979 Christo
804 951 995 989 procurator
1025 947 1189 990 generalis

445 1000 712 1044 Congregationis
728 1001 906 1043 Hispaniae
923 1001 1056 1034 fratrum
1072 1001 1190 1035 Discal-

445 1060 612 1088 ceatorum
639 1054 716 1087 dicti
743 1054 872 1088 Ordinis
898 1055 991 1088 nobis
1016 1065 1124 1099 nuper
1137 1066 1190 1088 ex-

444 1107 521 1152 poni
550 1107 640 1146 fecit,
660 1108 689 1140 in
710 1108 918 1151 perficiendis
938 1119 974 1141 ac
1001 1108 1188 1142 executioni

444 1161 636 1194 mandandis
662 1172 822 1194 novorum
850 1167 1064 1195 conventuum
1088 1168 1118 1196 et
1134 1162 1190 1195 do·

444 1225 570 1248 mortun
597 1214 725 1248 Ordinis
751 1215 906 1258 praedicti
942 1215 1189 1248 fundationibus

445 1278 481 1301 ac
506 1268 744 1306 erectionibus,
771 1279 851 1312 quas
873 1268 1107 1302 christifideles
1128 1279 1189 1312 pro

445 1325 502 1355 sua
526 1323 559 1355 in
585 1332 699 1355 eorum
727 1322 919 1363 religionem
946 1322 1119 1355 devotione
1156 1322 1187 1354 in

444 1375 579 1408 diversis
606 1375 716 1408 mundi
743 1375 917 1419 partibus,
946 1385 982 1408 ac
1014 1375 1189 1419 praecipue

444 1429 619 1472 Hispaniae
636 1429 753 1471 regnis,
770 1429 948 1462 identidem
966 1429 1070 1462 facere
1087 1429 1190 1462 inten-

444 1483 534 1523 dunt,
561 1483 667 1516 adhuc
685 1484 852 1515 multoties
871 1483 1041 1525 contingat
1058 1483 1190 1516 eosdem

445 1537 561 1570 fratres
602 1538 641 1569 ab
683 1536 754 1569 aliis
797 1536 993 1580 praesertim
1032 1535 1189 1569 Ordinum

443 1591 697 1624 Mendieantium
724 1590 945 1633 praefatorum
971 1600 1007 1622 ac
1033 1589 1190 1623 Minorum

443 1644 475 1679 S.
503 1645 665 1678 Francis-ci
704 1645 940 1686 regularibus,

444 1698 705 1742 privilegiorum,
721 1698 781 1730 sibi
801 1708 900 1741 super
919 1697 1106 1730 huiusmodi
1125 1698 1191 1730 sun-

445 1752 631 1785 dationibus
657 1753 739 1784 sicut
769 1751 991 1795 praemittitm·
1016 1762 1191 1784 concesso-

446 1817 541 1845 rum,
567 1805 604 1838 eii
642 1804 749 1849 quae²
781 1816 840 1848 par
876 1811 924 1837 est
962 1805 1109 1845 ratione,
1137 1805 1191 1837 im-

444 1859 560 1904 pediri,
587 1859 752 1892 molestari
780 1865 812 1892 et
837 1859 1042 1902 perturbat-13
1061 1870 1097 1892 ac
1117 1870 1192 1903 pro·
1212 1849 1213 1863 ³

444 1919 558 1957 pterea
584 1913 689 1945 dictus
718 1913 880 1952 Micltael,
909 1923 973 1956 quo
1008 1912 1190 1955 praemissa

446 1967 566 2000 firmius
592 1967 1005 1999 subsistantetservcntur
1029 1967 1189 2005 exactius,
1211 1999 1213 2004 ,

444 2022 645 2064 apostolicae
673 2031 805 2064 quoque
843 2019 1098 2053 confirmationis
1133 2032 1190 2054 no-

445 2081 529 2107 strae
556 2075 738 2117 patrocinio
775 2074 1000 2113 communiri,
1038 2084 1075 2106 ac
1111 2075 1190 2107 alias

444 2134 629 2171 opportune
667 2129 813 2171 desuper
849 2139 866 2160 a
897 2127 992 2160 nobis
1025 2128 1188 2171 provideri

445 2192 652 2224 summopere
673 2182 854 2214 desideret:
874 2192 944 2220 neS,
966 2181 1114 2214 eiusdem
1135 2182 1190 2214 Mi-
1210 2196 1212 2207 π

445 2236 571 2268 cliaelis
599 2236 680 2269 rotis
708 2236 766 2268 hac
792 2236 822 2268 in
852 2246 906 2275 re,
933 2242 1090 2278 quantuni
1118 2247 1188 2269 cum

445 2288 582 2321 Domino
598 2300 782 2332 possumus,
803 2288 1026 2322 favorabiliter
1043 2300 1188 2323 annuere

445 2343 615 2381 volentes,
641 2353 783 2384 eumque
814 2352 831 2374 a
861 2342 1029 2385 quibusvis
1061 2353 1190 2375 excom-

444 2395 675 2427 municationis
701 2395 926 2437 suspensionis
953 2401 983 2428 et
1008 2395 1188 2436 interdicti,

444 2448 582 2490 aliisque
598 2448 829 2481 ecelesiasticis
846 2449 1027 2489 sententiis,
1043 2460 1189 2482 censuris

444 2507 477 2534 et
503 2501 626 2544 poenis,
653 2512 670 2533 a
696 2501 763 2534 iure
789 2504 838 2534 vel
855 2503 895 2534 ab
915 2503 1060 2542 homine,
1078 2504 1189 2546 quavis

479 2572 490 2598 1
516 2571 680 2597 Partis-ulam
702 2574 731 2597 ut
753 2579 801 2597 nos
821 2571 947 2598 addimus
966 2575 1007 2600 (tt.
1024 2574 1075 2607 T.).

477 2616 494 2646 Ξ
515 2616 586 2643 Edit.
605 2616 685 2642 Mam.
704 2617 768 2652 legit
788 2624 847 2651 qua
867 2623 905 2651 (R.
923 2617 972 2653 τ.).

1212 1603 1214 1635 j
1233 1590 1341 1623 stolici
1368 1601 1406 1623 an

978 1654 1043 1676 non
1079 1638 1214 1677 habita'

1036 202 1216 227 nrttmtmt
1242 202 1393 229 Romnum

1234 251 1407 286 occasione
1433 252 1482 287 vel
1504 255 1600 288 causa
1616 255 1700 295 latis,
1718 256 1743 288 si
1763 256 1880 300 quibus
1896 267 1975 300 quo-

1233 305 1414 339 modolibet
1439 306 1613 341 innodatus
1630 308 1748 350 existit,
1769 309 1807 342 ad
1825 308 1975 344 effectum

1233 359 1453 401 praesentium
1483 361 1647 395 dumtaxat
1685 363 1973 407 consequendum,

1234 412 1348 445 harum
1376 413 1460 447 serie
1487 414 1694 448 absolventes
1726 422 1757 448 et
1790 414 1974 450 absolutum

1233 465 1303 497 sore
1337 472 1534 506 censentes,
1569 468 1868 511 supplicationibus
1906 469 1976 503 eius

1234 518 1365 551 nomine
1391 518 1486 552 nobis
1511 529 1611 563 super
1633 520 1694 553 hoc
1717 520 1885 555 humiliter
1902 533 1977 566 por-

1234 571 1329 605 rectis
1344 572 1503 612 inclinati‚
1517 574 1738 616 praeinsertas
1748 574 1922 609 Clementis
1936 576 1976 610 tx

1233 625 1439 669 aliorumque
1451 625 1670 660 Romanorum
1681 627 1872 662 Pontificum
1883 640 1976 673 prae-

1234 678 1448 712 decessorum
1487 685 1674 714 histrorum
1712 692 1812 726 super
1844 693 1975 717 eonces-

1233 731 1324 765 sione
1352 738 1384 765 et
1410 731 1658 767 confirmatione
1684 735 1866 778 respective
1884 746 1976 770 enar—

1233 791 1375 819 ratorum
1393 786 1640 831 privilegiorum
1657 788 1824 832 expeditas
1843 789 1975 831 litteras,

1234 850 1269 874 ac
1294 840 1404 873 omnia
1441 845 1471 873 et
1505 840 1634 884 singula
1671 841 1704 875 in
1741 841 1787 875 eis
1822 848 1975 877 contenta

1234 899 1265 928 et
1289 904 1458 937 expressa,
1485 894 1681 928 auctoritate
1707 896 1908 939 apostoliea,
1935 902 1976 932 te·

1233 958 1313 981 nore
1338 947 1577 991 praesentium,
1595 949 1817 992 approbamus
1844 955 1876 984 et
1900 961 1977 984 con-

1233 1000 1416 1041 firmamus,
1443 1000 1573 1045 illisque
1599 1001 1799 1036 inviolabilis
1825 1004 1978 1047 apostoli·

1233 1065 1288 1088 cae
1314 1054 1476 1087 firmitatis
1502 1055 1604 1088 robur
1619 1055 1727 1089 itidem
1747 1056 1926 1097 adiicimus,
1942 1068 1978 1091 ac

1233 1107 1289 1141 illa
1309 1118 1368 1151 per
1386 1118 1604 1152 quascumque
1623 1119 1793 1152 personaS,
1811 1108 1909 1143 etiam
1928 1121 1978 1144 re-

1234 1162 1375 1204 gulares,
1394 1162 1534 1195 cuiusvis
1553 1162 1683 1195 Ordinis
1700 1169 1731 1196 et
1749 1163 1899 1204 instituti,
1913 1169 1977 1198 tam

1234 1214 1486 1248 Mendicantium
1510 1225 1607 1259 quam
1626 1226 1690 1249 non
1713 1215 1976 1258 Mendicantium,

1233 1277 1268 1301 ac
1284 1273 1396 1307 status,
1411 1269 1541 1311 gradus,
1555 1268 1754 1302 conditionis
1769 1275 1798 1303 et
1812 1270 1976 1313 qualitatis

1234 1321 1385 1362 existant,
1410 1328 1520 1355 exacte
1547 1322 1723 1363 observari,
1738 1323 1849 1356 eadem
1868 1327 1978 1358 aueto-

1235 1374 1336 1414 ritate,
1356 1375 1469 1407 harum
1491 1375 1586 1415 serie,
1604 1376 1825 1420 praecipimus
1844 1382 1875 1410 et
1892 1387 1978 1411 man-

1235 1429 1361 1462 damus.
1378 1428 1600 1462 Decernentes
1616 1429 1751 1473 pariter,
1769 1430 1813 1463 ita
1824 1430 1864 1468 ,in
1883 1441 1977 1473 prae-

1235 1481 1340 1514 missis
1351 1492 1409 1525 per
1419 1492 1639 1526 quoscumque
1654 1483 1778 1516 iudices
1792 1483 1977 1517 ordinarios

1234 1541 1264 1568 et
1282 1535 1431 1578 delegato
1470 1536 1566 1569 etiam
1584 1547 1756 1569 causarum
1771 1538 1883 1581 palatii
1902 1549 1979 1582 apo-

1412 1547 1550 1629 ἆῂοιέε,
1566 1590 1705 1624 iudicari
1723 1597 1755 1624 et
1772 1591 1902 1624 definiri
1921 1592 1976 1626 de-

1235 1645 1323 1684 bere,
1339 1655 1376 1677 ae
1398 1644 1528 1677 irritum
1548 1650 1581 1678 et
1598 1645 1695 1677 inane
1714 1644 1740 1677 si
1759 1655 1855 1678 secus
1877 1656 1978 1689 super

1237 1698 1286 1730 his
1323 1709 1340 1731 a
1376 1709 1541 1742 quoquam
1557 1725 1564 1739 ,
1602 1699 1717 1742 quavis
1754 1699 1950 1733 auctoritate
1969 1727 1976 1740 ,

1234 1753 1377 1785 scienter
1406 1754 1456 1786 rel
1490 1753 1700 1795 ignoranter,
1728 1753 1904 1795 contigerit
1932 1759 1978 1787 at-

1237 1806 1368 1838 tentari.
1385 1805 1454 1839 Non
1470 1806 1677 1839 obstantibus
1696 1806 1848 1839 omnibus
1865 1812 1897 1839 et
1914 1808 1979 1840 sin-

1236 1859 1318 1901 gulis
1356 1859 1445 1899 illis,
1480 1869 1562 1902 quae
1595 1860 1627 1891 in
1664 1859 1877 1903 praeinsertis
1909 1859 1978 1893 Cle-

1236 1911 1351 1945 mentis
1378 1912 1415 1944 tx
1448 1912 1652 1955 aliorumque
1685 1914 1978 1956 praedecessorum

1235 1966 1475 2009 praedictorum
1506 1966 1623 1999 litteris
1642 1976 1799 1999 concessa
1819 1973 1892 1999 sunt
1911 1977 1977 2000 non

1235 2021 1386 2061 obstare,
1415 2020 1604 2064 ceterisque
1637 2020 1812 2053 contrariis
1845 2020 1979 2065 quibus-

1235 2084 1386 2117 cumque.

1279 2129 1293 2172 ἓ
1318 2128 1350 2162 .3.
1371 2128 1527 2161 Volumus
1548 2138 1678 2172 quoque
1702 2134 1736 2160 ut
1760 2128 1979 2172 praesentium

1233 2182 1415 2215 litterarum
1442 2181 1672 2225 transumptis,
1704 2192 1760 2214 seu
1797 2182 1979 2225 exempliS,

1234 2236 1330 2269 etiam
1357 2235 1539 2279 impressis,
1566 2246 1662 2268 manu
1696 2235 1832 2269 alicuius
1862 2235 1979 2269 notarii

1235 2289 1356 2333 publici
1383 2289 1596 2333 subscriptis,
1622 2294 1652 2322 et
1680 2289 1790 2332 sigillo
1815 2299 1980 2333 personae

1235 2344 1264 2376 in
1282 2344 1504 2377 ecclesiastica
1523 2343 1682 2386 dignitate
1702 2343 1898 2376 constitutae
1913 2353 1980 2376 mu-

1235 2397 1311 2430 nitis
1330 2423 1337 2437 ,
1365 2397 1479 2430 eadem
1508 2407 1644 2440 prorsus
1670 2396 1750 2430 fides
1775 2396 1896 2440 ubique
1933 2397 1981 2430 lo-

1234 2462 1348 2484 corum
1378 2457 1440 2483 tam
1468 2451 1500 2483 in
1527 2450 1647 2483 iudicio
1673 2461 1768 2494 quarn
1795 2455 1881 2487 extra
1900 2450 1980 2483 illud

1235 2505 1419 2544 habeatur,
1446 2514 1528 2547 quae
1556 2504 1634 2546 ipsis
1666 2502 1890 2545 praesentibus
1924 2503 1980 2536 ha-

1233 2558 1369 2589 beretur
1395 2557 1419 2589 si
1440 2558 1545 2589 forent
1568 2556 1731 2588 exhibitae
1745 2557 1794 2588 vel
1812 2561 1975 2589 ostensae.

1276 2610 1392 2643 Datum
1420 2610 1555 2651 Romae,
1580 2610 1666 2654 apud
1687 2610 1719 2643 S.
1746 2608 1874 2642 Petrum
1891 2634 1898 2650 ,
1918 2609 1977 2643 sub

1985 208 2031 235 An.
2053 209 2081 237 C.
2100 190 2165 240 ¹756

2025 2136 2170 2163 Trmrunwio-

1991 2170 2035 2184 rutn
2050 2163 2110 2185 fides.
