2170 3147
204 204 252 231 An.
271 204 301 231 C.
324 203 392 230 ¹726

438 194 502 227 li-t'nss

400 252 474 284 Pius
493 252 579 295 Papa
597 252 620 284 V
645 257 676 285 et
700 251 852 286 Clemens
870 251 895 284 X
922 251 1143 295 compluribus

400 317 436 337 ιη’
463 306 493 338 S.
523 306 559 338 R.
589 306 623 338 E.
652 306 716 338 ritu
743 305 840 339 editis
866 305 1081 348 indulgentiis
1114 304 1146 336 li-

400 359 520 391 delium
548 360 701 401 pietatem
737 369 813 401 erga
842 359 875 392 Β.
905 359 1065 401 Agnetem
1099 358 1145 391 l‘o-

401 424 475 446 vere
502 414 711 446 studuerunt.

445 467 456 487 Q
490 467 498 482 l

443 485 457 509 b
483 482 513 500 i.
542 467 665 505 Quibus
692 467 843 500 omnibus
866 466 925 500 sub
943 466 1058 501 similis
1081 477 1144 500 me-

295 511 521 575 ¹moriae
548 521 717 559 Clemente
744 521 782 553 Xl
819 520 990 559 discussis,
1019 521 1142 564 Deique

342 560 536 607 ¹³‘⁰aiicillae
575 574 748 606 virtutibus
785 580 816 607 et
848 573 1033 614 miraculis,
1069 580 1144 618 pOSL

399 637 588 660 concessum
616 638 633 659 a
658 627 740 660 Sede
767 627 953 670 Apostolica
978 628 1048 661 eius
1074 629 1144 661 cul-

401 687 479 719 tum,
508 681 546 713 dc
574 691 665 713 more
691 691 800 714 coram
826 680 922 714 nobis
949 680 981 713 in
1008 691 1143 714 examen

601 740 633 767 et
658 734 760 767 veteri
787 734 979 778 disciplinae
1009 745 1045 767 ae
1069 744 1142 767 san-

399 792 526 820 ctoruni
548 788 676 821 Patrum
697 788 987 821 constitutionibus
1007 798 1142 831 respon-

400 840 476 873 dere
503 851 562 883 per
586 840 694 874 omnia
719 841 877 884 repertis,
914 841 1012 885 inque
1039 841 1142 874 tribus

399 893 602 926 consistoriis
629 899 660 926 ct
683 895 830 937 plenario
857 900 1018 927 conventu
1046 905 1143 928 rene-

400 946 553 979 rabilium
592 947 729 980 fratrum
766 953 954 981 nostrorum
982 947 1014 981 S.
1041 947 1077 980 R.
1105 947 1140 980 E.

400 1000 614 1032 cardinalium
661 1006 757 1043 atque
798 1000 894 1034 etiam
934 1001 1139 1043 patriarcha-

400 1064 481 1093 rum,
504 1054 832 1097 archiepiscoporum
855 1061 886 1087 et
910 1054 1144 1098 episcoporum

399 1106 570 1139 nobiscum
590 1107 623 1139 in
640 1107 725 1140 Urbe
747 1108 972 1151 praesentium
992 1109 1052 1141 rite
1070 1119 1144 1152 per-

399 1160 538 1202 pensis,
576 1161 721 1194 unanimi
754 1162 946 1195 eorumdem
982 1163 1145 1195 sententia

399 1223 459 1255 per
483 1213 576 1246 Sedis
610 1214 817 1257 Apostolicae
851 1215 996 1249 notarios
1034 1225 1143 1248 coram

399 1266 495 1298 nobis
523 1270 669 1310 excepta,
696 1279 876 1312 regumque
903 1274 934 1301 et
958 1268 1143 1312 principum

400 1319 659 1353 christianorum
697 1327 794 1365 atque
820 1321 950 1355 Ordinis
976 1322 1145 1355 Praedica-

402 1378 504 1405 torum
532 1374 635 1406 enixis
671 1375 827 1417 precibus
860 1386 919 1419 pro
949 1376 1075 1418 Agnete
1112 1375 1144 1408 in

401 1433 588 1459 sanctarum
615 1427 776 1471 virginum
800 1439 865 1462 non
891 1436 1070 1473 martyrum
1093 1441 1144 1463 ca-

400 1491 518 1513 nonem
545 1482 718 1515 reserenda
743 1484 952 1527 Apostolicae
973 1483 1046 1517 Sedi
1074 1494 1145 1527 por-

400 1534 517 1573 rectis,
544 1542 616 1578 post
642 1541 748 1569 tantae
775 1537 821 1568 rei
849 1536 1068 1580 perficiendae
1094 1548 1145 1570 so-

400 1588 541 1619 lemnem
569 1589 654 1621 diem
680 1589 846 1630 indictam,
873 1601 995 1634 perque
1023 1591 1144 1624 oratio-

400 1651 469 1675 nes,
495 1641 617 1674 ieiunia
643 1648 674 1675 et
692 1644 918 1687 eleemosynas
938 1645 1145 1688 omnipoten-

403 1694 451 1726 tiiz
481 1694 534 1727 lici
560 1706 657 1738 opem
678 1696 914 1730 ferventissime
930 1696 1143 1740 imploratam,

400 1758 458 1779 nos
485 1749 626 1789 deinum,
646 1750 817 1790 universis,
838 1761 920 1794 quae
948 1761 983 1783 ex
1002 1756 1145 1784 anteces-

401 1812 509 1834 sorum
536 1808 723 1836 nostrorum
756 1803 979 1838 Romanorum
1013 1803 1145 1837 Pontifi-

399 1854 497 1887 licum
522 1856 808 1890 constitutionibus
835 1863 867 1890 et
891 1857 921 1891 S.
939 1857 1020 1890 RE.
1050 1858 1145 1891 disci<

400 1910 490 1952 plina
516 1911 701 1953 peragenda
726 1916 847 1952 erant,
875 1911 963 1944 omni
985 1911 1144 1954 religione

401 1964 568 2005 peractis,
596 1965 656 1997 hac
682 1965 732 1997 die
759 1964 790 1997 in
816 1965 976 1999 honorem
1003 1970 1146 1998 anteces-

402 2018 483 2049 soris
510 2019 611 2051 nostri
638 2017 801 2061 pontificis
829 2023 859 2052 et
884 2019 1035 2062 martyris
1068 2019 1145 2051 Mol-

402 2070 526 2103 eliiadis
552 2071 616 2104 Deo
642 2075 747 2112 sacra,
775 2083 836 2116 qua
862 2073 958 2106 ctiam
984 2073 1145 2106 incarnati

401 2125 496 2158 Verbi
524 2126 712 2169 mysterium
738 2125 770 2158 in
796 2128 903 2159 annua
926 2127 1146 2160 translationis

403 2181 505 2211 alinae
522 2179 639 2212 Domus
656 2179 855 2213 Lauretanae
877 2180 1034 2213 memoria
1053 2190 1145 2213 reco-

402 2234 502 2271 litur,
540 2236 602 2266 unii
638 2243 710 2265 cum
750 2233 866 2267 iisdem
901 2234 1145 2267 venerabilibus

404 2286 555 2318 fratribus
583 2286 703 2319 nostris
727 2286 758 2319 S.
776 2287 813 2319 R.
834 2286 868 2319 Ε.
897 2287 1119 2320 cardinalibus
1139 2315 1146 2327 ,

404 2339 608 2381 patriarchis,
635 2340 893 2383 archiepiscopis
920 2345 951 2373 et
981 2340 1145 2383 episcopis

404 2402 439 2423 ac
467 2391 634 2433 utriusque
660 2392 739 2424 cleri
765 2398 797 2425 et
822 2392 935 2436 populi
962 2393 1146 2436 frequentia

405 2445 434 2475 iu
456 2451 694 2477 sacrosanctam
706 2446 872 2479 basilicam
886 2446 1046 2490 Principis
1062 2447 1147 2489 Apo-

405 2499 561 2529 stolorum
589 2498 652 2530 lieo
674 2499 896 2541 supplicantes
915 2499 1145 2540 convenimus,

406 2551 472 2589 ubi,
499 2552 609 2590 semel,
637 2551 752 2584 iteruin
779 2558 810 2584 et
836 2552 934 2585 tertio
960 2563 1020 2596 pro
1053 2553 1147 2585 beat-‘⁴1

404 2605 528 2647 Agnou·
551 2604 709 2636 Politiana
728 2605 758 2636 in
778 2611 965 2639 sanctarum
982 2605 1145 2649 virginum

400 734 548 766 adductis
566 762 572 774 ‚

983 201 1166 227 BULLARIUM
1190 201 1346 227 ROMANUM

1189 261 1254 284 non
1279 257 1457 295 martyrum
1484 261 1642 286 canonem
1660 251 1837 286 reserenda
1854 262 1929 296 pre-

1188 305 1279 338 cibus
1305 305 1454 349 repetitis
1480 316 1539 349 per
1562 307 1782 340 venerabilem
1798 306 1930 340 fratrem

1187 363 1336 390 nostrum
1355 358 1560 392 Franciscurn
1579 358 1611 392 S.
1631 359 1669 392 R.
1689 359 1721 392 E.
1735 359 1929 403 episcopum

1188 411 1389 445 cardinalem
1406 412 1599 453 Ostiensem,
1619 413 1829 446 Barberinum
1847 424 1930 446 nun-

1187 470 1364 508 cupatum,
1391 470 1465 509 post
1491 466 1676 499 decantatas
1709 477 1815 500 sacras
1851 478 1930 500 ora-

1189 518 1317 560 tiones,
1346 524 1377 551 et
1401 519 1538 562 Spiritus
1563 519 1671 553 Sancti
1697 520 1835 563 gratiam
1871 521 1930 554 liu-

1186 571 1322 604 millime
1335 572 1551 616 imploratam,
1563 574 1602 607 ad
1621 573 1782 606 honorem
1795 578 1929 607 sanctae

1187 630 1218 657 ct
1243 625 1429 659 individuae
1454 626 1631 667 Trinitatis,
1653 626 1728 660 fidei
1749 627 1929 661 catholicae

1187 678 1437 719 exaltationem,
1466 685 1497 712 et
1523 679 1724 714 christianae
1761 679 1930 722 religionis

1186 731 1446 773 incrementum,
1471 734 1665 767 auctoritate
1692 734 1929 778 omnipotentis

1186 784 1243 817 Dei
1275 784 1388 826 Patris,
1417 786 1507 827 Filii,
1535 791 1566 820 et
1590 787 1727 831 Spiritus
1752 787 1870 827 Sancti,
1900 793 1929 820 et

1186 838 1357 871 beatorum
1380 841 1606 882 apostolorum
1624 841 1711 874 Petri
1730 846 1762 874 et
1779 841 1880 881 Pauli,
1895 851 1930 874 ac

1187 893 1307 931 nostra,
1334 892 1373 926 de
1401 893 1591 926 eorumdem
1619 894 1854 928 venerabilium
1869 895 1931 928 sra-

1189 949 1272 978 trum
1297 951 1487 979 nostrorum
1512 946 1543 980 S.
1576 947 1613 980 R.
1634 947 1667 981 E.
1689 948 1903 981 cardinalium
1923 975 1930 988 ,

1187 999 1459 1041 patriarcharum,
1476 1000 1799 1044 archiepiscoporum
1817 1007 1850 1035 et
1867 1003 1932 1046 epi-

1187 1062 1362 1095 scoporum
1396 1054 1569 1087 nobiscum
1606 1055 1638 1087 in
1674 1055 1822 1098 plenario
1847 1066 1932 1089 con-

1187 1111 1284 1139 ventu
1310 1107 1466 1140 basilicae
1505 1108 1671 1142 vaticanae
1708 1110 1930 1152 praesentium

1187 1160 1327 1193 consilio
1353 1166 1384 1194 et
1408 1161 1554 1194 unanimi
1580 1173 1745 1196 consensu
1765 1190 1773 1204 ‚
1800 1163 1929 1196 beatam

1187 1214 1346 1255 Agnetem
1373 1214 1566 1249 Politianam
1603 1215 1732 1249 Ordinis
1763 1216 1931 1250 Praedica-

1189 1271 1321 1307 torum‚
1349 1268 1389 1300 de
1415 1268 1505 1302 cuius
1530 1270 1702 1303 sanctitate
1721 1297 1729 1311 ‚
1762 1269 1837 1303 fidei
1871 1271 1931 1303 sin-

1187 1320 1334 1360 ceritate,
1361 1327 1393 1354 et
1417 1328 1600 1356 ceterarum
1636 1323 1792 1356 virtutum
1819 1334 1855 1356 ac
1875 1324 1932 1356 mi-

1187 1374 1374 1407 raculorum
1407 1376 1600 1409 excellentia
1632 1377 1730 1420 plene
1761 1376 1932 1410 constabat

1187 1434 1219 1460 et
1240 1434 1390 1469 constat,
1416 1432 1478 1462 nna
1504 1441 1575 1463 cum
1602 1431 1637 1463 B.
1665 1430 1823 1463 Thuribio
1856 1441 1931 1464 con-

1187 1481 1312 1515 sessore
1339 1488 1371 1516 et
1395 1483 1549 1526 pontifice
1576 1484 1736 1517 ecclesiae
1762 1483 1928 1524 Limanae,

1188 1540 1219 1567 et
1244 1535 1278 1568 B.
1299 1536 1415 1570 Iacobo
1441 1548 1458 1569 a
1483 1537 1626 1570 Marchia
1652 1538 1841 1571 consessore
1865 1548 1932 1571 non

1187 1589 1343 1632 pontifice
1384 1590 1514 1624 Ordinis
1555 1591 1714 1625 Minoi-um
1735 1619 1743 1631 ,
1786 1597 1932 1626 sanctam

1188 1652 1261 1675 esse
1289 1642 1494 1677 delinivimus
1512 1672 1519 1686 ‚
1545 1651 1732 1678 sanctarum
1769 1645 1932 1689 virginum

1188 1706 1254 1728 non
1280 1702 1456 1740 martyrum
1475 1699 1591 1731 canoni
1610 1699 1859 1732 adscribendam
1879 1699 1934 1732 de·

1188 1749 1350 1782 crevimus
1374 1777 1381 1790 ,
1420 1756 1518 1793 prout
1556 1752 1780 1794 praesentium
1821 1757 1932 1785 tenore

1188 1802 1381 1844 desinimus,
1411 1804 1618 1838 decernimus
1643 1811 1675 1838 ct
1699 1805 1929 1846 adscribimus,

1189 1857 1403 1900 eamdemque
1428 1868 1488 1900 per
1512 1858 1681 1891 universos
1699 1858 1932 1892 christifideles

1190 1916 1319 1953 tamque
1346 1921 1418 1944 vere
1445 1916 1588 1944 sanctam
1615 1912 1771 1945 honorari
1797 1913 1932 1946 manda-

1188 1963 1290 1996 vimus
1329 1969 1360 1996 et
1391 1964 1603 2005 mandamus,
1629 1970 1809 1999 statuentes
1835 1971 1867 1998 ut
1892 1965 1932 1998 ab

1189 2017 1342 2050 universa
1357 2017 1503 2050 Ecclesia
1522 2019 1554 2050 in
1573 2019 1642 2052 eius
1659 2019 1820 2053 honorem
1837 2019 1933 2052 aedes

1189 2081 1298 2104 sacrae
1326 2076 1357 2104 et
1382 2072 1502 2111 altaria,
1530 2072 1562 2105 in
1589 2073 1708 2116 quibus
1726 2073 1933 2107 incruentum

1189 2123 1382 2157 sacrificium
1407 2125 1474 2158 Deo
1502 2125 1656 2158 offeratur
1674 2153 1682 2167 ,
1709 2126 1872 2160 aedificari
1902 2132 1934 2160 et

1189 2178 1376 2211 consecrari
1402 2179 1536 2222 possint,
1564 2184 1595 2212 et
1621 2180 1796 2222 quotannis
1821 2190 1866 2213 x11
1884 2180 1934 2213 ka-

1190 2231 1303 2264 lendas
1330 2232 1444 2272 maias,
1463 2243 1528 2276 quo
1548 2233 1586 2266 ad
1606 2234 1778 2266 caelestem
1792 2233 1933 2276 patriam

1190 2284 1339 2326 evolavit,
1360 2285 1428 2318 eius
1447 2286 1528 2318 festa
1553 2286 1713 2319 solemnia
1741 2292 1775 2319 ut
1800 2291 1932 2320 sanctae

1192 2338 1326 2381 virginis
1344 2349 1410 2371 non
1436 2340 1587 2383 martyris
1615 2340 1776 2373 celebrari
1794 2339 1932 2384 possint.

1234 2390 1294 2434 gf).
1310 2391 1459 2435 Insuper,
1475 2393 1588 2426 eadem
1607 2392 1816 2434 auctoritate,
1833 2392 1934 2426 omni-

1189 2443 1251 2476 bus
1281 2444 1550 2478 christifidelibus
1585 2456 1657 2478 vere
1690 2445 1934 2488 poenitentibus

1191 2502 1222 2530 ct
1246 2498 1429 2537 confessis,
1455 2499 1511 2542 qui
1537 2499 1653 2532 eodeni
1691 2499 1742 2532 dic
1779 2498 1863 2531 sesto
1900 2498 1934 2530 in

1191 2550 1381 2583 memoriam
1407 2552 1439 2584 B.
1466 2552 1598 2594 Agnetis
1631 2551 1669 2584 ad
1702 2551 1770 2584 eius
1806 2550 1933 2584 exuvias

1191 2603 1363 2638 visitandas
1388 2605 1611 2646 accesserint,
1638 2615 1760 2639 annum
1790 2609 1822 2639 et
1855 2615 1932 2649 qua-

1939 202 1989 230 An.
2004 202 2034 232 C·
2054 205 2122 235 1726

1989 2398 2067 2418 Sani-as
2082 2397 2129 2418 eiua

1945 2424 2031 2445 exuvias
2043 2424 2130 2445 visitan-

1946 2451 2003 2472 tibus
2009 2451 2130 2477 peculiare·

1965 2477 2109 2502 indulgentias

1945 2508 2069 2525 concessae.
