2170 3147
203 178 253 206 An.
273 178 303 206 c.
320 178 388 206 ¹726
433 170 499 204 444

396 228 541 261 octobris
578 238 664 261 anno
702 238 866 262 iimccxxw
904 239 999 261 manu
1033 233 1142 263 nostrii

395 282 558 324 signatum
598 283 655 315 sub
682 284 777 315 certis
803 283 901 316 niodo
928 288 958 316 et
984 284 1085 317 forma
1107 296 1142 318 ac

394 335 640 367 conditionibus
667 341 698 368 et
725 336 881 368 oneribus
907 343 983 370 tune
1011 349 1141 381 expres-

394 388 437 420 sis
475 389 665 421 auctoritate
703 390 849 431 praesuta
885 397 1047 434 perpetuo
1082 403 1139 435 ap-

393 442 622 483 plicaverin‘ius
649 449 681 475 et
705 444 1009 486 approbaverimus‚
1031 445 1140 490 ipsius-

394 504 454 536 que
481 494 608 527 Ioannis
633 495 750 529 Mariae
777 497 936 530 voluntati
971 499 1010 531 ad
1045 510 1140 543 prae-

392 547 565 580 missorum
599 548 748 582 effectum
780 557 968 594 opportune
1003 552 1140 596 deroga-

392 600 546 641 verimus,
574 601 741 645 illamque,
764 610 924 646 quatenus
942 616 1024 648 opus
1041 613 1135 645 esset,

391 655 723 688 commutaverimus:
750 657 896 690 eiusdem
922 658 1136 702 ehirographi

391 706 595 749 dispositioni
622 708 843 750 inhaerentes,
868 712 1018 744 volumus
1045 718 1079 745 ut
1105 713 1136 745 in

389 759 559 801 praedicto
596 771 679 794 novo
717 762 869 806 hospitali
907 764 940 797 S.
963 765 1080 798 Mariae
1105 772 1137 799 et

389 811 421 844 S.
449 812 614 853 Gallicani,
642 825 658 847 a
686 815 778 848 nobis
805 816 889 849 sicut
914 819 1136 860 praemittitur

389 871 507 904 erecto,
535 874 665 909 praeter
695 873 728 900 et
760 870 845 901 ultra
883 870 995 903 decem
1032 873 1134 905 lectos

388 928 448 960 pro
469 920 660 953 mulieribus
686 920 943 956 febricitantibus
973 924 1135 958 Lancisia-

388 972 437 1004 nis
462 974 664 1016 nuncupatis,
686 980 718 1007 ut
735 977 929 1019 praefertur,
949 980 1133 1022 assignatos

388 1026 610 1066 supradictos¹
628 1028 705 1061 inibi
726 1031 858 1063 retineri
880 1032 1060 1073 debebunt,
1079 1034 1131 1067 alii

389 1078 531 1120 quinque
552 1080 638 1118 lecti,
660 1092 718 1123 pro
744 1084 934 1117 mulieribus
960 1085 990 1117 in
1018 1097 1134 1130 supra-

388 1131 480 1163 dictis
507 1133 698 1173 regionibus
725 1141 756 1168 et
782 1136 839 1168 viis
859 1147 917 1180 per
942 1138 1062 1171 dictum
1089 1139 1131 1173 Io-

387 1194 505 1216 annem
533 1184 662 1218 Mariam
690 1188 868 1231 designatis
901 1201 960 1233 pro
989 1197 1132 1234 tempore

387 1235 619 1277 habitantibus,
644 1240 850 1274 retineantur
874 1254 933 1286 pro
959 1245 1049 1286 lepra
1077 1251 1132 1278 aut

386 1291 493 1322 scabie
520 1292 551 1324 in
577 1293 693 1335 capite,
716 1305 780 1327 non
809 1301 914 1329 tamen
937 1298 1063 1339 gallica,
1084 1301 1130 1332 vel

386 1345 555 1385 prurigine
582 1346 818 1387 laborantibus,
839 1360 874 1382 ac
894 1358 1030 1394 propter
1047 1352 1131 1384 eius-

386 1397 471 1428 modi
510 1399 612 1431 niorbi
640 1401 830 1441 gravitatem
868 1409 966 1446 atque
992 1405 1129 1446 pravita-

387 1445 448 1481 ten‘i
473 1450 510 1483 eo
530 1452 691 1492 reductae,
708 1460 742 1486 ut
761 1454 845 1487 vitae
864 1458 1042 1497 periculum
1065 1458 1130 1490 adi-

385 1509 465 1539 rent,
493 1504 518 1536 si
546 1505 619 1538 illas
645 1507 682 1539 ad
710 1506 830 1540 dictum
854 1508 1017 1550 hospitale
1042 1512 1127 1554 apud

385 1554 415 1588 S.
444 1556 596 1590 loannem
625 1559 654 1591 in
683 1559 842 1594 Laterano
879 1564 1032 1596 omnibus
1058 1575 1129 1596 mu-

384 1609 517 1642 lionibus
543 1613 687 1654 aegrotis
714 1615 753 1646 de
780 1614 865 1648 Urbe
899 1617 1041 1658 praesuta
1073 1619 1129 1651 de-

384 1663 535 1695 stimuum
579 1666 745 1698 transferri
787 1669 1013 1711 contingeret,
1039 1671 1125 1704 iuxta

384 1715 483 1758 ipsius
508 1716 637 1750 Ioannis
659 1718 777 1753 Mariae
800 1721 1047 1764 dispositionem
1074 1725 1126 1757 ad-

383 1769 551 1801 mittantur
588 1778 620 1804 et
650 1780 819 1814 curentur,
854 1775 935 1807 itaut
966 1776 997 1808 in
1032 1777 1125 1810 dictis

383 1822 495 1855 decem
524 1825 632 1858 nullae
663 1826 744 1859 aliae
780 1828 935 1862 mulieres
970 1840 1065 1872 quam
1093 1831 1147 1877 ing

1145 1891 1147 1896 ’
1169 1894 1227 1925 pro
1254 1890 1399 1926 tempore
1418 1890 1451 1915 ut
1469 1884 1652 1927 praefertur
1672 1885 1842 1926 adeuntes,
1863 1886 1911 1919 iu-

382 1876 571 1917 regionitms
608 1884 640 1911 et
674 1880 731 1913 viis
769 1891 786 1912 a
821 1883 967 1925 praefato
1007 1884 1124 1917 loanne.

382 1928 480 1962 Maria
518 1933 729 1975 praescriptis
767 1934 948 1976 degentes,
985 1936 1016 1968 in
1053 1937 1147 1970 aliisi

382 1992 458 2015 vero
485 1984 630 2028 quinque
657 1987 765 2027 lectis,
793 1998 828 2021 ex
857 1988 905 2020 liis
932 1989 1146 2025 mulieribus

382 2037 533 2077 regiones
552 2045 581 2071 et
599 2039 664 2072 vius
686 2040 872 2074 liuiusmodi
892 2042 1122 2084 incolentibus,

381 2089 457 2123 illae
485 2092 651 2125 dumtaxat
676 2093 793 2127 morbo
819 2101 912 2128 acuto
938 2102 1120 2140 correptae,
1143 2109 1145 2136 3

382 2154 417 2175 ac
441 2152 621 2179 memorato
654 2147 736 2180 vitae
765 2148 915 2191 periculo
948 2149 972 2182 si
998 2151 1037 2182 ad
1065 2151 1145 2188 lio-,¹

381 2198 497 2239 spitzile
535 2199 618 2241 apud
656 2199 687 2233 S.
715 2200 870 2234 Ioannem
906 2202 939 2234 in
964 2202 1122 2236 Laterano

381 2252 656 2292 atslsportaiwsfntun
693 2254 860 2297 expositae
896 2255 1120 2298 recipiantur;

380 2302 477 2344 idque
505 2306 654 2345 denium,
687 2306 713 2338 si
751 2312 783 2339 et
819 2312 990 2350 postquam
1021 2308 1121 2352 ipsius

380 2357 453 2387 novi
481 2357 652 2400 hospitalis
674 2370 733 2402 per
750 2370 809 2393 nos
825 2362 924 2394 erecti
943 2362 1043 2405 priori
1063 2374 1121 2406 pro

380 2412 527 2451 tempore
553 2412 702 2444 existenti
730 2414 913 2447 exhibitum
949 2416 1050 2448 suerit
1075 2423 1122 2450 te-

381 2461 568 2494 stimonium
595 2464 724 2505 medici,
752 2467 806 2508 qui
833 2467 875 2500 sit
900 2468 1048 2511 publicus
1084 2480 1120 2502 ac

379 2519 474 2547 notus
508 2521 539 2547 et
572 2516 757 2550 facultatem
789 2520 941 2553 medendi
972 2521 1005 2553 in
1034 2521 1119 2555 Urbe

419 2581 426 2606 t
450 2578 561 2606 Videtur
582 2579 678 2607 deesse
698 2580 748 2615 qui
764 2582 800 2617 (R.
822 2582 869 2618 r),

988 181 1172 206 BULLARIUM
1197 182 1354 207 ROMANUM
1929 187 1985 216 An.
2002 187 2034 217 'C-
2051 190 2118 219 1726

1185 231 1314 272 habeat,
1348 231 1468 275 quique
1500 233 1623 267 iuratus
1656 239 1803 278 testetur,
1837 236 1924 280 quod

1184 284 1309 318 infirma
1336 286 1404 319 sine
1431 287 1572 320 evidenti
1598 289 1680 323 vitae
1706 300 1782 323 suae
1811 290 1924 324 discri-

1183 339 1269 373 mine
1295 340 1332 373 ad
1352 342 1570 383 supradictum
1593 343 1756 386 hospitale
1780 344 1811 378 S.
1833 344 1924 378 loan-

1183 393 1233 426 nis
1259 393 1290 426 in
1317 394 1474 427 Laterano
1502 397 1625 429 traduci
1654 403 1802 441 nequeat,
1822 399 1873 431 vel
1898 398 1924 437 si

1185 446 1275 488 prior
1300 448 1484 490 praedictus
1509 448 1667 482 infirmam
1700 450 1731 482 in
1760 451 1812 484 tati
1838 456 1924 485 statu

1183 508 1219 532 ae
1244 499 1426 533 imminenti
1461 502 1610 544 periculo
1646 504 1768 536 versari
1794 514 1829 537 re
1854 505 1926 548 ipsa

1183 554 1365 594 agnoverit,
1381 559 1415 586 ut
1430 554 1492 586 boe
1513 561 1608 598 pacto
1627 556 1772 589 eiusdem
1796 556 1925 590 loannis

1182 606 1299 639 Mariae
1326 608 1474 640 voluntas
1502 619 1538 641 ex
1563 614 1655 652 parte
1681 611 1795 644 saltem
1821 610 1924 644 adim-

1180 660 1340 702 pleretur.

1224 713 1238 756 ἓ
1263 712 1293 746 8.
1321 712 1359 746 Ut
1383 719 1490 746 autem
1516 714 1683 758 hospitale
1717 727 1778 760 per
1805 727 1864 750 nos
1889 722 1923 750 ut
1961 726 2117 748 Praescribitur

1897 771 1903 777 .
1932 759 1958 774 ne
1980 753 2017 774 ulli
2041 754 2117 776 intirmt
2165 772 2167 774 .

1179 766 1365 809 praefertur
1386 774 1529 800 erectum
1563 769 1748 803 huiusmodi
1775 770 1808 803 in
1833 780 2117 828 pae¹sfflss⁰22¹¹¹c¹¹222¹sslg

1179 819 1376 852 amoenitate
1403 826 1433 852 et
1451 822 1620 855 eharitatis
1639 823 1859 857 foecunditate
1877 824 1921 857 se·
1933 833 2118 859 urhishospitati-

1180 871 1291 904 liciora
1316 872 1348 904 in
1375 873 1461 913 dies,
1487 874 1552 907 Deo
1580 875 1706 909 favente
1723 903 1730 916 ‚
1764 861 1974 920 suscipiatlff.
2008 859 2117 881 mmm

1178 924 1390 964 incrementa,
1415 927 1576 960 universis
1604 933 1636 961 et
1660 929 1797 971 singulis
1835 940 1922 962 com-

1178 979 1436 1019 mendatoribus,
1464 981 1704 1020 commissariiS,
1731 982 1922 1025 gubernato-

1177 1031 1275 1071 ribus,
1301 1032 1630 1075 administratoribus,
1657 1035 1829 1078 deputaffls,
1867 1046 1922 1069 oe-

1176 1085 1320 1118 conomis
1336 1112 1343 1124 ,
1379 1087 1516 1129 atii<que
1554 1087 1746 1121 officialibus
1771 1093 1803 1122 et
1827 1088 1921 1122 mini-

1176 1139 1272 1177 stris,
1301 1150 1507 1183 quocumque
1539 1141 1672 1174 nomine
1699 1142 1916 1185 nuncupatis,

1178 1192 1386 1234 hospitalium
1413 1199 1443 1225 et
1468 1194 1614 1227 locorum
1650 1194 1778 1238 piorum
1813 1195 1919 1229 dictae

1176 1243 1282 1284 Urbis,
1309 1245 1341 1277 in
1367 1245 1484 1288 quibus
1519 1250 1678 1290 personae
1715 1248 1918 1282 miserabiles

1177 1298 1299 1331 morbis
1326 1299 1481 1341 praelatis
1508 1301 1687 1343 respective
1705 1300 1838 1334 affectae
1857 1301 1919 1334 ini-

1175 1349 1203 1382 bi
1230 1352 1384 1384 curandis
1419 1352 1624 1394 recipiuntur
1659 1360 1691 1386 et
1722 1353 1916 1394 retinentur,

1175 1404 1222 1436 vel
1251 1404 1351 1447 recipi
1378 1410 1410 1437 et
1441 1405 1575 1438 retineri
1603 1413 1857 1447 consueverunt,
1883 1407 1917 1440 in

1174 1456 1291 1490 virtute
1317 1464 1447 1491 sanetae
1466 1459 1687 1501 obedientiae,
1709 1471 1746 1493 ao
1764 1461 1822 1493 sub
1840 1471 1917 1505 poe-

1174 1510 1222 1542 nis
1241 1517 1351 1544 nostro
1370 1517 1401 1544 et
1419 1512 1553 1545 Romani
1572 1512 1735 1547 Pontifieis
1755 1524 1815 1557 pro
1841 1519 1916 1548 tem-

1174 1574 1251 1605 pore
1277 1564 1444 1598 existentis
1469 1566 1614 1606 arbitrio,
1647 1567 1680 1600 in
1717 1567 1859 1601 rebelles
1884 1572 1916 1602 et

1172 1618 1430 1650 contradictores
1449 1618 1644 1661 infligendis,
1664 1619 1809 1653 districte
1826 1630 1915 1663 prae-

1171 1671 1324 1713 cipiendo
1338 1673 1536 1712 mandamus,
1552 1679 1711 1716 quatenus
1725 1674 1785 1717 ipsi
1800 1684 1914 1708 omnes

1171 1728 1201 1756 et
1226 1724 1372 1766 singulas
1400 1736 1557 1767 personas
1583 1726 1788 1760 miserabiles
1820 1737 1914 1771 prae-

1171 1776 1242 1809 stitis
1260 1777 1379 1810 morbis
1401 1778 1543 1818 affectas,
1563 1778 1659 1811 etiam
1679 1779 1911 1822 febricitantes,

1170 1840 1282 1863 eorum
1310 1831 1483 1873 hospitalia
1508 1839 1539 1864 et
1564 1832 1616 1874 pia
1638 1832 1708 1864 loca
1726 1832 1912 1866 huiusmodi

1170 1943 1220 1969 xta
1257 1948 1370 1970 corum
1399 1938 1580 1980 respective
1611 1939 1881 1973 consuetudinem
1899 1959 1928 1981 ‚-

1168 1991 1199 2021 in
1239 1990 1456 2032 hospitalibus
1494 1998 1525 2023 et
1561 1991 1622 2034 piis
1654 1991 1732 2025 locis
1756 1991 1910 2035 praefatis

1168 2043 1300 2076 omnino
1326 2049 1360 2075 ut
1380 2045 1467 2087 prius
1491 2045 1654 2087 recipiant
1679 2052 1709 2078 et
1734 2045 1907 2087 retineant,

1168 2107 1246 2138 nee,
1267 2097 1325 2130 sub
1345 2097 1517 2140 hospitalis
1535 2109 1594 2141 per
1621 2110 1680 2131 nos
1706 2104 1739 2131 ut
1763 2099 1910 2143 praeser-

1168 2156 1219 2182 tur
1246 2150 1343 2183 erecti
1370 2151 1558 2184 huiusmodi
1585 2153 1633 2184 rel
1660 2153 1814 2195 quopiam
1844 2152 1908 2186 alio

1167 2209 1356 2247 praetextu,
1384 2205 1423 2237 ab
1460 2204 1506 2237 eis
1543 2205 1699 2245 reiicere,
1730 2216 1836 2249 neque
1868 2205 1909 2240 ad

1167 2257 1329 2299 hospitale
1363 2268 1423 2300 per
1455 2268 1513 2290 nos
1539 2263 1572 2290 ut
1597 2259 1783 2301 praefertur
1807 2258 1908 2292 erecti

1168 2310 1363 2350 huiusmodi,
1398 2310 1457 2343 nisi
1493 2311 1652 2353 requisito
1679 2311 1768 2353 prius
1798 2311 1837 2343 ad
1874 2310 1908 2344 id

1166 2363 1337 2406 hospitalis
1362 2373 1421 2406 per
1445 2374 1505 2396 nos
1530 2370 1562 2396 ut
1588 2364 1773 2407 praefertur
1805 2362 1906 2396 erecti

1166 2416 1352 2449 huiusmodi
1400 2417 1509 2460 priore
1557 2427 1617 2460 pro
1659 2424 1805 2460 tempore
1840 2415 1907 2449 exi-

1163 2474 1269 2501 stente
1295 2470 1451 2512 praefato,
1486 2481 1522 2503 ae
1557 2471 1596 2503 de
1633 2470 1702 2503 cius
1740 2479 1906 2503 consensu

1163 2533 1222 2555 seu
1255 2522 1400 2563 licentia,
1427 2529 1458 2557 et
1483 2529 1642 2567 quatenus
1666 2525 1755 2557 locus
1778 2533 1833 2556 seu
1859 2523 1906 2556 le-

1162 2580 1232 2609 ctus
1257 2587 1375 2610 vacuus
1413 2577 1455 2610 sit
1489 2577 1522 2610 in
1558 2577 1644 2611 dieto
1671 2576 1845 2621 hospitali,
1872 2581 1905 2612 et
