2170 3147
206 198 256 225 Αη,
277 196 305 223 c.
324 195 390 223 1728
437 187 501 220 7026

401 245 462 285 sit,
497 246 608 277 nostra
634 249 665 276 et
689 242 911 276 Cancellariae
936 240 1143 284 Apostolicae

400 298 515 340 regula
540 297 579 330 de
605 297 673 329 iure
701 295 849 338 quaesito
875 304 942 327 non
968 292 1114 326 tollendo
1135 319 1141 332 ,

401 356 451 389 ct,
477 350 583 392 quoad
611 360 647 382 ea
673 359 754 391 quae
780 347 1007 390 praesentibus
1029 346 1144 378 adver-

400 409 533 442 santur,
561 402 702 445 praefata
733 400 913 433 lnnocentii
950 399 1144 442 praedeces-

401 455 496 495 soris,
518 456 656 498 aliisque
683 453 885 497 apostolicis,
907 463 942 485 ac
966 453 998 485 in
1015 451 1144 484 univer-

403 509 525 542 salibus
540 507 863 551 provincialibusque
883 510 915 539 et
932 504 1144 548 synodalibus

400 562 547 595 conciliis
573 561 687 601 editis,
713 559 925 603 generalibus
951 559 999 591 vel
1019 557 1144 601 specia-

400 615 497 655 libus,
512 613 801 648 constitutionibus
821 618 852 646 et
869 610 1142 650 ordinationibus,

400 677 528 701 necnon
550 666 729 711 quibusvis,
748 665 845 698 etiam
860 664 1054 703 iuramento,
1070 673 1144 695 con-

400 720 586 753 firmatione
614 719 812 762 apostolica,
834 718 884 751 vel
911 716 1021 760 quavis
1048 715 1145 748 firmi-

401 779 465 806 tate
491 774 553 806 alia
586 772 746 806 roboratis
762 799 769 811 ‚
794 770 923 804 statutis
949 775 981 802 et
1006 779 1145 802 consue-

402 827 586 865 tudinibus,
615 825 796 869 privilegiis
822 834 951 867 quoque
975 849 982 863 ‚
1009 821 1143 855 indultis

401 884 431 914 01
456 880 571 914 11110115
598 879 793 924 apostolicis,
811 879 869 911 sub
888 876 1144 920 quibuscumque

401 934 572 966 vorborum
599 933 767 966 tenoribus
792 937 823 964 01
848 929 958 964 formis
976 957 983 970 ‚
1011 940 1047 962 ac
1072 939 1144 961 cum

402 987 568 1031 quibusvis
593 987 689 1019 etiam
715 983 1145 1028 derogatoriarumderoga-

404 1040 519 1079 toriis,
546 1039 684 1082 aliisque
711 1037 966 1075 efficacioribus,
993 1035 1145 1068 efficacis-

402 1093 491 1126 simis
516 1098 548 1126 et
574 1092 714 1125 insolitis
740 1090 902 1129 clausulis,
927 1088 1145 1122 irritantibus-

402 1157 464 1189 que
490 1152 522 1178 et
546 1146 617 1178 aliis
644 1144 783 1177 decretis
800 1171 807 1183 ,
832 1143 863 1175 in
891 1152 1010 1185 genere
1036 1142 1085 1173 vel
1111 1140 1144 1173 in

402 1198 529 1242 specie,
549 1208 585 1230 ac
609 1197 688 1230 alias
716 1197 747 1229 in
769 1196 969 1229 contrarium
988 1194 1145 1238 praemis—

401 1263 510 1285 sorum
537 1250 785 1294 quomodolibet
817 1249 1002 1289 concessis,
1025 1257 1145 1290 appro-

401 1306 484 1338 batis
509 1310 541 1338 et
567 1304 748 1344 innovatis,
782 1303 900 1346 quibus
928 1301 1080 1334 omnibus
1114 1305 1145 1332 et

401 1359 548 1402 siugulis,
575 1357 701 1391 etiamsi
728 1367 787 1400 pro
813 1355 987 1388 sufficienti
1012 1354 1144 1387 illorum

403 1412 616 1455 derogatione
643 1412 681 1444 de
708 1411 772 1444 illis
798 1419 977 1452 eorumque
997 1408 1072 1441 totis
1099 1413 1144 1440 te-

402 1465 539 1498 noribus
573 1463 744 1507 specialis,
782 1461 957 1505 specifica,
991 1470 1145 1503 expressa

404 1523 436 1551 et
460 1517 651 1556 individua,
677 1526 713 1548 ac
738 1516 777 1548 de
803 1514 904 1547 verbo
930 1514 969 1546 ad
995 1513 1142 1552 verbum,

403 1582 468 1604 non
487 1577 594 1604 autem
612 1580 671 1613 per
688 1569 850 1602 clausulas
868 1567 1037 1610 generales
1057 1566 1145 1598 idem

403 1625 618 1668 importantes
638 1650 645 1663 ,
673 1622 795 1655 mentio
826 1632 885 1653 seu
919 1620 1048 1664 quaevis
1083 1619 1145 1651 alia

403 1678 571 1720 expressio
597 1676 748 1708 habenda
775 1680 830 1707 aut
855 1674 963 1717 aliqua
994 1673 1057 1705 alia
1092 1682 1145 1704 ex-

406 1731 523 1774 quisita
550 1731 651 1763 forma
677 1729 717 1761 ad
743 1729 806 1761 hoc
841 1727 1001 1760 servanda
1038 1726 1144 1766 soret,

404 1790 536 1818 tenores
563 1782 769 1822 huiusmodi,
796 1792 831 1814 ac
857 1781 881 1813 si
908 1781 947 1813 de
973 1780 1072 1813 verbo
1106 1779 1145 1812 ad

405 1838 559 1877 verbum,
586 1836 669 1869 nibil
696 1835 829 1879 penitus
856 1834 976 1868 omisso
995 1839 1027 1866 et
1045 1833 1146 1865 forma

403 1892 436 1924 in
461 1891 526 1924 illis
545 1889 662 1923 tradita
679 1888 864 1928 observata,
883 1887 1146 1930 exprimerentur

404 1949 435 1977 et
460 1944 693 1983 insererentur,
720 1941 950 1985 praesentibus
977 1950 1035 1983 pro
1049 1940 1146 1983 plene

405 2003 437 2030 et
461 1997 657 2030 sufficienter
682 1995 844 2039 expressis
872 2000 903 2027 et
932 1992 1060 2026 insertis
1092 1992 1147 2024 lia-

403 2051 532 2091 bentcs,
552 2050 616 2084 illis
635 2050 712 2082 alias
731 2049 763 2082 in
781 2060 839 2082 suo
858 2048 977 2081 robore
994 2056 1147 2090 perman-

405 2104 505 2144 suris,
534 2104 572 2136 ad
604 2102 861 2146 praemissorum
888 2100 1036 2134 effectum
1054 2125 1061 2138 ,
1088 2099 1149 2131 hac

404 2157 473 2190 vice
506 2157 688 2196 dumtaxat,
720 2154 906 2199 specialiter
935 2158 966 2186 et
995 2162 1147 2195 expresse

405 2211 623 2253 derogamus3
659 2209 844 2251 ceterisque
876 2205 1046 2240 contrariis
1078 2205 1148 2248 qui-

405 2264 623 2306 buscumque.

449 2316 563 2348 Datum
593 2316 727 2356 Romae,
749 2315 834 2358 apud
864 2314 895 2347 S.
921 2314 1063 2352 Petrum,
1089 2313 1147 2345 sub

408 2370 529 2402 annulo
556 2369 727 2401 Piscatoris
743 2396 750 2409 ,
776 2368 827 2401 die
853 2378 926 2401 xxiv
951 2366 1147 2409 septembris

407 2432 611 2461 mcccxxvui,
638 2422 844 2464 pontificatus
879 2421 981 2454 nostri
1007 2430 1091 2452 1111110
1117 2430 1146 2452 v.

445 2484 502 2510 11111,
521 2484 565 2509 die
585 2484 618 2510 *22
633 2483 798 2518 septembris
818 2484 897 2517 1728,
920 2482 1016 2517 pontif.
1036 2490 1106 2508 auno
1124 2490 1147 2507 v.

981 191 1164 216 BULLARIUM
1190 190 1344 215 ROMANUM

1933 188 1984 215 An.
2006 188 2035 216 c,
2051 189 2117 218 1728

1496 239 1634 273 CCXLH.

1186 309 1407 342 Deam-autm-
1443 310 1541 342 mtlla
1571 309 1734 353 quaedam
1767 313 1840 341 acta
1873 318 1931 351 per

1233 362 1368 396 Ordines
1393 364 1488 405 requi
1511 363 1670 396 Poloniae
1695 366 1848 395 emanata
1871 361 1931 394 asl-

1231 426 1341 448 versus
1364 415 1593 448 szcialurae
1617 415 1812 458 apostolicae
1838 415 1873 447 in
1898 424 1932 446 eo

1231 479 1330 512 refluo
1356 469 1538 502 libertatem
1563 472 1591 501 el
1608 467 1807 509 Pontificum
1825 471 1933 500 auclo-

1231 523 1363 555 rilalem
1378 521 1397 555 ¹.

1365 602 1546 630 Benedictus
1569 602 1650 636 Papa
1669 602 1753 636 XIII,

1329 648 1365 674 ad
1385 648 1519 674 futuram
1538 646 1586 674 rei
1604 646 1791 674 memoriam.

1232 717 1265 750 111
1292 728 1448 761 supremo
1474 716 1677 760 apostolicae
1704 715 1869 759 dignitatis
1889 716 1933 750 sa·
1968 728 2089 750 Exordium.

1189 770 1309 813 stigio,
1348 771 1471 803 meritis
1519 770 1594 803 licet
1632 769 1838 813 imparibus,
1873 779 1932 813 per

1188 823 1390 857 ineffabilem
1417 823 1544 857 divinae
1577 823 1732 856 bonitatis
1766 822 1932 855 abundan-

1191 877 1266 910 tiam
1292 877 1472 917 constituti,
1499 882 1610 910 nostra
1635 875 1778 909 ethuius
1796 875 1932 909 Sanctae

1189 930 1281 964 Sedis
1323 930 1393 963 iura
1434 930 1754 972 ecclesiasticamque
1799 928 1933 962 liberta-

1190 989 1274 1024 tem,
1301 994 1337 1016 ex
1364 983 1528 1016 commissi
1554 982 1649 1015 nobis
1669 982 1805 1015 caelitus
1824 986 1933 1024 pasto-

1190 1036 1266 1069 ralis
1293 1036 1388 1069 oflicii
1416 1036 1539 1075 debito,
1556 1041 1643 1069 sarta
1666 1041 1749 1068 tecta
1776 1034 1870 1074 tueri,
1889 1039 1931 1074 et,

1190 1090 1215 1122 si
1253 1100 1290 1122 ea
1330 1089 1439 1133 pravis
1477 1098 1759 1131 quorumcumque
1800 1087 1931 1120 ausibus

1190 1143 1308 1176 violata
1333 1153 1405 1175 csse
1432 1142 1591 1181 novimus,
1618 1142 1657 1174 ab
1684 1140 1845 1174 eiusmodi
1866 1140 1933 1173 vio-

1189 1195 1368 1230 lationibus
1383 1206 1530 1228 asserere
1545 1201 1576 1228 et
1593 1194 1755 1227 vindicare
1771 1200 1932 1234 tenemur,

1190 1249 1283 1289 sicut,
1309 1249 1460 1281 omnibus
1487 1253 1636 1281 maturae
1663 1246 1934 1280 considerationis

1191 1303 1313 1336 trutina
1338 1302 1528 1346 pei·pensiS‚
1555 1301 1709 1344 aequitati
1738 1307 1769 1334 et
1793 1300 1934 1333 iustitiae

1191 1362 1450 1389 consentaneum
1476 1365 1546 1388 esse
1573 1354 1605 1387 in
1631 1354 1770 1388 Domino
1796 1353 1935 1386 arbitra-

1190 1420 1274 1442 mur.
2121 1440 2123 1442 .

1236 1463 1251 1506 ξ
1277 1463 1307 1495 1.
1336 1462 1424 1495 Alias
1451 1461 1623 1505 siquidem,
1640 1470 1701 1504 per
1717 1470 1776 1493 nos
1795 1464 1932 1503 accepto
1970 1468 2124 1500 Ait-ominibus
2161 1471 2164 1474 ⁴

1191 1517 1277 1561 quod
1303 1515 1441 1549 Ordines
1466 1515 1557 1557 regni
1584 1514 1738 1548 Poloniae
1762 1514 1795 1546 in
1821 1497 2124 1546 eot-t1m35‘i‘23niif'a'ffll2‘l

1944 1550 2060 1572 duensibus
2087 1554 2123 1570 110-

1191 1571 1308 1610 diaeta,
1321 1571 1386 1602 sive
1406 1569 1545 1602 comitiis
1562 1566 1806 1601 Groduensihus
1819 1576 1932 1599 mense
1944 1575 2122 1624 i'gmeffussgssifft‘i'

1994 1610 2003 1623 s
2091 1617 2094 1622 ,
2117 1611 2124 1616 .

1191 1623 1319 1657 octobri
1345 1632 1505 1657 niuccxxw
1531 1621 1662 1661 habitis,
1686 1620 1857 1664 quamdam
1877 1630 1934 1652 no-
1944 1629 2123 1678 111111311181311111111

1190 1678 1307 1710 vcllam
1334 1677 1441 1719 legem
1468 1686 1523 1709 seu
1549 1674 1841 1713 constitutionem,
1868 1683 1933 1706 non
1944 1684 2125 1731 gigloitgaaooinagg:

1191 1731 1299 1763 minus
1324 1730 1480 1763 adversus
1505 1729 1613 1762 bonae
1646 1727 1823 1761 memoriae
1859 1726 1934 1759 Vin·
1945 1737 1991 1758 dem
2007 1741 2071 1762 regno
2089 1735 2124 1756 m-

1191 1783 1308 1824 centii,
1336 1783 1410 1815 dum
1436 1782 1573 1821 viveret,
1600 1780 1838 1823 archiepiscopi
1864 1761 2124 1813 T1·a-}'÷¹2¹22?1¹0.{³132‘155233

1191 1837 1359 1881 pezuntini
1396 1836 1497 1870 nostri
1537 1841 1568 1869 et
1603 1835 1810 1879 Apostolicae
1843 1819 2018 1867 Sedismem'

1192 1891 1276 1935 apud
1302 1891 1506 1924 carissimum
1534 1889 1565 1922 in
1591 1889 1720 1922 Christo
1746 1888 1847 1922 fllium
1878 1898 1936 1921 no-

1191 1952 1295 1978 strum
1320 1946 1500 1988 Augustum
1526 1943 1681 1977 Poloniae
1713 1952 1824 1985 regem
1860 1942 1936 1975 illu-

1193 2004 1291 2031 strem
1319 2004 1394 2031 tunc
1421 1997 1579 2040 temporis
1612 1996 1722 2029 nuncii
1758 2005 1935 2038 personam

1192 2064 1228 2086 ac
1253 2052 1446 2095 dignitatem
1473 2057 1505 2084 et
1530 2050 1750 2084 Nunciaturae
1778 2048 1936 2093 apostoli-

1193 2117 1248 2140 cae
1275 2107 1307 2138 in
1343 2105 1459 2139 eodem
1494 2114 1596 2147 regno
1636 2103 1804 2142 tribunal,
1839 2111 1936 2145 quam

1193 2160 1348 2193 adversus
1376 2158 1633 2192 ecclesiasticam
1659 2156 1845 2189 libertatem
1877 2164 1935 2187 no-

1192 2218 1356 2255 stramque
1382 2217 1413 2244 et
1444 2211 1547 2244 dictae
1581 2209 1672 2242 Sedis
1709 2207 1935 2241 auctoritatem

1230 2284 1237 2309 1
1259 2283 1315 2309 Alia
1332 2282 1410 2309 huius
1427 2281 1525 2309 Pontif.
1542 2284 1628 2307 const.
1641 2280 1838 2312 ed.MDccxxVI,
1850 2277 1893 2305 die
1905 2276 1938 2304 14

1190 2327 1334 2361 februarii,
1351 2326 1446 2361 pontif.
1459 2332 1485 2358 11,
1499 2324 1634 2351 declarata
1645 2323 1756 2350 fuerunt
1774 2322 1848 2349 nulla
1863 2325 1938 2357 gesta

1192 2379 1242 2407 per
1261 2371 1427 2398 saecularem
1448 2372 1610 2404 potestatem
1631 2369 1658 2394 in
1675 2367 1776 2394 ducatu
1787 2364 1937 2394 Sabaudiae

1192 2415 1321 2441 adversus
1342 2413 1538 2441 monasterium
1558 2412 1584 2439 S.
1606 2411 1739 2438 Bernardi
1760 2410 1869 2437 Ordinis
1889 2418 1935 2437 ea-

1192 2460 1355 2486 nonicorum
1367 2457 1532 2492 regularium
1552 2457 1578 2483 S.
1591 2456 1744 2490 Augustini,
1756 2459 1783 2482 et
1794 2458 1880 2482 const.
1891 2454 1935 2481 ed.

1192 2510 1325 2530 muccxnx
1339 2524 1346 2534 ,
1367 2502 1410 2529 die
1433 2502 1464 2528 10
1489 2501 1644 2528 decembris
1660 2523 1666 2533 ,
1688 2500 1783 2534 pontis.
1812 2505 1857 2532 vt,
1886 2498 1936 2525 de-

1193 2549 1332 2575 clarantur
1353 2547 1426 2573 nulla
1446 2546 1534 2574 edicta
1558 2545 1739 2572 saccularium
1768 2547 1862 2571 contra
1890 2550 1935 2569 ex-

1194 2592 1345 2620 tensionem
1365 2590 1444 2619 ol'tieii
1465 2592 1492 2617 5.
1515 2589 1637 2623 Gregorii
1660 2588 1714 2615 vlt.
