2170 3147
29 190 79 219 An.
102 188 132 216 C.
154 187 222 216 ¹726

50 824 172 848 Exordium.

51 1087 206 1109 Ravennaiium

25 1113 118 1135 civitatis
126 1115 206 1136 laudes.

529 236 681 270 CXLVIII.

222 316 422 349 Statu-untur
453 316 616 348 nonnulla
651 326 710 358 pro
743 316 873 348 civitate
904 316 965 349 Ra-

223 374 227 377 “
265 379 405 407 vennae,
432 369 620 412 praesertim
648 379 744 411 super
767 369 862 400 illius
888 369 964 401 civi-

268 421 346 453 tatis
356 421 489 464 colleqio
505 421 827 459 iurisconsuHorum,
849 421 965 453 locum-

267 478 391 506 tenente
417 473 592 515 leyastom's
617 473 869 512 Romandiolae,
908 483 964 505 nec

264 536 329 558 uon
353 530 465 569 aqente
489 527 525 558 in
559 526 636 558 urbe
667 526 810 558 civitatis
842 527 965 559 Raven-

264 579 352 611 natis
376 578 397 611 ¹.

394 657 575 685 Benedictus
604 657 785 692 episcopus,

402 708 509 729 servus
531 708 686 728 servorum
707 702 770 732 Dei,

365 745 401 772 ad
420 745 555 772 futuram
575 746 619 772 rei
640 746 823 772 memoriam.

263 814 375 848 Divina
393 814 610 858 providentia,
625 825 709 858 quae
731 825 790 848 nos
810 814 961 858 regimini

218 869 250 902 S.
271 868 309 901 R.
328 867 363 900 E.
385 868 554 911 praefecit,
577 867 679 901 voluit
698 868 794 901 etiam
815 873 849 901 ut
867 877 960 900 curae

218 920 305 953 civili
330 921 528 964 populorum
555 925 587 953 et
612 920 776 952 civitatum
802 920 836 952 B.
864 919 959 960 Petri,

219 973 269 1007 cui
286 1001 293 1014 ,
321 973 398 1006 licet
421 973 597 1014 immeriti,
624 973 656 1005 in
683 974 866 1017 apostolatu
892 983 961 1006 suc-

219 1026 376 1060 cessimus
391 1053 398 1066 ,
424 1026 689 1069 praeficerentur.

262 1079 277 1123 ἓ
299 1079 330 1112 1.
357 1078 461 1117 Quare
486 1080 598 1112 oculos
624 1078 796 1123 pastoralis
830 1084 959 1113 nostrae
981 1088 982 1116 ς

980 1133 982 1140 '
1004 1131 1172 1175 utriusque
1199 1133 1275 1166 iuris
1301 1134 1470 1168 doctorum
1504 1136 1675 1179 collegium
1714 1142 1745 1170 et

219 1131 451 1165 sollicitudinis
478 1132 518 1165 ad
545 1132 731 1175 primariam
750 1137 780 1165 et
798 1131 873 1164 huic
887 1143 958 1165 san·

219 1190 289 1219 ctae
307 1185 513 1229 Apostolicae
539 1185 614 1219 Sedi
640 1186 859 1219 fidelissimam
883 1186 958 1219 civi·
981 1216 982 1221 ,

980 1236 1240 1279 ;3(1ρι“οὶ)ῑιιῃυε,
1267 1250 1336 1272 cum
1364 1241 1514 1274 omnibus
1541 1247 1571 1274 et
1607 1242 1744 1284 singulis

980 1289 1194 1333 tprivilegiis,
1222 1292 1440 1333 facultatibus,
1466 1295 1740 1337 exemptionibus,

980 1344 981 1348 ’
1003 1344 1261 1386 praerogativis,
1287 1346 1415 1388 legibus
1441 1352 1471 1380 et
1497 1348 1647 1387 statutis,
1677 1349 1743 1392 qui-

217 1243 316 1272 tatem
342 1238 576 1271 Ravennatium
601 1244 849 1280 convertentes,
878 1250 958 1282 quae

218 1291 400 1324 doctrinam
413 1292 619 1334 evangelicae
638 1292 782 1324 veritatis
798 1303 813 1324 a
827 1297 957 1324 strenuo

217 1344 334 1377 Christi
361 1350 498 1388 martyre
524 1349 554 1379 ct
578 1344 664 1377 beati
689 1345 775 1378 Petri
799 1345 958 1388 discipulo

219 1397 398 1442 Apollinari
425 1398 536 1431 audire
562 1399 699 1438 meruit,
720 1409 866 1442 quaeque
892 1409 958 1431 non
980 1421 981 1424 κ

217 1453 323 1485 solum
350 1457 400 1484 est
424 1462 515 1484 sacra
540 1452 735 1495 metropolis
768 1453 825 1485 sed
861 1452 958 1485 etiam
980 1475 981 1478 η

217 1505 320 1538 civilis
353 1509 384 1538 et
416 1510 513 1548 caput
543 1505 717 1538 Flaminiae
743 1505 928 1548 provinciae
945 1533 954 1545 ,

980 1584 981 1587 η
1002 1570 1057 1592 cae
1082 1561 1284 1594 auctoritatis
1309 1562 1487 1596 munimine
1524 1564 1742 1607 undequaque

217 1559 337 1591 iustum
359 1558 391 1590 in
407 1558 501 1591 nobis
521 1558 718 1591 desiderium
737 1559 868 1591 excitari
888 1569 957 1591 seu-

216 1611 315 1644 simus
340 1610 526 1654 pontificiae
552 1611 801 1644 benevolentiae
836 1612 957 1654 signiti—
979 1644 980 1654 ¹

216 1665 398 1699 cationibus
425 1675 495 1698 eam
522 1665 740 1705 honestandi,
766 1670 821 1704 ut,
847 1658 980 1708 quem-¹

215 1719 391 1753 admodum
431 1718 502 1762 piae
545 1717 781 1751 recordationis
821 1718 956 1751 Romani

215 1772 390 1807 Pontifices
415 1778 641 1804 antecessores
667 1771 768 1804 nostri
788 1771 866 1804 alias
885 1782 955 1815 per-

215 1826 360 1869 insignes
386 1825 530 1858 civitates
555 1825 641 1857 beati
667 1824 751 1858 Petri
777 1825 902 1858 eximiis
926 1831 956 1858 et

215 1878 324 1912 multis
349 1878 550 1922 privilegiis,
577 1878 694 1921 quibus
719 1883 807 1911 caret
832 1879 978 1923 Raven-¹

214 1932 338 1966 natium
363 1931 475 1965 civitas
491 1958 498 1971 ,
523 1932 673 1973 largitate
700 1932 876 1974 apostolica
902 1933 955 1965 lio-

215 1990 427 2018 nestaverunt
443 2011 450 2025 ,
477 1984 519 2016 ita
545 1990 577 2017 et
601 1995 659 2017 nos
686 1985 871 2017 Ravennam
897 1985 955 2019 ho-

216 2044 420 2072 nestaremus
439 2065 447 2079 ,
483 2049 547 2081 quo
564 2065 571 2078 ‚
610 2039 654 2070 sic
693 2039 887 2080 honestata,
922 2039 977 2085 ³¹¹5

214 2092 301 2126 beati
327 2091 412 2124 Petri
429 2090 599 2131 fidelitate,
620 2091 711 2123 cuius
732 2091 870 2134 imperio
888 2093 955 2135 plu-

217 2144 306 2178 rimis
332 2144 371 2176 ab
397 2143 474 2177 hinc
498 2144 636 2177 saeculis
663 2144 801 2177 feliciter
825 2146 952 2187 subest,
975 2139 976 2146 ¹

215 2197 388 2232 iucundius
413 2202 444 2230 et
468 2198 606 2230 alacrius
629 2197 661 2229 in
686 2203 852 2240 posterum
883 2209 954 2241 per-

216 2255 355 2284 severet.
383 2250 469 2284 Haec
509 2249 684 2293 cogitatio,
724 2261 805 2293 quae
847 2252 953 2284 animo

254 2358 262 2383 1
286 2356 340 2383 Alie
362 2355 443 2382 huius
456 2355 596 2382 Pontificis
608 2359 692 2382 const.
706 2356 749 2383 ed.
765 2363 899 2391 MDCCXXV,
911 2358 954 2385 die

214 2402 249 2428 20
258 2400 360 2436 aprilis,
372 2400 466 2435 pontif.
477 2408 496 2432 1,
513 2403 632 2427 ereetum
653 2400 703 2427 fuit
719 2400 861 2436 collegium
878 2401 954 2429 theo-

214 2446 336 2481 logorum
357 2445 384 2472 in
405 2444 511 2471 civitate
531 2445 718 2472 Caesenatensi
735 2466 742 2478 ,
764 2450 790 2472 et
809 2451 894 2473 const.
909 2447 953 2474 ed.

214 2496 340 2524 MDCCXVI,
361 2489 404 2516 die
423 2491 440 2516 5
459 2488 610 2521 februarii,
633 2489 727 2524 pontif.
750 2497 780 2523 11,
800 2494 956 2517 statuuntur
975 2502 976 2514 t

214 2534 345 2562 nonnulla
365 2542 412 2569 pro
432 2536 508 2561 recta
527 2533 645 2561 iustitiae
665 2535 691 2560 in
711 2534 780 2561 alma
807 2534 876 2563 Urbe
905 2535 954 2563 ad-

214 2578 423 2606 ministratione.

301 2633 382 2660 Bali.
404 2633 488 2660 Rom.
511 2647 545 2653 --·
569 2633 629 2661 1⁷02.
652 2633 744 2661 XXII.
890 2634 925 2664 55

815 188 1010 214 BENEDICTUS
1034 188 1094 214 x111
1118 189 1168 214 1³1³.

982 919 984 935 ”
1007 924 1124 961 tantur,
1151 931 1230 964 quas
1249 921 1281 953 in
1300 923 1403 955 oculis
1431 923 1551 956 nostris
1579 923 1672 956 unice
1692 934 1746 967 ge-

1649 180 1712 215 433
1759 189 1810 217 An.
1831 189 1860 216 c.
1879 189 1946 218 1725

1008 242 1141 280 nostro,
1168 247 1245 281 erga
1281 239 1421 282 populos
1460 237 1555 272 nobis
1592 237 1754 271 subiectos

1009 300 1133 323 summe
1170 290 1355 331 benevolo,
1380 302 1537 335 perquam
1566 291 1663 334 digna
1685 292 1753 325 visa

1009 347 1079 382 est,
1108 343 1147 376 eo
1172 353 1231 376 nos
1258 344 1400 377 libenter
1425 344 1573 383 inducit,
1598 349 1653 383 ut,
1681 350 1754 387 post

1009 400 1169 428 maturam
1193 396 1478 435 deliberationem,
1498 402 1584 429 motu
1608 398 1751 439 proprio,

1009 457 1045 479 ex
1074 451 1160 481 certa
1184 448 1336 488 scicntia,
1363 451 1545 492 spontanea
1571 454 1602 482 et
1628 449 1751 482 delibe-

1008 502 1077 532 rata
1103 501 1278 540 voluntate,
1301 512 1334 534 ac
1361 502 1566 545 plenitudine
1592 503 1751 545 apostoli-

1008 562 1063 584 cae
1089 552 1291 586 auctoritatis
1308 580 1315 594 ‚
1342 554 1446 587 eidem
1473 555 1592 588 civitati
1625 555 1751 587 Raven-

1007 604 1132 637 natium
1159 610 1256 648 atque
1287 607 1357 640 eius
1394 608 1516 650 populo
1559 613 1590 641 et
1626 608 1749 641 civibus

1006 657 1169 690 universis
1195 657 1365 700 privilegia
1391 665 1423 692 et
1447 660 1568 702 gratias
1595 671 1668 694 mox
1695 670 1748 693 re-

1007 709 1188 742 censendas
1215 712 1483 745 concederemus.

1051 761 1065 804 g
1091 761 1122 794 ΞΣ.
1150 761 1252 800 Quum
1278 763 1470 797 liberalibus
1507 765 1691 809 disciplinis
1717 770 1944 802 etcnlmgiiiumvnn.

1759 804 1860 824 §ullorum
1904 805 1943 825 Ra-

983 815 1198 857 rpraesertim
1235 814 1516 859 iurisprudentine
1548 818 1662 851 studiis
1692 830 1943 861 po-vannaapmns-

1006 868 1160 909 pulorum
1197 869 1372 902 concordia
1412 876 1442 903 et
1479 871 1626 904 fortunae
1664 857 1943 929 inni-flief‘fflssffissl

1767 915 1799 930 ΗΓ.

1005 973 1120 1012 rimus,
1148 980 1323 1017 propterea
1350 980 1412 1008 tam
1440 977 1545 1019 gravis
1573 982 1605 1009 et
1631 987 1746 1010 ncces-

981 1015 983 1043 l
1005 1025 1109 1058 sariae
1135 1027 1302 1060 doctrinae
1323 1028 1534 1062 fundamenta
1559 1029 1589 1061 in
1607 1029 1635 1061 S.
1655 1029 1689 1062 R.
1708 1029 1742 1062 E.

1004 1077 1159 1111 subiectis
1195 1081 1329 1123 populis
1364 1088 1526 1125 perpetuo
1564 1082 1745 1122 servaturi,

1004 1183 1248 1219 universitatem
1282 1186 1454 1221 Ravennae
1480 1188 1555 1221 olim
1582 1188 1743 1221 conditam

1002 1397 1062 1429 bus
1088 1398 1245 1431 hactenus
1271 1399 1416 1433 eiusdem
1447 1401 1576 1443 collegii
1610 1406 1642 1434 et
1671 1401 1744 1434 uni-

1002 1452 1163 1485 versitatis
1190 1454 1338 1487 doctores
1365 1462 1396 1489 et
1423 1456 1630 1499 professores
1648 1457 1743 1500 potiti

1003 1505 1155 1545 suerunt,
1181 1518 1263 1550 quae
1289 1508 1397 1540 omnia
1429 1514 1557 1542 nostrae
1589 1510 1742 1553 aposloli-

1002 1612 1233 1646 confirniamus
1260 1620 1288 1647 et
1316 1615 1515 1649 roboramus.
1543 1616 1741 1658 Praeterea,

1002 1666 1076 1709 quia
1102 1667 1208 1699 honos
1235 1667 1292 1700 alit
1316 1674 1413 1709 artes,
1440 1675 1471 1702 et
1496 1670 1673 1712 praemium
1693 1676 1742 1703 cst

1001 1721 1107 1753 calcar
1135 1721 1286 1760 virtutis,
1313 1721 1420 1754 eidem
1453 1723 1593 1765 collegio
1620 1729 1652 1756 et
1677 1725 1741 1756 uni>

978 1774 1144 1807 ‘versitati
1171 1775 1406 1808 Ravennatiuni
1432 1777 1471 1808 ab
1499 1777 1559 1808 hac
1585 1777 1652 1815 die,
1678 1788 1741 1820 qua

1001 1828 1083 1860 haee
1101 1833 1213 1861 nostra
1232 1829 1422 1861 constitutio
1441 1831 1674 1872 promulgatur,
1698 1832 1741 1863 su-

1000 1882 1154 1914 cultatem
1173 1887 1203 1914 et
1220 1881 1424 1924 privilegium
1441 1883 1606 1925 perpetuis
1623 1883 1738 1916 suturis

999 1934 1204 1977 temporibus
1237 1935 1427 1967 duraturum
1465 1936 1673 1968 concedimus
1708 1942 1740 1969 et

998 1988 1156 2030 largimur
1189 1988 1369 2021 coronandi
1406 1988 1491 2020 viros
1526 1989 1673 2031 poeticae
1699 1990 1740 2023 fa-

999 2041 1126 2073 cultatis
1150 2042 1343 2084 praestantia
1364 2042 1531 2084 probatos,
1545 2044 1739 2085 praesertim

999 2094 1096 2127 latine
1123 2095 1251 2133 doctos;
1283 2094 1411 2137 spurios
1438 2094 1535 2127 etiam
1561 2100 1593 2128 et
1617 2097 1737 2131 nothos

999 2147 1152 2189 legitimis
1180 2147 1343 2180 natalibus
1369 2147 1585 2187 restituendi,
1612 2159 1676 2182 non
1698 2155 1737 2183 ta—

998 2210 1073 2232 men
1097 2200 1297 2242 sacrilegos;
1326 2200 1458 2233 eximios
1485 2211 1615 2244 quoque
1652 2202 1738 2236 viros

998 2258 1031 2285 ut
1057 2253 1175 2286 arctius
1202 2253 1241 2286 ad
1266 2254 1435 2296 praeclare
1461 2255 1622 2296 agendum
1657 2255 1738 2289 inci-

1000 2311 1131 2347 tentur,
1158 2307 1334 2349 splendore
1359 2307 1541 2340 nobilitatis
1576 2313 1608 2341 et
1639 2319 1737 2352 eque-

998 2359 1055 2392 stri
1091 2370 1127 2392 ac
1161 2359 1293 2393 militari
1328 2359 1487 2402 dignitate
1514 2361 1655 2394 donandi
1676 2372 1736 2395 am-

997 2411 1176 2455 plissimam
1202 2412 1427 2446 auctoritatem
1453 2414 1674 2447 concedimus.

1041 2466 1056 2508 ἓ
1080 2464 1111 2498 3.
1137 2465 1201 2498 Etsi
1227 2476 1343 2498 munus
1370 2467 1620 2500 locumtenentis
1635 2468 1735 2502 civilis
1760 2475 1932 2504 Losunssv-nmli·

1748 2503 1815 2522 civilis
1831 2504 1851 2521 ct.
1867 2507 1931 2524 fleue-

998 2523 1029 2551 et
1055 2519 1218 2561 generalis
1250 2519 1426 2562 legationis
1457 2521 1643 2564 provinciae
1669 2521 1798 2554 Fla-rufi<
1817 2528 1930 2553 tesmonia

1764 2554 1916 2574 Roiuaiuliolae

998 2571 1116 2604 miniae
1153 2582 1209 2605 seu
1245 2572 1498 2615 Romandiolae‚
1524 2574 1649 2607 habens
1681 2584 1930 2607 cu-munusreserva·
