2170 3147
5 153 56 209 An.
76 179 104 207 C.
124 177 192 206 1726

28 868 149 890 Clausulas.

782 177 976 202 BENEDICTUS
1002 177 1059 201 xiii
1085 177 1135 201 1¹1⁷.

197 225 392 270 simplicium
414 236 510 270 quarn
536 225 756 269 professorum
782 226 936 265 osticium,

196 283 233 311 nt
257 278 344 318 zelo,
378 279 545 321 exempto,
584 278 747 321 ductuque
782 288 841 311 suo
878 289 938 321 per

198 336 297 365 totam
322 330 523 374 provinciam
556 330 782 364 observantiae
816 333 937 364 cultum

196 383 377 417 diffundant
399 390 430 418 et
450 389 599 427 augeant,
625 384 714 427 quod
741 388 790 416 cst
815 384 936 427 praeei-

195 448 295 480 puum
320 442 451 470 nostrae
477 436 708 470 sollicitudinis
730 436 936 479 propositum

195 489 230 522 in
251 489 341 523 hisce
363 489 515 532 capitulis
540 489 735 527 sanciendis,
758 498 840 531 quae
866 498 937 530 per-

195 548 297 586 petuo
316 547 347 575 et
366 541 600 575 inviolabiliter
620 540 824 574 observanda
848 549 937 583 prae-

196 595 332 638 cipimus
350 596 407 628 sub
425 596 530 638 poena
546 593 780 636 indignationis
806 597 955 638 nostrae·

197 647 333 691 aliisque
360 653 474 681 nostro
499 652 530 680 et
554 656 781 680 successorum
810 650 937 678 nostro-

196 711 268 733 rum
287 700 507 733 Romanorum
525 699 717 733 Pontificum
736 697 872 731 arbitrio
894 698 937 730 in-

195 753 362 795 ssigendis¹
381 754 532 786 adversus
553 763 609 786 eos
629 752 683 795 qui
708 751 765 784 illa
780 752 830 784 vel
844 750 875 783 in
892 754 936 783 to-

196 811 261 839 tum
279 806 328 839 vel
346 816 382 838 ex
401 811 491 849 parte
505 805 626 838 violare
647 803 933 848 praesumpserint.

239 858 254 901 ἓ
278 858 308 891 5.
336 859 400 891 Has
426 858 523 901 igitur
548 863 735 901 praesentes
769 856 801 889 in
834 857 935 889 forma

195 910 305 945 Brevis
331 911 455 944 litteras
490 915 520 943 et
553 910 713 953 quidquid
748 909 780 942 in
813 909 934 942 eisdem

196 964 481 1008 praescripsimus,
505 963 594 995 firma
619 968 651 996 et
675 962 781 995 valida
806 972 936 1005 semper

195 1026 348 1049 mansura
367 1016 583 1055 decernimus,
601 1020 632 1049 et
649 1016 687 1048 ab
705 1015 781 1054 illis,
799 1015 837 1047 ad
853 1024 934 1057 quos

195 1073 329 1112 spectat,
347 1067 577 1101 inviolabiliter
596 1067 809 1106 observanda,
823 1067 934 1110 sicque

195 1120 228 1153 in
254 1120 443 1164 praemissis
469 1130 529 1164 per
553 1129 778 1163 quoscumque
809 1119 933 1152 iudices

194 1172 379 1206 ordinarios
397 1177 427 1205 et
445 1173 626 1215 delegatos,
647 1173 744 1205 etiam
763 1181 932 1205 causarum

194 1225 307 1269 palatii
333 1226 505 1269 apostolici
530 1227 713 1266 auditores,
740 1225 876 1257 iudicari
903 1232 934 1258 et

195 1278 322 1313 definiri
349 1280 489 1320 debere,
509 1290 545 1312 ae
570 1279 696 1312 irritum
723 1284 754 1311 et
778 1279 874 1312 inane
906 1280 932 1312 si

194 1342 288 1365 secus
313 1343 414 1376 snper
440 1332 490 1364 bis
515 1342 532 1364 a
557 1343 732 1375 quoquam,
751 1332 863 1375 quavis
881 1343 934 1364 au<

194 1385 360 1424 ctoritate,
388 1385 531 1418 scienter
555 1386 604 1418 vel
631 1386 828 1427 ignoranter,
858 1397 934 1418 con-

194 1438 302 1480 tigerit
318 1438 481 1471 attentari.
499 1438 567 1472 Non
587 1439 800 1478 obstantibus,
823 1445 934 1483 quate-

194 1502 256 1525 nus
276 1502 358 1534 opus
376 1491 428 1530 sit,
443 1493 552 1524 nostra
569 1497 600 1524 ct
616 1492 835 1525 Cancellariae
854 1494 935 1536 Apo-

194 1544 328 1578 stolicae
346 1545 460 1586 regula
479 1544 517 1577 de
536 1544 605 1577 iure
624 1545 770 1588 quaesito
789 1556 854 1579 non
875 1547 934 1579 tol-

191 1598 302 1637 lendo,
314 1597 450 1640 aliisque
465 1597 750 1631 constitutionibus
765 1605 796 1631 et
809 1599 933 1632 ordina·
954 1632 956 1641 ,

193 1650 334 1684 tionibus
352 1651 553 1694 apostolicis,
574 1651 761 1693 praesertim
781 1653 932 1685 antedicti

192 1703 295 1738 felicis
310 1704 547 1737 recordationis
562 1704 739 1737 Innocentii
751 1705 855 1748 Papae
871 1705 931 1745 XII,

193 1767 324 1790 necnon
338 1757 466 1790 Ordinis
485 1763 515 1790 et
529 1757 799 1800 Congregationis
814 1764 844 1791 et
858 1769 933 1791 con-

192 1816 346 1844 ventuum
371 1811 578 1850 huiusmodi,
605 1811 717 1844 aliisve
734 1839 741 1852 ‚
768 1812 861 1845 etiam
887 1812 933 1845 iu—

192 1869 364 1903 ramento,
391 1862 639 1897 confirmatione
676 1864 851 1907 apostolica
884 1867 931 1899 vel

193 1917 305 1961 quavis
330 1916 481 1950 firmitate
506 1917 568 1950 alia
592 1918 775 1958 roboratis,
802 1920 931 1952 statutis

194 1975 227 2004 et
246 1970 551 2012 consuetudinibus,
573 1971 753 2014 privilegiis
779 1983 909 2015 quoque
927 2000 932 2012 ,

194 2022 328 2057 indultis
347 2028 378 2056 et
395 2024 511 2056 litteris
535 2024 723 2067 apostolicis
749 2025 844 2057 etiam
871 2026 934 2058 eis-

194 2076 268 2110 dem
292 2075 425 2109 Ordini²
454 2076 704 2119 Congregationi
730 2084 761 2110 et
795 2088 934 2111 conven-

194 2129 300 2169 tibus,
327 2140 505 2173 eorumque
531 2130 681 2172 personis
707 2130 931 2173 quibuslibet,

195 2186 226 2216 et
249 2182 307 2215 sub
333 2182 588 2225 quibuscumque
614 2183 787 2215 verborum
814 2184 934 2216 tenori-

193 2235 256 2268 bus
282 2239 313 2267 et
338 2235 459 2273 formis,
490 2240 522 2267 et
547 2245 618 2267 eum
645 2235 810 2278 quibusvis
836 2236 932 2269 etiam

195 2287 475 2331 derogatoriarum
493 2287 717 2329 derogatoriis,
744 2288 878 2332 aliisque
894 2290 935 2322 es-

194 2340 418 2381 ficacioribus,
454 2339 688 2372 efficacissimis
725 2345 757 2373 et
793 2342 933 2374 insolitis

195 2394 348 2428 clausulis
383 2393 587 2426 irritantibus
612 2399 644 2426 et
674 2394 743 2428 aliis
769 2395 930 2436 decretis,

194 2448 228 2483 in
261 2458 382 2492 genere
409 2449 459 2481 vel
491 2447 523 2480 in
557 2447 684 2490 specie,
720 2458 757 2481 ae
788 2448 867 2481 alias
900 2448 934 2481 in

231 2520 243 2547 1
266 2518 337 2546 Edit.
358 2517 439 2545 Main.
462 2517 528 2552 legit
548 2517 706 2552 infiyeudis
725 2519 764 2548 (u.
779 2519 828 2550 T.).

229 2564 246 2591 2
265 2563 328 2591 Edit
346 2562 419 2589 Main
438 2561 502 2597 legit
522 2562 649 2589 eiusdem
670 2562 791 2590 Ordinis
810 2562 849 2598 (R.
871 2563 919 2597 τ.).

280 2617 361 2645 Bull.
381 2617 466 2645 Rom.
489 2631 523 2637 —
547 2617 607 2647 Vol.
628 2616 721 2644 XXII.
866 2618 900 2646 46

1613 167 1673 201 361

981 225 1177 257 contrarium
1215 225 1468 269 praemissorum
1510 226 1719 269 quomodoli-

981 279 1035 310 bet
1055 278 1242 317 concessis,
1263 278 1462 311 confirmatis
1482 283 1514 311 et
1538 279 1719 320 innovatis;

981 330 1098 373 quibus
1117 330 1269 363 omnibus
1294 336 1326 364 et
1349 331 1497 374 singulis,
1516 331 1642 364 etiamsi
1663 342 1721 375 pro

981 382 1111 415 illorum
1144 384 1316 416 sufficienti
1343 384 1557 426 derogatione
1583 385 1622 416 de
1656 384 1720 417 illis

981 445 1161 479 eorumque
1183 436 1256 468 totis
1279 436 1449 469 tenoribus
1468 437 1631 479 specialis,
1653 447 1722 479 spc-

981 486 1079 528 cisica,
1096 498 1248 531 expressa
1269 494 1299 521 ct
1317 488 1494 530 individua,
1512 500 1548 521 ac
1563 490 1602 522 de
1621 491 1721 522 verbo

981 540 1018 572 ad
1044 541 1200 581 verbum,
1225 551 1290 574 non
1323 547 1428 574 autem
1466 552 1524 585 per
1560 543 1721 576 clausulas

981 593 1150 634 generales
1169 592 1255 626 idem
1280 593 1505 637 imponantes,
1524 595 1646 627 mentio
1663 606 1720 627 seu

981 644 1113 687 quaevis
1139 645 1201 678 alia
1219 646 1386 689 expressio
1408 646 1559 679 habenda
1587 653 1642 679 aut
1667 647 1721 680 ali-

980 707 1041 739 qua
1066 696 1129 730 alia
1159 697 1315 741 exquisita
1348 698 1451 731 forma
1487 699 1524 731 ad
1557 699 1620 732 hoc
1646 710 1717 732 ser-

979 750 1083 783 vanda
1109 750 1198 789 soret,
1217 755 1347 783 tenores
1365 751 1563 791 huiusmodi,
1583 762 1619 784 ac
1636 752 1660 783 si
1681 752 1720 784 de

979 803 1079 836 verbo
1104 803 1143 836 ad
1169 803 1312 843 verbum,
1333 804 1417 836 nibil
1441 804 1573 847 penitus
1600 805 1720 838 omisso

980 861 1010 889 et
1028 856 1128 888 forma
1145 855 1178 888 in
1199 856 1263 889 illis
1282 856 1399 889 tradita
1417 857 1599 896 observata,
1617 857 1722 900 expri-

979 913 1147 941 merentur
1171 913 1202 942 et
1227 908 1465 948 insererentur,
1490 909 1720 952 praesentibus

979 970 1039 1003 pro
1070 961 1168 1003 plene
1206 966 1237 994 et
1269 960 1466 994 sufficienter
1502 960 1664 1003 expressis
1689 966 1722 993 et

979 1012 1109 1044 insertis
1136 1012 1310 1053 habentes,
1333 1013 1397 1046 illis
1424 1012 1503 1046 alias
1529 1013 1561 1045 in
1587 1023 1644 1045 suo
1671 1023 1724 1045 ron

977 1064 1056 1097 bore
1084 1065 1317 1109 permansuris,
1338 1066 1376 1098 ad
1399 1065 1653 1109 praemissorum
1677 1065 1723 1097 es-

979 1117 1114 1158 sectum,
1143 1118 1202 1151 bac
1226 1118 1295 1151 vice
1321 1118 1504 1158 dumtaxat,
1534 1117 1722 1162 specialiter

978 1176 1010 1204 et
1028 1182 1178 1215 expresse
1205 1172 1417 1215 derogamus;
1437 1172 1619 1215 ceterisque
1645 1182 1720 1204 con-

978 1223 1085 1256 trariis
1111 1224 1383 1268 quibuscumque.

1021 1279 1035 1321 g
1068 1278 1099 1310 6.
1134 1277 1288 1310 Volumus
1321 1284 1427 1311 autcm
1466 1285 1500 1311 ut
1532 1279 1716 1312 earumdem

976 1333 1192 1375 praesentium
1218 1333 1440 1375 transumptis,
1460 1334 1556 1366 etiam
1584 1333 1718 1376 impres-

976 1386 1038 1424 sis,
1065 1396 1158 1418 manu
1185 1386 1320 1418 alicuius
1347 1386 1465 1419 notarii
1494 1386 1615 1428 publici
1641 1387 1717 1418 sub-

976 1439 1116 1481 scriptis,
1133 1445 1163 1471 et
1188 1439 1295 1481 sigillo
1321 1450 1479 1482 personae
1505 1439 1536 1471 iu
1560 1439 1717 1481 dignitate

976 1492 1196 1524 ecelesiastica
1221 1493 1417 1525 constitutae
1443 1492 1584 1530 munitis,
1604 1492 1716 1524 eadem

976 1555 1110 1588 prorsus
1128 1545 1207 1577 tides
1232 1546 1436 1584 adhibeatur,
1456 1556 1539 1588 quae
1559 1545 1636 1588 ipsis
1654 1546 1717 1578 ori-

977 1598 1140 1641 ginalibus
1168 1598 1285 1631 litteris
1311 1599 1527 1631 adhiberetur
1559 1599 1584 1631 si
1610 1598 1718 1631 serent

976 1651 1139 1684 exhibitae
1165 1653 1215 1684 vel
1242 1657 1404 1684 ostensae.

1020 1704 1034 1747 g
1060 1704 1090 1736 7.
1118 1704 1239 1737 Collata
1260 1705 1368 1748 itaque
1387 1705 1446 1738 zeli
1467 1705 1511 1737 tui
1531 1706 1717 1745 sedulitate,

976 1762 1073 1800 atque
1092 1757 1122 1789 iu
1141 1757 1302 1790 mandatis
1322 1758 1441 1791 nostris
1461 1759 1669 1801 capessendis
1687 1762 1718 1792 et

974 1811 1135 1844 obeundis
1162 1811 1327 1845 alacritate
1353 1822 1389 1844 ac
1415 1812 1591 1854 vigilantia,
1620 1814 1717 1854 plene

975 1864 1178 1904 confidimus,
1198 1864 1336 1897 fructum
1355 1871 1509 1908 paternae
1524 1865 1718 1898 sollicitudi-

976 1918 1024 1951 nis
1043 1929 1101 1962 pro
1119 1918 1271 1951 severiori
1298 1918 1490 1961 discipliuae
1515 1918 1717 1952 incremento

975 1971 1055 2004 votis
1082 1976 1210 2004 nostrae
1242 1971 1412 2004 charitatis
1446 1981 1518 2004 esse
1548 1982 1718 2015 responsu-

977 2035 1058 2057 rum.
1087 2025 1131 2057 Ac
1157 2024 1232 2064 tibi,
1260 2025 1378 2058 dilecte
1413 2025 1474 2065 tili,
1502 2024 1716 2067 apostolicam

975 2079 1240 2112 benedictionem
1267 2083 1473 2121 peramanter
1498 2078 1714 2121 impertimur.

1018 2133 1132 2165 Datum
1160 2133 1290 2171 Romae,
1318 2133 1405 2175 apud
1433 2131 1463 2165 S.
1488 2128 1629 2172 Petrum,
1656 2133 1716 2166 sub

975 2186 1096 2219 annulo
1122 2186 1370 2226 Piscatoris‚die
1392 2196 1410 2219 v
1440 2185 1519 2218 iunii
1545 2195 1718 2227 nnccxxv1,

975 2239 1187 2283 pontificatus
1207 2238 1312 2272 nostri
1331 2249 1417 2271 anno
1436 2249 1482 2272 ιιι.

1010 2302 1072 2329 Dat.
1089 2301 1133 2329 die
1153 2301 1169 2328 5
1189 2301 1256 2328 iunii
1277 2301 1356 2333 1726,
1378 2300 1475 2336 pontif.
1496 2308 1567 2328 anno
1589 2307 1627 2328 ιιι.

1273 2430 1416 2464 CXXVII.

977 2501 1223 2544 Confirmmztur
1237 2501 1363 2535 litterae
1377 2501 1481 2535 Pauli
1508 2501 1642 2545 I'super
1661 2501 1718 2534 ele-

1019 2555 1123 2589 ctione
1135 2555 1264 2589 abbatis
1277 2555 1440 2600 yeneralis
1459 2554 1595 2590 Ordinis
1611 2554 1718 2588 sancti

1726 177 1776 204 Au.
1797 176 1827 204 C.
1850 177 1915 204 1726

1754 1291 1819 1312 Fides
1833 1291 1914 1312 haben-

1729 1319 1755 1339 ιιι
1768 1320 1912 1344 transumptis.

1756 1713 1876 1736 Conclusio,
