2170 3147
7 214 58 242 An.
75 212 106 239 C.
128 211 198 239 1725

72 1229 188 1254 Darogatio

7 1262 97 1288 omnium
106 1257 188 1282 amplis-

6 1289 66 1304 Μιιιι.

200 261 368 303 praedicto
393 261 505 294 Ordini
527 262 696 303 Minorum‚
715 268 748 295 ut
774 264 939 306 praemisi-

201 324 281 353 mus,
308 313 488 352 subiectos,
517 314 713 358 insimulque
741 316 938 349 rebelliones

201 376 237 398 ac
262 366 502 399 sublevationes
524 367 674 399 adversus
692 368 884 410 superiores
908 374 939 401 et

200 418 372 461 religiosos
397 418 494 462 primi
519 418 661 458 Ordinis,
695 429 872 462 eorumque
905 420 936 452 in

199 472 399 514 praedictum
418 472 560 505 Tertium
579 472 731 505 Ordinem
759 473 937 515 superiori-

201 529 312 563 tatem,
340 525 583 565 correctionem,
611 526 869 558 iurisdietionem
908 531 938 558 et

200 577 369 620 privilegia
387 605 394 617 ,
423 579 482 611 sub
518 589 719 622 quocumque
746 583 936 621 praetextu,

200 630 328 663 ratione
353 631 401 664 vel
428 633 521 664 causa
548 637 687 670 exortas,
712 632 792 664 latas
826 636 857 663 et
885 631 939 664 de-

201 683 314 716 ductas
340 694 404 716 non
435 684 649 727 permittens,
680 684 937 717 contradictores

201 736 365 779 quoslibet
400 743 431 770 et
467 738 606 770 rebelles
640 748 698 780 per
732 748 883 771 censuras
909 743 940 770 et

200 799 324 832 poenas
347 790 594 830 ecclesiasticas,
611 791 737 834 aliaque
756 797 939 834 opportuna

201 841 279 875 iuris
298 848 329 875 et
346 842 418 875 sacti
436 843 591 883 remedia,
612 843 833 887 appellatione
852 848 939 886 post-

200 895 315 938 posita,
330 896 569 939 compescendo
581 924 587 937 ,
599 896 822 939 legitimisque
841 907 940 940 super

200 949 252 981 his
277 949 436 982 habendis
470 951 604 983 serratis
625 951 839 993 processibus,
867 960 939 983 cen—

201 1011 292 1034 suras
329 1007 361 1035 et.
396 1013 519 1045 poenas
556 1003 642 1046 ipsas
681 1003 778 1036 etiam
815 1003 939 1035 iteratis

201 1054 321 1087 viribus
346 1056 552 1097 aggravando
569 1083 576 1096 ‚
604 1056 752 1089 invocato
778 1056 874 1088 etiam
902 1056 939 1089 ad

201 1107 272 1147 boc,
299 1108 325 1140 si
352 1119 431 1151 opus
457 1109 561 1150 suerit,
581 1109 699 1142 auxilio
725 1109 851 1142 brachii
877 1119 940 1142 sae-

200 1160 333 1194 cularis.

244 1213 328 1257 513.
345 1214 413 1247 Non
435 1215 639 1248 obstantibus
665 1216 766 1249 felicis
790 1216 941 1249 reeorda-

200 1266 298 1299 tionis
314 1267 466 1301 Bonisacii
483 1269 587 1311 Papae
598 1269 660 1302 VIII
676 1268 940 1312 praedecessoris

200 1319 301 1353 nostri
326 1320 364 1352 de
391 1321 484 1359 unii&
511 1327 541 1354 et
562 1322 692 1355 concilii
719 1321 879 1364 generalis
901 1322 939 1355 de

202 1376 326 1410 duabus
342 1375 449 1413 dietis,
465 1376 640 1409 dummodo
658 1377 740 1408 ultra
757 1382 821 1408 tres
840 1376 940 1408 dietas

203 1430 318 1472 aliquis
343 1430 453 1471 vigore
480 1429 699 1472 praesentium
726 1430 764 1461 ad
786 1429 939 1461 iudiciuin

202 1493 265 1516 non
293 1484 463 1523 trabatur,
498 1482 634 1525 aliisque
661 1482 855 1525 quibusdam
879 1483 940 1515 sor-

202 1547 258 1569 san
285 1537 317 1569 in
343 1537 543 1569 contrarium
577 1536 827 1579 praemissorum
861 1546 942 1579 quo-

202 1589 381 1622 modolibet
398 1588 490 1621 editis
509 1589 557 1621 vel
577 1588 721 1627 edendis,
746 1589 941 1631 specialibus

201 1644 249 1675 rel
274 1642 492 1683 generalibus,
518 1642 807 1674 constitutionibus
835 1647 865 1674 et
890 1652 941 1674 or-

202 1695 425 1728 dinationibus
461 1695 670 1738 apostolicis,
698 1706 753 1733 ac,
781 1700 941 1738 quatenus

202 1758 283 1791 opus
302 1748 359 1787 sit,
379 1747 452 1780 dicti
479 1747 575 1780 Tertii
602 1747 750 1785 Ordinis,
773 1748 870 1780 etiam
896 1748 941 1780 iu-

202 1807 359 1840 ramento,
392 1801 638 1835 confirmatione
673 1802 864 1845 apostolica,
893 1803 940 1834 vel

203 1855 312 1898 quavis
338 1855 489 1887 firmitate
514 1855 575 1887 alia
608 1855 787 1894 roboratis,
813 1855 940 1887 statutis

202 1918 379 1951 eorumque
405 1907 689 1940 reformationibus
715 1914 746 1940 et
770 1908 861 1940 novis
887 1908 941 1940 ad-

203 1960 390 1999 ditionibus,
415 1961 515 2003 stylis,
542 1962 653 1993 usibus
680 1967 708 1994 et
735 1961 941 1994 consuetudi-

202 2013 308 2054 nibus,
335 2013 430 2046 etiam
456 2013 789 2054 immemorabilibus,
816 2014 943 2057 privile-

202 2066 263 2108 giis
290 2077 430 2109 quoque,
457 2067 592 2099 indultis
618 2073 648 2099 et
674 2067 792 2099 litteris
818 2073 943 2110 aposto—

203 2118 281 2158 licis,
306 2119 364 2152 sub
387 2120 569 2163 quibusque
589 2119 758 2152 tenoribus
777 2126 808 2151 et
823 2119 941 2158 formis,

204 2182 240 2205 ae
264 2182 336 2204 cum
362 2169 528 2215 quibusvis
547 2172 642 2205 etiam
665 2172 941 2214 derogatoriarum

206 2225 434 2268 derogatoriis,
471 2226 604 2268 aliisque
643 2225 875 2258 efficacissimis
912 2230 943 2257 et

204 2279 344 2312 insolitis
361 2279 524 2318 clausulis,
540 2278 808 2321 irritantibusque
827 2284 857 2310 et
874 2278 944 2310 aliis

204 2332 354 2371 decretis,
372 2332 402 2364 in
428 2342 550 2374 genere
576 2332 625 2364 vel
651 2331 681 2363 in
708 2331 829 2374 specie,
848 2331 943 2363 etiam

204 2391 293 2419 motu
319 2386 464 2429 proprio,
492 2390 523 2418 et
555 2396 591 2418 ex
626 2387 713 2418 certa
739 2384 884 2423 scientia,
910 2394 944 2416 ac

205 2439 301 2472 etiarn
328 2439 611 2477 consistorialiter,
633 2444 687 2471 aut
713 2438 789 2471 alias
808 2449 944 2481 quomo-

205 2492 338 2532 dolibet,
373 2493 470 2525 etiam
502 2492 626 2524 iteratis
652 2491 787 2529 vicibus,
815 2490 847 2522 in
873 2501 945 2523 con-

206 2544 339 2577 trarium
366 2545 555 2577 eorumdem
580 2544 832 2588 praemissorum
869 2553 946 2576 con-

242 2609 253 2635 1
276 2606 362 2634 Voces
383 2607 415 2634 de
435 2608 490 2635 unci
512 2615 559 2634 nos
579 2606 704 2634 addimus
719 2607 758 2641 (n.
779 2613 828 2641 T).

779 216 974 239 BENEDICTUS

1001 217 1055 239 XIII
1082 217 1129 240 PP-

982 264 1096 305 cessis,
1122 265 1327 307 approbatis,
1353 265 1515 298 innovatis
1539 269 1570 298 et
1605 264 1721 298 consu·-

981 317 1085 355 matis,
1103 317 1229 350 etiamsi
1253 318 1283 350 in
1303 318 1366 351 illis
1388 324 1538 351 caveatur
1566 328 1720 361 expresse

982 370 1067 411 quod
1095 381 1152 412 per
1177 378 1397 414 quascumque
1416 372 1540 404 litteras
1566 372 1722 415 apostoli-

981 432 1044 461 cas⁷
1063 424 1158 455 etiam
1186 429 1269 457 motu
1296 425 1429 467 proprio
1455 435 1491 457 ac
1513 425 1722 458 consistoria-

982 474 1066 515 liter,
1085 481 1115 507 et
1141 487 1176 508 ex
1204 479 1292 509 certa
1317 478 1450 510 scientia
1469 479 1573 521 deque
1594 483 1723 519 aposto-

983 526 1063 559 licae
1090 530 1257 570 potestatis
1275 530 1477 572 plenitudine
1495 542 1555 573 pro
1575 536 1722 574 tempore

981 589 1163 619 concessas,
1185 592 1405 625 quascumque
1432 583 1527 615 etiam
1554 584 1724 626 derogato-

982 632 1100 664 riarum
1133 633 1357 676 derogatorias
1378 634 1408 666 in
1434 646 1468 668 se
1494 636 1699 669 continentes
1716 663 1723 676 ,

983 685 1135 728 derogari
1174 696 1238 719 non
1276 688 1391 729 possit,
1417 698 1521 731 neque
1555 695 1724 722 censeatur

983 738 1028 770 eis
1056 738 1260 781 derogatum,
1288 739 1349 772 nisi
1377 741 1563 773 huiusmodi
1589 741 1724 783 deroga-

984 790 1088 824 tiones
1115 792 1387 825 consistorialiter
1413 794 1514 826 sactae
1534 799 1565 826 et
1593 804 1653 837 per
1677 794 1724 827 di-

983 854 1090 877 versas
1116 845 1240 878 litteras
1258 846 1422 878 inum-atae
1443 847 1579 887 suerint3
1607 847 1723 890 quibus

984 897 1136 930 omnibus
1163 903 1195 930 et
1218 898 1363 941 singulis,
1385 899 1509 931 etiamsi
1532 900 1570 932 de
1591 899 1655 932 illis
1675 910 1724 933 eo·

983 961 1120 994 rumque
1159 951 1235 983 totis
1269 953 1437 985 tenoribus
1464 952 1625 995 specialis,
1652 963 1726 996 spe⁴

983 1003 1082 1044 cifica,
1109 1014 1261 1046 expressa
1282 1010 1313 1037 et
1338 1005 1511 1045 individua,
1539 1017 1574 1038 ae
1599 1006 1637 1039 de
1655 1017 1725 1039 ver-

983 1057 1023 1089 bo
1045 1057 1082 1089 ad
1110 1058 1256 1096 verbum,
1275 1068 1340 1090 non
1360 1065 1466 1091 autem
1487 1069 1544 1102 per
1562 1060 1723 1092 clausulas

983 1110 1153 1152 generales
1174 1110 1259 1142 iden]
1279 1110 1507 1154 importantcs,
1527 1113 1648 1145 mentio
1667 1122 1725 1145 seu

985 1162 1117 1204 quaevis
1143 1163 1203 1195 alia
1229 1164 1395 1206 expressio
1418 1164 1567 1197 habenda
1585 1170 1639 1197 aut
1667 1164 1725 1197 ali-

984 1225 1046 1257 qua
1064 1215 1127 1247 alia
1145 1216 1305 1258 exquisita
1320 1217 1422 1249 forma
1436 1218 1474 1250 ad
1494 1217 1555 1250 boc
1569 1218 1725 1250 servanda

985 1268 1076 1309 soret,
1102 1269 1233 1302 illorum
1273 1270 1415 1303 omnium
1453 1276 1484 1303 et
1519 1271 1723 1313 singulorum

985 1326 1126 1360 tenores,
1153 1322 1272 1355 formas
1299 1328 1330 1355 et
1355 1334 1477 1364 causas,
1505 1323 1600 1357 etiam
1627 1335 1725 1367 quan-

985 1375 1100 1407 tumvis
1126 1382 1355 1418 praegnantes,
1381 1377 1448 1420 pias
1481 1383 1511 1410 et
1542 1377 1726 1420 privilegia-

986 1433 1045 1467 tas,
1073 1429 1296 1471 praesentibus
1316 1440 1374 1472 pro
1393 1430 1487 1472 plene
1511 1435 1543 1463 et
1563 1430 1726 1463 sufficien-

985 1486 1032 1513 ter
1051 1492 1085 1513 ae
1105 1481 1143 1514 de
1163 1482 1261 1514 verbo
1278 1482 1315 1514 ad
1334 1482 1477 1521 verbum,
1491 1482 1573 1515 nibil
1593 1483 1723 1523 omisso,

985 1533 1125 1573 insertis,
1145 1535 1307 1577 expressis
1335 1546 1370 1568 ac
1395 1535 1589 1578 specificatis
1609 1535 1726 1568 baben·

987 1593 1033 1619 tes
1048 1615 1055 1628 ‚
1077 1587 1140 1620 illis
1166 1588 1244 1620 alias
1262 1588 1294 1620 in
1320 1598 1377 1621 suo
1405 1589 1520 1621 robore
1538 1599 1724 1632 permansu-

986 1642 1039 1679 ris,
1065 1641 1103 1673 ad
1134 1641 1383 1684 praemissorum
1419 1642 1563 1674 omnium
1599 1647 1631 1674 et
1661 1642 1726 1675 sin-

985 1694 1134 1736 gulorum
1154 1694 1382 1727 validissimum
1404 1694 1559 1734 ellectum,
1579 1695 1639 1727 liae
1658 1695 1725 1727 vice

986 1750 1171 1787 dumtaxat,
1201 1747 1352 1780 latissime
1379 1753 1411 1780 et
1446 1748 1660 1791 plenissime,
1690 1759 1725 1781 ae

985 1801 1205 1840 sufficienter,
1239 1810 1365 1833 necnon
1392 1801 1580 1844 specialiter
1605 1806 1636 1834 et
1674 1811 1726 1834 ex-

985 1865 1094 1897 presse
1114 1855 1327 1896 derogamus,
1351 1854 1534 1896 ceterisque
1553 1853 1725 1887 contrariis

985 1908 1257 1950 quilniscurnque.

1029 1961 1043 2003 g
1069 1961 1121 1992 14.
1151 1960 1302 1993 Volumus
1340 1966 1508 2003 praeterea
1534 1966 1568 1993 ut
1600 1972 1725 1994 earum-

987 2013 1059 2046 dem
1074 2014 1293 2057 praesentium
1309 2014 1486 2046 litterarum
1505 2015 1724 2058 transumptis,

985 2079 1039 2100 seu
1077 2067 1247 2110 exemplis,
1275 2067 1369 2099 etiam
1403 2067 1596 2110 impressis,
1627 2077 1725 2100 manu

987 2120 1123 2153 alicuius
1149 2131 1183 2153 ex
1211 2120 1394 2152 secretariis
1414 2119 1551 2152 ministri
1572 2121 1621 2153 vel
1641 2131 1726 2154 com-

987 2173 1123 2206 missarii
1144 2174 1308 2216 generalis
1335 2173 1410 2206 dicti
1429 2173 1557 2206 Ordinis
1582 2174 1646 2207 sive
1670 2185 1728 2207 no-

988 2227 1059 2259 tarii
1081 2227 1201 2269 publici
1220 2227 1426 2270 subscriptis,
1444 2233 1475 2260 et
1495 2226 1603 2269 sigillo
1630 2227 1726 2260 officii

964 2307 966 2317 Α
988 2280 1132 2313 eiusdem
1146 2279 1281 2312 ministri
1300 2281 1347 2313 rel
1363 2280 1574 2313 commissarii
1591 2286 1644 2314 aut
1657 2292 1727 2324 pro-

987 2333 1145 2365 curatoris
1165 2334 1322 2375 generalis
1349 2334 1448 2376 ipsius
1467 2333 1595 2366 Ordinis
1618 2334 1664 2367 vel
1684 2334 1727 2368 al-

988 2385 1088 2418 terius
1114 2394 1274 2427 personae
1311 2385 1340 2418 in
1373 2385 1593 2420 ecclesiastica
1622 2385 1726 2430 digni-

988 2444 1051 2471 tate
1071 2439 1264 2472 constitutae
1290 2439 1433 2480 niunitis,
1455 2441 1566 2473 eadem
1592 2451 1726 2483 prorsus

988 2491 1067 2524 fides
1082 2491 1113 2524 in
1128 2490 1249 2525 iudicio
1268 2497 1298 2525 et
1319 2498 1408 2526 extra
1422 2493 1627 2535 adhibeatur,
1645 2504 1726 2537 quae

988 2545 1213 2588 praesentibus
1235 2545 1447 2579 adhiberetur
1467 2545 1491 2578 si
1517 2547 1623 2580 forent
1640 2546 1727 2579 exbi-

988 2598 1074 2631 bitae
1102 2598 1149 2631 vel
1171 2603 1335 2632 ostensae.

1615 206 1679 240 ⁶293
1727 217 1767 242 An
1797 216 1824 244 c.
1850 217 1916 243 1725

1763 1969 1827 1990 Fidi-s
1842 1968 1921 1991 haben-

1737 1996 1763 2017 da
1776 1999 1920 2023 tramurnptis.
