2170 3147
491 209 532 242 3ss

434 269 462 298 iu
491 278 559 299 eam
586 265 742 309 peculiari
769 264 873 298 studio
899 263 1019 306 iugiter
1049 263 1174 295 incum-

431 321 489 358 bit,
515 325 547 351 ut
575 318 785 351 ecclesiarum
806 316 961 355 omnium,
982 315 1174 359 praesertim

431 372 704 415 archiepiscopali
747 371 877 403 nomine
921 369 1174 412 insignitarum,

433 424 657 468 reparationes
679 424 816 457 fabricae
843 429 873 456 et
892 421 1174 465 augmentationes

431 478 568 510 assiduis
588 477 751 510 favoribus
777 482 807 509 et
826 476 938 520 gratiis
958 485 1176 519 promovean-

431 539 489 570 tur,
520 538 551 565 et
578 543 660 575 quae
686 537 858 574 propterea
891 542 908 563 a
945 530 1173 573 praedecesso>

429 585 518 617 ribus
555 585 621 617 suis
660 585 774 617 iisdem
812 584 851 616 de
888 583 990 616 causis
1030 583 1111 615 sacta
1144 588 1175 615 et

429 639 556 670 decreta
595 637 843 679 dignoscuntur,
878 641 911 667 ut
949 636 986 667 ab
1023 635 1174 668 omnibus

428 696 587 734 perpetuo
608 689 838 722 inviolabiliter
855 689 1081 727 observentur,
1102 699 1175 732 apo-

429 744 561 776 stolicae
581 743 839 776 confirmationis
860 742 1041 785 patrocinio
1069 753 1176 775 corro-

428 798 530 837 borat,
556 796 682 840 aliaque
704 795 815 828 statuit
840 801 871 828 et
897 796 1052 835 declarat,
1078 800 1175 839 prout

429 849 614 882 earumdem
633 849 843 882 ecclesiarum
870 848 1070 891 indigentiis,
1091 859 1174 881 eom.

428 903 532 935 modis
559 909 586 935 et
611 902 804 935 utilitatibus
827 901 987 945 conspicit
1014 901 1045 934 in
1071 902 1175 935 Domi-

428 967 469 988 ιω
496 955 668 988 salubriter
693 955 859 998 expedire.

471 1009 486 1051 ξ
516 1009 542 1041 l.
568 1009 652 1041 Alias
672 1008 831 1051 siquidem
853 1007 953 1041 felicis
973 1008 1174 1042 recordatio-

240 221 276 246 Au
309 219 337 245 C.
358 219 423 245 17³5

261 1020 272 1038 Α
292 1018 327 1037 1“ιι“
345 1019 359 1039 ΙΙ

233 1047 289 1065 ι·Ιιι.ι
303 1052 334 1064 nu·
381 1047 417 1066 sitit
454 1062 458 1066 .
540 1062 544 1066 .

233 1080 305 1091 .‚...„‚=‚
339 1073 477 1096 ium-mnis
514 1062 586 1094 Pius
613 1062 696 1104 Papa
723 1062 745 1093 ll
783 1061 1022 1104 praedecessor
1062 1067 1174 1095 noster

233 1100 299 1144 '''':¹.'.“.
348 1103 684 1158 iit'1i1‘1¹⁵pei‘‹piaiudat‘u
724 1114 791 1147 eius
829 1115 1095 1148 constitutionem
1134 1116 1172 1148 ab

400 1163 467 1201 ⁴·'-eo
495 1169 612 1201 editam
640 1169 748 1201 farore
783 1169 941 1202 ecclesiae
975 1175 1006 1201 et
1035 1169 1172 1202 eivitatiS

345 1262 376 1278 Ἧι
392 1216 681 1276 ,ἒιῖΒυηρνεηωηιιᾳ
703 1222 761 1253 sub
781 1222 887 1254 datum
908 1222 1066 1262 Mantuae,
1086 1233 1170 1256 auno

426 1275 662 1308 luminationis
684 1275 885 1311 ‘douiiuicae
914 1285 1043 1313 iticmix,
1076 1276 1171 1309 nonis

425 1329 630 1371 septembris,
649 1328 852 1371 pontificatus
880 1328 928 1361 sui
957 1339 1043 1362 anno
1071 1340 1105 1369 11,
1126 1330 1172 1362 in-

425 1388 472 1413 ter
494 1387 600 1414 cetera
627 1381 746 1422 statuit,
772 1382 934 1425 disposuit
960 1388 992 1415 ct
1017 1381 1169 1423 decrerit,

425 1435 510 1478 quod
539 1445 652 1468 omues
677 1435 772 1478 primi
800 1435 896 1468 medii
926 1436 1045 1468 fructus
1069 1435 1170 1469 bene-

425 1489 573 1521 ticiorum
599 1489 896 1522 ecclesiasticorum
928 1500 988 1533 pro
1022 1495 1170 1533 tempore

425 1542 606 1573 vacantium
627 1541 785 1574 ecclesiae
800 1542 1044 1575 Beneventai‘iae
1065 1543 1171 1586 (euius

426 1595 533 1628 adhuc
559 1594 827 1638 archiepiscopus
854 1596 1045 1640 existimus),
1073 1597 1127 1640 qui
1154 1608 1171 1630 a

425 1658 485 1691 pro
506 1654 651 1691 tempore
674 1649 831 1682 existente
847 1650 1098 1694 archiepiscopo
1116 1651 1171 1684 Be-

424 1709 607 1735 neventano
633 1702 912 1746 percipiebantur,
941 1703 974 1736 iu
996 1704 1171 1747 reparatio—

425 1766 512 1796 nem,
531 1755 684 1788 fabricam
700 1762 729 1789 et
749 1757 1049 1799 augmentatiffliem
1065 1759 1170 1791 dictae

426 1810 583 1842 ecclesiae
614 1810 885 1850 beneventanae,
910 1810 996 1844 iuxta
1022 1812 1169 1845 eiusdem

425 1874 484 1905 pro
511 1869 656 1906 tempore
685 1863 851 1896 existentis
870 1864 1110 1909 archiepiscopi
1135 1876 1170 1899 ac

425 1916 520 1948 unius
559 1916 701 1949 eiusdem
729 1917 886 1949 eeclesiae
921 1918 1168 1952 Beneventauae

426 1969 571 2001 canonici
591 1969 778 2010 arbitrium,
799 1970 942 2002 converti
963 1971 1114 2004 debeant.

366 2063 413 2076 W·
469 2023 483 2064 ἓ
509 2022 539 2054 ⁹2.
567 2022 640 2061 Nos,
660 2023 907 2056 considerantes
926 2025 1102 2067 praefatam
1124 2025 1168 2057 Pii

352 2077 686 2130 Apus:praedecessoris
724 2077 992 2110 constitutionem
1028 2089 1170 2112 commo·

295 2143 334 2156 u·
353 2144 385 2155 ιν»
425 2130 512 2169 dum,
539 2130 710 2163 utilitatem
748 2136 779 2162 et
811 2131 1049 2164 incrementum
1075 2143 1170 2175 prae-

425 2183 506 2215 fatae
524 2183 681 2216 ecclesiae
697 2184 942 2217 Beneventanae
961 2195 1169 2229 summolwre

424 2246 634 2276 concernswe,
662 2247 698 2269 ac
723 2237 895 2280 cupientes
924 2238 1012 2270 illam
1050 2249 1169 2282 perpe-

425 2289 486 2321 tuis
524 2290 639 2322 suturis
677 2291 880 2334 temporibus
907 2301 1038 2334 semper
1064 2299 1094 2324 et
1120 2293 1168 2325 in-

423 2342 620 2375 violabiliter
646 2344 822 2384 obserrari,
849 2354 884 2376 ac
906 2344 949 2376 l'ii
977 2347 1170 2387 praedeces-

424 2395 505 2428 soris
524 2397 659 2438 praelati
682 2397 924 2430 constitutionis
941 2398 1082 2441 desuper
1103 2399 1169 2432 edi-

424 2454 474 2481 tae
515 2448 699 2481 huiusmodi
739 2455 866 2483 tenores
903 2451 999 2484 etiam
1027 2453 1168 2487 veriores

423 2536 482 2554 ruiu
504 2528 730 2563 providendorum
752 2539 800 2564 per
821 2535 901 2557 totam
923 2533 1027 2559 ltaliam
1049 2537 1076 2559 et
1096 2533 1168 2560 insu-

423 2571 462 2598 las
482 2572 640 2599 adiacentes
661 2574 686 2599 in
708 2573 826 2600 satorem
848 2575 965 2602 fabricae
987 2577 1166 2604 ecclesiarum

423 2615 587 2643 matriniam.

1023 216 1099 238 ttUtL
1109 217 1118 237 t
1127 216 1202 238 titt'st
1230 215 1384 239 ROMANUM

1966 217 2019 243 An.
2042 216 2071 245 C.
2091 218 2156 247 1725

1218 264 1449 307 praesentibus
1485 275 1545 308 pro
1587 266 1749 309 expressis
1789 266 1962 306 habentes,

1196 313 1306 362 {motu
1339 317 1484 361 proprio,
1520 329 1585 351 non
1622 319 1660 351 ad
1695 319 1832 352 alicuius
1867 319 1963 352 nobis

1196 367 1197 370 '
1218 381 1317 413 super
1338 371 1400 403 boc
1425 371 1554 404 oblatae
1581 372 1749 415 petitionis
1767 372 1963 413 instantiam,

1218 424 1274 457 sed
1295 434 1331 456 ex
1351 426 1440 456 mera
1466 423 1610 464 scientia,
1632 425 1738 468 deque
1764 425 1962 468 apostolieae

1218 477 1390 522 potestatis
1416 477 1631 521 plenitudiue,
1659 477 1905 522 dispositionem
1932 482 1964 510 et

1219 532 1388 564 decretum
1409 531 1608 570 huiusmodi,
1626 531 1805 575 apostolica
1823 531 1964 564 auetori-

1221 589 1293 624 tate,
1321 590 1434 618 tenore
1452 584 1689 628 praesentium,
1710 590 1869 627 perpetuo
1887 595 1963 617 con—

1219 638 1385 671 firmamus
1423 644 1454 670 et
1489 638 1721 681 approbamus,
1750 638 1864 681 illique
1890 649 1963 681 per-

1218 696 1335 734 petuae
1362 697 1393 724 et
1418 691 1618 724 inviolabilis
1645 691 1844 734 apostolicae
1869 691 1964 723 sirmi-

1220 744 1293 777 tatis
1319 745 1420 777 robur
1445 744 1636 785 adiicimus3
1658 754 1694 777 ac
1711 744 1963 787 dispositionem

1218 802 1250 829 et
1275 798 1444 831 decretum
1471 798 1657 831 huiusmodi
1680 797 1962 841 comprehendere

1218 851 1327 884 omnia
1351 851 1510 884 beneficia
1537 851 1772 892 ecclesiastica,
1800 857 1863 884 tam
1896 852 1963 884 col-

1216 904 1345 938 lationis
1372 904 1628 947 arehiepiseopi‚
1649 914 1746 947 quam
1772 904 1905 947 capituli
1932 909 1963 937 et

1218 957 1448 991 canonicorum
1475 957 1581 989 dietae
1613 956 1772 989 eeclesiae
1798 957 1963 990 Beneven-
2007 960 2010 962 '

1219 1017 1312 1045 tanae
1341 1013 1388 1046 rel
1415 1011 1542 1044 abbatis
1570 1011 1608 1044 de
1640 1011 1752 1044 Paduli
1785 1011 1961 1054 nuncupati

1217 1071 1272 1098 aut
1297 1065 1430 1098 alterius
1455 1065 1688 1108 cuiuscumque
1715 1064 1880 1097 inferioris
1898 1065 1963 1097 col-

1216 1119 1329 1152 latoris
1351 1129 1408 1162 pro
1430 1125 1576 1161 tempore
1598 1117 1817 1159 existentium,
1838 1116 1897 1150 ad¹
1916 1117 1962 1150 eis

1216 1173 1416 1205 conserenda
1450 1172 1652 1205 cessantibus
1685 1170 1961 1205 reservationibus

1217 1232 1247 1258 et
1273 1225 1504 1258 affectionibus
1531 1224 1743 1268 apostolicis,
1764 1236 1830 1258 non
1857 1230 1962 1258 tamen

1215 1278 1374 1312 beneficia
1403 1279 1622 1312 ecclesiastica
1647 1278 1858 1322 dispositioni
1885 1289 1962 1322 apo-

1216 1333 1351 1365 stolicae
1379 1337 1544 1365 reservata
1566 1333 1614 1365 vel
1637 1331 1761 1372 affecta,
1779 1332 1865 1365 dieta
1885 1343 1962 1376 apo.

1215 1387 1330 1419 stoliea
1352 1385 1546 1418 auctoritate
1573 1385 1788 1418 declaramus.

1259 1439 1273 1481 ξ
1298 1439 1327 1472 3.
1347 1439 1539 1472 Praesentes
1558 1449 1688 1482 quoque
1708 1440 1797 1472 nullo
1816 1449 1959 1483 unquam
1998 1447 2152 1484 ‹ttauzutvtw-

1218 1497 1365 1535 tempore
1402 1492 1440 1525 de
1477 1492 1712 1535 subreptionis,
1745 1475 2070 1535 obt·eptiouis,⁰”¹'‘“⁴³⁵'

1216 1545 1376 1578 nullitatis
1404 1551 1459 1578 aut
1483 1545 1693 1578 invaliditatis
1719 1544 1810 1585 vitio,
1831 1556 1886 1578 seu
1913 1544 1961 1576 in-

1217 1599 1372 1632 tentionis
1399 1604 1529 1632 nostrae
1556 1605 1609 1631 aut
1634 1598 1748 1642 quovis
1774 1598 1837 1631 alio
1872 1597 1961 1630 dese-

1216 1659 1278 1693 ctu,
1306 1652 1510 1696 quantumvis
1537 1662 1662 1694 magno,
1685 1651 1904 1694 inexcogitato
1929 1655 1961 1683 et

1215 1706 1432 1746 substantiali,
1452 1712 1507 1738 aut
1533 1717 1568 1739 ex
1593 1716 1798 1749 quocumque
1825 1705 1887 1738 alio
1913 1716 1961 1738 ca·

1215 1761 1301 1804 pite,
1335 1771 1351 1792 a
1382 1761 1451 1792 iure
1477 1760 1526 1792 rol
1554 1760 1637 1792 sacto
1671 1764 1724 1791 aut
1756 1764 1874 1792 statuto
1909 1759 1959 1791 vel

1215 1813 1453 1847 consuetudine
1474 1813 1581 1856 aliqua
1600 1814 1790 1852 resultante,
1811 1817 1866 1845 aut
1883 1822 1961 1855 quo-

1214 1877 1351 1911 cumque
1378 1867 1441 1899 alio
1468 1867 1592 1907 colore,
1627 1871 1806 1909 praetextu,
1835 1865 1960 1898 ratione

1215 1922 1262 1954 rel
1289 1918 1396 1960 causa,
1423 1920 1519 1952 etiam
1546 1920 1577 1952 in
1605 1930 1742 1963 corpore
1769 1919 1848 1951 iuris
1873 1919 1960 1952 clau-

1214 1977 1256 2015 sa,
1284 1974 1489 2018 quantumvis
1517 1973 1610 2013 iusta,
1628 1972 1815 2006 rationabili
1841 1977 1873 2006 et.
1897 1971 1961 2016 pri.

1216 2028 1387 2070 vilegiata,
1416 2027 1511 2060 etiam
1539 2027 1592 2059 tali
1626 2037 1708 2069 quae
1745 2027 1785 2060 ad
1811 2026 1960 2060 effectum

1214 2081 1387 2115 validitatis
1412 2080 1668 2123 pi·aeiuisst.›r11m
1695 2081 1881 2114 necessario
1908 2091 1960 2114 ex-

1215 2134 1385 2178 primenda
1418 2134 1510 2173 soret,
1537 2138 1591 2166 aut
1615 2133 1699 2176 quod
1727 2133 1766 2166 de
1792 2134 1959 2166 voluntate

1214 2189 1324 2220 nostra
1349 2186 1537 2219 huiusmodi
1556 2191 1612 2218 aut
1633 2185 1703 2219 aliis
1729 2187 1882 2229 superius
1907 2197 1960 2219 ex-

1214 2241 1338 2284 pressis
1366 2240 1475 2273 relatis
1501 2240 1533 2272 in
1559 2240 1676 2273 litteris
1702 2238 1799 2272 atibi²
1824 2250 1960 2284 appare-

1215 2301 1273 2335 ret,
1293 2304 1348 2327 seu
1368 2294 1448 2327 alias
1473 2293 1604 2336 probari
1630 2300 1750 2336 posset,
1768 2294 1883 2334 notari,
1902 2294 1960 2326 im-

1214 2348 1361 2390 pugnari,
1389 2346 1569 2386 invalidari,
1587 2347 1764 2387 retractari,
1791 2347 1823 2379 in
1842 2347 1891 2380 ius
1909 2348 1958 2381 vel

1213 2401 1466 2434 controversiam
1487 2401 1638 2440 revocari,
1657 2406 1706 2433 aut
1734 2401 1774 2433 ad
1802 2400 1959 2435 terminos

1212 2454 1291 2486 iuris
1318 2455 1439 2493 reduci,
1458 2454 1508 2486 vel
1527 2453 1679 2486 adversus
1694 2453 1766 2486 illas
1781 2454 1959 2488 restitutio-

1212 2507 1261 2539 nis
1288 2507 1318 2539 in
1344 2507 1516 2549 integrum,
1542 2507 1733 2550 aperitionis
1760 2508 1837 2548 oris,
1863 2509 1959 2542 redu-

1251 2579 1258 2604 l
1283 2577 1398 2603 Videtur
1415 2577 1559 2612 legendum
1576 2578 1611 2604 ab
1628 2585 1675 2612 pro
1691 2577 1730 2604 ad
1745 2578 1782 2613 (n.
1799 2580 1848 2609 τ,).

1245 2621 1260 2647 :2
1280 2622 1383 2649 Forsan
1405 2622 1512 2650 nullibi
1532 2622 1678 2656 legendum
1697 2622 1735 2656 (a.
1754 2622 1803 2655 r).
