2170 3147
0 226 21 254 3.
43 226 108 253 ¹729

2 1553 56 1572 tatur
64 1556 111 1572 oxe-

0 1585 5 1598 r
27 1578 110 1605 praedi-

0 1610 8 1625 ιι
16 1610 60 1625 eum
69 1611 111 1625 am-

0 1631 26 1651 uis
47 1631 110 1652 rat-ul-

0 1663 7 1673 Ι

695 224 888 249 BENEDICTUS
914 225 971 248 XIII
996 226 1044 249 PP.

122 273 280 308 currentis
297 273 428 306 triennii
450 283 564 306 mense
582 274 666 306 maio
688 274 763 306 anni
782 284 857 316 pro-

121 326 197 359 ximi
221 335 366 360 MDccxxx
400 326 593 359 terminandi
626 326 800 359 constituat
821 337 857 359 ac

122 380 274 422 deputet,
301 379 378 422 quin
405 379 472 421 ipse
498 384 653 412 executor
686 380 855 422 epistolam

122 432 306 465 huiusmodi
337 432 517 475 producere
547 437 601 464 aut
632 432 785 465 exhibere
813 437 856 464 te-

121 490 245 525 neatur,
266 485 320 518 sed
339 485 476 528 simplici
500 484 565 517 eius
584 485 752 517 assertioni
773 490 858 517 stan-

124 538 198 570 dum
225 537 267 570 sit
291 548 327 570 ac
351 537 484 570 omnino
511 538 588 570 sides
614 538 785 577 habeatur,
813 537 858 569 di-

123 590 230 633 ctique
255 590 409 623 officiales
446 601 504 633 per
537 601 608 623 eum
643 590 688 622 sic
714 590 858 633 deputati

122 643 313 676 auctoritate
338 645 447 675 nostra
481 643 659 686 apostolica
691 642 857 675 constituti

121 701 329 735 censeantur3
356 706 481 728 necnon
506 696 592 729 idem
619 701 772 728 executor
799 706 857 738 pro

121 749 246 792 reliquo
273 753 417 791 tempore
443 749 517 782 dicti
545 748 674 781 triennii
701 749 787 781 iuxta
806 749 858 780 da-

122 806 184 834 tam
211 801 273 834 sibi
299 812 316 834 a
340 801 475 834 Domino
501 802 705 844 prudentiam
731 801 857 843 priores

121 854 220 896 eligat
240 859 271 887 et
293 854 430 887 familias
450 854 602 898 disponat
621 860 652 886 et
677 853 805 886 ordinet
826 853 857 885 in

121 905 259 949 singulis
273 906 486 941 conventibus
497 906 683 951 provinciae
695 906 856 950 praefatae

122 970 223 1002 usque
248 960 286 993 ad
314 971 431 993 norum
458 960 632 1003 capitulum
659 959 857 1003 provinciale

121 1024 205 1047 anno
229 1014 382 1057 proxime,
409 1020 443 1046 ut
466 1014 670 1057 praefertur,
692 1013 857 1046 celebran-

121 1066 210 1100 dum.
235 1086 279 1091 —-
303 1077 332 1099 x.
352 1067 487 1099 Demum
506 1072 656 1099 executor
674 1067 857 1110 praedictus

120 1120 250 1154 unicum
275 1120 452 1153 constituat
483 1119 673 1152 novitiatum
706 1130 765 1163 pro
793 1122 857 1153 tota

120 1173 286 1216 provincia
310 1173 456 1216 praefata
480 1173 511 1204 in
538 1173 696 1206 conventu
714 1174 854 1215 Asterisi,

120 1226 175 1259 ubi
200 1227 238 1259 de
264 1225 427 1268 praesenti
460 1225 618 1265 liabetur,
645 1236 773 1258 necnon
804 1227 857 1259 de·

119 1279 225 1321 signet
249 1283 280 1311 et
304 1283 424 1311 statuat
455 1278 688 1321 professorum]
720 1279 750 1311 in
781 1290 859 1312 eon-

120 1337 236 1371 ventu,
261 1342 358 1375 quem
384 1332 485 1374 magis
512 1332 548 1364 ad
576 1331 606 1363 id
638 1337 857 1375 opportunum

121 1385 152 1418 in
178 1385 313 1418 Domino
350 1384 559 1424 iudicaverit,
598 1391 629 1417 et
666 1384 697 1416 in
732 1396 794 1429 quo
821 1396 857 1418 ea

121 1442 335 1476 concurrant,
362 1447 444 1479 quac
482 1447 540 1480 per
576 1436 676 1470 dictas
702 1439 857 1471 constitu-

122 1489 226 1523 tiones
252 1490 477 1533 requiruntur.

164 1543 180 1586 ἓ
210 1543 242 1576 3.
277 1542 424 1576 Ceterum
457 1543 495 1575 de
528 1544 696 1576 memorati
730 1544 857 1577 Ioannis

121 1595 281 1628 Dominici
315 1595 445 1628 sserardi
475 1596 651 1639 presbytcri
677 1596 858 1639 Congrega-

124 1647 220 1681 tionis
251 1647 389 1680 Oratorii
419 1648 450 1680 S.
485 1648 627 1691 Philippi
661 1648 746 1681 Nerii
773 1649 856 1689 lide,

122 1700 296 1744 prudentia
313 1728 320 1740 ,
347 1700 558 1741 dexteritate,
589 1702 750 1742 doctrina,
781 1703 857 1735 clia-

122 1754 232 1793 ritate,
265 1754 470 1796 integritate,
501 1754 684 1796 vigilantia,
718 1766 753 1788 ac
785 1756 858 1789 reli-

123 1807 227 1849 gionis
253 1808 322 1840 zelo
348 1807 523 1850 plurimum
553 1807 582 1839 in
612 1808 748 1841 Domino
782 1819 858 1842 con-

123 1859 194 1900 fisi,
225 1861 374 1893 eumdem
407 1861 560 1894 Ioannem
597 1861 798 1894 Dominicum
825 1863 856 1894 in

124 1917 330 1945 executorem
366 1914 587 1956 praesentium
618 1915 796 1948 litterarum
828 1921 858 1948 et

125 1964 384 1998 commissarium
410 1967 621 2009 apostolicum
646 1968 679 2000 in
712 1968 858 2001 universa

124 2017 292 2060 provincia
303 2017 543 2052 pedemontana
559 2020 742 2053 huiusmodi
758 2031 858 2064 usquc

125 2070 164 2102 ad
195 2070 337 2103 futurum
362 2071 538 2114 capitulum
563 2073 759 2114 provinciale
785 2084 859 2106 nec-

125 2132 191 2155 non
210 2123 241 2155 in
260 2123 497 2166 praesidentem
516 2125 616 2168 ipsius
634 2125 761 2169 capituli
784 2136 860 2169 pro-

124 2174 269 2208 vincialis
301 2186 372 2208 cum
397 2177 502 2219 ampla
528 2177 677 2210 facultate
707 2183 739 2210 et
769 2184 860 2222 pote-

125 2231 207 2260 state
233 2228 352 2260 nedum
379 2228 571 2271 perficiendi
598 2234 630 2262 et
655 2230 860 2264 omnimodae

125 2280 307 2313 executioni
326 2281 541 2314 demandandi
562 2282 669 2315 emnia
687 2288 719 2316 et
735 2283 861 2326 singula

126 2333 158 2366 in
186 2334 265 2377 ipsis
301 2334 418 2367 litteris
450 2335 570 2368 nostris
601 2340 770 2376 contenta,
804 2337 860 2370 sed

125 2386 238 2426 etiam,
265 2392 299 2419 ut
322 2392 394 2430 post
418 2397 526 2420 earum
553 2389 778 2422 executionem
812 2400 861 2423 re-

125 2439 246 2482 gularis
270 2439 442 2483 disciplina
463 2439 551 2473 iuxta
569 2441 769 2484 supradictas
786 2452 862 2475 eon-

125 2492 310 2526 stitutiones
336 2503 370 2525 re
388 2492 456 2535 ipsa
474 2493 653 2533 inducatur,
673 2494 862 2528 observetur

126 2556 162 2578 ac
186 2544 307 2578 [inuitis
345 2546 550 2586 stabiliatur,
582 2547 737 2580 adversus
761 2548 862 2581 delin-

126 2604 260 2643 quentes
279 2598 473 2642 inquirendi,
496 2600 644 2642 querelas
662 2606 694 2634 et
714 2610 862 2636 recursus

899 274 1073 315 audiendi,
1101 284 1317 318 quascumque
1351 274 1553 318 provisiones
1579 285 1635 318 op-

900 332 1055 369 portunas
1081 327 1240 370 capiendi,
1266 328 1383 360 abusus
1410 327 1554 366 tollendi,
1577 327 1637 359 sra-

902 385 964 412 tres
991 380 1021 412 in
1049 380 1261 412 conventibus
1294 380 1525 419 constituendi,
1550 379 1635 423 prio-

900 442 951 464 res
977 432 1141 472 mutandi,
1168 433 1294 475 aliaque
1329 433 1361 465 iu
1395 432 1580 476 praemissis
1606 436 1638 464 ct

901 485 983 517 circa
1008 495 1043 517 ea
1066 486 1296 528 quoquomodo
1315 486 1498 518 necessaria
1523 490 1555 518 et
1579 495 1638 527 op-

901 542 1037 579 portuna
1057 538 1203 578 faciendi,
1222 538 1369 581 gerendi,
1388 538 1530 578 dicendi,
1551 548 1637 570 man-

901 591 1007 630 dandi,
1033 591 1215 631 ordinandi,
1243 601 1278 623 ae
1303 591 1415 624 itidem
1441 591 1634 633 exequendi,

901 648 995 686 atque
1022 644 1061 676 ad
1092 644 1179 677 liunc
1215 643 1362 677 effectum
1403 643 1635 677 cancellarium

901 695 1045 738 aliosque
1071 696 1234 729 ministros
1260 697 1321 729 sibi
1347 696 1520 729 benevisos
1546 707 1636 728 assu-

901 748 1021 787 mendi,
1048 754 1147 791 prout
1172 759 1301 792 quoque
1319 754 1432 782 contra
1450 748 1635 781 inobedien-

903 806 948 833 tes
975 801 1054 834 iuris
1080 808 1111 834 et
1145 802 1217 834 sacti
1251 802 1403 835 remediis
1441 801 1478 834 ad
1516 811 1637 844 poenas

903 859 963 887 tarn
990 857 1176 898 corporales
1201 866 1295 898 quam
1328 856 1514 898 spirituales
1551 865 1636 887 sum-

901 908 1012 947 marie,
1041 908 1079 940 de
1106 909 1213 951 plano,
1234 909 1301 941 sine
1321 908 1457 950 strepitu
1485 913 1516 940 et
1536 906 1638 949 figura

901 960 1022 999 iudicii,
1049 971 1249 1004 (puteumque
1284 961 1504 1004 appellatione
1531 965 1562 992 et
1589 970 1638 992 re-

901 1024 994 1046 cursu
1023 1014 1172 1052 sublatis,
1198 1014 1414 1057 procedendi,
1443 1013 1637 1046 auctoritate

901 1067 1055 1109 praefata,
1083 1072 1196 1100 tenore
1218 1067 1448 1110 praesentium,
1470 1066 1637 1099 constitui<

901 1129 981 1159 mus,
1007 1120 1169 1153 sancimus
1196 1130 1231 1152 ae
1258 1121 1463 1163 deputamus.
1489 1119 1637 1152 Mandan-

903 1178 948 1205 tes
964 1178 1137 1215 propterea
1155 1173 1305 1205 omnibus
1328 1178 1360 1205 et
1377 1173 1516 1215 singulis
1535 1172 1637 1204 dictae

902 1225 1085 1267 provinciae
1103 1225 1336 1268 superioribus,
1357 1226 1506 1257 fratribus
1521 1231 1552 1257 et
1570 1235 1637 1267 pet¹⁴

902 1278 1006 1318 sonis,
1044 1278 1182 1321 aliisque
1219 1278 1258 1310 ad
1295 1289 1376 1320 quos
1414 1283 1553 1321 spectat,
1587 1284 1636 1317 ut,

902 1332 1008 1374 ipsum
1034 1331 1188 1364 loannem
1214 1331 1418 1364 Dominicum
1455 1332 1486 1363 in
1524 1341 1639 1364 execu-

903 1389 1013 1423 torem,
1056 1383 1315 1416 commissarium
1352 1384 1567 1427 apostolicum
1605 1383 1637 1415 in

902 1436 1012 1469 eadem
1031 1437 1207 1479 provincia,
1228 1447 1263 1468 ae
1284 1437 1532 1479 praesidentem,
1555 1436 1638 1468 sicut

901 1489 1128 1531 praemittitur,
1155 1500 1172 1522 a
1197 1489 1291 1522 nobis
1317 1489 1522 1532 deputatum,
1548 1499 1637 1521 reve-

902 1548 1009 1575 renter
1034 1542 1249 1584 suscipientes
1283 1547 1314 1574 et
1347 1547 1635 1584 recognoscentes,

903 1596 947 1628 illi
973 1596 1006 1628 in
1032 1595 1182 1628 omnibus
1220 1601 1252 1628 ct
1284 1595 1420 1637 singulis
1456 1594 1638 1638 praemissis

901 1653 1050 1691 prompte
1076 1652 1210 1691 pareant
1236 1653 1267 1680 et
1291 1649 1528 1690 obsequantur,
1554 1647 1638 1680 eius—

902 1711 961 1744 que
987 1701 1131 1734 salubria
1157 1700 1279 1733 monita
1304 1705 1335 1734 et
1360 1701 1512 1733 mandata
1538 1700 1639 1732 humi-

902 1755 976 1787 liter
1001 1754 1181 1797 suscipiant
1205 1759 1237 1787 et
1262 1752 1436 1786 efficaciter
1458 1752 1638 1795 adimplere

901 1813 1088 1851 procurent;
1115 1807 1259 1850 alioquin
1285 1807 1464 1839 sententias
1482 1806 1546 1839 sive
1565 1816 1637 1849 poe·

902 1871 966 1900 nas,
993 1872 1071 1904 quas
1098 1861 1157 1892 rite
1185 1860 1293 1892 tulerit
1318 1859 1350 1892 in
1376 1859 1527 1899 rebelles,
1552 1865 1636 1892 ratas

903 1914 1104 1953 habebimus,
1117 1919 1148 1946 ct
1164 1913 1328 1952 faciemus,
1341 1919 1472 1946 auctore
1487 1912 1637 1951 Domino,

903 1977 1004 2009 usque
1030 1966 1067 1999 ad
1093 1965 1346 1998 satisfactionem
1374 1964 1568 2008 condignam
1593 1965 1636 1997 iu·

901 2019 1097 2052 violabiliter
1122 2018 1299 2051 observari.

947 2073 961 2114 ἓ
987 2071 1019 2104 li.
1046 2071 1115 2104 Non
1142 2071 1356 2111 obstantibus,
1374 2071 1480 2114 quoad
1498 2081 1536 2104 ea
1554 2082 1637 2115 quac

903 2125 1128 2168 praesentibus
1153 2124 1377 2164 adversantur,
1401 2124 1573 2167 praedictis
1590 2124 1638 2157 In-

904 2176 1044 2210 nocentii
1070 2177 1107 2208 xl
1134 2182 1165 2209 et
1189 2176 1362 2210 Clementis
1380 2177 1419 2209 xl
1438 2177 1564 2218 litteris,
1588 2188 1636 2218 ac,

904 2233 1062 2273 quatenus
1095 2240 1176 2272 opus
1213 2229 1272 2269 sit,
1306 2232 1415 2262 nostra
1448 2235 1480 2262 et
1511 2230 1640 2264 Cancel-

904 2282 1001 2315 lariae
1028 2283 1231 2326 Apostolicae
1257 2284 1369 2325 regula
1393 2283 1431 2316 de
1451 2283 1520 2316 iure
1542 2294 1640 2326 quae-

904 2336 966 2369 sito
988 2346 1051 2368 non
1083 2336 1246 2377 tollendo,
1271 2336 1408 2379 aliisque
1433 2337 1639 2379 apostolicis,

904 2400 941 2422 ac
959 2389 990 2421 in
1008 2389 1246 2422 universalibus
1271 2389 1589 2433 provincialibusque
1609 2396 1640 2423 et

904 2441 1112 2485 synodalibus
1138 2442 1285 2475 conciliis
1303 2441 1410 2483 editis,
1430 2443 1638 2484 generalibus

904 2495 952 2527 vel
979 2494 1193 2537 specialibus,
1220 2495 1509 2528 constitutionibus
1534 2500 1566 2528 et
1590 2505 1660 2528 ors

904 2548 1137 2588 dinationibus,
1158 2558 1286 2582 necnon
1304 2549 1524 2592 praefatorum
1549 2548 1640 2583 Ordi-

905 2601 964 2643 nis,
984 2601 1171 2643 provinciae
1191 2607 1222 2636 et.
1248 2607 1484 2643 conventuum,
1504 2602 1639 2646 aliisque

1534 215 1598 249 819
1644 225 1693 252 An.
1711 226 1738 253 c.
1763 227 1829 255 ¹729

1670 2080 1833 2106 Drrngatmiaa.
