2139 3142
5 195 60 224 An.
74 194 103 224 C.
123 196 191 224 ¹729

64 1517 180 1539 Ρῐῐηκιι-ἰω

4 1541 180 1569 congregationis

0 1571 122 1594 praedictae
151 1572 180 1592 iu-

0 1596 87 1618 stitutio.

770 195 963 220 BENEDICTUS
988 195 1044 219 XIII
1069 195 1117 219 PP.

195 254 260 285 sae,
288 244 425 286 collegia
461 249 492 277 et
516 244 713 278 residentiae
747 243 928 288 respective

196 296 328 329 fundata
352 296 498 336 existant,
514 302 545 330 et
561 297 593 330 in
612 308 722 330 eorum
748 297 928 339 respective

195 349 343 382 ecclesiis
374 348 608 392 utplurimum
642 350 756 382 diebus
793 348 929 381 domini-

195 401 240 433 cis
281 400 433 434 similiter
472 412 537 434 non
570 401 753 445 impeditis,
789 401 864 434 dum
896 400 928 432 in

195 452 241 485 eis
255 454 489 486 sanctissimum
511 454 733 487 Eucharistiae
750 462 930 486 sacramen-

195 511 262 539 tum
282 506 431 549 publicae
449 507 649 540 venerationi
668 507 848 550 exponitur,
865 516 929 538 uno

195 568 232 591 ex
256 559 460 602 presbyteris
479 560 680 602 regularibus
703 560 805 592 dictae
823 558 930 592 Socie-

194 610 266 643 tatis
291 611 481 654 praemissa,
507 617 540 643 ut
573 612 767 654 praefertur,
798 621 930 654 reprac-

193 668 353 704 sentante‚
366 664 535 704 edocente,
550 664 730 697 institutum
747 663 928 696 huiusmodi

193 716 233 749 ad
257 716 315 749 Dei
340 716 476 759 gloriam
502 728 538 750 ac
563 717 725 760 publicam
743 717 877 750 salutem
899 721 931 749 et

193 768 398 812 spiritualem
425 769 689 809 consolationem,
716 780 788 802 cum
826 768 930 802 multi-

193 821 271 865 plici
296 822 401 855 fructu
425 822 541 856 exinde
565 823 788 866 proveniente,
811 821 930 864 iugiter

193 880 403 917 exerceatur3
438 887 475 910 ac
510 886 627 919 operae
656 875 795 919 pretium
819 875 868 914 sit,
895 879 930 906 ut

192 927 225 960 in
250 929 444 972 primodicta
473 928 607 962 ecelesia
640 928 828 961 eorumdem
854 927 930 960 side-

193 981 271 1014 lium
297 982 453 1024 primaria
482 980 715 1024 Congregatio,
752 981 811 1013 sub
838 979 929 1013 titulo

193 1044 230 1067 ac
265 1034 527 1068 denominatione
563 1034 728 1077 praefatis,
756 1033 793 1066 ad
820 1033 929 1066 lauda-

192 1087 259 1120 bile
285 1097 397 1120 eorum
423 1087 455 1119 in
481 1087 541 1129 piis
576 1086 728 1129 operibus
760 1091 791 1118 et
815 1085 928 1118 officiis

192 1140 381 1174 huiusmodi
424 1140 563 1172 studium
603 1139 722 1172 nostris
761 1137 928 1171 benefieiis

194 1198 226 1225 et
262 1192 534 1236 indulgentiarum
559 1192 712 1236 praemiis
739 1202 930 1224 conservan-

193 1245 270 1278 dum
297 1250 328 1279 et
352 1245 549 1288 augendum,
577 1244 758 1277 stabiliatur
783 1249 815 1277 et
839 1243 929 1276 insti-

194 1303 325 1331 tuatur:
353 1309 452 1341 quare
477 1309 536 1341 pro
561 1303 653 1341 parte
671 1297 747 1330 dicti
765 1297 929 1330 Michaelis

193 1352 309 1394 Angeli
336 1352 428 1385 nobis
446 1352 506 1384 suit
523 1351 692 1384 humiliter
711 1350 927 1393 supplicatum

193 1410 353 1448 quatenus
379 1405 407 1437 ei
433 1405 466 1437 in
497 1405 684 1448 praemissis
709 1414 852 1437 annuere
890 1404 928 1436 de

191 1457 393 1500 benignitate
420 1458 598 1501 apostolica
619 1458 841 1500 dignaremur.

235 1511 294 1554 §¹⁵3-
310 1510 373 1544 Nos
389 1511 497 1554 igitur,
509 1511 707 1544 salutiferum
722 1521 802 1554 opus
814 1510 926 1542 huius-

191 1563 278 1597 modi
304 1563 479 1606 plurimum
501 1565 532 1596 in
547 1563 681 1596 Domino
697 1563 927 1596 commendan-

192 1620 252 1656 tes,
267 1626 303 1648 ac
316 1615 514 1659 praemissis,
527 1620 684 1658 quantum
700 1616 792 1649 nobis
807 1626 843 1648 ex
862 1616 926 1648 alto

191 1669 386 1709 conceditur,
402 1669 585 1708 consulere,
596 1668 926 1711 'ipsumquelllicbae-

190 1722 253 1754 lem
267 1722 424 1764 Angelum
440 1721 634 1764 specialibus
647 1721 805 1754 favoribus
819 1725 925 1764 etgra-

190 1774 926 1817 tiisprosequivolentes,etaquibusvisexeom-

189 1826 428 1867 municationis,
455 1826 679 1869 suspensionis
697 1831 728 1859 et
745 1826 922 1867 interdicti,

190 1878 325 1921 aliisque
336 1878 567 1912 ecclesiasticis
581 1879 762 1919 sententiis,
776 1880 924 1912 censuris

191 1935 224 1961 et
239 1931 374 1972 poenis,
397 1942 415 1963 a
432 1931 501 1964 iure
521 1933 570 1964 vel
591 1932 629 1964 ab
651 1932 792 1971 homine,
813 1932 924 1975 quavis

192 1982 364 2015 occasione
383 1985 431 2016 vel
452 1985 549 2016 eausa
566 1984 652 2023 latiS,
671 1984 696 2016 si
715 1985 830 2027 quibus
848 1995 926 2027 quo-

190 2035 370 2068 modolibet
386 2035 560 2068 innodatus
579 2036 700 2075 existit,
717 2037 754 2069 ad
777 2036 925 2069 effectum

190 2088 411 2130 praesentium
434 2094 553 2121 tantum
574 2090 853 2132 consequendum,
874 2091 926 2122 lia-

189 2149 261 2172 rum
300 2141 384 2173 serie
423 2141 629 2174 absolventes
674 2147 705 2174 et
740 2142 924 2175 absolutum

189 2192 259 2225 sore
280 2198 463 2235 censentes,
487 2203 613 2227 necnon
632 2194 804 2227 Alexandri
834 2205 925 2237 prae-

189 2244 368 2278 decessoris
408 2246 586 2279 litterarum
620 2247 838 2289 praefatarum
884 2252 926 2279 te-

188 2306 282 2330 nores
301 2299 525 2340 praesentibus
544 2309 603 2342 pro
620 2299 781 2342 expressis
801 2299 924 2332 haben-

188 2355 245 2391 tes,
264 2350 748 2395 huiusmodisupplicationibus
766 2352 922 2392 inclinati,

188 2402 221 2435 in
245 2403 439 2446 primodicta
465 2405 602 2438 ecclesia
634 2415 731 2437 uuam
756 2405 924 2448 utriusque

189 2465 282 2489 sexus
303 2456 561 2490 christifidelium
582 2457 768 2500 primariam
785 2458 924 2500 Congre-

188 2509 351 2552 gationem
376 2509 436 2542 sub
461 2509 663 2543 invocatione
681 2510 802 2543 domini
824 2510 923 2544 nostri

189 2561 260 2596 lesu
278 2561 396 2597 Christi
422 2563 455 2597 in
480 2572 574 2597 cruce
593 2563 775 2597 moribundi
794 2573 829 2597 ae
847 2563 922 2599 bea-

972 243 1110 276 tissimae
1135 242 1273 286 Virginis
1297 242 1412 276 Mariae
1438 243 1506 276 eius
1539 243 1705 285 genitricis

972 296 1161 336 dolorosae,
1201 297 1295 339 vulgo
1334 296 1420 329 cletta
1455 296 1571 329 Buona
1607 296 1707 328 Morlc

972 355 1203 392 nuncupatam,
1245 360 1327 392 <litae
1361 360 1419 392 per
1450 350 1627 392 praefatum
1653 350 1708 382 Mi-

972 402 1118 435 cliaelem
1146 402 1302 444 Angelum
1338 407 1369 435 et
1403 413 1461 445 pro
1488 408 1630 445 tempore
1657 413 1709 434 ex-

973 454 1120 487 istentem
1143 454 1361 497 praepositum
1390 456 1572 497 generalem
1605 455 1707 487 dictae

972 505 1149 545 Societatis,
1169 516 1238 546 seu,
1253 506 1307 539 illo
1326 507 1489 546 defuncto,
1508 508 1610 539 donec
1628 507 1707 539 alius

973 558 1010 589 ad
1036 558 1175 590 osticium
1202 558 1378 601 praepositi
1406 559 1566 601 generalis
1592 559 1706 591 huius-

973 611 1058 643 modi
1084 611 1237 643 canonice
1263 616 1455 651 assumatur,
1481 621 1539 654 per
1554 611 1706 643 vicarium

973 664 1068 696 etiam
1090 666 1275 706 generalem
1300 665 1446 698 eiusdem
1473 664 1639 697 Societatis
1661 665 1708 697 di-

972 716 1031 758 rigi
1059 717 1184 753 debeat.
1217 717 1395 760 apostolica
1428 717 1637 756 auctoritate,
1663 723 1708 750 te-

972 780 1049 802 nore
1074 770 1308 812 praesentium,
1322 776 1491 814 perpetuo,
1506 770 1574 803 sine
1601 776 1706 802 tamen

974 821 1073 864 ipsius
1098 822 1267 856 Societatis
1294 823 1493 866 praeiudicio
1510 850 1517 864 ,
1556 823 1707 866 erigimus

973 878 1005 906 et
1030 874 1240 908 instituimus.

1016 927 1031 969 ἓ
1055 927 1086 960 4.
1116 928 1156 960 Ut
1181 932 1289 961 autem
1313 928 1469 971 primaria
1493 929 1706 972 Congregatio

973 977 1157 1013 huiusmodi
1183 991 1242 1023 pro
1268 981 1444 1023 gratiarum
1471 987 1502 1014 et
1534 992 1751 1014 numerumn-1·

972 1033 1163 1065 caelestium
1190 1033 1361 1075 largitione
1380 1034 1560 1067 devotionis
1586 1045 1621 1067 ac
1642 1034 1752 1078 pie-m
1768 1050 1788 1063 a·

974 1086 1045 1118 tatis
1070 1086 1191 1129 iugiter
1226 1086 1375 1128 proficiat
1407 1087 1630 1127 incrementis,
1668 1087 1706 1119 dc

972 1138 1201 1180 omnipotentis
1226 1138 1280 1171 Dei
1318 1139 1538 1173 misericordia
1571 1150 1606 1172 ac
1631 1141 1707 1173 bea-

974 1195 1077 1223 torum
1103 1191 1187 1224 Petri
1212 1196 1244 1223 et
1269 1191 1356 1224 Pauli
1389 1193 1610 1235 apostolorum
1636 1193 1705 1225 eius

973 1244 1163 1277 auctoritate
1189 1244 1319 1284 confisi,
1344 1244 1493 1277 omnibus
1519 1251 1550 1278 ct
1568 1245 1706 1288 singulis

972 1297 1141 1339 utriusque
1182 1307 1274 1330 sexus
1316 1297 1585 1330 christifidelibus
1630 1309 1705 1331 vere

972 1349 1210 1392 poenitentibus
1228 1355 1260 1382 et
1276 1350 1444 1391 confessis,
1471 1351 1525 1393 qui
1551 1351 1704 1394 deinceps

973 1402 1004 1434 in
1030 1403 1157 1436 sodales
1185 1403 1331 1435 eiusdem
1366 1403 1539 1446 primariae
1565 1404 1705 1447 Congre—

972 1455 1111 1498 gationis
1134 1455 1345 1498 recipientur,
1371 1456 1422 1488 die
1447 1454 1550 1499 prima
1576 1457 1706 1490 illorum

970 1509 1167 1552 receptionis
1194 1508 1396 1549 huiusmodi,
1421 1509 1446 1541 si
1471 1510 1705 1542 sanctissimum

970 1561 1192 1594 Eucharistiae
1218 1567 1454 1595 sacramentum
1487 1562 1518 1594 in
1550 1563 1706 1606 primodi-

970 1616 1019 1647 cta
1043 1615 1188 1654 ecclesia,
1214 1620 1267 1648 aut
1291 1615 1487 1658 ubicumque
1524 1616 1703 1658 potuerint,

970 1679 1005 1700 ac
1031 1668 1061 1700 in
1087 1668 1198 1700 mortis
1233 1667 1368 1701 articulo
1400 1678 1437 1700 eo
1474 1668 1524 1701 die
1549 1679 1705 1711 sumpse—

970 1722 1051 1761 rint;
1078 1732 1114 1754 ac
1135 1721 1214 1763 ipsis
1232 1726 1262 1754 et
1291 1731 1348 1763 pro
1383 1726 1529 1763 tempore
1566 1721 1705 1754 existen-

971 1774 1054 1806 tibus
1081 1773 1184 1806 dictae
1224 1773 1397 1815 primariae
1437 1774 1703 1816 Congrcgationis

969 1826 1135 1859 sodalibus
1160 1826 1298 1858 ubilibet
1323 1826 1525 1868 degentibus,
1552 1826 1703 1859 similiter

969 1890 1042 1912 vere
1067 1879 1311 1922 poenitentibus
1328 1883 1359 1911 et
1376 1879 1530 1912 confessis
1556 1890 1590 1911 ac
1616 1882 1705 1911 sacra

969 1931 1206 1971 communione,
1235 1931 1260 1962 si
1286 1931 1318 1963 id
1348 1931 1515 1964 commode
1546 1931 1614 1964 {ieri
1648 1942 1704 1974 po-

969 1985 1055 2025 terit,
1082 1984 1222 2023 resectis,
1250 1984 1299 2016 vel
1336 1985 1450 2016 saltem
1489 1985 1645 2023 contritis,
1673 1985 1703 2016 iu

969 2048 1080 2070 eorum
1107 2038 1217 2070 mortis
1236 2037 1370 2070 articulo
1392 2037 1478 2080 pium
1497 2049 1616 2071 nomen
1635 2038 1703 2070 Iesu

968 2091 1077 2131 corde,
1104 2091 1129 2123 si
1155 2100 1210 2124 ore
1235 2090 1446 2133 nequiverint,
1474 2092 1587 2124 devote
1614 2091 1704 2124 iuvo-

969 2144 1129 2184 cantibus,
1163 2148 1216 2175 aut
1250 2143 1380 2186 aliquod
1419 2144 1637 2186 poenitentiae
1662 2144 1704 2176 si-

969 2206 1066 2238 gnum
1094 2196 1295 2236 facientibus,
1312 2196 1577 2238 insupereisdcm
1589 2197 1704 2229 sodali·

968 2250 1027 2281 bus
1041 2249 1092 2292 qui
1109 2249 1203 2281 etiam
1221 2259 1293 2281 vere
1308 2249 1702 2292 poenitentesetconfessi

968 2303 1070 2334 semel
1097 2301 1242 2344 quolibet
1266 2312 1377 2334 mense
1410 2301 1441 2334 in
1468 2304 1530 2334 una
1549 2313 1585 2335 ex
1601 2302 1702 2335 sextis

969 2354 1055 2387 feriis
1082 2354 1318 2394 hebdomadae,
1344 2365 1402 2387 seu
1428 2355 1459 2386 in
1486 2356 1550 2387 una
1575 2366 1611 2387 ex
1638 2355 1704 2387 die-

966 2407 1028 2439 bus
1066 2406 1234 2439 dominicis
1270 2406 1444 2439 cuiuslibet
1483 2406 1604 2439 mensis
1645 2418 1705 2450 per

968 2469 1022 2491 eos
1047 2459 1086 2491 ad
1107 2459 1154 2491 sui
1180 2459 1310 2491 libitum
1338 2459 1516 2502 respective
1543 2459 1702 2502 eligenda,

967 2511 1228 2555 proutexpositio
1242 2511 1293 2544 SS.
1309 2511 1507 2545 Sacramenti
1522 2523 1658 2555 vespere
1671 2513 1704 2545 in

967 2564 1112 2609 qualibet
1136 2575 1172 2597 ex
1189 2564 1281 2598 dictis
1298 2565 1393 2598 sextis
1413 2565 1499 2598 seriis
1517 2576 1573 2598 seu
1589 2566 1702 2599 diebus

1603 185 1666 219 8413
1713 196 1763 221 An.
1786 196 1812 222 c.
1834 196 1899 223 1720

1745 937 1857 957 Cant-wie
1873 938 1901 957 iu·

1718 1017 1802 1036 italum

1719 965 1839 987 unigenum-
1856 965 1902 989 plu-

1752 997 1790 1010 *tim
1814 997 1851 1016 pru
1867 997 1901 1010 ,³0-

1827 1024 1846 1037 In

1872 1024 1901 1037 lu·
