2170 3147
246 224 293 249 An.
312 223 340 250 C.
366 224 430 250 1728
478 216 543 247 13:3⁶.)

439 284 551 306 omnes
571 279 599 306 ct
620 273 765 315 singulas
782 273 910 305 Ordinis
934 273 1091 315 praedicti
1110 283 1184 316 pro-

439 327 559 359 vincias
585 333 616 359 ct
641 326 917 369 congregationes
943 326 1021 359 dicti
1040 326 1183 366 Ordinis,

441 380 638 423 ubicumque
664 385 695 412 et
721 379 752 412 in
780 379 1043 423 quibuscumque
1080 380 1184 413 domi-

440 433 501 465 niis
537 433 736 472 existentes,
777 433 958 476 apostolica
992 432 1183 466 auctoritate

439 486 619 529 praedicta,
641 492 755 519 tenore
770 487 1007 530 praesentium,
1022 492 1184 530 perpetuo

439 540 644 572 extendimus
672 545 706 573 et
723 540 929 583 ampliamus.

483 594 497 633 ,ξ
522 592 553 625 4.
574 592 725 636 lnsuper,
743 593 966 633 attendentes,
985 593 1072 636 quod
1093 593 1181 633 alias,

393 640 469 679 ‘'‘Iet
496 656 598 690 usquc
626 646 665 679 dc
692 656 778 679 anno
805 646 932 680 Domini
958 656 1144 687 mmmmm,
1167 657 1183 679 a

256 737 259 738 ⁷
406 690 696 742 {Congregatione
736 699 767 733 S.
810 700 847 732 R.
890 699 924 732 E.
965 700 1181 734 cardinalium

243 737 586 795 L'?'¹¹„;.¹1?21m;.31negociis
619 758 650 786 et
686 752 983 787 consultationibus
1009 753 1182 796 episcopo-

243 790 509 840 5:2251‘3221ss''‘'}1-ssrum
547 811 579 838 et
616 806 818 849 regularium
854 806 1062 849 praeposita,
1087 812 1118 839 et
1143 806 1182 839 de

243 844 318 862 mm*
437 858 591 891 mandato
618 859 691 902 piae
728 859 905 892 memoriae
937 858 1016 892 Sixti
1042 859 1064 891 Y
1089 869 1181 902 prae-

438 910 620 944 decessoris
645 912 771 952 nostri‚
798 913 960 945 emanavit
992 913 1180 952 decretum,

437 975 502 1007 quo
529 975 678 998 recursus
704 965 771 998 sive
793 966 1027 1009 appellationis
1059 966 1140 999 ordo
1166 978 1182 998 a

438 1018 589 1051 iratribus
616 1018 692 1051 dieti
726 1018 855 1052 Ordinis
881 1018 1062 1052 servandus
1091 1030 1181 1062 prae-

437 1071 612 1112 scribitur,
646 1073 799 1105 videlicet
831 1083 846 1105 a
883 1073 1058 1116 superiore
1084 1073 1179 1105 locali

436 1125 475 1158 ad
501 1125 748 1168 provincialem,
774 1137 790 1158 a
817 1126 1009 1168 provinciali
1036 1126 1074 1158 ad
1094 1126 1181 1168 prio-

437 1189 506 1211 rem
531 1180 740 1221 generalem,
775 1191 792 1212 a
823 1179 933 1222 priore
969 1180 1115 1222 generali
1141 1180 1179 1212 ad

435 1232 551 1265 Sedem
577 1233 797 1275 Apostolicam
826 1233 1002 1273 faciendus,
1029 1239 1130 1276 prout
1150 1233 1180 1265 in

436 1286 520 1320 dicto
547 1286 677 1320 decreto
703 1286 835 1329 plenius
867 1287 1077 1319 continetur:
1105 1297 1179 1327 nos,

435 1339 514 1373 illud
543 1346 654 1372 tenore
672 1339 892 1382 praesentium
914 1340 1106 1373 auctoritate
1125 1350 1179 1373 no-

435 1395 503 1427 stra
527 1393 772 1436 approbantes,
798 1403 927 1426 necnon
960 1393 1085 1426 litteras
1111 1392 1180 1426 Cle-

435 1447 554 1480 mentis
581 1446 643 1478 Vlll
676 1446 944 1489 praedecessoris
975 1446 1078 1479 nostri
1105 1446 1181 1479 inci—

435 1499 563 1543 pientes
576 1498 689 1532 Nostri
709 1498 886 1542 pastoralis
909 1499 1049 1542 desuper
1067 1499 1178 1539 editas,

435 1564 508 1587 cum
534 1553 688 1587 omnibus
707 1559 739 1586 et
754 1553 891 1596 singulis
912 1553 1026 1597 poenis
1044 1553 1076 1586 in
1096 1554 1180 1586 eius-

435 1608 508 1640 dem
544 1606 720 1640 Clementis
760 1606 822 1639 Vlll
848 1606 967 1640 litteris
1004 1608 1179 1647 contentis,

435 1660 640 1699 innovantes,
661 1660 918 1703 appellationem
938 1660 1136 1703 praedictam
1163 1672 1179 1693 a

434 1714 607 1757 superiore
633 1712 728 1746 locali
755 1713 793 1746 ad
827 1713 970 1756 priorem
997 1713 1180 1757 provincia-

434 1768 520 1807 lem,
546 1778 564 1800 a
589 1766 698 1810 priore
731 1767 925 1810 provinciali
962 1767 1002 1800 ad
1034 1768 1177 1811 priorem

434 1821 634 1864 generalem,
660 1831 678 1853 a
703 1820 813 1863 priore
837 1821 981 1864 generali
1004 1821 1042 1853 ad
1061 1820 1176 1853 S.R.E.

434 1874 650 1908 cardinalium
691 1874 969 1917 Congregationes
1012 1880 1043 1907 et
1081 1874 1179 1907 tribu-

434 1927 522 1960 nalia
558 1927 653 1960 Urbis
690 1927 856 1971 interponi
891 1928 1111 1972 praecipimus
1148 1934 1179 1961 ct

435 1981 640 2013 mandamus.

259 2039 425 2086 '‘³‘'J'-'''³¹'¹>f,¹'.fss.{
479 2034 548 2077 ἐξ).
573 2034 653 2072 Quia
684 2040 791 2068 tamen
824 2035 942 2068 Paulus
977 2035 1061 2078 Papa
1094 2036 1115 2066 Y
1147 2036 1178 2068 in

362 2087 499 2120 i¹¹1³·›suis
519 2088 636 2121 litteris
655 2088 889 2131 incipientibus
912 2089 1108 2133 Expositum
1129 2099 1179 2122 uo-

239 2099 282 2112 rjtdi
301 2100 304 2108 ¹

239 2120 424 2192 [ξ’ζῑιὲῖῗῖπζιῖἶῗυ
435 2141 483 2173 bis
508 2151 612 2184 nuper
631 2141 714 2184 fait,
740 2141 790 2174 die
811 2153 861 2176 xvl
887 2142 1052 2183 februarii,
1077 2143 1179 2186 pontiv

239 2187 423 2246 'Sit-'1³22dttll'?
434 2194 546 2228 sicatus
571 2195 618 2228 sui
646 2205 731 2228 anno
767 2205 809 2236 u,
845 2196 957 2229 statuit
988 2202 1102 2229 contra
1128 2208 1179 2229 re-

239 2252 305 2271 outa.
434 2253 538 2280 ctores
554 2248 792 2290 parochialium
808 2249 1017 2282 ecelesiarum
1032 2250 1063 2282 in
1079 2250 1177 2283 indiis

435 2299 708 2341 Occidentalibus‚
729 2312 770 2334 ne
788 2301 851 2345 ipsi
877 2302 917 2335 ab
935 2301 983 2343 iis,
1001 2303 1055 2346 qui
1079 2303 1110 2336 in
1128 2313 1178 2336 ec-

435 2353 545 2386 elesiis
560 2359 592 2386 et
606 2354 757 2388 domibus
770 2355 900 2389 Ordinis
919 2357 1077 2400 praedicti
1089 2368 1179 2401 sepe-

437 2406 571 2446 liuntur,
593 2407 747 2440 maiorem
778 2408 909 2450 exigant
937 2410 1176 2453 eleemosynam

436 2458 545 2501 quam·
569 2469 650 2502 quae
671 2470 687 2491 a
708 2460 852 2494 Concilio
871 2461 1063 2496 Tridentino
1083 2474 1179 2507 prae-

437 2511 589 2544 scribitur
603 2518 633 2544 et
652 2523 668 2544 a
681 2512 735 2546 rio
750 2513 785 2546 lv
796 2515 1051 2557 praedecessore
1064 2522 1177 2550 nostro

437 2564 634 2607 explicatur:
651 2574 707 2597 nos
729 2565 854 2600 litteras
871 2568 1029 2611 praedicti
1048 2569 1136 2603 Pauli
1157 2571 1176 2603 t'

474 2627 483 2652 1
510 2625 606 2652 vocem
628 2634 715 2660 quum
738 2634 785 2654 nos
807 2628 933 2656 addimus
952 2633 991 2664 (tt.
1009 2633 1058 2663 Τ,).

1022 225 1199 249 sst'LLAnIt'M
1227 225 1380 249 ROMANUM

1973 230 2026 256 Aa.
2043 231 2071 256 C.
2094 232 2158 262 1728

1230 274 1496 316 praedecessoris
1533 276 1570 308 ad
1608 286 1720 309 omnes
1759 277 1972 319 eusingulas

1230 327 1306 360 dicti
1342 327 1470 361 Ordinis
1508 329 1692 372 provincias
1729 337 1760 363 et
1794 341 1973 374 congrega·

1231 380 1345 421 tiones,
1372 392 1552 425 eorumque
1585 383 1767 426 respective
1798 388 1973 416 conventus

1229 439 1261 466 et
1295 433 1434 473 domos,
1474 445 1546 467 cum
1583 434 1734 468 omnibus
1767 441 1799 468 et
1834 435 1973 478 singulis

1229 486 1343 529 poenis
1386 486 1467 519 inibi
1508 488 1669 521 contentis
1710 492 1740 521 et
1780 489 1943 532 expressis
1965 516 1972 529 ,

1229 540 1447 583 omnibusque
1488 547 1516 574 et
1562 541 1700 584 singulis
1744 542 1898 575 clausulis
1939 547 1972 576 ct

1230 593 1367 626 decretis
1402 604 1439 627 ac
1463 594 1734 637 derogationibus
1766 595 1799 627 in
1832 595 1879 628 eis
1906 606 1972 628 me-

1229 646 1381 687 moratis,
1414 647 1552 691 perinde
1586 658 1622 680 ac
1654 647 1678 679 si
1705 647 1745 680 ad
1771 647 1915 681 oninium
1941 653 1973 681 et

1229 699 1429 742 singularum
1455 699 1694 743 provinciarum
1728 705 1759 733 et
1794 711 1973 744 congrega-

1231 752 1354 785 tionum
1370 779 1377 793 ,
1414 758 1631 786 conventuum
1657 758 1688 786 et
1713 753 1869 786 domuum
1895 754 1971 787 dieti

1227 804 1356 839 Ordinis
1381 806 1542 846 savorem„
1569 817 1747 851 earumque
1766 807 1883 839 intuitu
1900 817 1972 850 pro-

1228 858 1363 891 diissent
1379 885 1386 898 ,
1416 859 1501 892 dicta
1527 860 1716 893 auctoritate
1751 861 1860 893 nostra
1885 860 1973 892 simi-

1228 911 1301 944 liter
1319 918 1479 955 perpetuo
1498 913 1703 946 extendimus
1721 918 1753 946 et
1766 913 1970 956 ampliamus.

1271 965 1338 1007 {ol
1364 966 1442 998 Cum
1479 971 1586 998 atitem
1618 965 1803 999 Bonit'acius
1836 965 1897 998 Vlll
1938 965 1970 998 in
2012 978 2159 1000 eoum-manum

1227 1019 1292 1050 suis
1316 1019 1408 1051 Inter
1427 1019 1669 1053 sollicitudines
1702 1023 1848 1060 nostras,
1875 1005 2159 1061 {nno-{iilssfflfflzofiffil

1226 1072 1354 1104 centius
1392 1072 1428 1104 lv
1464 1072 1496 1105 in
1531 1073 1598 1105 suis
1633 1072 1835 1115 Religffiosam
1873 1058 2160 1112 vitantissilffl‘ssssnffiss'-

1226 1125 1434 1167 eliyentibus,
1462 1125 1567 1158 Sixtus
1593 1125 1627 1158 tv
1654 1125 1685 1158 in
1711 1125 1778 1158 suis
1800 1125 1886 1157 Dum
1903 1114 2160 1168 fv=2t-il‚⁰.‡l¹⁸e²t¹'}?{⁰g¹11¹i23

1226 1182 1294 1210 ctus
1333 1179 1444 1211 uberes
1480 1179 1714 1222 incipientibus
1745 1179 1883 1219 litteris,
1910 1170 2159 1222 perfslffldatssfifa'i‘t'!

1226 1241 1284 1264 nos
1313 1237 1425 1265 tenore
1458 1232 1677 1276 praesentium
1711 1231 1914 1265 confirmatis
1939 1220 2159 1267 etiffiissimixiwcaaiissl

1225 1285 1427 1329 approbatis,
1454 1287 1655 1329 sepulturam
1680 1287 1820 1319 liberam
1841 1286 1874 1319 in
1893 1272 2149 1320 dictissffff¹¹030³rffi⁰0¹⁸

1224 1338 1354 1371 Ordinis
1391 1339 1539 1372 ecclesiis
1576 1338 1729 1372 omnibus
1766 1344 1798 1373 et
1832 1327 2076 1383 singulissm'n'm'

1224 1392 1509 1433 christifidelibus,
1536 1393 1711 1426 dummodo
1744 1393 1969 1426 excommuni-

1224 1445 1286 1479 cati
1313 1447 1363 1480 vel
1390 1446 1552 1479 interdicti
1579 1452 1634 1479 aut
1651 1447 1791 1480 usurarii
1810 1457 1874 1480 non
1892 1446 1967 1488 sint,

1223 1499 1355 1543 sepeliri
1374 1499 1557 1533 volentibus
1572 1505 1816 1540 concesserunt,
1834 1510 1870 1533 ac
1887 1499 1966 1534 alias

1224 1553 1339 1593 etiam,
1358 1553 1397 1585 ab
1419 1563 1505 1586 anno
1532 1552 1658 1586 Domini
1684 1562 1835 1594 MDCLXIV,
1853 1564 1870 1586 a
1887 1552 1968 1587 Con-

1223 1607 1414 1650 gregatione
1439 1607 1586 1650 negociis
1618 1613 1650 1640 et
1674 1607 1968 1641 consultationibus

1223 1660 1454 1704 episcoporum
1489 1667 1520 1694 et
1543 1660 1741 1703 regularium
1766 1661 1966 1705 praeposita,

1223 1715 1255 1747 in
1281 1714 1482 1757 quaestionis
1503 1714 1637 1748 materia
1660 1720 1734 1747 tunc
1749 1714 1834 1748 inter
1854 1715 1967 1748 fratres

1223 1773 1401 1801 conventus
1428 1768 1529 1801 sancti
1556 1767 1727 1810 Augustini
1746 1768 1891 1802 eiusdem
1910 1768 1967 1802 Or·

1223 1821 1306 1854 dinis
1333 1827 1439 1854 terrae
1466 1821 1571 1854 Plebis
1596 1821 1852 1864 Albinganensis
1877 1822 1966 1856 dioe-

1223 1876 1314 1916 cesis,
1335 1886 1371 1908 ex
1392 1878 1465 1916 una,
1486 1881 1518 1908 et
1536 1876 1684 1909 ciusdem
1708 1881 1812 1909 terrae
1829 1877 1966 1916 clerum,

1224 1940 1260 1963 cx
1276 1931 1377 1963 altera
1392 1929 1551 1972 partibus,
1566 1934 1727 1970 vertente,
1740 1929 1845 1963 dietae
1860 1934 1965 1963 terrae

1223 1988 1400 2016 conventus
1426 1987 1457 2015 et
1483 1983 1618 2015 fratrum
1645 1982 1836 2016 eorumdem
1857 1983 1965 2017 favore

1223 2036 1342 2080 prodiit
1359 2037 1541 2070 decretum:
1555 2046 1623 2076 nos,
1638 2036 1763 2070 liberae
1776 2037 1965 2080 sepulturae

1224 2089 1410 2123 huiusmodi
1436 2089 1635 2132 eligentibus
1658 2090 1916 2131 concessionem,
1932 2101 1964 2124 o-

1224 2153 1383 2187 mnesque
1394 2148 1428 2176 et
1445 2143 1588 2187 singulas
1602 2143 1891 2186 praedecessorum
1906 2154 1965 2178 no-

1223 2203 1365 2230 strorum
1380 2196 1505 2230 litteras
1521 2196 1640 2237 denuo,
1657 2207 1755 2240 super
1775 2197 1909 2231 decreto
1931 2203 1965 2230 ut

1223 2250 1407 2295 praefertur
1421 2249 1532 2290 edito⁴‚
1544 2260 1631 2283 nunc
1645 2260 1704 2293 per
1715 2256 1905 2294 praesentes
1918 2262 1965 2285 re-

1223 2304 1366 2347 spective
1392 2303 1629 2347 approbamus,
1656 2301 1710 2336 et²
1733 2304 1856 2347 pariter
1873 2304 1913 2338 ad
1930 2315 1964 2338 o-

1223 2367 1315 2390 mnes
1335 2362 1366 2390 et
1378 2356 1546 2389 universas
1560 2355 1636 2388 dicti
1651 2356 1763 2389 Ordini
1779 2357 1962 2400 provincias

1223 2417 1254 2445 et
1271 2410 1559 2453 congregationes,
1579 2420 1758 2453 earumque
1776 2416 1961 2451 conventus,

1223 2469 1253 2497 et
1285 2463 1425 2506 singulis
1451 2473 1563 2496 eorum
1590 2468 1621 2496 et
1647 2473 1760 2496 eorum
1796 2463 1963 2497 ecclesiis³

1259 2544 1267 2568 1
1289 2543 1397 2570 Potius:
1417 2544 1537 2578 insuper
1551 2543 1960 2578 decretum...ectitum(a.r.).

1255 2588 1271 2613 2
1291 2587 1433 2614 Coniunct.
1455 2590 1482 2615 et
1502 2595 1552 2614 nos
1567 2587 1694 2615 addimus
1707 2589 1745 2621 (n.
1762 2589 1811 2621 12).

1254 2632 1270 2658 3
1281 2631 1375 2659 Potius
1386 2635 1412 2660 et
1423 2632 1555 2667 siaeiyulas
1566 2639 1712 2661 earum...
1726 2632 1961 2668 ecetesz'as(n.r.).
