2170 3147
32 214 81 239 An.
102 211 130 237 C.
149 211 215 238 ¹7:25

100 272 214 297 Darogauo

31 300 191 319 contrariorum.

799 211 991 234 EBNED1CTus

268 260 283 303 g
307 258 338 292 8.
365 258 433 291 Non
460 258 676 297 obstantibus,
700 263 857 300 quatenus
883 268 964 300 opus

225 312 285 351 sit,
314 313 420 344 nostra
447 316 477 344 et
502 310 719 344 Cancellariae
758 310 963 354 Apostolicac

226 365 337 406 regula
363 364 401 396 de
428 363 495 396 iure
522 363 668 406 quaesito
696 373 759 394 non
794 363 936 395 tollendo
955 389 962 402 ,

225 415 363 459 aliisque
402 415 432 447 in
469 414 667 448 contrarium
712 414 963 458 praemissorum

225 468 474 513 quomodolibet
500 468 596 502 editis
626 467 674 500 vel
702 467 835 500 edendis
867 467 963 499 etiam

225 522 257 555 in
284 521 510 565 synodalibus,
537 520 809 563 provincialibus,
837 520 963 551 univer-

225 574 412 618 salibusque
437 573 592 614 conciliis,
612 572 805 616 specialibus
834 573 882 605 vel
913 583 964 615 ge-

225 627 415 668 neralibus,
444 627 577 669 aliisque
611 624 901 658 constitutionibus
934 630 965 657 et

225 680 489 714 ordinationibus
525 679 737 723 apostolicis,
768 689 802 711 ac
836 678 964 721 praedi-

225 738 346 765 ctarum
373 732 605 771 ecclesiarum,
632 733 726 764 etiam
753 731 961 770 iuramento,

226 785 471 818 confirmatione
498 784 685 827 apostolica,
704 785 753 816 vel
780 783 890 826 quavis
912 782 964 815 fir-

225 838 336 871 mitate
358 838 420 870 alia
438 837 607 875 roboratis,
630 836 769 876 statutis,
786 846 963 879 eorumque

226 889 511 923 reformationibus
536 895 567 922 et
592 889 683 922 noris
720 888 963 929 additionibus,

225 941 324 986 stylis,
351 942 464 974 usibus
491 947 522 974 et
547 940 851 980 consuetudinibus,
870 941 963 974 etiam

225 994 548 1034 immemorabilibus,
564 993 744 1038 privilegiis
759 1004 901 1037 quoque,
920 994 965 1026 in-

226 1047 322 1080 dultis
349 1052 380 1080 et
404 1047 521 1080 litteris
547 1046 740 1090 apostolicis,
760 1046 823 1079 illis
841 1057 964 1079 earum-

226 1110 289 1144 que
315 1099 539 1143 superioribus
567 1104 599 1131 et
628 1099 777 1142 personis
813 1110 849 1132 ac
885 1099 963 1132 locis

227 1153 484 1197 quibuscumque
502 1179 509 1192 ‚
537 1152 634 1185 etiam
662 1151 811 1195 specifica
837 1157 867 1184 et
904 1163 961 1185 cx-

227 1207 338 1249 pressa
378 1216 413 1238 ac
451 1204 615 1237 individua
642 1205 806 1237 mentione
833 1205 962 1248 dignis,

226 1259 286 1292 sub
312 1259 569 1303 quibuscumque
597 1259 763 1291 tenoribus
790 1264 821 1291 et
842 1258 963 1299 formis,

227 1317 258 1345 ct
283 1323 353 1345 curn
379 1311 544 1355 quibusvis
567 1311 662 1344 etiam
685 1311 962 1354 derogatoriarum

227 1365 462 1408 derogatoriis,
491 1364 627 1408 aliisque
654 1364 903 1404 efficacioribus,
920 1365 964 1398 ef-

227 1417 423 1451 ficacissimis
449 1423 481 1450 et
506 1417 645 1450 insolitis
679 1417 831 1450 clausulis
850 1444 857 1457 ,
892 1418 962 1450 irri-

228 1471 437 1514 tantibusque
464 1475 495 1503 et
521 1470 591 1503 aliis
618 1470 764 1510 decretis,
788 1471 820 1503 in
847 1481 964 1513 genere

228 1524 277 1557 vel
303 1523 334 1556 in
361 1523 482 1567 specie,
509 1524 604 1556 etiam
631 1530 718 1556 motu
745 1523 812 1567 pari
839 1534 875 1556 ac
889 1535 963 1556 con-

227 1576 435 1610 sistorialiter
460 1582 514 1609 aut
539 1577 618 1609 alias
645 1577 890 1620 quomodolibet
923 1584 966 1610 et-

228 1631 289 1663 iam
311 1629 437 1662 iteratis
455 1629 576 1662 vicibus
601 1630 632 1662 in
659 1630 857 1663 contrarium
876 1641 966 1674 prac-

228 1683 399 1716 missorum
425 1683 588 1715 concessis
607 1711 614 1723 ,
640 1683 826 1727 approbatis
845 1710 852 1723 ,
889 1694 966 1716 con-

228 1735 360 1769 firmatis
399 1741 431 1769 et
468 1735 654 1777 innovatis,
696 1736 821 1769 etiamsi
855 1736 885 1768 in
920 1736 965 1769 eis

227 1795 375 1822 caveatur
400 1799 554 1832 expresse
582 1789 667 1832 quod
693 1789 757 1823 illis
784 1800 842 1833 per
877 1800 965 1832 quas-

227 1852 365 1886 cumque
391 1842 515 1875 litteras
541 1843 744 1885 apostolicas,
761 1843 857 1875 etiam
877 1849 963 1875 motu

227 1895 322 1929 simili
349 1906 407 1939 pro
434 1901 582 1939 ternpore
608 1905 797 1935 concessas,
819 1902 849 1928 et
874 1906 966 1938 quas-

228 1959 368 1992 cumque
394 1948 487 1981 etiam
522 1948 799 1991 derogatori-arum
831 1949 966 1991 deroga-

230 2002 328 2035 torias
356 2002 386 2034 in
406 2011 439 2034 se
458 2002 665 2035 continentes
684 2004 857 2041 clausulas,
875 2003 965 2035 dcro·

228 2055 296 2097 gari
323 2065 387 2088 non
414 2055 540 2097 possit,
579 2065 682 2098 neque
715 2062 884 2088 censeatur
920 2055 965 2087 cis

229 2108 436 2150 derogatum,
460 2108 575 2150 quibus
593 2108 743 2140 omnibus
765 2114 793 2140 et
816 2108 963 2150 singulis,

229 2160 355 2193 etiamsi
381 2160 420 2192 de
446 2160 509 2193 illis
534 2171 710 2204 eorumque
742 2161 816 2193 totis
844 2161 966 2193 tenori-

229 2214 300 2254 bus,
320 2213 471 2257 specialis
486 2240 493 2254 ,
518 2213 677 2257 specifica,
703 2224 854 2257 expressa
877 2219 908 2246 et
934 2213 964 2246 in

229 2265 377 2307 dividua,
403 2277 439 2299 ac
465 2266 504 2299 de
531 2267 628 2299 verbo
654 2267 692 2299 ad
719 2267 871 2306 vei‘luuu,
900 2277 965 2298 non

229 2325 335 2353 autem
355 2329 413 2362 per
438 2320 598 2352 clausulas
623 2320 892 2362 gencralcsidcm
912 2319 967 2352 iiu-

229 2378 421 2417 portantes,
449 2372 571 2405 mentio
598 2383 654 2405 seu
680 2372 810 2416 quaevis
837 2373 898 2406 alia
916 2382 967 2405 ex-

229 2426 356 2470 pressio
394 2425 540 2458 facienda
576 2431 629 2457 aut
655 2435 879 2468 quaecumque
906 2426 967 2458 alia

229 2478 388 2522 exquisita
414 2478 514 2510 forma
540 2478 578 2510 ad
606 2479 666 2510 lioc
691 2478 847 2510 servanda
875 2478 966 2518 foret,

229 2531 362 2565 illorum
389 2531 531 2564 omnium
551 2536 582 2563 ct
599 2531 803 2573 singulorum
822 2535 965 2570 tenores,

232 2584 350 2623 formas
376 2588 408 2616 et
433 2583 614 2623 clausulas,
641 2582 736 2614 etiam
764 2583 967 2627 quantumvis

321 2646 400 2676 Bull.
420 2646 503 2674 Rom.
525 2660 559 2665 —
584 2645 643 2671 Vol.
667 2645 758 2673 XXII.
902 2645 934 2670 31

1017 211 1073 234 xm
1099 212 1146 234 rr.
1646 199 1702 231 ⁶241

1006 265 1232 301 praegnantes,
1259 260 1327 302 pias
1354 266 1385 292 et
1402 259 1630 302 privilegiatas,
1652 267 1745 300 prae-

1006 311 1152 343 sentibus
1186 322 1245 355 pro
1279 313 1375 355 plene
1402 317 1432 344 et
1468 310 1667 343 sufficienter
1708 320 1743 342 ac

1008 362 1046 394 de
1073 363 1172 395 verbo
1198 364 1236 396 ad
1263 364 1395 396 verbum
1415 391 1423 404 ‚
1450 363 1530 396 nihil
1558 362 1685 406 penitus
1713 373 1743 394 o-

1007 414 1116 454 misso,
1142 415 1289 455 insertis,
1315 416 1473 459 expressis
1499 422 1530 449 et
1551 415 1744 459 specificatis

1009 466 1185 507 habentes,
1212 467 1276 500 illis
1302 468 1380 500 alias
1405 468 1437 500 in
1457 479 1514 501 suo
1536 468 1653 501 robore
1673 478 1745 510 per-

1009 519 1185 559 mansuris,
1209 520 1248 552 ad
1275 520 1523 563 praemissorum
1549 521 1694 554 omnium
1715 526 1745 554 et

1007 571 1210 614 singulorum
1238 572 1469 605 validissimum
1491 573 1658 612 effectum,
1686 574 1746 606 liac

1007 625 1073 658 vice
1094 627 1275 666 dumtaxat,
1303 627 1457 661 latissime
1484 633 1514 660 et
1539 628 1743 671 plenissime,

1007 689 1043 711 ac
1079 678 1302 719 sufficienter,
1331 690 1457 713 necnon
1496 680 1682 723 specialiter
1715 685 1747 712 et

1007 742 1179 774 expresse,
1207 737 1317 772 motu,
1342 733 1477 765 scientia
1510 739 1539 766 et
1576 732 1744 775 potestatis

1007 783 1209 826 plenitudine
1235 784 1417 824 similibus,
1443 785 1558 817 harum
1583 784 1664 817 serie
1691 784 1746 816 de-

1008 846 1182 878 rogamus,
1209 837 1393 880 ceterisque
1420 837 1589 871 contrariis
1615 837 1747 880 quibus-

1007 899 1158 932 cumque.

1052 942 1066 985 ξ
1102 941 1133 975 9.
1172 942 1255 975 Nulli
1294 953 1372 985 ergo
1408 942 1540 976 omnino
1577 942 1745 975 hominum

1007 995 1104 1027 liceat
1128 1000 1268 1028 nostram
1295 995 1377 1028 hanc
1402 996 1554 1039 paginam
1586 996 1747 1038 approba-

1009 1047 1105 1080 tionis
1123 1074 1130 1088 ,
1169 1048 1425 1081 confirmationis
1446 1075 1453 1089 ,
1491 1047 1720 1080 declarationis
1739 1074 1745 1087 ,

1008 1101 1244 1141 subiectionis,
1272 1101 1436 1139 mandati,
1464 1101 1610 1141 decreti,
1638 1103 1748 1134 volun-

1010 1154 1082 1186 tatis
1103 1181 1110 1194 ‚
1136 1153 1302 1197 praecepti
1330 1160 1361 1187 et
1386 1154 1608 1197 derogationis
1636 1154 1747 1187 infrin-

1008 1215 1093 1247 gere,
1119 1205 1166 1237 vel
1193 1205 1220 1237 ei
1249 1216 1324 1237 ausu
1360 1206 1536 1238 temerario
1563 1206 1744 1247 contraire,

1007 1257 1031 1289 si
1059 1257 1128 1301 quis
1154 1263 1261 1290 autem
1288 1258 1350 1290 hoc
1386 1264 1544 1291 attentare
1581 1269 1748 1302 praesum-

1008 1311 1126 1354 pserit,
1155 1311 1412 1353 indignationem
1440 1311 1662 1355 onnipotentis
1692 1313 1746 1345 Dei

1008 1374 1043 1397 ac
1068 1365 1236 1397 beatorum
1262 1365 1347 1398 Petri
1372 1370 1402 1397 et
1421 1364 1507 1398 Pauli
1528 1367 1747 1409 apostolorum

1008 1418 1076 1451 cius
1101 1428 1133 1451 se
1159 1418 1284 1450 noverit
1308 1418 1525 1450 incursurum.

1051 1471 1164 1504 Datum
1191 1471 1332 1510 Romae,
1365 1472 1450 1514 apud
1484 1471 1515 1503 S.
1538 1471 1667 1504 Mariam
1687 1472 1748 1505 Ma<

1008 1525 1134 1564 iorem,
1168 1535 1253 1557 anno
1293 1524 1531 1557 lucarnationis
1566 1525 1748 1558 dominicae

1009 1588 1177 1617 unccxxv,
1204 1578 1309 1621 pridie
1335 1588 1437 1610 nonas
1467 1579 1604 1620 augusti,
1641 1578 1748 1621 ponti-

1009 1630 1122 1663 ficatus
1146 1631 1250 1664 nostri
1270 1641 1354 1663 anno
1378 1640 1409 1663 11.

1757 209 1806 235 Au.
1826 208 1853 233 G.
1874 208 1939 233 17:²5

1784 951 1869 972 Sanctio
1889 957 1940 978 poe-

1758 978 1819 998 ualis.

1047 1693 1104 1720 nat.
1125 1693 1168 1720 die
1185 1693 1201 1719 4
1216 1693 1323 1728 augusti
1349 1693 1425 1726 17:³5,
1443 1693 1540 1728 pontif
1560 1702 1632 1719 anuo
1649 1700 1676 1719 11.

1296 1813 1456 1846 LxxxtV.

1010 1885 1205 1918 Declaratur
1229 1884 1325 1916 milla
1350 1883 1460 1916 electio
1476 1883 1484 1899 ¹
1511 1884 1654 1917 Cornelii
1672 1885 1749 1916 Ber-

1053 1938 1168 1971 ckman
1193 1939 1228 1970 in
1254 1938 1529 1980 archiepiscopum
1558 1938 1745 1970 Uttrm‘ectf-

1053 2001 1129 2024 num
1145 1992 1166 2024 ².

1188 2062 1370 2090 Benedictus
1393 2062 1470 2095 Papa
1489 2062 1575 2096 XIII,

1279 2106 1384 2134 dilecti
1405 2106 1479 2138 filii,

1050 2152 1180 2178 salutem
1195 2155 1227 2178 et
1243 2151 1441 2185 apostoticam
1456 2149 1706 2177 benedictionem.

1052 2212 1147 2245 Novis
1166 2212 1237 2245 istic
1252 2213 1282 2245 in
1301 2212 1370 2245 dies
1387 2222 1446 2254 per
1465 2221 1641 2255 paucorum
1662 2211 1748 2243 cleri-
1786 2220 1910 2240 ammaum.

1010 2276 1120 2299 corum
1147 2265 1383 2298 contumaciam
1397 2264 1642 2307 erumpentibus
1660 2275 1748 2296 scan-

1011 2318 1107 2359 dalis,
1135 2318 1290 2361 novisque
1316 2318 1408 2352 saluti
1436 2323 1557 2351 vestrae
1583 2317 1750 2351 intentatis

1048 2417 1055 2441 t
1082 2415 1152 2442 Edit.
1175 2415 1255 2441 Main.
1276 2414 1341 2448 legit
1361 2415 1465 2441 erectio
1484 2415 1522 2448 (n.
1543 2414 1592 2447 Ti).

1045 2459 1061 2499 οξ
1081 2459 1141 2485 Atia
1161 2462 1248 2485 const.
1270 2458 1352 2484 huius
1373 2458 1519 2491 Pontificis,
1541 2460 1584 2485 ed.
1607 2465 1730 2485 mcccxxv
1745 2481 1751 2491 ‚

1010 2503 1053 2530 die
1072 2504 1103 2529 21
1123 2502 1267 2537 februarii,
1289 2502 1384 2537 pontif.
1407 2508 1424 2535 Ι,
1447 2503 1581 2529 declarata
1601 2503 1650 2529 fuit
1678 2503 1753 2529 irrita

1011 2547 1106 2574 electio
1127 2546 1240 2572 Cornelii
1274 2548 1424 2573 Steeuoven
1457 2547 1483 2573 in
1517 2547 1751 2582 a1·clii‹·piscopuin

1011 2591 1091 2619 etiain
1114 2590 1328 2618 Ultraiectinum.
