2139 3142
790 272 882 295 thEx
907 270 1111 294 nt'nnlcanttnt

172 325 357 359 CCLXVIll.
393 325 604 358 Confirmatur
639 324 849 356 summarium
874 323 921 354 in-

267 377 501 420 dulgentiarum
520 387 739 410 concessarum
759 375 917 414 crucibus,

270 430 419 470 rosariis,
443 429 720 462 nummismatibus
744 433 774 461 et
795 427 920 460 coronis

269 482 440 515 benedictis
456 483 494 514 ab
511 482 623 515 abbate
640 481 820 514 monasterii
838 481 921 513 Mon-

269 534 308 567 tis
332 534 448 568 Serrati
475 533 735 577 Congregationis
760 532 921 565 Vallisole-

271 592 362 620 tanae
379 587 504 620 Ordinis
522 587 619 620 sancti
646 585 816 626 Benedicti,
842 584 918 618 807.

179 641 329 674 CCLXIX.
350 640 562 673 Confirmatur
579 639 759 672 constitutio
776 639 923 670 Innocen-

270 693 303 725 tii
320 693 396 732 xtn,
414 702 509 736 super
531 692 746 735 prohibitione
771 696 924 723 mercatu·

270 756 323 778 rae
348 755 453 778 rerum
478 755 631 777 novarum
657 743 775 776 iudaeis
800 749 865 775 tum
892 744 922 774 in

270 799 358 831 Statu
383 803 449 830 tum
481 802 569 829 extra
593 797 712 829 Statum
730 795 923 828 Ecclesiasti-

271 861 342 884 cum
367 850 566 893 degentibus,
594 848 658 881 810

173 904 318 939 CCLxx.
345 902 566 937 Conceduntur
589 902 739 935 nonnulla
759 901 923 944 privilegia

184 962 187 963 ’
270 955 460 1001 quibusdam
501 954 708 987 familiaribus
746 954 924 988 Sanctitatis

269 1009 370 1049 Suae,
395 1007 468 1040 8210.

181 1062 333 1097 CCLXXI.
361 1062 574 1095 Confirmatur
608 1060 770 1093 decretum
796 1059 924 1103 capituli

270 1115 427 1158 generalis
451 1114 576 1147 Ordinis
600 1113 858 1146 praedicatorum
876 1122 925 1144 su-

269 1179 326 1212 per
349 1167 572 1211 suppressione
589 1165 851 1209 Congregationis
868 1166 926 1198 An-

271 1221 416 1264 gelorum
442 1220 472 1252 in
497 1220 662 1263 provincia
697 1219 921 1262 Galloprovin-

272 1273 338 1306 ciae
362 1273 438 1305 alias
464 1278 606 1311 erectae,
631 1271 707 1304 811.

182 1326 346 1361 CCLXXII.
372 1326 558 1359 Statuuntur
582 1331 611 1357 et
636 1325 824 1357 ordinantur
847 1335 925 1357 non-

271 1379 357 1412 nulla
386 1389 445 1422 pro
478 1377 665 1411 stabilienda
698 1377 924 1410 reformatione

271 1432 356 1465 iuxta
391 1431 629 1464 constitutiones
663 1430 780 1463 Urbani
806 1430 869 1463 VIII
895 1435 925 1463 et

272 1484 444 1519 innocentii
465 1485 489 1516 Χ
511 1484 542 1516 in
566 1484 728 1527 provincia
755 1483 925 1516 Pedemon-

271 1540 344 1571 tana
360 1537 485 1571 Ordinis
506 1538 636 1569 fratrum
655 1537 686 1569 B.
706 1537 744 1569 M.
766 1537 804 1569 de
822 1537 924 1569 Monte
949 1544 950 1550 ¹

271 1591 432 1631 Carmelo,
457 1590 532 1623 814.

182 1645 359 1679 CCLXXIII.
386 1645 607 1686 Reintegratur
632 1643 854 1686 motuproprio
879 1652 925 1675 ec-

272 1697 364 1730 clesia
388 1697 419 1729 S.
446 1696 558 1729 Leonis
583 1696 715 1728 civitatis
736 1696 924 1728 Feretranae

271 1750 308 1782 ad
326 1749 595 1782 cathedralitatcm
615 1749 765 1792 episcopi,
784 1749 924 1792 capituli,

272 1809 302 1836 et
337 1803 561 1836 canonicorum
603 1803 687 1835 iuxta
727 1803 924 1845 primaevum

271 1860 401 1895 statum,
426 1854 502 1887 820.

183 1909 355 1944 CCLXXIV.
372 1909 555 1941 Declaratur
573 1908 702 1940 facultas
719 1908 834 1940 nuncio
852 1908 925 1939 'Nea-

271 1961 409 2005 politano
435 1971 583 1993 concessa
600 1960 790 2003 procedendi
816 1966 925 1992 contra

272 2014 498 2056 cuiuscumque
530 2012 655 2045 Ordinis
692 2013 857 2056 religiosos
882 2014 926 2044 fa-

271 2078 348 2100 vore
395 2066 622 2099 monachorum
666 2066 925 2109 Congregationis

272 2120 383 2153 Montis
418 2119 576 2162 Virginis,
606 2119 698 2161 idque
733 2123 819 2151 motu
843 2130 922 2162 pro-

271 2174 361 2216 prio,
387 2171 461 2205 824.

175 2226 347 2261 CCLxxv.
362 2226 537 2258 Revocatur
551 2225 712 2258 concessio
722 2224 825 2257 sacelli
837 2225 865 2257 S.
876 2225 927 2257 Mi-

274 2279 391 2324 chaelis
415 2278 596 2320 archangeli
622 2278 652 2310 in
678 2277 810 2310 ecclesia
830 2278 926 2310 colle-

274 2333 357 2376 giata
382 2332 413 2365 S.
441 2332 598 2365 Eustachii
623 2332 704 2364 facta
736 2331 841 2364 farore
867 2333 927 2365 col-

273 2386 346 2429 legii
372 2390 616 2429 procuratorum
643 2383 752 2425 Urbis,
778 2394 813 2415 ac
839 2395 927 2427 prae-

274 2438 357 2472 dicta
381 2437 513 2471 ecclesia
544 2438 574 2470 in
611 2437 774 2480 pristinam
807 2447 928 2480 posses-

275 2491 396 2524 sionem
435 2491 508 2524 dicti
546 2491 650 2524 sacelli
691 2490 926 2533 reintegratur,

276 2542 351 2577 826.

177 2594 363 2630 -CCLXXVL
385 2596 574 2629 Conceditur
600 2595 791 2638 indulgentia
817 2605 926 2629 inona-

278 2648 345 2681 chis
369 2653 399 2681 et
424 2649 611 2683 monialibus
646 2648 772 2682 Ordinis
796 2649 927 2682 Carthu-

949 2198 952 2221 l

1606 259 1670 292 927

1059 321 1219 354 sianorum
1251 321 1289 353 ad
1314 321 1412 353 instar
1445 320 1635 353 visitantium
1660 330 1715 352 se-

1060 379 1145 417 ptem
1172 374 1318 406 ecclesias
1344 373 1453 413 Urbis,
1478 371 1555 405 831.

970 426 1157 461 CCLXXVII.
1190 427 1423 460 Confirmantur
1453 425 1608 469 quaedam
1642 436 1715 459 con-

1060 479 1237 511 stitutiones
1261 479 1393 511 fratrum
1419 478 1544 512 Ordinis
1559 478 1716 511 Minoi-um

1061 532 1160 564 sancti
1203 531 1361 565 Francisci
1404 531 1442 564 de
1485 531 1689 564 Observantia
1708 559 1715 572 ,

1064 584 1140 618 8322.

974 645 1177 680 CCLXXVIII.
1205 645 1417 678 Confirmatur
1442 644 1624 678 constitutio
1650 645 1715 677 Ur-

1061 698 1134 730 bani
1158 698 1223 731 VIII
1255 708 1351 741 super
1381 697 1594 740 prohibitione
1626 697 1713 730 defe-

1064 750 1152 783 rendi
1178 749 1320 782 habitum
1346 749 1471 783 Ordinis
1495 749 1650 782 Minorum
1676 750 1715 782 de

1063 803 1264 844 Observatia,
1290 801 1366 836 833.

974 856 1150 890 CCLXXIX.
1176 855 1363 889 Conceditur
1389 855 1584 898 indulgentia
1613 856 1718 899 plena-

1064 908 1111 940 ria
1127 912 1280 951 perpetua
1301 908 1496 941 visitantibus
1513 909 1650 953 aliquam
1671 919 1719 942 ec-

1064 960 1189 993 clesian]
1213 961 1437 993 canonicorum
1457 961 1651 1003 regularium
1669 963 1717 994 vel

1066 1012 1250 1045 monialium
1284 1012 1409 1045 Ordinis
1432 1013 1720 1047 Praemonstraten-

1065 1065 1106 1097 sis
1131 1065 1323 1108 ubicumque
1355 1065 1499 1098 locorum
1530 1066 1718 1109 quibusdam

1065 1118 1136 1149 anni
1159 1118 1372 1161 temporibus,
1397 1117 1471 1151 834.

977 1170 1141 1205 CCLXXX.
1157 1171 1345 1204 Conceditur
1361 1171 1509 1204 universo
1527 1171 1633 1204 Ordini
1652 1183 1719 1205 san-

1067 1223 1108 1256 cti
1148 1223 1333 1265 Francisci‚
1373 1234 1495 1256 necnon
1533 1224 1647 1258 civitati
1688 1231 1719 1258 et

1066 1276 1202 1309 dioecesi
1239 1277 1439 1318 Asculanae,
1475 1277 1603 1310 facultas
1638 1278 1716 1311 reci-

1066 1329 1150 1362 tandi
1184 1329 1322 1361 officium
1355 1329 1413 1361 sub
1447 1330 1508 1361 ritu
1540 1330 1656 1373 duplici
1688 1336 1718 1363 et

1066 1382 1246 1415 celebrandi
1276 1382 1403 1414 missam
1430 1382 1461 1414 B.
1487 1382 1652 1426 Seraphini
1679 1383 1716 1416 de

1064 1435 1192 1475 Asculo,
1219 1433 1293 1467 835.

976 1488 1151 1521 CCLXXXI.
1170 1488 1383 1521 Confirmatur
1397 1489 1659 1531 Congregationis
1673 1490 1719 1523 In-

1066 1541 1145 1574 dicis
1169 1540 1331 1574 decretum
1349 1552 1412 1585 quo
1432 1541 1624 1575 damnantur
1638 1553 1720 1576 non-

1066 1593 1145 1626 nulli
1170 1593 1242 1625 libri
1267 1594 1364 1627 latino
1383 1600 1412 1627 ct
1430 1595 1544 1638 gallico
1569 1595 1718 1630 idiomate

1067 1646 1232 1689 impressi,
1256 1645 1320 1679 8:36

979 1699 1167 1733 CCLXXXII.
1187 1699 1340 1731 Indicitur
1355 1699 1546 1733 beatificatio
1563 1701 1644 1733 servi
1663 1701 1715 1734 Dei

1067 1752 1219 1784 Vincentii
1234 1763 1249 1783 a
1264 1752 1359 1784 Paulo
1377 1752 1637 1796 Congregationis
1653 1754 1721 1787 Mis-

1067 1804 1163 1837 sionis
1184 1810 1213 1836 ct
1231 1805 1408 1837 Puellarum
1430 1805 1592 1838 charitatis
1611 1807 1720 1840 funda-

1068 1858 1160 1897 toris,
1187 1857 1262 1891 837.

978 1910 1187 1944 CCLXXXIII.
1217 1910 1450 1944 Confirmantur
1474 1911 1599 1945 decreta
1625 1913 1718 1956 capi-

1067 1963 1123 1995 tuli
1148 1963 1305 2006 generalis
1328 1964 1588 2006 Congregationis
1607 1965 1719 1998 Montis

1067 2016 1179 2047 Oliveti
1197 2015 1324 2048 Ordinis
1344 2016 1440 2048 sancti
1459 2017 1618 2050 Benedicti
1635 2018 1720 2051 circa

1067 2068 1195 2100 abbatos
1217 2068 1374 2108 titulat-es,
1399 2068 1473 2101 839.

978 2121 1179 2154 CCLXXXIV.
1216 2122 1415 2154 Revocantur
1454 2128 1485 2154 et
1518 2123 1719 2156 annullantur

1068 2174 1282 2207 ordinationes
1300 2180 1465 2208 contentae
1482 2175 1511 2207 in
1532 2176 1719 2219 quibusdam

1066 2228 1148 2260 soliis
1179 2228 1343 2271 impressis
1375 2229 1433 2260 sub
1457 2228 1564 2261 titulo:
1589 2229 1723 2263 Mande-

1067 2285 1154 2312 men!
1165 2280 1202 2312 cle
1212 2281 1438 2323 nzoasez'yneur
1453 2281 1608 2324 l'e'vesque
1622 2281 1722 2315 d'Au-

1066 2343 1177 2372 oeerre,
1205 2334 1264 2376 qui
1287 2333 1401 2376 defend
1419 2334 1543 2376 l’Office
1567 2334 1723 2378 imprime

1067 2396 1125 2417 sur
1152 2396 1215 2418 unc
1242 2385 1356 2428 sauine
1382 2386 1528 2426 volante,
1557 2391 1623 2427 etc„
1647 2398 1719 2420 cum

1067 2437 1282 2480 prohibitione
1320 2439 1506 2471 eorumdem
1546 2439 1693 2473 foliorum
1713 2468 1719 2481 ‚

1068 2489 1141 2523 841.

978 2541 1162 2577 CCLXXXV.
1191 2544 1332 2586 Erigitur
1357 2544 1509 2588 primaria
1540 2545 1720 2590 Congrega-

1067 2596 1110 2629 tio
1126 2596 1219 2639 vulgo
1235 2603 1415 2641 nuncupata
1430 2599 1478 2631 La
1487 2599 1602 2632 Buona
1618 2600 1720 2632 Morte

1068 2650 1098 2681 in
1124 2650 1255 2682 ccclesia
1281 2650 1393 2684 domus
1411 2652 1571 2695 professae
1588 2652 1722 2685 Societa-
