2170 3147
31 241 80 270 An.
95 240 124 268 C.
147 240 214 270 ¹725

222 302 360 334 gainus3
399 293 580 337 ceterisque
616 294 784 328 contrariis
825 295 978 338 quibus-i

223 355 372 388 cumque.

265 397 279 440 ἓ
304 397 358 431 13.
385 398 424 431 Ut
441 403 546 432 autem
569 405 754 442 praesentes
771 400 896 434 litterae
918 401 955 434 ad
977 395 978 439 ἶ

222 451 365 484 omnium
392 451 538 485 notitiam
564 453 689 486 facilius
714 453 896 493 deveniant,
927 459 978 499 et⁴

220 512 317 536 nemo
342 503 469 536 illarum
495 504 710 547 ignorantiam
737 506 877 548 allegare
903 517 955 538 va-
977 504 978 519 ³

220 557 296 596 leat,
315 558 460 590 volumus
480 557 560 597 illas,
578 568 635 591 seu
657 568 768 591 eorum
795 559 954 601 exempla,
976 553 978 601 i

219 609 259 642 ad
284 610 390 642 valvas
417 611 573 644 ecclesiae
598 611 826 644 Lateranensis
853 616 884 644 et
905 612 955 644 ba-

219 661 326 695 silicae
351 663 508 707 Principis
538 665 791 707 Apostolorum,
826 674 954 697 necnon

218 715 436 749 Cancellariae
467 717 668 759 apostolicae
695 717 873 761 Curiaeque
899 727 956 759 ge-

219 768 339 801 neralis
364 769 395 801 in
421 769 527 803 Monte
553 769 728 810 Citatorio,
755 781 791 803 ac
816 770 848 802 in
885 770 955 802 acie

218 818 429 864 Campissorae
455 822 493 855 de
520 822 612 862 Urbe,
639 828 675 856 ut
700 823 799 856 moris
826 827 887 863 est,
914 823 956 855 as-

217 872 271 915 figi
297 879 327 907 et
352 874 535 917 publicari,
562 875 673 919 sieque
707 875 887 919 publicatas
925 880 956 909 et

217 925 343 967 affixas,
369 937 481 960 omnes
507 934 538 961 et
562 928 708 971 singulos
730 954 736 968 ,
762 939 842 972 quos
881 928 954 962 illae
975 943 977 974 3

49 409 160 429 Mandant
174 414 211 434 pu-

29 435 115 455 tit-cauo
135 435 210 455 haruin

28 461 153 482 litterarum.

217 986 431 1019 concernunt,
455 981 592 1024 perinde
618 986 743 1015 arctare
769 981 954 1021 etafficere,
976 1006 977 1015 i

216 1042 253 1065 ac
278 1031 304 1065 si
342 1033 514 1077 unicuique
550 1044 662 1067 eorum
695 1034 889 1067 nominatim
924 1040 956 1067 et

216 1086 435 1128 personaliter
465 1086 630 1120 intimatae
665 1087 818 1128 suissent;
855 1092 953 1130 utque

217 1139 403 1171 earumdem
428 1140 648 1182 praesentium
672 1139 851 1173 litterarum
870 1146 955 1172 tran-

216 1190 363 1233 sumptis,
388 1201 443 1224 seu
469 1192 637 1235 exemplis,
663 1193 757 1225 ctiam
778 1192 954 1236 impressis,

215 1252 312 1275 manu
327 1243 460 1277 alicuius
479 1245 594 1278 notarii
614 1246 735 1288 publici
755 1245 952 1289 subscriptis,
974 1270 976 1287 Α,

216 1300 248 1329 et
271 1296 379 1340 sigillo
404 1308 564 1341 personae
589 1299 621 1331 in
652 1299 871 1332 ecclesiastica
908 1298 952 1332 di-

217 1350 339 1392 gnitate
365 1351 557 1385 constitutae
584 1353 726 1393 munitis,
753 1353 864 1386 eadem
885 1353 977 1386 ubi-2

217 1414 280 1447 que
306 1404 385 1438 fides
404 1406 435 1439 in
454 1405 573 1439 iudicio
593 1412 624 1440 et
642 1413 730 1440 extra
748 1407 954 1448 adhibeatur,

217 1467 300 1501 quae
325 1458 402 1502 ipsis
428 1460 657 1502 praesentibus
681 1460 895 1494 adhiberetur
928 1460 952 1493 si
975 1460 977 1500 ’ς

218 1510 325 1543 forent
349 1512 511 1545 exhibitae
537 1514 586 1546 oel
614 1519 776 1547 ostensae.
975 1513 977 1558 ξ

40 1569 207 1617 Ἢέἓυῑίἱυυὴὲξ
261 1564 275 1607 ς
301 1563 353 1597 14.
381 1564 465 1598 Nulli
492 1576 568 1609 ergo
582 1568 713 1601 omnino
730 1568 896 1601 hominum
918 1561 977 1601 li-='

23 1601 104 1669 iimina:
135 1621 288 1649 infun-ceat
302 1617 384 1650 hanc
397 1619 547 1661 paginam
566 1625 750 1652 nostrarum
770 1621 952 1661 voluntatis,
975 1634 978 1670 ξ

23 1654 36 1674 ²
98 1665 103 1670 ’
217 1670 406 1711 sanctionis,
431 1672 682 1715 adscriptionis,
710 1673 952 1716 prohibitionis,

215 1723 440 1765 institutionis,
462 1725 695 1768 deputationis,
712 1727 952 1770 praelectionis,

214 1777 477 1818 commissionis,
504 1779 669 1819 mandati,
695 1780 816 1813 decreti
844 1787 876 1814 et
903 1782 954 1814 de·

213 1830 394 1873 rogationis
411 1831 602 1874 infringere;
625 1833 649 1865 si
669 1833 741 1876 quis
764 1838 872 1867 autem
892 1835 954 1867 hoc

214 1888 374 1917 attentare
399 1885 664 1928 praesumpserit,
694 1886 951 1930 indignationem

214 1936 449 1980 omnipotentis
473 1937 528 1970 Dei
555 1948 590 1971 ae
614 1938 783 1972 beatorum
810 1939 895 1972 Petri
922 1946 954 1973 et

214 1989 302 2023 Pauli
328 1990 554 2034 apostolorum
581 1991 650 2024 eius
676 2002 710 2025 se
735 1993 865 2026 noverit
897 1993 949 2026 in-

214 2053 399 2076 cursurum.

257 2096 369 2129 Datum
387 2097 521 2138 Romae,
542 2098 625 2141 apud
651 2098 682 2131 S.
710 2097 850 2139 Petrum,
868 2110 951 2133 anno

214 2146 448 2183 Incarnationis
465 2150 644 2185 dominicae
658 2160 813 2193 Mnccxxv,
826 2163 867 2186 vn
882 2153 952 2185 idus

216 2201 314 2241 maii,
339 2202 550 2246 pontificatus
575 2204 681 2237 nostri
705 2215 791 2238 anno
817 2216 839 2238 1.

250 2263 309 2290 Dat.
331 2263 376 2291 die
395 2265 413 2291 9
431 2265 495 2292 maii
518 2265 596 2299 ¹725,
618 2266 717 2301 pontif.
741 2274 814 2293 anno
835 2274 852 2292 1.

975 1070 977 1087 l

975 1121 977 1137 I

975 1155 976 1169 l

975 1201 976 1215 l

528 2427 656 2461 LXVIII.
972 2421 974 2471 ζ

213 2513 364 2557 Eriqitur
387 2519 556 2548 conventus
583 2515 724 2549 Carmeli
740 2515 874 2548 maioris
893 2514 952 2548 Or-
972 2483 974 2544 i

259 2566 347 2600 dinis
373 2567 628 2601 Carmelilarum
646 2594 653 2606 ,
682 2578 754 2600 cum
778 2567 855 2600 aliis
887 2567 952 2611 qui·
972 2599 973 2603 ,

261 2619 390 2652 busdam
405 2621 611 2654 conventibus
623 2631 641 2653 α
652 2620 819 2664 provincia
837 2620 952 2655 Terrae

793 245 986 271 BENEDICTUS
1010 247 1067 271 xm
1092 247 1140 271 PP-

1636 239 1699 273 479
1747 247 1796 275 An.
1813 248 1841 275 c.
1864 248 1931 276 1725

1044 296 1179 329 Laboris
1198 296 1450 338 dismembrati&
1478 297 1511 330 in
1531 307 1647 330 noram,
1665 307 1734 341 pro-

1044 350 1187 383 vinciam
1204 350 1456 394 Neapolitanam
1477 356 1702 395 nuncupatam
1716 350 1737 383 ¹.

1175 438 1357 466 Benedictus
1378 441 1456 472 Papa
1478 440 1559 471 XIII,

1117 483 1153 508 ad
1174 486 1352 516 perpetuam
1373 484 1418 510 rei
1438 484 1625 511 memoriam.

1043 550 1128 584 Inter
1154 552 1359 594 gravissimas
1383 554 1582 596 apostolicae
1605 555 1738 587 servitu·
1777 573 1918 594 Prooemium,

976 604 978 607 ’
1000 603 1039 635 tis
1062 614 1162 644 curas,
1183 615 1265 647 quae
1283 605 1424 638 animum
1443 613 1589 639 nostruin
1610 607 1736 640 assidue

999 657 1140 699 pulsant,
1167 657 1199 688 in
1223 667 1291 690 eam
1310 659 1484 702 praecipue
1505 659 1653 692 sollicitis
1672 665 1737 692 stu-

999 708 1060 741 diis
1086 709 1314 748 incumbimus,
1341 716 1376 742 ut
1400 721 1561 754 prospero
1585 712 1735 755 felicique

999 761 1259 795 christifidelium
1280 762 1311 794 in
1329 769 1450 796 sortem
1469 764 1594 797 Domini
1614 775 1737 798 assum-

976 820 1126 858 ‘ptorum
1154 820 1187 847 ct
1211 815 1326 848 divinis
1359 817 1524 860 obsequiis
1557 818 1616 850 sul)
1651 819 1736 850 suavi

999 868 1164 911 religionis
1190 868 1265 911 iugo
1290 870 1549 913 mancipatorum
1568 871 1673 910 statui,
1692 881 1736 904 re-

998 921 1110 965 gimini
1137 927 1169 955 et
1192 923 1392 965 progressui,
1415 928 1571 966 quantum
1590 924 1682 957 nobis
1700 934 1736 957 ex

976 976 977 988 ¹
998 977 1061 1008 alto
1088 975 1287 1015 conceditur,
1307 976 1481 1019 providere
1508 977 1628 1019 iugiter
1653 982 1737 1010 sata-

975 1024 1129 1070 ξςειῐηυε,
1157 1039 1192 1062 ac
1216 1028 1355 1071 proinde
1381 1040 1478 1062 novas
1506 1029 1664 1064 eiusmodi
1692 1040 1738 1063 re-

998 1082 1188 1124 ligiosorum
1213 1082 1354 1114 virorum
1372 1082 1555 1125 provincias
1575 1082 1735 1115 interdum

998 1134 1212 1175 instituimus,
1231 1135 1326 1175 sicut,
1346 1146 1468 1177 rerum,
1486 1137 1646 1177 locorum,
1664 1146 1736 1179 per-

998 1198 1149 1221 sonarum
1176 1193 1206 1221 et
1232 1194 1413 1232 temporum
1440 1189 1649 1232 qualitatibus
1668 1200 1734 1221 ma-

999 1247 1089 1274 turae
1114 1241 1385 1274 considerationis
1411 1242 1529 1274 trutina
1553 1242 1736 1285 perpensis,

975 1290 976 1301 ¹
998 1296 1037 1328 ad
1063 1295 1294 1338 omnipotentis
1320 1294 1374 1328 Dei
1402 1295 1537 1337 gloriam
1560 1300 1590 1328 et
1608 1295 1736 1338 religio-

998 1350 1047 1382 nis
1072 1350 1311 1382 inerementum
1343 1349 1517 1382 salubriter
1542 1348 1574 1381 in
1599 1348 1736 1382 Domino

998 1404 1153 1448 expedire
1179 1404 1386 1436 arbitramur.

1042 1457 1056 1500 ξ
1084 1456 1109 1488 1.
1135 1456 1278 1489 Innotuit
1303 1456 1463 1500 siquidem
1490 1455 1607 1496 nobis,
1633 1456 1735 1499 quod,
1766 1469 1930 1490 sarranium...

998 1521 1068 1542 cnm
1095 1510 1172 1542 alias
1199 1510 1313 1542 fratres
1339 1509 1523 1553 provinciae
1542 1510 1660 1542 Terrae
1679 1498 1931 1552 La-ii'i'o'iaiii¹⁹r'e¹ssr‘3'{

998 1563 1086 1596 boris
1112 1563 1143 1595 in
1171 1574 1271 1605 regno
1296 1563 1447 1605 Neapolis
1472 1563 1599 1596 Ordinis
1622 1550 1931 1601 beatae¹v³‚3¹s'2³1‘1¹f11'1⁵⁰‘pi-222

998 1616 1114 1649 Mariae
1141 1617 1180 1649 dc
1211 1616 1317 1649 Monte
1352 1616 1522 1655 Carinelo,
1550 1616 1733 1649 absolutum
1747 1602 1930 1649 iiissi¹i¹⁰⁷eaffi²ssig

998 1669 1187 1707 dominium,
1215 1669 1300 1712 quod
1328 1669 1440 1701 fratres
1462 1671 1641 1701 conventus
1663 1668 1735 1700 Car·
1746 1655 1929 1702 iiiiiiimi's'fmffl'*

998 1723 1077 1755 meli
1098 1723 1228 1755 maioris
1254 1722 1430 1765 nuncupati
1457 1722 1591 1755 civitatis
1616 1722 1736 1765 Neapo-

997 1775 1113 1808 litanae
1140 1775 1328 1819 provinciae
1357 1780 1387 1807 et
1407 1775 1535 1807 Ordinis
1557 1775 1737 1817 praedicto-

997 1838 1067 1860 rum
1083 1829 1114 1860 in
1131 1828 1314 1860 universam
1331 1828 1528 1871 provinciam
1544 1827 1734 1860 huiusmodi

996 1882 1149 1925 illiusque
1175 1887 1354 1914 conventus
1384 1886 1416 1913 et
1452 1881 1567 1913 fratres
1604 1890 1734 1913 exerce-

996 1936 1093 1974 bant,
1121 1936 1204 1968 serre
1232 1946 1296 1968 non
1322 1936 1464 1967 valentes
1483 1961 1490 1974 ,
1517 1935 1553 1966 ad
1591 1934 1734 1976 Congre-

997 1989 1160 2032 gationem
1203 1993 1277 2021 tunc
1314 1987 1519 2020 existentium
1559 1987 1588 2019 S.
1628 1987 1665 2019 R.
1701 1986 1733 2018 E.

996 2042 1209 2075 cardinalium
1236 2041 1376 2083 negotiis
1395 2045 1425 2072 et
1442 2039 1733 2072 consultationilms

996 2094 1223 2137 episcoporum
1240 2099 1270 2126 et
1289 2093 1483 2136 regularium
1500 2092 1734 2135 praepositam,

995 2152 1029 2179 nt
1053 2147 1287 2190 multiplicibus
1306 2145 1553 2188 gravaminibus,
1574 2155 1655 2188 quae
1671 2144 1732 2176 sibi

995 2210 1053 2243 per
1079 2200 1192 2232 fratres
1217 2199 1384 2231 memorati
1410 2202 1584 2231 conventus
1618 2197 1729 2230 inferri

995 2252 1279 2296 praetendebant,
1317 2255 1501 2294 opportuno
1539 2250 1648 2293 aliquo
1682 2260 1730 2282 re-

995 2306 1102 2340 medio
1127 2311 1321 2345 occurreret,
1336 2315 1503 2337 recursum
1530 2303 1730 2342 habuissent,

1032 2412 1040 2436 l
1065 2410 1210 2437 Clementis
1229 2410 1277 2436 XII
1298 2413 1383 2436 const.
1404 2409 1448 2437 ed.
1469 2415 1615 2441 moccxxxt,
1637 2408 1679 2435 die
1699 2408 1731 2435 27

995 2453 1118 2488 ianuarii,
1136 2453 1231 2488 pontif.
1248 2461 1268 2485 ι,
1283 2455 1457 2480 confirmatur
1476 2453 1542 2480 haec
1561 2452 1731 2484 constitutio,

995 2500 1021 2524 et
1045 2497 1123 2523 liuius
1142 2497 1281 2524 Pontificis
1301 2502 1386 2524 const.
1408 2498 1450 2523 ed.
1472 2504 1608 2529 mnccxxv,
1630 2497 1674 2523 die
1698 2496 1732 2522 30

996 2540 1066 2575 maii,
1080 2540 1172 2574 pontis.
1191 2549 1209 2573 1,
1226 2540 1297 2567 idem
1317 2545 1466 2568 conventus
1487 2541 1602 2568 Carmeli
1623 2540 1732 2566 maioris

995 2584 1107 2618 erigitur
1122 2585 1148 2610 in
1165 2585 1306 2619 collegium
1323 2585 1402 2612 studii
1418 2585 1552 2620 generalis
1564 2594 1611 2621 pro
1623 2585 1730 2620 provin-

995 2630 1043 2656 ciis
1063 2629 1138 2665 regni
1158 2628 1337 2666 Neapolitani.
