2170 3147
202 216 390 245 An.c.1727
438 207 502 242 558
983 212 1164 237 nnuman

396 266 513 298 Mariae
540 265 656 297 vexillo
683 263 810 296 assidue
838 262 1005 296 Altissimo
1032 263 1141 294 famu-

396 320 520 357 lantes,
549 316 782 350 christifideles
810 315 840 348 in
871 315 1039 347 teterrima
1072 314 1164 356 inst-s

397 371 517 404 delium
558 369 742 413 captivitate
784 368 1006 407 constitum,
1053 368 1141 400 iuxta
1162 361 1164 415 ξ

396 423 573 458 laudabilia
588 434 700 456 eorum
717 422 875 460 instituta,
893 421 1053 453 redimere
1070 431 1142 453 con·
1162 419 1164 465 ξ

397 481 601 515 sueverunt,
640 475 693 519 pie
731 475 936 518 provideque
975 483 1140 506 emanasse

397 536 601 569 noscuntur,
630 535 665 561 ut
689 528 839 561 solidiori
865 528 985 561 robore
1022 538 1141 570 peren-

397 590 494 623 nent,
512 582 682 626 apostolici
708 581 899 614 muniminis
926 580 1027 614 nostri
1053 591 1141 624 prae-

399 637 497 676 sidio,
520 647 592 669 cum
619 636 650 669 id
677 646 694 669 a
719 635 814 669 nobis
841 634 974 678 petitur,
1000 634 1164 667 libentert

398 689 660 723 constabilimus.

228 755 243 775 Α
261 754 353 784 manino
369 753 387 784 v
442 743 457 786 ξ
482 742 514 775 1.
534 743 659 775 Dudum
679 741 840 785 siquidem
867 741 969 774 felicis
995 740 1141 773 recorda·
1162 757 1164 787 ἱ

201 781 387 828 Βῖἶῗῗέιῗῗιηῗῗέἷ
400 796 497 830 tionis
512 796 667 828 Martinus
685 795 770 838 Papa
783 795 806 827 V
832 795 1063 838 praedecessor
1089 804 1142 825 no·
1162 790 1163 800 ¹

201 835 467 907 Effgfffflmpftss'l'd'lstev
491 849 644 892 magistro
670 848 814 891 generali
842 859 878 881 ac
903 847 1057 880 fratribus
1083 856 1141 889 pro
1162 873 1163 892 ἕ

201 888 545 960 g..552¹¹†¹52.3⁵'ss25tempore
581 902 794 936 existentibus
836 900 965 934 Ordinis
1007 900 1041 933 B.
1079 893 1164 931 Mss,1

202 944 464 996 pifl‘fflssf'nss‘ffeiss-'riae
491 956 529 989 de
555 955 703 988 Mercede
729 954 966 998 redemptionis
1003 952 1142 995 captivo—

201 999 262 1014 e⁶⁵⁵³
278 993 323 1014 ‘¹¹¹¹'
397 1019 470 1040 rum
496 1007 654 1044 indulsit..
680 1011 713 1038 ut
744 1006 847 1050 ipsius
872 1005 1002 1038 Ordinis
1030 1005 1142 1036 tratres

397 1066 430 1094 et
454 1060 572 1100 nuntii,
604 1060 658 1104 qui
691 1070 751 1103 pro
776 1058 978 1092 charitativis
1004 1059 1143 1091 eleemo-

397 1125 550 1158 synarum
576 1113 731 1147 subsidiis
759 1113 797 1145 ad
824 1123 905 1156 opus
941 1111 1165 1156 redemptio—v

396 1169 446 1202 nis
487 1169 676 1202 eorumdem
718 1167 918 1210 captivorum
955 1175 1139 1209 procuran-

397 1223 472 1255 dum
496 1227 528 1254 et
560 1220 622 1254 alia
643 1220 813 1263 praedicto
838 1218 951 1252 Ordiui
977 1228 1037 1261 pro
1064 1224 1143 1250 tem-

395 1285 477 1319 pore
517 1273 739 1306 incumbentia
778 1282 878 1305 onera
919 1271 1143 1314 supportanda
1164 1267 1166 1275 ¹

396 1326 566 1373 petendis¹
586 1327 617 1360 in
639 1336 815 1369 regnorum
835 1325 1025 1368 Alagoniae²
1045 1324 1144 1358 Fran-

398 1381 478 1421 ciae,
495 1380 667 1419 castellae,
685 1378 906 1421 Portugalliae
932 1384 963 1411 et
982 1377 1142 1410 Navarrae

397 1435 582 1479 provIncias
609 1439 640 1467 et
666 1433 853 1466 comitatum
891 1431 1079 1465 Provinciae
1112 1442 1144 1464 a·

397 1488 524 1530 liasque
558 1493 665 1529 partes
691 1486 925 1525 mittebantur,
953 1484 1144 1517 charitativa

398 1541 545 1574 subsidia
571 1540 757 1573 huiusmodi
784 1539 906 1582 absque
931 1539 997 1571 ulla
1022 1543 1144 1571 contra—

400 1595 541 1629 dictione
568 1599 600 1627 et
626 1593 816 1627 difficultate
842 1592 922 1625 inibi
955 1592 1058 1624 libere
1090 1602 1145 1634 pe-

399 1655 467 1682 tere
493 1650 655 1687 valerent,
681 1653 777 1690 atquc
804 1647 951 1680 locorum
979 1645 1145 1679 dioecesa-

399 1703 432 1736 ni
450 1712 631 1745 eorumque
650 1701 807 1734 officiales
826 1705 856 1733 et
875 1699 1019 1741 religiosi
1039 1709 1143 1731 exem-

400 1756 447 1800 pti
473 1761 505 1789 et
529 1766 594 1788 non
620 1754 762 1797 exempti
789 1753 822 1786 in
848 1753 913 1786 suis
938 1752 1088 1785 ecclesiis
1114 1756 1145 1783 et

401 1815 490 1842 extra
516 1819 569 1842 eas
595 1807 781 1852 praedictos
808 1807 922 1839 fratres
958 1811 990 1838 et
1015 1805 1145 1838 nuntios

402 1862 441 1895 ad
460 1861 492 1895 id
515 1861 650 1905 pacifice
673 1860 846 1893 admittere
866 1863 1066 1897 tenerentur,
1087 1867 1146 1890 nec

401 1915 476 1949 illos
512 1915 571 1948 liae
597 1914 627 1947 in
653 1925 687 1947 re
714 1914 889 1946 molestare
921 1923 976 1945 seu
1007 1921 1145 1955 quomo-

402 1967 527 2001 dolibet
544 1966 704 2011 impedire
724 1970 984 2010 praesumerent,
1003 1969 1034 1998 et
1051 1965 1143 2003 alias,

401 2027 499 2065 prout
522 2021 656 2055 uberius
681 2021 868 2054 continetur
891 2020 924 2052 in
950 2018 1054 2062 ipsius
1072 2018 1147 2051 Mar-

404 2075 461 2108 tini
486 2075 752 2118 praedecessoris
785 2073 902 2107 litteris
928 2073 1069 2115 desuper
1094 2082 1147 2104 ex-

402 2128 521 2171 peditis
548 2127 670 2161 tenoris
698 2127 753 2170 qui
778 2126 946 2170 sequitur,
973 2124 1144 2158 videlicet:

207 2189 393 2236 mygqtffnfflffij
447 2182 462 2225 ξ
486 2180 517 2214 Q.
546 2181 710 2215 Mauritius
735 2181 919 2224 episcopus,
947 2189 1057 2212 servus
1082 2188 1147 2211 ser-

209 2234 392 2290 ἓὲῗῖῃιἝᾸῗωῇἑζζῗ
402 2245 515 2267 vorum
539 2234 618 2273 Dei,
645 2233 772 2267 dilectis
797 2233 878 2276 filiis
902 2232 1061 2275 maqz'stro
1095 2241 1148 2273 qe-

209 2303 232 2315 u
249 2298 286 2315 vvvv
402 2287 512 2320 nerali
544 2292 572 2320 el
603 2287 764 2330 fratribus
795 2285 929 2320 Ordinis
954 2286 994 2319 Β.
1021 2285 1148 2318 Mariae

404 2340 440 2373 de
473 2340 614 2373 Mercede
645 2340 890 2383 Redemptionis
929 2339 1145 2382 captivorum,

404 2394 543 2426 salutem
568 2397 596 2426 et
620 2393 833 2437 apostolicam
857 2392 1116 2426 benedictionem.

450 2447 603 2480 Sincerac
630 2446 813 2480 devotionis
830 2446 973 2485 affectus,
993 2456 1089 2488 quern
1108 2445 1147 2478 ad

405 2510 466 2532 uos
493 2504 525 2532 et
549 2499 587 2531 ad
614 2498 792 2532 Romanam
817 2499 992 2532 Ecclesiam
1019 2498 1145 2541 geritis,

406 2563 471 2586 non
508 2552 641 2594 indigne
674 2557 819 2585 meretur
842 2557 877 2584 ut
908 2552 947 2585 ad
980 2552 1035 2585 illa
1061 2551 1148 2584 savo-

444 2616 453 2641 l
478 2613 548 2641 Edit.
570 2613 648 2640 Μαίη.
670 2613 733 2648 legit
753 2614 870 2647 petendi
890 2618 927 2647 tlt.
943 2613 990 2647 T.).

1188 212 1343 237 ROMANUM

1186 261 1334 294 rabiliter
1367 260 1593 300 intendamus,
1620 270 1702 302 quae
1733 258 1826 291 vobis
1859 257 1928 290 sore

1186 314 1408 357 conspicimus
1433 319 1630 356 opportuna.
1658 311 1809 344 Exhibita
1833 310 1930 353 siqui-

1186 368 1259 400 dem
1279 367 1373 400 nobis
1393 378 1452 410 pro
1472 372 1563 410 parte
1585 367 1688 399 vestra
1714 364 1830 408 petitio
1855 374 1930 396 con-

1187 421 1325 460 tinebat,
1347 421 1452 464 quod,
1481 420 1555 454 licet
1579 430 1634 452 vos
1656 419 1694 451 de
1719 418 1853 461 antiquo
1874 427 1931 460 ap-

1186 474 1321 516 probata
1347 479 1380 506 et
1405 474 1563 506 hactenus
1593 471 1724 515 pacifice
1757 470 1930 503 observata

1186 527 1423 560 consuetudine
1449 527 1480 559 in
1507 525 1669 568 Aragonia
1695 524 1810 566 (cuius
1834 533 1928 565 reges

1187 581 1377 613 fundatores
1397 580 1474 612 dicti
1492 578 1623 612 Ordinis
1642 577 1840 619 extiterunt)
1859 586 1930 609 nec-

1186 643 1250 666 non
1276 632 1442 672 Franciae,
1471 631 1638 670 Castellae,
1658 629 1871 672 portugalliae
1897 633 1930 662 et

1185 686 1346 719 Navarrae
1372 684 1547 729 provinciis
1572 690 1603 717 et
1627 683 1780 717 comitatu
1799 682 1930 715 Provin-

1187 739 1263 778 ciae,
1282 749 1318 771 ac
1335 738 1430 771 certis
1449 737 1521 770 aliis
1539 736 1696 780 partibus,
1716 746 1775 779 pro
1793 734 1929 768 charita-

1188 792 1259 825 tivis
1279 794 1560 835 eleemosynarum
1579 790 1732 823 subsidiis
1746 789 1783 822 ad
1802 789 1930 822 redem-

1187 845 1308 889 ptionis
1335 846 1537 888 captivorum
1564 847 1594 877 et
1619 843 1681 876 alia
1706 843 1812 876 eidem
1836 841 1929 875 Ordi-

1188 900 1218 932 ni
1239 910 1296 942 pro
1318 905 1465 942 tempore
1490 896 1714 930 incumbentia
1732 905 1834 929 onera
1859 905 1930 938 sup-

1187 953 1346 996 portanda
1371 952 1543 996 petendiS,
1571 951 1686 983 fratres
1711 955 1764 982 aut
1796 948 1930 982 nuntios

1189 1012 1311 1039 vestros
1335 1006 1461 1039 mittere
1487 1004 1721 1039 consueveritis
1739 1031 1746 1044 ,
1773 1008 1806 1036 et
1829 1002 1929 1035 iidem

1189 1059 1302 1092 fratres
1327 1066 1382 1092 aut
1406 1059 1509 1092 nuntii
1538 1058 1661 1101 absque
1694 1056 1929 1100 impedimento

1188 1118 1219 1146 et
1243 1113 1502 1145 contradictione
1534 1112 1794 1155 quibuscumque
1827 1110 1865 1142 ad
1898 1108 1930 1142 id

1187 1164 1288 1207 recipi
1315 1169 1346 1196 et
1370 1163 1493 1197 admitti
1520 1163 1606 1196 soliti
1628 1162 1707 1202 sint3
1726 1167 1833 1194 tamen
1851 1170 1932 1194 non·

1189 1218 1269 1250 nulli
1304 1218 1450 1250 locorum
1488 1216 1673 1249 dioecesani
1709 1220 1741 1248 et
1777 1214 1931 1247 officiales

1189 1282 1303 1304 eorum
1329 1281 1365 1303 ac
1393 1270 1537 1313 religiosi
1564 1269 1704 1312 exempti
1730 1274 1762 1302 et
1787 1278 1852 1301 non
1878 1278 1931 1301 ex-

1189 1325 1461 1368 empti-eosdem
1501 1324 1614 1356 fratres
1651 1328 1683 1356 et
1716 1322 1854 1355 nuncios
1891 1322 1931 1355 ad

1189 1379 1330 1422 petenda
1355 1377 1502 1411 subsidia
1527 1378 1807 1420 eleemosynarum
1825 1375 1932 1408 huius-

1189 1431 1277 1465 modi
1299 1431 1331 1463 in
1358 1441 1470 1464 eorum
1497 1429 1643 1463 ecclesiis
1676 1429 1848 1462 admittere
1874 1438 1932 1462 no-

1189 1486 1276 1526 lunt,
1303 1483 1451 1528 quinimo
1484 1493 1539 1516 eos
1564 1482 1725 1526 impedire
1751 1492 1849 1526 super
1880 1482 1931 1515 his

1190 1543 1416 1582 praesumunt.
1457 1537 1562 1575 Quare
1599 1547 1659 1580 pro
1695 1541 1789 1579 parte
1825 1537 1932 1569 vestra

1191 1592 1249 1624 suit
1267 1591 1362 1625 nobis
1381 1591 1547 1624 humiliter
1565 1591 1782 1634 supplicatum
1804 1594 1839 1622 ut
1859 1599 1932 1632 pro-

1189 1645 1299 1678 videre
1328 1645 1420 1677 vobis
1452 1654 1551 1687 super
1584 1644 1647 1676 hoc
1680 1643 1720 1676 de
1745 1648 1932 1686 opportuno

1190 1698 1337 1732 remedio
1364 1698 1586 1740 dignaremur.
1610 1696 1674 1729 Nos
1699 1696 1809 1739 igitur,
1828 1696 1932 1729 inten-

1190 1752 1306 1785 dentes
1331 1761 1388 1784 vos
1415 1750 1581 1783 favoribus
1603 1749 1753 1793 gratiosis
1775 1748 1931 1793 prosequi

1190 1805 1222 1837 in
1249 1805 1310 1838 hac
1335 1809 1426 1847 parte
1442 1831 1449 1843 ,
1469 1803 1657 1836 huiusmodi
1684 1802 1932 1846 supplicationi-

1190 1859 1249 1891 bus
1276 1856 1436 1897 inclinati,
1455 1857 1614 1896 volumus,
1631 1861 1661 1888 et
1679 1855 1860 1899 apostolica
1879 1865 1933 1889 vo-

1190 1911 1239 1944 bis
1265 1910 1456 1943 auctoritatc
1476 1909 1693 1948 concedimus,
1716 1913 1750 1940 ut
1770 1908 1884 1941 fratres
1901 1913 1934 1942 et.

1191 1964 1297 1997 nuntii
1323 1963 1421 1996 vcstri
1448 1962 1616 2006 praedicti,
1636 1972 1707 1994 cum
1735 1972 1751 1995 a
1776 1961 1865 1995 vobis
1892 1961 1932 1995 ad

1190 2018 1222 2050 id
1249 2017 1339 2050 missi
1366 2016 1501 2055 suerint,
1521 2015 1552 2048 in
1579 2014 1754 2059 provinciis
1781 2019 1813 2048 et
1833 2014 1933 2048 comi-

1191 2077 1257 2104 tatu
1277 2081 1312 2104 ac
1331 2070 1401 2103 aliis
1426 2069 1572 2113 partibus
1591 2068 1791 2110 huiusmodi,
1811 2069 1932 2112 absque

1191 2124 1379 2157 difficultate
1399 2129 1429 2156 et
1447 2122 1706 2155 contradictione
1725 2121 1933 2165 quibuscum-

1191 2189 1265 2222 que,
1280 2176 1470 2211 charitativa
1484 2176 1627 2209 subsidia
1645 2175 1811 2218 praedicta
1829 2175 1932 2208 libere

1191 2237 1304 2275 petere
1337 2231 1465 2263 valeant
1485 2255 1491 2269 ,
1514 2229 1666 2272 quodque
1692 2227 1875 2261 dioecesani
1902 2232 1934 2260 et

1191 2285 1348 2318 officiales
1381 2294 1416 2316 ac
1442 2281 1585 2325 religiosi
1618 2281 1777 2325 praedicti
1811 2281 1842 2314 in
1877 2291 1933 2315 eo—

1192 2349 1263 2371 rum
1290 2337 1439 2371 ecclesiis
1466 2342 1498 2369 et
1522 2340 1611 2369 extra
1636 2345 1689 2368 eas
1714 2335 1845 2368 eosdem
1871 2335 1933 2367 sra-

1192 2397 1257 2424 tres
1283 2395 1315 2424 et
1339 2390 1479 2423 nuncios
1496 2389 1535 2422 ad
1555 2388 1586 2421 id
1604 2387 1738 2431 pacifice
1760 2387 1932 2421 admittere

1193 2450 1377 2478 teneantur.
1393 2442 1576 2475 Districtius
1593 2441 1782 2474 inhibentes
1809 2441 1931 2474 eisdem

1191 2497 1393 2531 dioecesanis
1420 2507 1456 2529 ac
1476 2495 1670 2529 officialibus
1695 2500 1726 2528 et
1750 2493 1932 2536 religiosis,

1189 2556 1224 2583 ut
1250 2551 1363 2582 fratres
1388 2553 1441 2582 aut
1466 2548 1603 2581 nuncios
1630 2551 1724 2580 antea
1754 2547 1858 2580 dictos
1882 2556 1934 2580 oc—

1190 2604 1319 2637 casione
1356 2612 1561 2646 quacumque
1594 2611 1691 2644 super
1715 2600 1760 2634 eis
1785 2600 1933 2634 molesta-

1934 207 1985 236 ΑΒ.
2002 208 2032 236 C.
2053 208 2121 238 1727
