2170 3147
6 159 186 190 An.c.t729

15 593 104 613 loannes
115 589 184 615 Nepo-

5 623 102 639 nnmenus
111 622 149 642 pro
157 622 185 636 si-

5 645 52 669 ιιΙΙο
66 648 183 664 sacramen-

4 671 51 692 talis
68 669 184 691 consessio·

4 698 36 719 nis
49 699 122 717 contra
134 696 183 716 bae>

4 724 79 745 reticos
105 722 182 743 tuendo

5 756 18 771 a
33 750 74 771 Duo
90 749 158 770 datus.

23 2285 111 2307 loannes
124 2286 194 2314 Nepo-

9 2318 90 2333 muceni
122 2316 179 2334 ortus
189 2330 194 2339 ,

11 2339 109 2361 educatio
120 2343 139 2361 et
150 2346 192 2362 mu-

777 159 971 184 BENEDICTUS
997 160 1054 185 xm
1078 161 1127 185 Pr.

196 207 326 251 quidem
345 207 595 245 consessionem,
617 207 679 240 una
705 218 776 240 cum
803 208 874 250 lege
901 212 931 240 et

196 260 395 303 obligatione
432 260 586 293 divinitus
612 262 676 293 lata
708 271 789 303 quae
822 260 862 292 ad
895 260 954 307 ῐΙ·Ι

195 313 256 346 lius
280 318 440 346 secretum
467 313 604 346 attinent
623 314 777 356 religiose
797 313 932 353 celandi,

195 365 416 409 antiquissimi
443 366 605 399 Ecclesiae
633 372 740 410 patres
758 367 838 399 miro
856 377 933 399 sem-

195 429 253 462 per
289 419 500 462 unanimique
533 430 694 453 consensu
729 419 933 452 commcnda-

193 476 309 504 verunt
334 476 365 503 et
389 477 452 504 tota
477 471 623 504 Ecclesia
649 472 687 503 al)
713 471 805 504 initio
823 471 933 504 obser—

195 523 278 557 vavit
303 534 338 556 ac
363 524 460 556 modo
486 524 690 557 sanctissime
717 525 877 557 observat.

239 578 253 620 ,ξ
272 577 297 609 l.
318 577 429 620 ltaque
448 577 506 609 sub
522 578 618 610 tinem
635 577 755 610 saeculi
771 588 786 609 a
805 577 933 610 Christo
954 584 956 588 '

196 635 270 663 nato
302 640 370 669 λιν,
404 640 502 673 quum
532 631 564 662 in
599 630 723 663 vineam
756 641 772 662 a
806 630 956 663 Christo,

195 683 332 716 Domino
355 684 534 727 plantatam
551 684 685 727 eiusque
702 684 845 727 pretioso
864 694 934 716 san-

196 736 296 779 guine
322 747 489 779 aspersam
510 742 624 770 ventus
645 747 743 770 urens
762 747 933 780 pravorum

196 843 382 885 bigensium
424 843 563 875 infausta
609 843 723 876 sobole
767 842 957 893 (Catltaris>

197 896 367 936 nimirum,
395 896 559 929 Patarenis
584 902 615 929 et
639 896 861 938 lilaniehacis)
902 895 932 927 in

197 949 391 982 catholicam
417 949 583 982 veritatem
608 949 809 987 bacchante,
835 958 933 990 quae,

197 1007 328 1045 praeter
353 1002 415 1035 alia
448 1003 625 1045 permulta,
653 1001 873 1034 Ctiisessionis
903 1006 935 1033 ct

196 1055 420 1089 Poenitentiae
464 1060 702 1088 sacramentum
743 1055 957 1098 subvertere}

198 1109 393 1148 conabatur,
422 1119 586 1151 quumque
605 1119 640 1141 ex
660 1107 934 1151 pestilentissimis
955 1105 957 1120 ³

197 1161 290 1195 libris
315 1162 454 1195 Vi'iclessi
481 1168 641 1205 prognata
664 1162 867 1195 llussitarum
886 1172 936 1194 sc-
956 1167 957 1171 ’

197 1220 247 1248 cta
271 1215 501 1248 florentissimo
536 1225 635 1258 regno
667 1215 840 1249 Bolicmiae
877 1215 957 1247 ini-i

198 1269 345 1309 mineret,
372 1269 570 1312 perinsignis
596 1269 733 1302 ccclesia
753 1269 933 1311 Prageusis,

198 1322 373 1365 praecipua
399 1322 560 1356 Romanae
579 1322 644 1355 filia
669 1333 704 1355 ac
723 1322 821 1355 totius
844 1321 934 1364 regni

198 1381 311 1415 mater,
335 1375 437 1408 filium
471 1386 563 1408 suum
589 1375 741 1408 loannem
773 1376 936 1418 Nepomu-
957 1373 958 1409 J

199 1439 316 1462 cenum
340 1439 398 1472 pro
420 1429 525 1471 sigillo
544 1428 786 1462 sacramentalis
807 1428 936 1462 Confes-
957 1455 959 1472 ς

199 1481 300 1515 sionis
324 1482 543 1525 undequaque
579 1482 757 1521 servando,
785 1482 937 1515 adversus
958 1473 959 1476 Ἴ

199 1545 297 1568 noros
323 1535 504 1568 inferorum
531 1541 665 1567 conatus
691 1546 816 1568 minum
839 1546 937 1579 oppo*
958 1533 960 1571 i

200 1589 282 1629 suit,
306 1589 391 1621 unde
413 1588 529 1621 sactum
548 1594 581 1620 ut
599 1588 725 1621 loannis
745 1589 935 1629 constantia,

200 1642 342 1685 glorioso
362 1641 513 1686 martyrio
532 1646 694 1681 coronata,
714 1641 936 1684 compluribus

200 1694 300 1737 signis
326 1695 358 1727 in
384 1697 449 1728 tota
480 1695 634 1728 Bohemia
661 1701 692 1728 et
723 1695 895 1728 Germania
920 1706 937 1728 a

200 1748 265 1781 Deo
307 1748 461 1781 illustrari
500 1748 636 1781 meruit:
684 1759 766 1791 quae
809 1748 937 1781 tandem

201 1802 283 1835 hanc
303 1801 331 1835 S.
351 1801 387 1834 It.
406 1802 457 1839 E„
475 1802 543 1841 cui,
569 1807 701 1835 auctore
727 1802 856 1835 Christo
878 1803 937 1835 Do·
959 1828 960 1831 η

201 1854 303 1895 mino,
329 1854 563 1896 praesidemus,
588 1861 831 1898 permoverunt,
847 1859 880 1887 ut
895 1855 939 1887 vi·
959 1896 960 1902 ἵ

203 1917 272 1939 rum
297 1907 361 1940 Deo
387 1918 497 1940 carum
522 1913 704 1940 sanctorum
726 1908 840 1941 Christi
860 1919 938 1941 mar-
959 1916 960 1935 1

205 1965 308 2002 tyrum
333 1960 451 1992 canoni
492 1971 550 2002 per
589 1971 647 1993 nos
687 1961 938 1994 adsci‘ibendum
959 1963 960 1978 ¹

203 2012 353 2045 sanciret.
373 2012 560 2055 Priusquam
579 2024 652 2045 rero
674 2019 855 2046 anteactam
873 2024 939 2047 cae-
959 2015 960 2033 ³

203 2065 382 2097 remoniam
418 2074 569 2097 enarrare
602 2065 846 2107 adgrediamur,
873 2076 938 2098 ma-

203 2118 285 2151 xime
311 2118 404 2151 dccet
428 2123 462 2149 ut
487 2118 525 2150 de
551 2117 645 2150 beato
671 2122 810 2161 martyre
832 2118 939 2162 aliqua
960 2139 961 2150 2

202 2171 415 2215 proferamus,
431 2176 463 2203 ut
480 2170 567 2203 illius
585 2172 761 2204 sanctitatis
782 2172 940 2205 memoria

204 2224 235 2258 in
261 2224 406 2257 fidelium
430 2224 554 2257 animos
580 2224 705 2257 dulcius
731 2224 893 2258 illabatur.

248 2279 263 2322 ξ
299 2277 330 2310 9..
369 2277 555 2321 Nepomuci‚
594 2277 770 2311 Boliemiae
809 2279 940 2322 oppido,

204 2332 304 2374 praga
326 2331 358 2364 in
376 2331 538 2364 Bavariam
565 2331 657 2363 ituris
684 2331 789 2372 obvio,
817 2342 940 2375 perque

204 2386 235 2419 S.
264 2384 474 2418 Adalbertum
500 2385 696 2427 Pragensem
715 2385 889 2418 antistitem
911 2391 942 2419 et

205 2445 379 2482 martyrem
410 2438 510 2480 signis
535 2438 612 2471 olim
639 2438 824 2479 nobilitato,
851 2438 941 2472 loan-

205 2503 279 2526 nem
305 2493 439 2525 ineunte
465 2492 528 2525 iam
555 2492 685 2525 saeculo
711 2502 761 2525 xxv
786 2498 940 2535 parentes

206 2547 285 2588 eius,
302 2545 423 2590 pietate
448 2546 549 2589 magis
567 2556 662 2589 quam
680 2556 813 2579 avorum
838 2546 939 2579 titulis

316 2608 396 2639 Ball.
411 2608 497 2639 Rom.
510 2625 543 2630 -
564 2608 625 2638 Vol.
643 2608 735 2637 XXII.
882 2607 929 2636 101

974 208 1061 249 clari,
1087 208 1240 252 precibus
1265 212 1297 241 et
1321 207 1402 241 votis
1428 208 1466 241 ad
1492 207 1546 240 Dei
1579 207 1714 240 Matrem

977 260 1051 293 susis
1092 260 1360 304 impetraverunt.
1400 260 1535 303 Egregia
1572 266 1603 292 et
1639 271 1712 292 vere

975 313 1151 346 christiana
1178 313 1271 356 pueri
1297 313 1423 346 indoles
1457 314 1558 356 probe
1586 314 1713 345 exculta

976 367 1082 398 statim
1121 366 1247 405 illuxit;
1287 367 1426 399 formula
1459 366 1544 399 enim
1578 366 1714 409 presby-

977 419 1054 451 teris
1081 419 1222 452 divinum
1249 420 1439 453 sacriticium
1463 420 1592 453 facturis
1611 421 1714 452 inser-

977 471 1084 504 viendi
1110 475 1276 515 percepta,
1302 479 1418 515 sponte
1446 475 1500 506 sua
1530 473 1569 505 ad
1595 483 1715 506 coeno-

977 524 1064 556 bium
1090 525 1323 558 monachornm
1354 525 1629 565 Cisterciensium‚
1656 525 1715 557 Ne-

978 586 1114 619 pomuco
1129 577 1290 615 adiacens,
1307 577 1411 620 primo
1431 588 1524 610 manc
1544 577 1713 610 decurrere

978 628 1181 672 singulisque
1208 629 1260 662 Dei
1288 629 1443 662 ministris
1469 631 1507 662 ad
1538 641 1608 662 aras
1641 640 1715 672 opc—

979 682 1096 714 raturis
1132 682 1316 715 ministrare
1353 683 1534 716 consuerit.
1569 683 1715 715 Adultior

955 734 1101 783 ¹sactus,
1135 734 1319 767 mitioribus
1358 735 1475 768 litteris
1494 763 1501 775 ,
1529 746 1565 768 ac
1602 742 1716 778 postea

197 789 385 833 dogmatum
411 790 570 829 irruisset,
593 790 816 823 waldensium
838 795 869 822 et
889 791 934 822 Al·
955 784 957 794 ¹

978 787 1178 828 grav101·ibus
1204 788 1405 831 disciplinis,
1432 799 1514 831 quae
1540 788 1595 821 Dei
1622 788 1716 821 obse-

979 840 1064 883 quiis
1091 841 1319 873 destinandum
1354 841 1500 874 iuvenem
1538 843 1714 885 praecipue

978 893 1140 933 decerent,
1168 894 1281 927 sedulo
1308 894 1496 934 instructus,
1523 894 1716 927 ecclesiasti-

979 956 1035 979 cae
1072 947 1208 979 militiae
1249 957 1369 980 nomen
1415 947 1491 980 dare
1529 948 1713 987 constituit,

955 1026 956 1035 ,
979 999 1221 1043 praemissoque
1243 1000 1275 1032 in
1304 1005 1410 1033 tantae
1445 1001 1490 1033 rei
1517 1001 1715 1043 cogitatione

980 1063 1091 1086 mense
1106 1053 1144 1085 ab
1160 1054 1308 1087 omnibus
1329 1054 1473 1096 negociis
1499 1065 1609 1093 vacuo,
1628 1065 1717 1097 pres»

978 1107 1159 1150 byteratum
1177 1108 1341 1150 suscepit,
1369 1108 1464 1151 eique
1490 1107 1521 1140 in
1542 1108 1622 1140 aede
1643 1108 1715 1140 Pra-

980 1160 1071 1202 gensi
1091 1160 1123 1193 B.
1145 1160 1296 1203 Virginis,
1318 1171 1412 1204 qnam
1430 1161 1563 1194 Laetam
1584 1162 1716 1195 Curiam

979 1214 1159 1256 appellant,
1186 1214 1273 1246 verbi
1300 1213 1354 1247 Dei
1384 1214 1613 1257 promulgandi
1636 1225 1716 1246 onus

980 1266 1158 1299 iniunctum
1183 1272 1248 1299 est:
1277 1267 1384 1310 quod,
1413 1278 1429 1299 a
1455 1267 1588 1300 suminis
1614 1272 1645 1299 et
1671 1267 1718 1300 di-

957 1319 1073 1367 }sertis
1114 1319 1189 1353 viris
1221 1320 1342 1353 ibidem
1379 1325 1473 1352 antea
1510 1326 1715 1364 occupatum,

981 1375 1067 1405 tanta
1092 1372 1159 1415 ipsc
1185 1373 1360 1416 prudentia
1386 1378 1416 1406 ct
1446 1373 1570 1406 fervore
1603 1373 1719 1416 imple-

980 1425 1035 1465 vit,
1077 1431 1111 1457 ut
1146 1425 1312 1469 Evangelii
1352 1426 1477 1459 semina
1516 1426 1717 1459 audientium

981 1478 1133 1511 cordibus
1150 1479 1311 1519 inserens,
1328 1479 1438 1522 populi
1458 1480 1718 1523 expectationem

981 1531 1183 1575 aequaverit,
1209 1543 1245 1565 ac
1271 1533 1497 1576 superiorum,
1525 1533 1577 1575 qui
1604 1533 1637 1565 in
1663 1543 1715 1565 eo-

981 1585 1053 1617 dem
1079 1585 1184 1619 officio
1211 1586 1426 1630 praeiverant,
1449 1586 1645 1620 desiderium
1668 1597 1716 1619 ex-

983 1638 1121 1672 tinxerit.
1148 1639 1238 1680 llinr,
1257 1639 1414 1672 universis
1441 1640 1622 1673 doctrinam
1650 1641 1715 1673 vir-

982 1697 1145 1736 tutemque
1171 1693 1299 1726 loannis
1325 1693 1600 1734 collaudantibus,
1636 1694 1720 1727 inter

981 1746 1252 1790 metropolitanae
1279 1746 1434 1780 ecclesiae
1468 1747 1637 1790 pragensis
1664 1759 1717 1781 ca-

982 1799 1135 1840 nonicos,
1161 1801 1279 1833 Ioanne
1305 1799 1555 1844 archiepiscopo
1581 1807 1717 1843 agente,

959 1846 960 1886 ἶ
982 1855 1044 1886 una
1069 1855 1164 1896 plane
1190 1853 1335 1886 omnium
1362 1863 1439 1886 voce
1466 1858 1635 1897 cooptatus
1658 1860 1715 1895 est,

982 1906 1010 1939 ei
1037 1907 1144 1940 statim
1170 1907 1202 1940 in
1229 1907 1342 1940 eadem
1368 1907 1508 1940 ecclesia
1533 1918 1642 1941 coram
1668 1908 1720 1942 Ca-

983 1961 1042 1993 roli
1067 1961 1102 1993 iv
1128 1960 1334 2004 imperatoris
1355 1961 1422 1995 tilio
1440 1961 1632 1995 Wenceslao
1658 1962 1720 1996 Ro-

982 2025 1151 2048 manorum
1177 2020 1207 2047 et
1232 2013 1405 2047 Boliemiae
1437 2025 1516 2057 rege
1544 2015 1581 2048 iv
1613 2026 1720 2049 sacras

982 2068 1156 2102 conciones
1183 2067 1336 2107 habenti,
1362 2078 1445 2100 nova
1471 2068 1636 2111 provincia
1662 2069 1719 2102 im-

982 2121 1105 2165 posita,
1132 2131 1193 2163 qua
1226 2120 1361 2153 loannes
1393 2131 1451 2163 pro
1477 2123 1534 2153 sua
1559 2122 1719 2154 modestia

982 2184 1014 2206 se
1040 2174 1156 2206 frustra
1182 2172 1331 2206 abdicare
1362 2173 1505 2206 tentarit.
1533 2174 1718 2218 Compluri-

982 2227 1040 2259 bus
1065 2227 1156 2259 annis
1182 2226 1416 2270 poenitentiam
1442 2233 1554 2261 contra
1579 2229 1716 2269 scelera,

982 2280 1074 2312 aulae
1089 2280 1260 2319 licentiam,
1274 2286 1508 2324 corruptosque
1523 2291 1630 2314 mores
1642 2285 1720 2315 stre-

983 2342 1065 2365 nuus
1081 2332 1285 2366 ecclesiastes
1305 2333 1513 2376 praedicavit,
1529 2334 1720 2368 Wenceslao

983 2387 1060 2418 sana
1083 2385 1150 2418 eius
1175 2385 1364 2428 eloquentia
1389 2386 1490 2426 victo,
1516 2387 1653 2420 necdum
1687 2389 1719 2421 in

982 2438 1135 2472 vitiorum
1160 2439 1273 2472 sordes
1299 2440 1405 2482 lapso,
1444 2441 1545 2473 multa
1581 2441 1638 2473 viri
1664 2441 1720 2475 Dei

982 2503 1077 2525 suasu
1102 2492 1256 2525 faciente:
1294 2493 1347 2536 qui
1388 2499 1476 2527 tanto
1515 2494 1611 2527 etiam
1651 2495 1720 2528 eius

983 2545 1121 2580 ornandi
1147 2544 1254 2579 studio
1280 2545 1430 2580 incensus
1457 2552 1515 2588 est,
1541 2550 1576 2581 ut
1599 2547 1721 2591 praeci⁴

1717 160 1763 186 An.
1789 159 1816 185 C.
1842 159 1906 185 ¹729
