2170 3147
225 181 275 205 An.
297 179 324 206 c.
343 179 410 207 1106
456 172 520 204 476

420 229 571 271 imposita
608 230 728 271 obivit,
772 230 876 264 donec
911 231 1036 265 Limam
1072 232 1161 265 orbis

419 283 598 315 Americani
625 284 809 326 principem
836 284 998 317 civitatem
1025 285 1157 325 missus,

419 335 598 368 incolarum
625 336 750 369 animos
783 337 822 369 ad
848 337 1084 380 poenitentiam
1110 348 1163 371 co-

418 388 575 427 hortatus,
596 389 626 421 ni
646 395 751 431 agant,
770 391 850 423 alter
868 391 970 431 Ionas,
986 398 1161 425 extremam

418 441 543 474 cladem
571 441 810 475 interminatur.
837 443 902 476 Nec
927 455 1027 484 mora,
1048 455 1161 478 omnes

418 493 457 526 ad
482 494 599 527 seriam
624 495 796 528 criminum
825 507 961 530 snorum
987 498 1162 541 poeniten-

419 546 493 578 tiam
518 548 679 589 agendam
706 549 871 591 perduxit.

251 610 328 644 ‘³¹¹¹‘⁴¹.⁴'
375 609 378 628 1
402 642 405 645 1
461 599 475 642 g
500 599 533 633 4.
561 600 691 633 Interim
728 602 862 635 summis
890 613 948 645 pro
975 603 1030 636 Dei
1057 605 1162 647 gloria

223 638 254 682 ¹r‘i's
301 637 310 654 Χ
383 638 643 699 ¹{amplificanda
666 654 832 687 laboribus
851 656 1030 696 consectus,
1048 668 1162 700 supre-

224 689 486 737 ‡2·i¹3:‚.'.1}::‡¹:,5,tt‘mae
512 706 691 739 vocationis
725 707 810 740 diem
847 708 908 740 sibi
936 709 1161 743 imminentem

417 768 611 800 agnoscens,
635 759 849 793 sanctissimis
869 761 1032 795 Ecclesiae
1059 773 1163 796 sacra-

417 812 535 844 mentis
561 813 682 845 muniri
708 814 820 853 voluit,
837 820 868 847 et
892 815 998 858 pridie
1026 816 1096 848 idus
1118 816 1162 848 iu-

419 864 477 896 lias
504 875 588 899 anno
614 865 734 899 Christi
760 866 888 899 Domini
903 877 989 900 innox
1011 868 1042 900 in
1062 869 1161 902 hono-

417 929 485 951 rem
513 919 598 952 beati
625 919 788 952 Ecclesiae
826 920 970 953 doctoris
995 923 1163 955 Bonaven-

419 978 520 1011 turae,
535 972 626 1005 cuius
645 973 825 1016 patrocinio
842 984 873 1006 se
890 975 967 1006 olim
987 975 1161 1015 addixerat,

420 1024 484 1057 Deo
510 1027 623 1065 sacra,
656 1026 806 1058 manibus
832 1026 865 1058 in
890 1026 999 1060 Crucis
1025 1027 1162 1070 liguram

418 1077 605 1120 compositis
622 1105 629 1118 ,
657 1077 727 1121 pias
753 1079 974 1112 oratiunculas
999 1080 1161 1121 recitans,

418 1140 614 1173 semperque
636 1131 669 1163 in
692 1131 827 1164 Domino
858 1131 948 1172 fixus,
977 1133 1009 1164 in
1041 1143 1162 1166 coeno-

417 1182 472 1215 bio
495 1183 628 1216 Limane
657 1183 711 1217 SS.
746 1185 893 1217 Nominis
929 1185 1002 1218 lesu
1036 1186 1163 1229 expira-

419 1235 473 1267 vit.
495 1236 659 1270 Francisci
677 1237 785 1270 anima
804 1238 835 1270 in
862 1239 989 1271 coelum
1015 1239 1160 1283 recepta,

418 1298 528 1321 sacrae
565 1289 634 1321 eius
669 1290 801 1323 exuviae
837 1296 932 1324 antea
967 1291 1160 1335 subnigrae,

419 1351 491 1373 mox
517 1343 674 1384 pulchrae
695 1348 726 1375 et
747 1343 903 1376 candidae
929 1351 1161 1387 apparuerunt,

418 1394 573 1437 suavique
592 1395 695 1428 odore
712 1396 874 1438 perfusae,
891 1398 1035 1441 undique
1056 1399 1094 1431 ad
1109 1409 1162 1431 eas

388 1454 390 1457 ·
419 1448 621 1480 venerandas
639 1450 911 1482 concurrentibus
925 1451 1067 1494 populis,
1083 1451 1163 1484 eius-

418 1510 482 1542 que
515 1501 650 1534 vestinm
687 1503 864 1545 particulas
890 1504 952 1537 sibi
978 1515 1038 1547 pro
1063 1506 1162 1538 sacris

419 1554 565 1596 reliqniis
592 1556 767 1588 servandas
792 1568 907 1599 parare
933 1558 1163 1590 contendenti-

418 1606 487 1639 bus.
513 1607 621 1640 Solani
647 1615 761 1651 postca
787 1610 958 1643 vlrtutibus
978 1617 1009 1643 01
1028 1613 1162 1644 miracu-

418 1659 456 1692 lis
478 1661 623 1694 omnium
649 1663 825 1704 praeconio
843 1664 963 1706 ubique
983 1664 1116 1704 ditl'nsis,
1132 1671 1162 1697 ct

418 1713 503 1755 apud
530 1714 614 1746 hanc
632 1721 775 1748 sanctam
801 1717 1022 1759 Apostolicam
1045 1718 1160 1750 Sedeni

417 1766 575 1808 probatis,
597 1767 668 1809 piae
694 1769 872 1802 memoriae
898 1775 1088 1802 antecessor
1109 1781 1161 1803 no-

417 1825 484 1851 ster
497 1820 643 1853 Clemens
658 1820 743 1863 Papa
765 1822 799 1861 X,
814 1832 843 1854 ix
859 1823 1015 1855 kalendas
1033 1824 1161 1856 10111110-

418 1873 490 1912 rias,
516 1883 602 1905 anno
629 1875 743 1907 salutis
767 1885 927 1915 nnetxxv,
953 1876 1159 1910 Franciscnm

416 1926 568 1958 Solauuin
596 1928 656 1959 ritn
675 1927 706 1960 S.
728 1928 764 1960 R.
789 1929 823 1961 E.
847 1930 951 1961 beatis
978 1931 1157 1973 adscripsit.

224 1984 405 2031 Usincmafiffi
460 1978 522 2020 gf).
544 1979 751 2013 Postmodum
774 1992 863 2021 vero,
885 1992 942 2024 per
958 1983 1160 2015 venerabiles

223 2017 319 2084 diditi.
352 2018 530 2085 '‘stiliggsratrcs
549 2039 675 2065 nostros
693 2034 723 2066 S.
744 2034 780 2066 R.
801 2034 834 2066 E.
859 2035 1042 2068 cardinales
1069 2037 1160 2068 novis

224 2091 356 2110 l'onnlirrm.

418 2085 580 2118 miraculis
605 2098 621 2118 a
648 2092 793 2129 tempore
820 2088 889 2120 01115
911 2089 1159 2121 beatificationis

419 2139 552 2180 patratis
600 2140 630 2171 in
672 2141 858 2183 praesentia
900 2144 1013 2174 nostra
1055 2153 1158 2185 aeque

419 2192 593 2232 discussis,
620 2193 717 2235 inque
756 2194 859 2226 tribus
886 2195 1092 2227 concistoriis
1129 2201 1160 2227 et

418 2245 566 2285 plenario
603 2252 765 2278 conventu
802 2248 992 2279 eorumdem
1027 2259 1159 2281 venera-

418 2297 532 2329 bilium
566 2300 698 2330 fratrum
735 2301 766 2331 S.
796 2300 831 2331 R.
859 2300 893 2332 E.
922 2301 1157 2340 cardinalium,

418 2354 513 2390 :itqne
531 2351 626 2382 ctiam
645 2352 915 2393 patriarcharum,
943 2353 1159 2396 archiepisco-

417 2411 533 2443 porum
555 2408 586 2434 et
603 2403 830 2446 episcoporum
848 2406 1017 2439 nobiscum
1036 2407 1158 2440 Romae

417 2455 712 2496 praesentiinniite
727 2459 909 2500 perpensis,
937 2460 1081 2492 unanimi
1108 2472 1158 2493 co-

417 2507 564 2539 rumdem
583 2509 745 2541 sententia
765 2520 823 2552 per
841 2512 932 2544 Sedis
949 2512 1156 2555 Apostolicac

417 2559 563 2592 notarios
578 2571 686 2593 coram
702 2561 795 2594 nobis
814 2566 956 2606 excepta,
976 2576 1157 2607 regumque

1011 182 1193 208 BULLARIUM
1218 183 1375 209 ROMANUM

1206 243 1242 266 ac
1274 233 1458 278 principum
1496 235 1748 269 christianorum
1785 236 1950 281 totiusque

1206 286 1335 320 Ordinis
1362 288 1496 321 fratrum
1521 288 1680 323 Minorum
1705 300 1765 333 pro
1788 290 1823 322 B.
1851 290 1951 324 Fran-

1206 340 1292 373 cisco
1331 341 1451 375 Solano
1492 343 1523 374 in
1559 348 1745 375 sanctorum
1784 344 1951 377 consesso-

1206 403 1277 426 rum
1302 404 1367 427 non
1386 395 1574 437 pontificum
1593 406 1753 429 canonem
1776 397 1949 430 referendo

1206 446 1359 488 precibus
1397 447 1490 480 nobis
1529 448 1623 481 enixe
1655 450 1840 491 porrectis,
1876 455 1951 492 post

1208 504 1314 532 tantae
1340 499 1385 532 rei
1411 500 1634 543 perficiendae
1659 502 1841 534 solemnem
1862 502 1950 534 diem

1206 551 1380 591 indictam,
1408 563 1532 596 perque
1557 553 1742 593 orationes,
1772 555 1894 588 ieiunia
1919 560 1951 588 et

1207 605 1435 648 eleemosynas
1454 605 1689 649 omnipotentis
1707 606 1762 639 Dei
1779 617 1875 650 opem
1892 608 1952 640 ser-

1206 658 1394 690 ventissime
1405 658 1620 701 imploratam,
1633 660 1764 692 demum
1778 660 1950 701 universis,

1207 720 1288 753 qnae
1306 721 1342 743 ex
1362 716 1604 744 antecessorum
1629 717 1814 746 nostrorum
1835 713 1950 746 Roma-

1207 773 1323 795 norum
1363 763 1556 797 Pontificum
1589 765 1881 799 constitutionibus
1919 771 1951 799 et

1206 815 1236 847 S.
1266 815 1301 847 R.
1327 816 1362 848 E.
1391 816 1564 860 disciplina
1589 818 1715 860 agenda
1741 823 1842 859 erant,
1862 819 1950 852 omni

1207 869 1366 910 religione
1393 870 1542 912 peractis,
1569 871 1630 903 hac
1655 872 1708 904 die
1734 872 1766 905 in
1788 873 1951 905 honorem

1207 922 1240 954 B.
1271 922 1400 955 loannis
1424 924 1563 966 apostoli
1590 930 1622 957 et
1647 925 1864 967 evangelistae
1885 925 1951 958 Deo

1206 977 1318 1014 sacra,
1343 978 1407 1008 una
1440 987 1512 1009 cnm
1549 977 1666 1010 iisdem
1703 978 1948 1011 venerabilibus

1207 1027 1360 1060 fratribus
1386 1029 1508 1061 nostris
1534 1030 1565 1062 S.
1595 1030 1631 1062 R.
1658 1030 1681 1062 E
1706 1030 1948 1071 cardinalibuS,

1206 1080 1425 1123 patriarchis,
1449 1082 1704 1125 archiepiscopis
1729 1089 1761 1116 et
1785 1084 1949 1127 episcopis

1206 1144 1242 1165 ac
1266 1134 1437 1177 utriusque
1463 1135 1542 1167 cleri
1570 1141 1601 1168 et
1625 1137 1740 1179 populi
1766 1136 1950 1179 frequentia

1206 1187 1239 1219 in
1257 1194 1493 1221 sacrosanctam
1512 1189 1681 1222 basilicam
1701 1190 1859 1233 Principis
1877 1201 1950 1234 apo-

1206 1241 1363 1274 stolorum
1389 1241 1456 1274 Deo
1475 1242 1699 1285 supplicantes
1721 1243 1949 1283 convenimns;

1205 1293 1269 1333 ubi,
1289 1295 1403 1333 semel.
1421 1294 1540 1327 iterum
1562 1301 1594 1327 01
1615 1295 1711 1328 101110
1730 1306 1788 1338 pro
1809 1296 1876 1328 viro
1893 1296 1949 1329 Dei

1206 1345 1379 1379 Francisco
1394 1346 1513 1379 Solane
1531 1347 1563 1379 in
1580 1353 1766 1380 sanctorum
1783 1348 1950 1381 consesso-

1205 1409 1275 1431 rum
1301 1410 1462 1432 canonem
1490 1400 1677 1439 referendo,
1695 1411 1753 1444 per
1778 1401 1950 1434 venerabi-

1206 1452 1270 1484 lem
1288 1452 1418 1485 fratrem
1433 1458 1581 1485 nostrum
1595 1453 1805 1486 Laurentium
1818 1453 1849 1486 S.
1862 1453 1899 1486 R.
1911 1454 1945 1486 E.

1206 1505 1393 1548 episcopum
1418 1506 1619 1539 cardinalem
1637 1506 1857 1539 Tusculanum
1878 1506 1949 1540 Cor-

1205 1558 1312 1590 sinum
1338 1564 1560 1602 nuncupatum
1595 1560 1748 1602 precibus
1775 1559 1945 1602 repetitis,

1205 1617 1279 1653 post
1305 1612 1494 1644 decantatas
1521 1623 1628 1645 sacras
1650 1613 1816 1645 orationes
1833 1617 1866 1645 et
1882 1613 1949 1655 Spi-

1205 1665 1285 1696 ritus
1325 1664 1431 1697 Sancti
1469 1666 1605 1707 gratiam
1643 1666 1828 1699 humillime
1863 1666 1949 1699 invo-

1205 1723 1324 1755 catam,
1351 1718 1389 1750 ad
1425 1719 1587 1751 honorem
1625 1724 1755 1751 sanctae
1782 1724 1814 1752 et
1839 1719 1948 1752 indivi-

1205 1770 1287 1802 duae
1324 1770 1505 1809 Trinitatis,
1533 1771 1608 1803 sidei
1646 1772 1826 1804 catholicae
1863 1774 1949 1805 exal-

1207 1823 1381 1862 tationem,
1410 1830 1440 1855 ct
1477 1825 1648 1856 christiani
1675 1824 1817 1858 nominis
1843 1825 1950 1858 incre-

1205 1882 1370 1915 mentum,
1404 1878 1595 1910 auctoritate
1630 1879 1865 1921 omnipotentis
1889 1879 1948 1912 Dei

1206 1929 1322 1967 Patris,
1341 1929 1429 1967 Filii,
1449 1935 1480 1961 et
1505 1930 1643 1972 Spiritus
1670 1931 1793 1970 Sancti,
1815 1938 1847 1964 01
1872 1932 1948 1965 bea-

1206 1988 1309 2014 torum
1336 1984 1564 2025 apostolortnn
1603 1984 1687 2016 Petri
1721 1990 1753 2017 ct
1777 1985 1885 2025 Pauli,
1912 1996 1948 2018 ac

1205 2037 1325 2074 nostra,
1351 2036 1390 2067 dc
1417 2037 1606 2069 corumdem
1634 2037 1870 2071 venerabilium
1888 2038 1949 2070 sra-

1205 2093 1287 2119 trum
1314 2093 1498 2120 nostrorum
1534 2089 1565 2121 S.
1595 2089 1628 2121 [t.
1654 2090 1689 2122 E.
1717 2090 1944 2130 cardinalium,

1203 2141 1472 2183 patriarcharum,
1487 2143 1814 2186 archiepiscoporum
1830 2149 1862 2176 et
1876 2144 1945 2187 epi-

1203 2205 1380 2237 scoporum
1416 2196 1587 2228 nobiscum
1625 2197 1656 2228 in
1693 2197 1842 2240 plenario
1868 2207 1946 2230 con-

1204 2253 1300 2280 ventu
1327 2249 1480 2281 basilicae
1516 2249 1686 2282 Vaticanae
1723 2251 1944 2292 praesentium

1203 2301 1341 2334 consilio
1367 2306 1398 2332 et
1424 2301 1569 2333 unanimi
1595 2311 1766 2342 consensu,
1790 2303 1823 2336 B.
1845 2302 1945 2335 Fran-

1203 2355 1322 2386 015011111
1349 2355 1502 2387 Solanuni
1529 2355 1707 2398 Hispanum
1734 2355 1864 2388 Ordinis
1884 2356 1946 2388 sra—

1204 2413 1288 2439 trnm
1314 2407 1471 2440 Minorum
1487 2434 1494 2447 ,
1520 2407 1575 2450 qui
1601 2419 1617 2440 a
1651 2408 1795 2450 regulari
1826 2408 1944 2441 Obser-

1202 2462 1310 2493 vantia
1335 2462 1553 2504 appellantur,
1580 2462 1619 2494 de
1645 2462 1738 2494 cuius
1759 2462 1943 2504 sanctitate,

1202 2514 1275 2546 fidei
1301 2514 1487 2547 sinceritate
1514 2519 1546 2546 et
1571 2520 1755 2547 ceterarum
1790 2514 1943 2547 virtutum

1201 2572 1234 2598 et
1259 2567 1491 2599 miraculorum
1524 2567 1714 2600 excellentia
1744 2567 1841 2609 plene
1867 2577 1943 2600 con-

1960 189 2009 217 An.
2030 189 2059 218 0.
2073 191 2155 234 172⁶}

2151 144 2162 197 κ’,
2148 103 2166 129 ‘1'

2159 275 2170 295 ι’
2154 209 2170 243 ⁵⁸*
