2170 3147
234 224 283 248 Au.
302 223 329 248 C.
355 224 419 250 1721

469 214 481 245 rl
495 213 531 244 12
1011 220 1190 243 [trimatum

423 270 598 303 commisso
633 269 726 301 nobis
752 280 768 300 a
795 267 897 300 felicis
926 267 1167 301 recordationis

422 324 586 356 Clemente
613 322 651 354 xl
677 326 708 354 et
733 320 925 353 Innocentio
951 320 1017 353 XIII
1052 320 1167 353 Roma-

422 377 472 408 nis
489 375 698 408 Pontificibus
717 373 1027 417 praedecessoribus
1046 372 1167 406 nostris

422 430 453 461 iu
481 429 675 472 quibusdam
701 427 830 460 Ordinis
854 427 989 460 fratrum
1008 426 1166 459 Minorum

422 481 523 514 saneti
569 480 731 513 Francisci
770 486 836 513 tum
874 480 912 513 dc
956 479 1166 512 Observantia

423 540 488 566 tuin
517 534 778 567 Reformatorum
805 537 1067 575 nuncupatorum
1093 542 1189 574 pro-=

423 587 537 619 vinciis
555 586 734 619 visitatoris
753 585 926 629 apostolici
946 595 1079 617 munere
1101 584 1167 616 fun-

423 641 590 683 gebamur,
617 640 821 682 experientia
847 639 1035 677 didicimus,
1065 638 1095 669 in
1114 638 1166 669 Or-

424 694 499 726 dine
527 694 681 737 praefato,
701 693 754 736 qui
782 704 896 726 suaves
922 704 957 725 ac
983 692 1166 724 uberrimos

424 749 455 780 in
483 748 624 780 Ecclesia
649 747 705 779 Dei
741 748 862 779 fructus
896 745 983 779 omui
1022 749 1166 788 tempore

424 800 580 844 protulit,
608 806 640 833 et
664 800 697 833 in
723 800 809 839 dies,
837 810 875 833 eo
908 798 1124 832 benedicente
1151 808 1167 829 a

424 864 489 896 quo
516 854 604 886 bona
637 858 751 885 cuncta
785 852 988 895 procedunt,
1016 850 1167 894 proferre

424 918 488 939 uon
515 906 650 946 desistit,
670 906 816 938 nonnulli
836 904 1026 948 irrepserint
1047 904 1168 936 abusus

423 966 535 992 contra
561 959 740 1002 primitivae
766 959 854 991 illius
880 957 1073 1001 disciplinae
1107 957 1168 989 for-

425 1024 510 1046 mam
536 1012 593 1046 ac¹
621 1012 870 1055 dispositionem
898 1010 1112 1054 quarumdam
1138 1020 1168 1042 a-

424 1066 659 1109 postolicarum
684 1065 952 1098 constitutionum
974 1063 1166 1107 praesertim

425 1119 621 1152 recolendae
640 1119 816 1152 memoriae
837 1118 956 1151 Urbani
980 1118 1083 1160 Papae
1102 1116 1166 1149 Ylll

425 1172 689 1215 praedecessoris
727 1172 850 1215 pariter
887 1171 988 1203 nostri
1015 1171 1066 1202 die
1090 1179 1166 1202 xxui

426 1226 504 1258 iunii
530 1236 705 1264 uncxxxui,
732 1235 801 1258 xxvl
827 1225 906 1256 iunii
933 1233 1105 1260 mcxxxix,
1132 1234 1167 1255 ac

426 1290 433 1311 1
469 1279 565 1311 etiam
600 1278 680 1310 iunii
714 1287 853 1311 iiochix
882 1276 1063 1319 respective
1100 1276 1167 1308 edi—

426 1337 531 1364 tarum
557 1332 708 1374 (quarum
735 1331 867 1374 priore,
901 1330 1081 1373 incipiente
1114 1329 1168 1361 In*

427 1390 473 1417 ter
497 1390 625 1424 celeraS,
652 1384 760 1416 omnia
786 1383 958 1427 privilegia
979 1381 1167 1426 personalia

426 1439 458 1471 in
497 1439 611 1472 eodem
652 1438 771 1471 Ordine
809 1442 972 1480 perpetuo
1011 1437 1167 1478 abrogata

426 1492 569 1530 fuerant,
608 1501 714 1533 neque
746 1491 784 1523 de
816 1496 926 1522 cetero
958 1499 975 1522 a
1002 1499 1166 1532 quoquam

426 1544 561 1577 concedi
587 1554 682 1586 posse
701 1548 829 1575 cautum
849 1548 936 1578 erat:
959 1543 1063 1575 altera
1081 1552 1166 1582 vero,

426 1598 518 1629 cuius
544 1597 671 1629 initium
691 1602 739 1629 est
756 1596 991 1636 Admonemm,
1014 1596 1167 1628 adversus

426 1651 514 1683 illius
539 1649 737 1693 superiores,
760 1649 883 1682 favores
902 1654 992 1681 extra
1013 1647 1167 1681 Ordinem

426 1704 532 1747 ipsum
561 1703 593 1736 in
623 1703 838 1736 concessione
872 1702 1069 1745 gratiarum,
1096 1713 1167 1744 gra-

427 1758 535 1797 duum,
562 1758 743 1790 officiorum
769 1762 800 1789 et
825 1756 1032 1799 dignitatum,
1059 1767 1094 1789 ac
1120 1767 1168 1788 re-

426 1812 579 1845 missione
599 1822 780 1854 poenarum
799 1811 1017 1851 attendentes,
1039 1820 1166 1842 necnon

428 1867 543 1898 fratres
571 1865 732 1898 eiusmodi
771 1864 895 1897 favores
933 1863 1166 1906 conquirentes

428 1923 657 1957 emanaverat;
685 1923 716 1950 et
742 1917 836 1950 tertia
856 1917 997 1956 demum,
1019 1926 1102 1959 quae
1121 1916 1168 1948 iu-

427 1972 505 2015 cipit
529 1971 708 2004 Militantis
728 1970 899 2010 Iis—etesiae,
921 1970 1007 2002 inter
1025 1969 1097 2008 alia,
1116 1979 1169 2012 pa-

429 2025 531 2058 tribus
557 2025 702 2057 eiusdem
735 2023 865 2056 Ordinis
897 2023 963 2062 ius,
997 2022 1168 2055 arbitrium

426 2089 462 2111 ac
479 2075 768 2110 consuetudinem²
785 2076 1080 2119 siqierinteudemli
1099 2086 1169 2118 pro-

427 2130 551 2169 vinciis,
575 2129 797 2169 conventibus,
826 2130 958 2161 fratrum
984 2128 1169 2161 collocatio-

427 2183 532 2223 nibus,
550 2183 688 2226 aliisque
707 2181 988 2225 dispositionibus,
1008 2192 1088 2224 quae
1107 2182 1166 2213 sibi

428 2247 464 2269 ex
491 2236 627 2276 officiis⁷
663 2236 781 2280 quilius
814 2236 912 2268 functi
939 2236 1091 2276 fuerant,
1119 2246 1169 2268 re-

427 2290 583 2322 mansisse
609 2300 664 2322 seu
691 2294 880 2332 competere
898 2289 1167 2332 praetendebant,

427 2344 578 2386 adempta
604 2349 635 2376 et
660 2343 781 2376 abolita
807 2344 968 2386 fuerunt),
996 2343 1037 2375 ob
1063 2343 1169 2375 minus

427 2402 610 2429 accuratam
636 2401 743 2429 autem
766 2396 881 2429 liarum
898 2395 1168 2429 constitutionum

428 2450 667 2483 observantiam
694 2450 793 2482 multa
820 2455 849 2482 et
876 2449 987 2492 gravia
1024 2449 1054 2482 in
1084 2450 1168 2482 dicto

465 2532 473 2556 1
495 2529 561 2556 Male
578 2529 641 2556 edit.
662 2529 739 2556 Main.
757 2529 820 2564 legit
837 2530 875 2556 αιί
892 2538 937 2565 pro
954 2538 986 2556 cic
1001 2531 1039 2563 (R.
1057 2530 1106 2564 T.).

462 2574 478 2600 2
499 2574 535 2600 Ex
555 2574 657 2609 syntaxi
679 2573 822 2608 legendum
845 2575 1019 2602 consuetudo
1042 2574 1082 2601 vel
1102 2582 1168 2601 con-

426 2618 594 2647 suetudines
612 2620 652 2655 (n.
673 2622 723 2653 T.).

1215 220 1370 243 Romami
1959 218 2009 245 An.
2027 218 2054 245 C.
2078 221 2144 248 1724

1211 267 1333 301 Ordine
1359 268 1511 301 adversus
1539 268 1698 311 regularis
1725 267 1953 301 observantiae

1211 321 1352 354 nitorem
1379 321 1586 355 incommoda
1604 321 1682 354 oriri
1709 321 1952 364 dignoscantur,

1210 384 1337 407 necnon
1355 383 1508 416 magnum
1527 374 1719 407 relaxationi
1739 373 1856 406 ostium
1876 383 1955 416 pan-

1211 427 1314 467 datur,
1339 433 1435 470 atque
1462 427 1590 471 spiritui
1618 427 1822 470 paupertatis
1849 431 1881 459 et
1899 427 1954 459 liu-

1210 479 1366 520 militatis,
1393 490 1457 524 quo
1482 480 1674 523 seraphicus
1700 480 1754 512 ille
1780 479 1865 512 Ordo
1898 490 1955 521 po-

1212 532 1368 565 tissimum
1387 532 1544 573 innititur,
1561 533 1738 576 plurimum
1754 532 1954 571 detrahatur,

1209 596 1275 618 non
1300 586 1369 619 sine
1395 585 1524 618 modica
1550 586 1647 618 ctiam
1668 585 1841 627 religiosae
1866 585 1954 618 illius

1211 639 1344 671 fratrum
1370 638 1441 682 paci
1468 643 1498 671 et
1524 637 1767 681 tranquillitatis
1789 637 1954 681 perturba-

1213 692 1299 725 tione
1316 703 1323 724 ⁴.

1255 745 1269 788 ξ
1293 747 1324 779 3.
1353 745 1436 777 Ilinc
1462 750 1511 777 est
1536 744 1622 787 quod
1643 754 1702 777 nos
1718 770 1725 784 ,
1750 743 1803 787 qui
1828 744 1955 786 regula·
2034 756 2146 778 monemur

1212 809 1279 831 rem
1305 798 1512 842 disciplmam
1531 798 1652 841 ubique
1670 797 1789 839 vigere,
1810 807 1954 830 omnem·
1964 786 2147 839 ftiiffi‘ujfs'lss'ssriffl

1212 862 1275 894 que
1302 851 1388 884 illius
1420 851 1630 884 relaxationis
1663 851 1745 883 viam
1782 836 2147 894 praecludi{IILI'S'WZI'JRG

1211 915 1418 948 summopere
1434 910 1632 947 exoptamus,
1660 904 1846 936 huiusmodi
1861 903 1953 936 malis
1965 890 2147 937 egonsili‘iiiigiiss?

1212 962 1243 991 et
1268 958 1485 990 incommodis
1512 958 1551 990 de
1578 962 1767 1001 opportuno
1794 957 1952 998 remedio,
1965 948 2075 964 ⁰⁰¹¹⁰⁰⁵⁵³'

1212 1016 1368 1054 quantum
1394 1021 1465 1043 cum
1491 1010 1628 1044 Domino
1654 1020 1846 1054 possumus,
1878 1020 1954 1053 pro-

1212 1064 1321 1096 videre
1341 1065 1499 1103 volentes,
1517 1063 1661 1106 antiquis
1678 1074 1714 1096 ac
1733 1062 1953 1096 laudabilibus

1212 1117 1286 1150 dicti
1324 1117 1451 1149 Ordinis
1482 1117 1610 1149 statutis
1646 1127 1703 1159 per
1729 1116 1845 1148 Sedem
1872 1118 1954 1159 Apo-

1211 1171 1359 1203 stolicaiu
1386 1168 1586 1202 confirmatis
1612 1169 1836 1210 inhaerendo,
1864 1173 1953 1201 motu

1211 1224 1356 1267 proprio,
1384 1229 1415 1256 et
1436 1234 1472 1256 ex
1500 1224 1589 1255 certa
1614 1222 1753 1255 scientia
1772 1233 1808 1255 ac
1829 1223 1954 1255 matura

1211 1277 1449 1310 deliberatione
1476 1276 1605 1316 nostris,
1628 1276 1732 1319 deque
1752 1275 1954 1319 apostolicae

1211 1331 1379 1374 potestatis
1405 1329 1627 1373 plenitudine,
1659 1330 1720 1362 hac
1744 1330 1855 1362 nostra
1880 1339 1955 1368 per-

1210 1390 1311 1427 petuo
1348 1384 1486 1415 valitura
1522 1383 1688 1415 sanctione
1726 1382 1954 1416 confirmantes

1211 1443 1243 1470 et
1268 1447 1420 1480 expresse
1446 1436 1638 1469 innovantes
1664 1446 1746 1479 quae
1768 1436 1806 1468 ab
1836 1436 1953 1469 eodem

1211 1491 1342 1524 Urbano
1384 1490 1641 1534 praedecessore
1679 1490 1711 1522 in
1749 1489 1850 1522 ternis
1886 1489 1955 1522 eius

1211 1544 1502 1578 constitutionibus
1544 1543 1740 1587 supradictis
1773 1547 1804 1576 et
1841 1553 1858 1575 a
1882 1543 1954 1586 piae

1188 1627 1189 1635 ,
1211 1598 1386 1646 memoriae
1412 1597 1578 1631 Clemente
1605 1597 1689 1641 Papa
1715 1596 1739 1629 X
1764 1596 1955 1640 praedeces-

1211 1662 1286 1684 sore
1323 1652 1421 1684 etiam
1447 1655 1559 1683 nostro
1596 1660 1656 1693 per
1688 1649 1845 1693 quasdam
1882 1659 1955 1681 suas

1212 1705 1243 1737 iu
1269 1705 1340 1748 pari
1379 1705 1479 1737 forma
1505 1703 1614 1736 Brevis
1650 1702 1701 1736 die
1732 1713 1777 1736 vu
1810 1702 1954 1735 octobris

1211 1767 1364 1791 MDCLxxu
1396 1767 1494 1800 super
1520 1759 1600 1789 nova
1634 1755 1824 1789 eorumdem
1855 1755 1954 1799 privi-

1212 1812 1372 1854 legiorum
1408 1811 1631 1854 ltiersonalium
1664 1809 1876 1852 abrogatione
1901 1820 1954 1842 ex-

1211 1866 1339 1909 peditas
1375 1865 1500 1898 litteras
1542 1865 1701 1908 disposita
1738 1869 1769 1896 et
1804 1863 1954 1897 ordinata

1213 1920 1318 1957 fuere,
1357 1918 1467 1951 omnia
1500 1923 1530 1950 et
1566 1927 1790 1961 quaecumque
1827 1915 1955 1949 indulta

1212 1983 1268 2005 seu
1295 1972 1464 2015 privilegia
1489 1971 1685 2014 personalia,
1713 1976 1775 2003 tam
1802 1969 1954 2003 ex-mini-

1212 2031 1361 2065 strorum,
1388 2024 1752 2062 ex-commissariorum,
1779 2033 1838 2055 seu
1870 2022 1954 2055 vice-

1213 2078 1532 2117 commissariorum,
1574 2081 1881 2119 ex-procuratorum
1922 2080 1955 2108 et

1213 2131 1476 2164 ex-detinitoi‘um
1515 2130 1737 2173 generalium,
1768 2140 1864 2173 quam
1901 2139 1955 2162 ex-

1213 2184 1455 2224 ministrorum‚
1480 2184 1704 2217 eii-custodum
1718 2210 1725 2224 ‚
1753 2183 1955 2217 ex-definito-

1212 2248 1283 2270 rum
1310 2237 1572 2281 provincialium,
1599 2242 1698 2280 prout
1722 2237 1820 2270 etiam
1844 2247 1955 2279 ex-ge-

1212 2292 1379 2331 neralinm,
1398 2291 1658 2334 praedicatorum
1677 2295 1772 2334 atque
1793 2291 1954 2324 lectorum

1213 2345 1400 2388 theologiae
1432 2354 1532 2387 supra
1568 2354 1763 2383 numerum,
1790 2353 1850 2376 nec
1886 2353 1953 2376 non

1212 2398 1299 2440 apud
1335 2402 1488 2440 parentes
1524 2398 1572 2430 vel
1603 2396 1866 2439 consanguineos
1899 2400 1955 2429 aut

1213 2451 1289 2484 alibi
1316 2457 1405 2483 extra
1432 2451 1571 2483 claustra
1604 2449 1718 2482 habitu
1743 2454 1872 2483 retento
1898 2449 1953 2482 de-

1213 2504 1328 2546 gendi,
1353 2509 1408 2535 aut
1432 2503 1464 2535 in
1494 2513 1559 2535 uno
1590 2508 1751 2535 conventu
1778 2503 1820 2534 ita
1845 2503 1954 2535 deter-

1212 2557 1332 2589 minate
1358 2555 1602 2594 commorandi,
1629 2560 1664 2587 ut
1688 2555 1813 2588 sublata
1838 2555 1879 2588 sit
1899 2565 1953 2588 su-

1212 2609 1400 2654 perioribus
1428 2609 1560 2642 facultas
1593 2608 1633 2641 ad
1659 2608 1741 2641 alios
1772 2612 1952 2647 conventus
