2170 3147
250 185 303 212 An.
319 185 346 211 c.
371 184 438 210 1725
485 174 548 208 266

1030 183 1208 207 BULLARIUM
1234 183 1388 207 ROMANUM

443 233 585 272 sialiter,
611 237 664 264 aut
698 232 776 265 alias
812 231 1063 275 quomodolibet
1088 231 1185 265 etiam
1205 230 1208 249 ¹
1229 230 1429 272 racinensis,
1455 232 1542 265 iuxta
1578 232 1735 266 hactenus
1767 233 1971 267 observatam

443 286 565 318 iteratis
592 285 718 318 vicibus
744 285 776 317 in
800 285 998 318 contrarium
1033 284 1187 328 praemis-

442 349 551 371 sorum
567 338 742 378 concessis,
762 337 959 380 approbatis,
987 336 1185 370 confirmatis

443 396 473 425 et
506 390 685 430 innovatis,
726 391 852 424 etiamsi
888 390 922 423 in
956 390 1001 423 eis
1037 395 1188 423 caveatur

443 454 596 487 expresse
637 444 724 487 quod
766 444 829 477 illis
868 454 927 486 per
964 453 1186 487 quascumque

440 497 566 530 litteras
585 497 793 540 apostolicas,
813 496 907 529 etiam
930 501 1020 529 motu
1039 496 1108 539 pari
1129 507 1187 539 pro

441 556 589 593 tempore
608 561 788 589 concessas,
805 553 835 583 et
855 560 1074 594 quascumque
1091 550 1186 582 etiam

442 603 730 645 derogatoriarum
758 602 983 645 derogatorias
1005 603 1037 635 in
1056 613 1090 636 se
1113 613 1186 635 con-

442 655 605 693 tinentes,
631 656 782 698 derogari
820 666 886 688 non
922 656 1046 699 possit,
1079 667 1185 700 neque

441 714 613 742 censeatur
634 709 679 742 eis
707 709 909 751 derogatum;
937 709 1056 752 quibus
1082 709 1186 742 omni-

440 763 500 795 bus
532 768 563 795 et
596 762 759 805 singulis,
795 763 923 795 etiamsi
960 762 1000 796 de
1033 763 1096 795 illis
1132 773 1186 796 eo-

441 826 579 859 rumque
607 816 680 849 totis
703 816 871 848 tenoribus
898 816 1060 859 specialis,
1082 816 1187 859 speci-

442 868 506 908 fica,
538 879 689 912 expressa
710 875 741 901 et
759 868 935 909 individua,
958 879 994 902 ac
1020 869 1059 902 de
1085 870 1184 902 verbo

441 923 480 955 ad
517 922 672 960 verbum,
700 933 763 955 non
796 929 904 955 autem
941 933 1000 966 per
1025 924 1185 957 clausulas

441 977 609 1019 generales
630 976 715 1009 idern
740 976 965 1019 importantes,
984 977 1106 1009 mentio
1128 987 1183 1009 seu

442 1030 572 1073 quaevis
588 1030 650 1062 alia
671 1030 836 1072 expressio
852 1030 1002 1062 habenda
1021 1036 1074 1062 aut
1091 1040 1187 1073 quae-

442 1093 579 1126 cumque
606 1083 667 1115 alia
686 1083 845 1126 exquisita
865 1083 967 1116 forma
984 1083 1022 1116 ad
1042 1084 1103 1116 hoc
1121 1095 1186 1117 ser-

442 1137 546 1169 vanda
574 1136 676 1176 soret,
705 1137 838 1169 illorum
860 1136 1006 1169 omnium
1024 1142 1056 1169 et
1077 1137 1185 1180 singu-

441 1188 545 1222 lorum
565 1195 715 1229 tenores,
741 1189 860 1222 formas
882 1195 914 1222 et
939 1200 1068 1230 causas,
1090 1191 1185 1224 etiam

442 1242 645 1285 quantumvis
671 1248 907 1285 praegnantes,
938 1243 1025 1286 pias,
1057 1244 1186 1286 privile-

442 1295 555 1338 giatas,
577 1295 807 1338 praesentibus
833 1306 891 1338 pro
917 1296 1012 1338 plene
1039 1301 1070 1328 et
1098 1296 1186 1329 susti-

442 1349 579 1389 cientes,
607 1359 642 1381 ae
668 1349 706 1381 de
733 1350 835 1382 verbo
861 1350 901 1382 ad
928 1350 1081 1389 verbum,
1102 1351 1185 1383 nibil

440 1402 572 1445 penitus
603 1402 724 1435 omisso
742 1428 749 1441 ‚
774 1402 927 1443 insertis,
955 1403 1117 1445 expressis
1157 1409 1187 1436 et

442 1454 632 1498 specificans
669 1456 851 1495 babentes,
877 1455 940 1488 illis
966 1457 1045 1489 alias
1072 1457 1103 1488 in
1129 1467 1186 1490 suo

441 1508 559 1541 robore
592 1509 830 1551 permansuris,
859 1509 898 1541 ad
930 1510 1185 1552 [juraeinissorum

442 1562 587 1594 omnium
615 1568 645 1595 et
669 1563 872 1605 singulorum
892 1563 1126 1596 validissimum
1145 1565 1187 1596 es-

441 1615 570 1655 sectum,
602 1606 662 1647 bas:
687 1615 753 1648 vice
780 1616 955 1656 dumtaxat,
973 1617 1128 1650 latissime
1156 1623 1187 1650 et

440 1668 629 1712 plenissime
657 1674 696 1701 etr
713 1669 931 1709 sufficienter,
957 1680 1085 1703 necnon
1112 1681 1186 1714 spe-

441 1721 565 1754 cialiter
590 1727 620 1753 et
650 1732 824 1764 expresse,
859 1729 968 1762 motu,
995 1723 1130 1756 scientia
1155 1729 1186 1757 et

440 1774 609 1817 potestatis
634 1775 840 1818 plenitudine
865 1775 1039 1816 similibus,
1068 1777 1184 1810 harum

440 1827 522 1860 serie
556 1829 776 1870 derogamus,
804 1829 986 1872 ceterisque
1012 1829 1186 1862 contrariis

1229 284 1511 326 consuetudinem,
1537 285 1633 318 etiam
1660 285 1846 319 inconsulto
1865 291 1896 319 et
1913 287 1971 319 mi-

1229 337 1316 370 nime
1342 338 1452 371 audito
1478 339 1621 382 capitulo
1648 338 1807 372 ecclesiae
1845 339 1970 373 Priver-

1229 390 1350 431 nensis‚
1368 391 1521 424 vicarium
1543 391 1756 435 capitularem
1782 391 1904 434 eligere
1922 403 1971 425 va-

1229 445 1311 484 leat,
1348 444 1424 488 qui,
1450 450 1620 487 postquam
1658 454 1675 476 a
1707 444 1792 478 dicto
1829 444 1971 488 capitulo

1229 496 1456 530 Terracinensi
1482 497 1638 530 canonice
1665 497 1787 530 electus
1813 502 1844 531 et
1869 499 1971 542 depu-

1230 555 1313 583 tatus
1338 551 1447 591 suerit,
1472 561 1564 584 suam
1591 550 1846 584 iurisdictionem
1873 552 1971 585 etiam

1230 604 1262 637 in
1289 604 1425 637 ecclesia
1452 604 1658 636 Privernensi
1678 614 1830 638 exercere
1849 605 1969 647 valeatg

1230 659 1384 701 quodque
1402 685 1409 698 ‚
1437 657 1475 690 ai]
1511 657 1671 690 tollendas
1696 657 1811 690 suturis
1848 663 1972 703 tempo·

1229 711 1317 744 ribus
1352 710 1590 744 controversias
1627 721 1851 755 quascumque
1888 712 1974 746 inter

1230 765 1479 798 Privernensem
1492 764 1674 797 etSetinam
1695 765 1863 805 ecclesias,
1881 776 1974 808 prae-

1230 817 1325 861 cipue
1351 818 1383 850 in
1407 817 1535 850 casibus
1558 823 1588 850 et
1607 817 1837 858 functionibus,
1857 818 1888 851 in
1906 819 1973 862 qui-

1229 870 1288 903 bus
1328 871 1469 914 capitula
1510 870 1729 904 Privernensis
1770 875 1802 904 et
1843 871 1973 906 Setinae

1230 924 1441 957 ecclesiarum
1467 924 1685 968 praefatarum
1702 923 1833 958 insimul
1858 925 1972 960 adesse

1229 978 1422 1020 contigerit,
1450 989 1486 1010 ac
1512 977 1608 1010 etiam
1626 977 1659 1010 in
1678 977 1800 1010 actibus
1818 977 1973 1012 consisto-

1230 1031 1372 1070 rialibus,
1388 1030 1577 1064 alternativa
1598 1031 1681 1063 inter
1699 1041 1754 1064 eos
1773 1032 1974 1075 praeceden-

1230 1084 1292 1116 tiae
1313 1090 1513 1117 exerceatur.
1539 1083 1693 1116 Volumus
1719 1084 1860 1128 denique
1886 1086 1973 1128 quod

1229 1137 1464 1177 communitas,
1489 1137 1666 1180 capitulum
1699 1142 1731 1170 et
1764 1138 1869 1171 clerus
1905 1138 1974 1171 Pri-

1229 1190 1395 1223 verneusis
1421 1190 1556 1233 obligati
1578 1190 1642 1223 sint
1666 1194 1698 1224 et
1723 1195 1896 1224 teneantur
1917 1202 1973 1224 eo-

1230 1252 1301 1275 rum
1345 1244 1495 1286 expensis
1537 1253 1644 1276 emere
1685 1253 1740 1276 seu
1781 1249 1972 1277 construere

1230 1295 1361 1338 aliquod
1388 1296 1505 1329 decens
1531 1295 1700 1339 palatium,
1735 1295 1767 1328 in
1793 1307 1857 1339 quo
1883 1307 1973 1340 prae-

1230 1348 1313 1380 fatus
1339 1348 1513 1391 episcopus
1540 1348 1578 1381 ad
1605 1349 1674 1381 eius
1692 1348 1862 1382 arbitrium
1888 1361 1973 1383 com-

1230 1401 1325 1434 mode
1344 1406 1374 1434 et
1399 1402 1554 1435 decenter
1575 1401 1723 1435 habitare
1742 1403 1859 1442 valeat,
1877 1402 1973 1447 eique

1230 1456 1354 1488 solvere
1374 1456 1514 1488 debeant
1538 1455 1822 1498 procurationem,
1842 1457 1973 1500 quando

1231 1514 1376 1553 tempore
1402 1510 1551 1552 inceptae
1577 1509 1772 1542 visitationis
1792 1509 1824 1542 in
1846 1510 1973 1544 civitate

1231 1563 1436 1595 Privernensi
1464 1573 1528 1596 non
1548 1562 1728 1595 resederit:
1758 1562 1973 1597 decernentes

1231 1616 1351 1656 etiam,
1379 1616 1485 1659 quoad
1520 1615 1735 1659 posteriorem
1772 1617 1971 1651 voluntatem

1230 1675 1372 1702 nostram
1400 1669 1604 1709 huiusmodi,
1625 1680 1662 1702 ex
1685 1679 1771 1702 nunc
1795 1669 1924 1703 irritum
1942 1676 1974 1704 et

1230 1722 1325 1755 inane
1352 1723 1376 1755 si
1401 1732 1495 1756 secus
1525 1733 1624 1765 super
1661 1722 1709 1755 bis
1745 1733 1762 1755 a
1787 1733 1970 1767 quoquam,

1229 1777 1338 1818 quavis
1363 1777 1563 1816 auctoritate,
1588 1776 1728 1809 scienter
1745 1777 1793 1809 vel
1820 1775 1972 1819 ignoran-

1231 1835 1286 1869 ter,
1313 1830 1486 1873 eontigerit
1510 1830 1674 1863 attentari.

1977 186 2024 212 Αη.
2043 186 2071 212 C.
2096 188 2162 217 ¹725

2009 1890 2097 1912 Sanctio
2116 1897 2167 1919 poe-

441 1881 710 1924 quibuscumque.
1982 1917 2046 1938 naus.

308 1944 430 1964 Ordinntm-

484 1935 498 1977 ς]
525 1933 555 1966 7.
585 1934 737 1967 Volumus
762 1940 869 1968 autem
895 1935 983 1979 quod
1008 1947 1068 1979 per
1093 1947 1186 1979 prae-

245 1976 282 2016 ¹35³
308 1972 565 2019 c'issiii'fii‘iiseutem
598 1987 887 2029 reintegrationem
916 1988 1020 2021 dictae
1051 1989 1184 2022 maioris

245 2029 287 2075 {1¹0³}
304 2029 428 2070 tJiil'rififfJJ'
441 2040 597 2073 ecclesiae
612 2041 836 2074 Prircrnensis
853 2042 890 2074 ud
901 2042 1184 2076 catlredralitatem

441 2104 497 2125 seu
529 2094 617 2127 illius
645 2105 758 2127 novam
786 2096 988 2129 erectionem
1017 2096 1049 2129 iu
1075 2097 1185 2130 cathe-

440 2148 578 2188 dralem,
597 2159 613 2180 a
640 2149 734 2182 nobis
757 2149 821 2190 sie,
848 2155 883 2182 ut
910 2151 1114 2193 praefertur,
1140 2151 1185 2183 sa-

439 2207 513 2241 ctus,
530 2202 674 2245 episcopi
694 2203 943 2236 'l'erracineuses
962 2214 1018 2247 pro
1039 2210 1185 2247 ternpore

440 2253 616 2285 existentes
649 2256 781 2297 possint
810 2255 841 2287 in
876 2256 1021 2298 praefata
1055 2256 1184 2290 civitate

439 2306 584 2339 Priverni
613 2307 764 2347 residere,
784 2314 838 2340 aut
863 2308 1005 2342 retinere
1032 2309 1184 2342 vicarium

439 2360 624 2401 generalem
651 2366 705 2393 aut
730 2362 915 2404 specialem,
934 2362 1183 2405 functionesque

440 2413 646 2454 episcopales
682 2415 885 2457 temporibus
922 2420 952 2448 et
987 2415 1100 2448 diebus
1139 2415 1184 2448 eis

438 2465 602 2497 hen-wisis
630 2467 748 2499 ibidem
777 2479 955 2510 peragere,
982 2480 1114 2512 semper
1141 2475 1184 2501 ta-

438 2529 513 2550 men
540 2529 650 2551 corum
678 2521 828 2561 arbitrio,
866 2522 943 2554 sede
969 2527 1077 2554 autern
1115 2523 1183 2564 epi-

437 2572 561 2615 scopali
582 2578 725 2613 vacante,
740 2574 917 2617 capitulum
933 2576 1091 2608 ecclesiae
1111 2575 1181 2607 Ter-

1274 1884 1288 1927 g
1313 1883 1344 1917 8.
1371 1883 1456 1916 Nulli
1482 1894 1560 1926 ergo
1582 1883 1715 1917 omnino
1742 1883 1913 1917 hominum
1935 1885 1972 1917 li-

1229 1943 1300 1971 ceat
1326 1938 1410 1970 bane
1434 1937 1586 1981 paginam
1609 1942 1739 1970 nostrae
1764 1937 1970 1979 evocationis,

1230 1990 1448 2031 extinctionis,
1477 1990 1755 2033 reintegrationis,
1778 1991 1971 2032 erectionis,

1229 2044 1358 2084 indulti,
1385 2044 1516 2085 decreti,
1551 2043 1772 2087 derogationis
1804 2049 1835 2077 et
1859 2045 1972 2078 volun-

1231 2097 1302 2129 tatis
1328 2097 1530 2139 intringere,
1564 2097 1612 2130 vel
1639 2097 1667 2130 ei
1693 2108 1770 2130 ausu
1798 2097 1972 2131 temerario

1230 2149 1413 2190 contraire,
1442 2150 1467 2182 si
1498 2150 1569 2193 quis
1593 2155 1699 2183 antem
1725 2150 1788 2183 hoc
1812 2155 1972 2184 attentare

1229 2204 1507 2247 praesumpserit,
1532 2204 1790 2246 indignationem
1817 2203 1969 2247 omnipo-

1230 2257 1326 2290 tentis
1359 2257 1414 2289 Dei
1441 2268 1476 2289 ac
1500 2257 1673 2289 beatorum
1710 2256 1794 2289 Petri
1825 2261 1856 2290 et
1881 2256 1970 2290 Pauli

1228 2310 1453 2353 apostolorum
1470 2309 1538 2342 eius
1554 2320 1587 2343 se
1602 2309 1729 2342 noverit
1750 2309 1968 2342 incursurum.

1272 2363 1384 2395 Dattun
1411 2363 1545 2402 Romae,
1567 2363 1652 2406 apud
1675 2362 1705 2395 S.
1725 2362 1867 2402 Petrum,
1886 2371 1970 2395 anno

1227 2416 1467 2449 lucar-nationis
1513 2415 1696 2448 dominicae
1737 2425 1904 2454 noccxxv,
1942 2425 1972 2448 1v

1227 2469 1297 2501 idus
1323 2469 1531 2513 septembris,
1560 2468 1768 2512 pontificatus
1797 2468 1897 2500 nostri
1920 2479 1971 2501 an-

1227 2533 1267 2555 uo
1292 2533 1326 2555 11.

1262 2584 1319 2611 Dat.
1338 2584 1382 2610 (lie
1401 2584 1431 2611 ¹0
1445 2583 1609 2619 septembris
1627 2582 1703 2616 ¹725,
1721 2581 1821 2618 pontif.
1837 2589 1910 2610 anno
1929 2588 1958 2611 11.
