2170 3147
11 233 59 259 An.
80 233 109 260 C.
128 232 195 260 ¹724

39 1243 142 1265 Statuitur
172 1244 193 1261 nt

13 1275 103 1291 coronae
114 1271 193 1294 septem

13 1297 107 1317 «totorum
117 1295 174 1316 EM,
182 1301 193 1315 a

14 1323 57 1343 suis
92 1321 193 1346 religiosis

14 1348 173 1370 benedicantur.

774 231 969 254 BEXEDICTI'S
997 231 1053 254 XIII
1078 232 1127 254 Pr.

200 286 368 325 praeterea
393 280 566 323 praedictis
588 278 863 319 christifidelibus,
882 279 934 321 qui

200 334 344 377 quotidie
370 343 428 376 per
452 332 613 374 integrum
636 342 756 364 annum
777 342 933 364 memora-

200 392 262 419 tam
293 386 450 419 Coronam
486 385 609 427 pariter
645 384 871 423 recitaverint,
905 389 935 415 et

199 439 335 473 subinde
362 449 436 471 vere
461 437 666 481 poenitentes
691 443 722 470 et
746 438 886 470 confessi
900 448 935 469 ac

200 494 289 526 sacra
314 492 542 525 communione
567 491 679 523 resecti
705 501 763 533 pro
789 490 936 523 christia-

200 557 317 580 norum
341 545 526 588 principum
552 544 737 582 concordia,
760 544 934 576 haeresum

199 599 438 641 extirpatione,
465 608 501 629 ac
526 601 657 629 sanctae
682 596 793 628 matris
824 595 935 628 Eccle-

200 652 267 685 siae
293 651 487 684 exaltatione
513 650 581 692 pias
611 649 651 681 ad
683 648 784 681 Deum
820 659 934 691 preces

200 703 379 743 effuderint,
399 702 577 745 plenariam
597 702 695 734 semel
718 701 749 733 in
768 711 865 738 anno,
883 701 932 732 div
955 707 957 713 ·

200 767 258 800 per
271 765 535 798 unumquemque
550 765 586 787 ex
602 754 647 787 eis
662 754 821 796 eligenda,
840 753 934 786 lut-ri-

200 810 377 842 saciendam
403 809 547 841 omnium
574 812 780 851 peccatorum
805 817 933 839 suorum

199 861 435 904 indulgentiam
461 866 492 893 et
516 860 752 898 remissionem,
776 870 870 902 (ptam
890 864 935 892 et-

200 915 261 948 iam
286 914 453 947 animabus
474 911 742 951 christifidelium,
761 922 844 955 quae
870 912 935 944 Deo

201 968 233 1000 in
258 967 413 1000 charitate
435 967 626 1000 coniunctae
652 966 691 998 ab
709 965 770 998 hac
788 966 859 998 luce
878 965 935 997 mi-

200 1020 365 1062 graverint
383 1047 390 1059 ‚
417 1029 476 1062 per
500 1019 631 1052 modum
656 1017 800 1060 suffragii
838 1017 936 1060 appli-

202 1083 275 1106 care
300 1072 436 1116 possint,
463 1071 719 1104 misericorditer
743 1070 775 1102 in
800 1070 935 1103 Domino

202 1125 407 1159 concedimus
432 1130 463 1157 et
487 1124 680 1166 elargimur:
708 1123 936 1166 praesentibus

203 1178 369 1222 perpetuis
394 1178 508 1210 suturis
535 1176 736 1220 temporibus
760 1176 917 1208 valituris.

247 1231 315 1274 §⁰2
342 1231 495 1264 Volumus
527 1235 631 1262 autem
665 1229 751 1272 quod
784 1229 934 1271 superio-

203 1295 253 1318 res
279 1289 506 1323 conventuum,
525 1293 581 1315 seu
607 1282 751 1324 religiosi
780 1281 936 1324 praedicti

205 1337 334 1370 Ordinis
365 1336 418 1379 qui
451 1337 490 1369 ab
523 1336 586 1368 illis
618 1336 657 1368 ad
690 1336 722 1368 id
756 1335 939 1378 specialiter

205 1390 347 1432 deputati
371 1390 500 1429 fuerint,
519 1399 655 1422 coronas
680 1388 865 1420 huiusmodi
884 1389 938 1420 be-

205 1443 374 1477 nedicendi
400 1444 583 1476 facultatem
608 1442 761 1481 habeant,
779 1446 810 1474 et
832 1447 867 1473 ut
892 1452 939 1473 su-

166 1538 169 1539 ⁷
208 1495 371 1539 pradictae
391 1506 531 1529 coronae
560 1494 679 1528 nemini
698 1494 823 1537 possint
843 1494 936 1526 vendi

205 1558 264 1581 nec
287 1549 494 1589 commodari,
519 1553 561 1587 et,
582 1548 607 1580 si
633 1558 725 1580 secus
750 1546 813 1586 fiat,
835 1547 940 1579 indul-

205 1598 333 1640 gentiae
358 1599 562 1641 supradictae
588 1603 722 1637 cessent,
748 1597 937 1640 nulliusque

203 1651 267 1683 sint
291 1651 419 1684 roboris
443 1652 493 1684 vel
519 1651 685 1690 momenti,
711 1650 765 1682 sed
785 1650 869 1682 eirca
886 1661 938 1682 eas

204 1704 370 1737 decretum
407 1715 423 1736 a
459 1704 561 1737 felicis
598 1703 831 1736 recordationis
868 1703 940 1735 Ale-

203 1757 325 1789 xandro
357 1756 413 1789 PP.
450 1756 498 1788 vll
538 1757 787 1799 praedecessore
825 1762 938 1789 nostro

205 1809 256 1842 die
281 1819 310 1842 v1
337 1809 490 1842 februarii
512 1819 645 1843 ‚unetvn
667 1809 789 1841 editum
804 1809 938 1842 omnino

205 1866 369 1901 servetur;
396 1866 496 1904 utque
516 1861 703 1894 earumdem
717 1861 938 1904 praesentium

205 1914 385 1946 litterarum
411 1914 621 1956 transumptis
637 1940 644 1954 ,
673 1924 731 1946 seu
757 1914 913 1956 exemplis
930 1940 937 1953 ,

206 1966 302 1999 etiam
328 1966 515 2009 impressis,
540 1976 637 1998 manu
663 1966 798 1999 alicuius
824 1966 939 1998 notarii

207 2018 329 2061 publici
355 2018 544 2061 subscriptis
571 2025 602 2050 et
638 2018 744 2061 sigillo
779 2029 939 2062 personae

208 2070 241 2102 in
258 2070 477 2102 ecclesiastica
495 2071 649 2112 dignitate
667 2071 859 2104 constitutae
877 2081 942 2103 mu-

207 2121 284 2154 nitis
301 2148 308 2162 ,
335 2122 446 2155 eadem
471 2133 604 2165 prorsus
629 2122 709 2156 fides
734 2123 939 2164 adhibeatur,

208 2184 290 2216 quae
316 2174 528 2206 adhiberetur
558 2174 636 2217 ipsis
665 2175 891 2217 praesentibus
916 2176 941 2208 si

209 2228 313 2259 forent
337 2227 499 2259 exhibitae
525 2228 572 2260 vel
599 2233 760 2261 ostensae.

249 2279 362 2312 Datum
386 2279 516 2319 Romae,
543 2280 627 2322 apud
648 2280 679 2313 S.
700 2280 830 2313 Mariam
846 2280 943 2314 Maio-

206 2343 285 2371 rem,
303 2332 361 2364 sub
383 2334 503 2365 annulo
524 2332 707 2372 piscatoris,
741 2332 792 2366 die
806 2343 877 2366 xxvl
897 2343 944 2366 se-

206 2385 366 2429 ptembris
392 2394 575 2425 nnccxxlv,
599 2385 810 2428 pontificatus
837 2387 943 2419 nostri

206 2448 292 2470 anno
314 2448 335 2471 1.

241 2500 301 2528 Dat.
317 2500 361 2528 die
377 2500 411 2528 26
431 2500 597 2536 septembris
616 2501 692 2536 1724,
715 2501 813 2537 pontif.
836 2509 906 2530 anno
923 2489 950 2529 1.⁸

1316 278 1449 310 XXXIV.

980 349 1172 382 Conceditur
1203 349 1360 390 fratribus
1393 348 1525 381 Ordinis
1550 348 1607 381 SS.
1639 348 1713 380 Tri-

1023 402 1136 433 m'catz's
1162 401 1402 443 Redemptionis
1427 401 1628 443 captivorum
1661 401 1717 442 fu—

1023 453 1127 485 cultas
1138 452 1333 484 nominandi
1345 452 1466 485 iudices
1484 459 1717 485 conservatores

1023 506 1058 536 in
1092 506 1299 537 conventibus
1328 505 1572 547 provinciarum
1599 505 1718 538 Castel-

1025 558 1082 597 tae,
1111 558 1271 601 Leqi'om's,
1297 556 1463 590 Nararrac
1482 561 1509 589 el
1528 556 1714 590 Bael1'cae¹.

1155 636 1337 664 Benedictus
1359 637 1439 669 Papa
1459 637 1540 668 xm,

1118 681 1154 707 ad
1173 681 1308 707 futuram
1323 680 1367 707 rei
1394 681 1577 707 memoriam.

1023 754 1037 794 ᾗ
1060 752 1083 783 l.
1103 751 1226 793 Exponi
1246 751 1340 783 nohis
1355 761 1460 794 nuper
1482 750 1557 783 fecit
1581 751 1718 784 dilectus

979 804 1062 837 silius
1086 803 1245 836 Attilanus
1263 804 1360 836 Percz
1376 810 1568 846 procurator
1585 814 1719 846 genera-

982 858 1020 889 lis
1038 858 1168 889 Ordinis
1187 857 1319 889 fratrum
1339 857 1391 889 SS.
1409 857 1574 889 Trinitatis
1595 858 1718 890 redem-

979 910 1099 953 ptionis
1125 910 1343 953 captivorum,
1379 910 1410 942 in
1435 912 1526 943 sacra
1553 910 1720 953 theologia

979 963 1151 1005 magister,
1178 968 1239 995 tam
1266 973 1323 995 suo
1350 973 1445 1005 quam
1472 963 1663 995 dilectorum
1690 963 1720 995 fi-

981 1015 1099 1048 liorum
1129 1012 1260 1047 fratrum
1288 1022 1505 1048 conventuum
1531 1015 1717 1058 provincia-

980 1078 1050 1100 rum
1077 1068 1245 1107 Castellae,
1272 1068 1422 1110 Legionis
1447 1073 1478 1101 et
1494 1068 1666 1108 Navarrae,
1686 1079 1721 1100 ac

981 1121 1127 1154 Baeticae
1155 1121 1362 1161 nominibus,
1395 1122 1504 1164 quod,
1536 1122 1721 1154 vacantibus

980 1173 1200 1216 potissimum,
1219 1173 1264 1205 uti
1291 1184 1327 1206 ex
1354 1174 1490 1217 proprio
1509 1174 1657 1206 instituto
1677 1179 1721 1206 te-

980 1232 1108 1265 nentur,
1136 1237 1248 1259 eorum
1274 1227 1436 1269 religiosis
1453 1227 1654 1270 captivorum
1674 1238 1722 1260 re-

982 1279 1161 1322 demptioni
1177 1290 1212 1312 ex
1228 1281 1378 1313 manibus
1398 1286 1429 1313 et
1445 1281 1525 1313 dura
1543 1280 1720 1313 infidelium

981 1333 1137 1366 servitute
1165 1339 1227 1365 tam
1254 1334 1286 1365 in
1310 1334 1404 1366 Asiae
1430 1344 1526 1377 quam
1545 1334 1577 1366 in
1593 1334 1721 1367 Africae

981 1385 1139 1428 partibus,
1166 1396 1201 1419 ac
1226 1385 1259 1417 in
1285 1396 1367 1429 opus
1393 1391 1456 1419 tam
1481 1386 1569 1429 pium
1592 1386 1722 1419 christi-

981 1438 1124 1471 fidelium
1151 1444 1181 1472 et
1206 1444 1393 1481 magnatum
1412 1439 1652 1481 largitionibus,
1672 1440 1722 1472 be-

982 1492 1153 1524 nedicente
1165 1491 1312 1531 Domino,
1325 1491 1578 1532 confluentibus,
1592 1492 1721 1535 saepius

982 1545 1133 1587 contigit,
1161 1550 1193 1577 et
1224 1555 1290 1577 non
1329 1545 1399 1577 sine
1440 1545 1576 1577 maxima
1609 1556 1720 1579 eorum

981 1597 1196 1631 amaritudine
1222 1598 1253 1630 in
1288 1598 1357 1630 dies
1391 1598 1582 1640 contingere
1615 1599 1720 1639 solet,

982 1649 1141 1682 eiusmodi
1167 1650 1313 1682 subsidia
1339 1661 1375 1683 ae
1401 1650 1495 1683 etiam
1522 1651 1645 1684 animos
1672 1661 1723 1684 re-

982 1703 1171 1744 ligiosorum
1197 1703 1333 1735 distrahi
1349 1703 1390 1735 ob
1412 1703 1619 1745 insurgentes
1638 1703 1720 1743 lites,

982 1765 1063 1797 quae
1090 1761 1154 1787 tum
1180 1755 1327 1788 eamdem
1354 1755 1626 1797 redemptionem,
1656 1761 1721 1788 tum

982 1808 1043 1840 alia
1069 1808 1236 1849 religionis
1261 1807 1392 1849 negotia
1422 1813 1649 1848 concernunt,
1683 1818 1721 1841 eo

983 1861 1059 1903 quia
1083 1861 1156 1893 illas
1188 1860 1218 1892 in
1259 1860 1395 1893 diversis
1431 1860 1647 1894 tribunalibus
1683 1862 1721 1894 ad

982 1913 1167 1946 instantiam
1180 1913 1323 1956 partium
1339 1923 1410 1946 eum
1429 1913 1569 1946 maximo
1592 1913 1722 1956 dispen-

983 1967 1035 2000 dio
1060 1973 1091 1999 et
1117 1967 1323 1999 incommodo
1349 1967 1504 2010 prosequi
1530 1972 1705 2009 eoguntur.

1027 2020 1041 2063 g
1065 2020 1095 2052 ⁶2.
1124 2020 1199 2053 Cum
1221 2025 1337 2058 autem,
1355 2020 1438 2052 sicut
1464 2019 1577 2052 eadem
1595 2019 1722 2063 exposi-

984 2072 1027 2105 tio
1052 2072 1291 2115 subiungebat,
1318 2072 1423 2105 dictus
1448 2071 1611 2105 Attilanus
1646 2083 1722 2115 pro-

984 2131 1111 2158 curator
1136 2125 1300 2168 generalis
1326 2124 1511 2158 nominibus
1536 2125 1722 2167 praedictis,

985 2189 1048 2222 quo
1075 2178 1297 2211 vexationibus
1315 2184 1346 2210 et
1362 2177 1518 2211 molestiis
1537 2178 1652 2211 exinde
1670 2178 1724 2211 irn-

1020 2258 1030 2283 1
1054 2257 1115 2284 Alia
1134 2257 1167 2283 ab
1183 2258 1235 2284 hoc
1252 2257 1379 2284 Pontifice
1401 2260 1487 2284 const.
1512 2256 1555 2284 ed.
1573 2264 1724 2293 nnecxxvn,

985 2301 1028 2327 die
1048 2301 1082 2327 ⁹26
1101 2302 1241 2334 februarii,
1264 2301 1360 2336 pontif.
1383 2308 1419 2334 tv,
1439 2301 1600 2329 conceditur
1613 2302 1726 2330 facultas

985 2345 1102 2379 capitulo
1121 2345 1242 2380 generali
1263 2345 1385 2372 eiusdem
1406 2346 1516 2372 Ordinis
1531 2349 1557 2373 et
1572 2345 1726 2374 definitorio

985 2390 1107 2423 generali
1127 2390 1214 2424 ipsum
1243 2389 1426 2424 celebrandi,
1456 2398 1562 2417 necnon
1591 2391 1725 2418 condendi

985 2436 1087 2460 statuta
1098 2437 1124 2460 et
1134 2433 1252 2460 decreta.
1264 2434 1357 2461 Innoc.
1370 2434 1724 2469 xlltconst.ed.i1nccxx11‚

985 2478 1030 2504 die
1050 2478 1084 2504 24
1103 2478 1227 2513 augusti,
1249 2478 1344 2513 pontif.
1365 2485 1401 2513 11,
1414 2480 1558 2506 confirmat
1584 2480 1725 2507 decretum

985 2521 1209 2555 congregationis
1236 2522 1428 2558 episcoporum
1454 2527 1480 2550 et
1503 2523 1667 2558 regularium
1691 2524 1725 2551 de

986 2565 1145 2592 alternatur-:1
1171 2565 1314 2593 vicariatus
1341 2567 1477 2601 generalis
1499 2567 1569 2595 inter
1588 2572 1643 2595 tres
1663 2575 1724 2605 pro-

986 2609 1085 2637 vincias
1106 2609 1168 2637 dicti
1189 2609 1306 2637 Ordinis.

1614 218 1677 252 103
1723 227 1772 252 An.
1794 225 1910 252 cti-124

1730 761 1836 787 litsusitio
1852 762 1911 781 tacu.

1759 2028 1840 2047 (zan-aa
1857 2035 1891 2054 pra
1897 2035 1917 2048 ο·

1731 2059 1796 2085 sputis
1831 2062 1916 2076 conces-

1732 2087 1805 2103 sttuite.
