2170 3147
209 218 262 244 Aa.
277 217 306 244 c.
333 216 403 242 1726
449 206 515 241 304

228 1862 329 1888 Sequitur
340 1862 398 1882 tanta

214 1890 310 1914 Gregorii
327 1888 370 1908 XV,

407 264 601 302 decessoris,
620 273 704 306 quae
726 262 841 304 incipit
859 261 1023 301 Quoniam
1040 259 1083 292 ad
1101 259 1153 291 in-

405 318 567 355 stitutam,
582 316 640 348 sub
659 316 768 348 datum
782 315 903 348 Romae
921 314 1005 356 apud
1021 313 1052 346 S.
1072 313 1152 345 Mar-

407 380 502 408 cum,
536 369 595 400 snb
621 369 743 400 annulo
774 366 968 404 Piscatori&
996 365 1048 398 die
1073 375 1151 398 xxm

406 421 475 454 iulii
500 430 605 454 nocui
621 447 630 460 ‚
661 418 871 463 pontificatus
895 418 945 450 sui
971 428 1056 450 anno
1082 427 1125 450 xu
1141 444 1148 457 ‚

407 475 544 517 aliisque
570 472 860 506 constitutionibus
886 477 918 504 et
942 470 1152 504 ordinationi-

406 527 466 558 bus
493 526 693 569 apostolicis,
713 531 745 557 et
770 524 910 557 cuiusvis
936 523 1070 556 alterius
1095 523 1152 555 Or-

408 580 513 619 dinis,
540 581 636 612 etiam
671 579 874 617 iuramento,
901 577 1151 610 confirmatione

408 632 599 675 apostolica,
620 632 669 664 rel
697 631 809 674 (pravis
835 630 986 663 lirmitate
1012 630 1075 662 alia
1101 640 1152 661 ro-

408 686 558 722 boratis,
597 684 724 717 statutis
764 689 797 716 et
834 683 1148 719 consuetiuliniluis,

408 738 589 780 privilegiis
627 748 776 780 quoque,
803 736 938 769 indultis
972 741 1004 767 et
1036 735 1150 768 litteris

408 791 607 834 apostolicis,
627 790 795 833 quibusvis
820 789 891 821 aliis
911 788 1099 826 Ordinibus,
1116 798 1152 820 ac

409 854 523 876 eorum
560 843 785 886 superioribus
819 847 849 874 et
881 841 1058 884 personis,
1093 840 1151 872 snb

409 896 670 939 quibuscumque
708 895 881 927 verborum
916 894 1026 926 l'ormis
1053 899 1084 925 et
1109 899 1153 925 te-

409 950 565 987 noribuS,
592 950 623 981 in
661 949 861 981 contrarium
898 948 1152 991 praeniissortun

410 1003 657 1044 quomodolibet
682 1001 868 1039 concessis,
898 1000 1097 1033 confirmatis
1123 1006 1154 1032 et

410 1056 622 1098 approbatis;
642 1055 759 1098 quibus
778 1054 929 1086 erunibus
954 1059 985 1086 et
1006 1053 1151 1095 singulis,

410 1119 525 1140 eorum
543 1114 672 1140 tenores
698 1107 927 1150 praesentibus
945 1117 1004 1149 pro
1022 1117 1153 1149 expres-

411 1162 452 1194 sis
479 1162 659 1200 habentes,
687 1161 748 1192 liae
774 1161 842 1193 vice
870 1161 1055 1198 dumtaxat,
1081 1167 1176 1202 spe—¹

411 1214 539 1246 cialiter
565 1220 596 1245 et
622 1224 777 1256 expresse
813 1213 1007 1254 derogamus
1041 1224 1077 1245 ae
1103 1214 1156 1245 de-

411 1272 559 1309 rogatum
586 1277 657 1299 esse
684 1267 844 1306 volumus;
868 1266 1055 1308 ceterisque
1080 1277 1156 1298 eon-

413 1320 521 1352 trariis
547 1320 822 1362 quibusctuinpte.
852 1319 1004 1351 Volumus
1031 1325 1154 1358 autem,

411 1379 446 1404 nt
470 1372 692 1415 praesentium
721 1372 950 1414 transumptis,
977 1372 1072 1404 etiam
1100 1372 1178 1404 ini-¹

412 1426 542 1469 pressis,
562 1436 657 1457 mauu
677 1425 793 1457 notarii
815 1426 935 1467 publici
954 1426 1154 1468 subscriptis,
1177 1435 1179 1438 ’

413 1485 444 1511 et
461 1480 570 1522 sigillo
597 1479 735 1511 alicuius
763 1489 923 1521 personae
942 1480 973 1511 in
1000 1479 1156 1521 dignitate

413 1533 630 1565 ecclesiastiea
655 1532 854 1564 constitutae
875 1532 1021 1569 munitis,
1043 1534 1156 1564 eadem

411 1596 549 1629 prorsus
574 1585 655 1617 sides
682 1585 902 1624 adhibeatur,
937 1596 973 1617 ac
999 1585 1022 1617 si
1050 1585 1158 1618 forent,

411 1639 577 1672 exhibitae
605 1640 653 1671 vel
680 1644 843 1683 ostensae.

447 1700 545 1727 Datum
567 1701 682 1731 llomae,
704 1700 776 1735 apud
796 1700 822 1726 S.
845 1700 957 1726 Petrum
981 1700 1032 1726 sul)
1057 1701 1158 1727 annulo

410 1745 557 1771 Piscator-is
577 1744 620 1771 die
640 1751 675 1770 xit
691 1744 846 1771 decembris
867 1751 958 1777 muer,
984 1745 1158 1780 pontificatus

410 1790 498 1816 nostri
518 1797 587 1816 anno
608 1797 626 1815 1.

456 1851 533 1883 Cum
559 1856 686 1889 autem,
714 1851 795 1883 sicut
824 1851 939 1884 fratres
964 1852 1156 1884 Discalceati

412 1904 570 1947 praedicti
598 1904 692 1936 nobis
724 1915 829 1947 nuper
854 1906 972 1947 exponi
998 1905 1156 1945 fecerunt,

411 1958 562 1990 nonnulli
577 1958 714 1989 aliorum
733 1957 888 1990 Ordinum
905 1958 1157 1990 Metulieantium

411 2012 626 2054 professores,
656 2012 716 2043 sub
744 2017 914 2054 praetextu
941 2012 1059 2044 nimiae
1085 2012 1160 2044 vici-

413 2064 535 2102 nitatis,
559 2070 589 2096 et
610 2075 647 2097 ex
675 2075 713 2097 eo
740 2065 827 2107 quod
853 2075 912 2107 per
937 2066 1158 2107 praeinsertas

412 2118 537 2149 litteras
572 2117 668 2149 certis
703 2117 883 2159 privilegiis
918 2118 1043 2150 eisdem
1069 2118 1160 2151 Ordi-

414 2170 508 2201 nibus
536 2181 552 2202 a
579 2170 683 2202 felicis
715 2170 956 2202 recordationis
995 2170 1160 2203 Clemente

412 2222 447 2253 lV
475 2229 506 2254 et
531 2222 613 2254 lulio
641 2222 664 2254 ll
691 2228 723 2254 et
747 2222 820 2255 aliis
846 2223 1001 2255 Romanis
1029 2223 1162 2256 l'ontiti-

414 2276 504 2307 eibus
530 2275 842 2317 praedecessoribus
875 2276 995 2308 nostris
1027 2287 1162 2308 conces-

414 2328 477 2366 sis,
514 2328 632 2370 quibus
669 2328 839 2360 caveatur⁴
867 2340 908 2361 ne
939 2329 1021 2362 aliae
1049 2330 1162 2362 domus

416 2381 587 2422 regulares
624 2391 681 2412 seu
722 2382 921 2414 monasteria
957 2382 1163 2424 regularibus

417 2434 607 2465 eorumdem
626 2434 759 2466 fratrum
781 2435 1033 2468 Mendicantium
1060 2435 1162 2468 domi-

415 2487 476 2519 bus
503 2486 587 2518 inira
612 2494 738 2519 certum
765 2499 942 2520 cannarum
962 2489 1102 2531 spatium
1119 2489 1164 2520 vi-

418 2539 492 2572 cina
511 2539 640 2571 fundari
660 2545 691 2571 et
712 2541 791 2582 erigi
812 2542 948 2583 possint,
967 2542 1165 2574 sufficienter

455 2604 465 2627 1
490 2600 537 2627 Vel
556 2605 676 2628 cavetur
697 2602 736 2627 vet
757 2603 911 2628 cavebatur
932 2605 968 2637 (n.
984 2603 1032 2634 τ.).

997 212 1180 237 BULLARIUM
1208 212 1365 235 ROMANUM

1196 259 1474 300 derogatumnon
1500 258 1568 298 fnit,
1587 259 1718 292 eosdem
1739 258 1855 290 fratres
1872 257 1940 289 Dis-

1196 312 1356 344 calceatos
1387 312 1420 344 in
1446 322 1557 344 eorum
1583 322 1740 344 novarum
1767 311 1939 343 domorum

1197 364 1394 406 regularium
1412 364 1658 397 fundationibus
1673 369 1704 397 ct
1718 362 1938 396 erectionibus

1196 416 1360 449 interdum
1380 416 1540 460 impedire
1559 416 1796 459 praetendant3
1817 420 1849 446 et
1864 424 1941 456 pro-

1196 474 1309 510 pterea
1327 468 1425 501 iidem
1452 469 1566 500 fratres
1592 467 1783 500 Discalceati
1803 466 1864 498 sibi
1883 465 1940 498 de-

1196 532 1294 564 super
1329 532 1386 564 per
1423 532 1507 561 nos,
1540 527 1576 553 ut
1609 521 1718 559 infra,
1756 524 1940 562 opportune

1197 574 1363 616 provideri
1389 584 1602 617 summopere
1628 574 1837 606 desiderent:
1864 582 1938 611 nos,

1198 628 1314 659 tratres
1341 627 1560 660 Disealceatos
1581 627 1765 670 praedictos
1791 624 1942 668 speciali-

1197 679 1255 712 bus
1295 680 1458 713 l‘avoribus
1494 685 1526 711 et
1558 679 1670 721 gratiis
1707 679 1863 722 prosequi
1887 687 1942 710 vo-

1198 734 1323 772 lentes,
1354 738 1386 765 et
1422 743 1535 765 eorum
1564 732 1747 774 singulares
1781 741 1940 775 personas

1198 796 1214 817 a
1233 785 1399 828 quibusvis
1426 785 1782 824 excommunicationis,
1803 794 1942 827 suspen-

1197 837 1296 870 sionis
1315 844 1347 870 et
1360 837 1538 877 interdicti,
1558 838 1696 879 aliisque
1713 836 1942 870 ecclesiasticis

1198 890 1380 930 sententiis,
1400 891 1545 923 censuris
1571 896 1602 923 et
1622 891 1749 933 poenis,
1767 902 1784 922 a
1802 890 1873 922 iure
1891 890 1942 922 vel

1198 945 1237 976 ab
1265 944 1409 981 homine,
1439 944 1548 987 quavis
1574 944 1746 977 occasione
1772 944 1821 975 vel
1847 945 1943 975 causa

1198 997 1282 1037 latis,
1303 997 1327 1029 si
1355 998 1472 1040 quibus
1491 997 1741 1040 (picinodolibet
1765 996 1942 1040 innodatae

1199 1050 1357 1089 existunt,
1375 1050 1413 1081 ad
1440 1049 1590 1082 ellectum
1617 1049 1835 1092 praesentium
1854 1049 1944 1082 dum-

1200 1108 1283 1135 taxat
1308 1103 1599 1145 consequendtu‘n,
1628 1104 1742 1135 barum
1775 1102 1862 1135 serie
1888 1103 1944 1134 ab·

1199 1158 1362 1189 solventes
1384 1162 1416 1189 et
1441 1157 1606 1190 absolutas
1640 1158 1710 1189 sore
1747 1161 1942 1195 censentes,

1199 1220 1329 1242 necnon
1354 1210 1479 1242 litteras
1498 1210 1584 1243 Pauli
1605 1209 1870 1252 praedecessoris
1888 1209 1945 1241 hu-

1199 1262 1351 1300 iusmodi,
1368 1267 1527 1305 quatenus
1551 1273 1633 1305 opus
1653 1263 1702 1301 sit,
1721 1262 1944 1305 approbantes

1201 1320 1234 1346 et
1266 1314 1516 1354 confirmantes,
1543 1322 1633 1347 motu
1672 1315 1810 1358 proprio
1848 1320 1943 1347 etex

1201 1371 1290 1400 certa
1307 1367 1442 1401 scientia
1469 1369 1598 1408 nostris,
1619 1369 1723 1411 deque
1742 1367 1943 1410 apostolicae

1202 1421 1370 1462 potestatis
1397 1421 1613 1463 plenitudine,
1639 1421 1786 1453 eiusdem
1811 1419 1944 1452 Ordinis

1201 1474 1447 1506 Carmelitarnm
1470 1474 1741 1507 Disealceatorum
1768 1472 1946 1516 superiori-

1202 1528 1261 1559 bus
1294 1533 1323 1560 et
1358 1528 1548 1569 religiosis,
1573 1533 1608 1558 nt
1645 1527 1766 1570 ubique
1799 1529 1945 1560 locorum

1202 1581 1340 1622 quilibet
1364 1581 1397 1613 iu
1423 1581 1571 1613 districtu
1611 1592 1668 1613 sno
1701 1581 1787 1613 iuxta
1818 1581 1944 1613 litteras

1202 1634 1376 1667 Clen‘ientis
1396 1634 1663 1676 praedecessoris
1686 1633 1872 1666 liuinsmodi
1893 1633 1945 1665 do-

1203 1698 1270 1720 mos
1305 1693 1337 1719 et
1368 1688 1567 1720 monasteria
1603 1687 1791 1729 praedicta,
1819 1685 1946 1718 etiamsi

1202 1740 1257 1773 illa
1282 1740 1352 1772 aliis
1379 1741 1530 1773 domibus
1557 1739 1762 1782 regularibus
1789 1738 1947 1772 Ordinum

1202 1794 1452 1826 Mendieantium
1486 1793 1674 1825 huiusmodi
1708 1793 1811 1835 magis
1841 1791 1948 1824 vicina

1202 1847 1266 1879 sint
1291 1858 1388 1890 quam
1419 1846 1453 1878 in
1490 1846 1667 1889 privilegiis
1704 1846 1768 1878 illis
1794 1851 1828 1877 ut
1850 1855 1947 1888 prae—

1203 1901 1307 1932 fertur
1332 1900 1498 1932 concessis
1524 1899 1760 1942 praescriptum
1783 1903 1839 1938 est,
1859 1898 1948 1930 dum-

1204 1955 1298 1986 modo
1324 1959 1431 1986 tamen
1457 1952 1704 1985 Ordiuariorum
1730 1953 1876 1984 locorum
1897 1962 1948 1983 ex-

1205 2017 1332 2050 pressus
1364 2007 1403 2038 ad
1442 2007 1504 2039 lioe
1539 2006 1672 2038 accedat
1708 2015 1878 2043 assensus,
1911 2015 1947 2036 ac

1205 2063 1329 2092 serrata
1368 2056 1446 2092 alias
1486 2060 1667 2091 litterarum
1706 2058 1947 2100 praedictarum

1206 2114 1318 2153 fornia,
1337 2113 1472 2144 l'nmlare
1494 2118 1525 2144 et
1543 2112 1667 2154 erigere
1688 2112 1792 2143 libere
1811 2116 1842 2142 et
1859 2109 1947 2142 licite

1207 2167 1345 2205 valeant,
1374 2165 1554 2208 apostolica
1591 2164 1806 2202 auctoritate,
1834 2169 1948 2195 tenore

1206 2220 1429 2263 praesentium
1449 2218 1656 2251 concedimus
1675 2223 1707 2250 et
1727 2217 1946 2259 indulgemus.

1206 2274 1437 2312 Decernentes,
1456 2272 1618 2315 praefatas
1636 2282 1671 2303 ac
1690 2275 1879 2314 praesentes
1898 2269 1949 2302 lit-

1208 2332 1293 2360 teras
1326 2326 1472 2365 validas‚
1500 2325 1606 2357 firmas
1642 2330 1674 2357 et
1709 2324 1855 2356 efficaces
1883 2323 1949 2355 exi-

1207 2386 1293 2412 stere
1326 2384 1357 2411 et
1390 2380 1473 2416 sore,
1501 2377 1663 2420 dictisque
1700 2375 1853 2408 fratribus
1879 2374 1948 2406 Dis-

1207 2433 1357 2465 caleeatis
1380 2432 1410 2464 in
1437 2431 1588 2464 omnibus
1614 2435 1645 2463 ct
1670 2440 1729 2472 per
1753 2428 1863 2461 omnia
1880 2427 1949 2469 ple-

1207 2486 1339 2519 nissime
1365 2485 1543 2528 suffragari,
1562 2485 1671 2527 sieque
1696 2493 1755 2525 per
1776 2490 1949 2524 quoscum-

1208 2550 1272 2582 que
1310 2539 1433 2572 iudices
1473 2537 1655 2571 ordinarios
1692 2542 1724 2568 et
1759 2536 1947 2576 delegatos,

1207 2593 1302 2625 etiam
1329 2602 1500 2625 causarum
1528 2590 1638 2634 palatii
1663 2587 1832 2632 apostolIci
1859 2587 1950 2619 audi-

1949 211 1997 234 Λη.
2013 209 2041 235 C.
2066 209 2130 237 1726
