2170 3147
221 229 269 256 An.
287 228 316 256 c,
339 228 406 255 1726
453 218 517 252 386

415 277 477 309 alio
503 275 622 309 veriori
657 279 802 317 tempore
823 300 830 313 ,
869 283 941 306 cum
982 277 1057 305 tunc
1093 271 1159 305 exi-

416 335 539 362 stentes
572 328 699 371 puellae
735 326 899 369 praefatae
937 330 1158 368 opportunum

416 382 521 420 situm,
547 381 743 417 clausuram,
769 378 930 418 officinas,
957 377 1157 417 dormitoria,

417 434 516 466 cellas
537 443 572 465 ac
598 431 814 475 supellectilia
840 441 929 463 sacra
955 435 988 462 et
1012 430 1156 473 profana,

417 486 689 528 necessariosque
723 495 847 518 annuos
880 483 1027 517 redditus
1059 484 1159 516 habe-

417 545 499 580 rent,
520 544 562 579 et,
588 538 719 571 nemine
745 536 1001 578 contradicente,
1027 547 1159 570 concur-

418 592 565 626 rentibus
592 591 625 623 in
651 590 775 623 eisdem
801 589 951 623 omnibus
968 588 1159 622 necessariis

418 644 583 688 requisitis
623 653 684 687 pro
726 642 891 675 erectione
925 642 1159 675 conservatorii

419 697 556 741 praefati
571 697 602 729 in
618 696 852 730 monasterium
867 696 1054 729 monialium
1068 706 1161 739 prae-

420 751 473 783 fati
499 750 650 791 Ordinis,
677 760 786 782 earum
820 750 1003 783 solemnem
1040 749 1162 793 profes-

421 804 549 837 sionem
575 804 605 835 in
632 802 784 836 manibus
810 802 949 846 praefati
975 803 1161 835 commissa-

421 857 458 889 rii
484 855 646 899 generalis
673 855 860 898 specialiter
895 855 935 888 ad
971 854 1003 888 id
1037 865 1055 887 a
1088 860 1162 887 tunc

421 909 579 943 existente
605 909 681 942 dicti
708 908 837 941 Ordinis
862 907 1033 952 superiore
1065 917 1163 951 gene-

421 963 481 996 rali
517 962 661 1006 deputati
696 972 850 1005 expresse
885 961 1072 1002 emiserint3
1101 972 1163 1004 qua

421 1017 558 1049 solemni
572 1015 779 1059 professione
794 1014 890 1047 trium
902 1015 1162 1048 substantialium

421 1075 570 1103 votorum
597 1080 634 1102 ac
660 1075 837 1112 perpetuae
856 1070 1024 1102 clausurae
1046 1069 1077 1101 in
1104 1079 1165 1102 ma-

422 1123 518 1156 nibus
564 1122 768 1166 superiorum
806 1122 883 1155 dicti
914 1122 1044 1155 Ordinis
1079 1122 1166 1154 iuxta

423 1176 691 1209 constitutionem
718 1175 897 1218 praefatam
923 1181 958 1208 ut
982 1175 1167 1218 praefertur

424 1229 556 1269 emissa,
573 1228 650 1261 licet
668 1227 788 1260 dictum
807 1229 1086 1261 conservatorium
1106 1228 1167 1260 for-

422 1282 503 1315 male
531 1281 776 1321 monasterium,
797 1292 833 1314 ac
854 1282 981 1325 puellae
1003 1282 1166 1325 praefatae

422 1335 581 1368 moniales
603 1334 678 1367 dicti
703 1333 831 1367 Ordinis
855 1334 1036 1378 respective
1063 1345 1166 1368 evase-

423 1389 512 1429 rint,
549 1394 604 1430 et,
639 1389 678 1421 ab
714 1388 902 1422 omnimoda
938 1388 1165 1421 iurisdictione

423 1443 585 1476 Ordinarii
612 1448 801 1486 exemptae,
827 1442 1053 1486 superioribus
1089 1442 1165 1475 dicti

423 1496 561 1534 Ordinis,
585 1496 637 1539 qui
665 1505 718 1528 eas
743 1505 848 1539 usque
874 1495 913 1528 ad
940 1505 1060 1527 annum
1086 1495 1167 1528 eius-

425 1550 497 1582 dem
528 1548 655 1582 Domini
687 1558 822 1582 Mnccvn
847 1547 981 1592 pacifice
1008 1548 1168 1590 guberna-

424 1609 512 1643 runt,
546 1603 711 1635 subiectae
738 1602 922 1642 extiterint3
949 1601 1167 1634 nihilominus

425 1667 462 1690 eo
490 1661 658 1700 tempore,
683 1660 717 1687 ut
742 1654 840 1688 etiam
873 1655 1073 1698 accepimus,
1103 1659 1167 1687 tam

425 1721 442 1743 a
468 1709 645 1744 venerabili
680 1709 780 1741 fratre
814 1708 974 1741 moderno
1006 1708 1168 1751 archiepi-

425 1774 526 1807 scopo
547 1761 769 1801 Braclmrensi,
786 1772 882 1805 quam
902 1772 918 1794 a
938 1761 1056 1795 dilecto
1071 1761 1166 1794 etiam

424 1816 492 1850 filio
510 1817 668 1850 moderno
686 1815 888 1859 parochialis
907 1815 1064 1849 ccclesiae
1089 1815 1169 1849 cius-

426 1871 499 1904 dem
526 1869 639 1914 oppidi
665 1874 813 1910 rectore,
840 1879 878 1902 eo
914 1869 973 1902 sub
999 1872 1167 1912 praetextu

426 1925 511 1968 quod
539 1924 670 1968 puellae
688 1923 852 1967 praefatae
870 1933 931 1967 per
948 1922 1035 1956 illius
1053 1933 1168 1957 manus

425 1978 582 2012 Paschale
595 1977 838 2011 Sacramentum
854 1986 920 2009 non
937 1977 1168 2020 suscepissent,

426 2042 462 2065 ac
487 2032 547 2065 sub
572 2030 823 2075 praetentione,
851 2030 940 2074 quod
972 2029 1062 2074 ipsae
1093 2040 1168 2063 vere

425 2085 586 2119 moniales
612 2095 677 2117 non
704 2084 893 2125 existerent,
913 2093 974 2117 nec
998 2094 1015 2116 a
1039 2083 1170 2117 iurisdi-

427 2139 533 2172 ctione
559 2138 704 2171 eiusdem
730 2137 892 2171 Ordinarii
919 2143 1089 2181 exemptae
1120 2147 1170 2171 es-

426 2198 507 2233 sent,
527 2192 633 2225 varias
650 2191 756 2225 litium
773 2190 938 2225 molestias
963 2201 1077 2235 passae
1103 2191 1171 2224 fue-

427 2252 517 2287 rant·‚
537 2250 746 2289 quapropter,
772 2245 885 2278 habito
909 2254 968 2289 per
986 2244 1119 2278 dilectas
1136 2244 1168 2277 in

428 2298 556 2332 Christo
594 2298 678 2332 filias
718 2299 892 2332 modernas
926 2299 1104 2342 priorissas
1140 2302 1171 2332 et

427 2353 587 2385 moniales
611 2352 749 2396 praefati
775 2351 967 2385 monasterii
1000 2352 1033 2384 in
1066 2351 1169 2395 gradu

429 2405 659 2449 appellationis
698 2406 737 2439 ad
778 2406 919 2438 tribunal
958 2405 1170 2439 nunciaturae

429 2458 628 2506 apostolicae
651 2459 921 2502 Portugalliensis
946 2469 1103 2499 recursu,
1131 2458 1170 2492 de

429 2522 515 2545 anno
535 2511 685 2544 similiter
706 2511 833 2544 Domini
854 2521 999 2546 MDCCVHI
1016 2511 1047 2544 in
1065 2511 1171 2545 libera

428 2565 639 2609 possessione
675 2565 891 2608 exemptionis
928 2565 967 2597 ab
1007 2565 1169 2598 Ordinarii

429 2617 565 2662 praefati
591 2617 828 2660 iurisdictione,
852 2622 951 2662 prout
976 2622 1078 2661 erant,
1103 2628 1171 2652 ma-

995 224 1174 248 BULLARIUM
1199 223 1353 248 ROMANUM

1201 271 1309 304 nuteri
1331 270 1553 312 obtinuerunt,
1571 275 1601 305 et
1618 270 1737 305 deinde
1762 270 1801 304 ad
1826 270 1942 304 Sedem

1203 324 1421 368 Apostolicam
1444 335 1502 368 pro
1520 324 1758 368 approbatione
1779 327 1810 358 et
1829 323 1944 357 confir-

1202 377 1345 410 matione
1370 377 1546 411 erectionis
1572 377 1706 420 praefati
1732 377 1940 419 monasterii,

1202 441 1251 471 ac,
1270 436 1431 474 quatenus
1450 441 1531 474 opus
1557 435 1651 470 esset,
1681 430 1857 462 cuiuslibet
1875 431 1944 463 nul-

1202 483 1310 523 litatis,
1331 495 1414 528 quae
1439 485 1472 516 in
1499 485 1535 516 ea
1559 483 1757 516 intervenire
1774 483 1944 526 potuisset,

1202 538 1382 577 sanatione,
1401 547 1536 570 recursu
1555 536 1650 569 etiam
1666 536 1805 580 desuper
1822 536 1944 577 habito,

1204 590 1244 623 de
1262 600 1348 623 anno
1367 590 1492 633 pariter
1507 589 1634 623 Domini
1653 598 1817 623 ninccxvin
1835 600 1852 621 a
1870 589 1946 623 dile-

1204 648 1257 677 cto
1276 644 1371 677 etiam
1391 643 1458 677 filio
1479 648 1592 677 nostro
1617 648 1648 676 et
1671 642 1763 676 Sedis
1788 643 1947 686 Apostoli-

1204 707 1258 729 cae
1275 696 1441 740 praefatae
1467 696 1588 729 nuncio
1614 696 1646 728 in
1672 695 1890 738 Portugalliae
1915 701 1947 730 et

1205 749 1436 792 Algarbiorum
1456 749 1565 791 regnis
1583 753 1804 782 commorante
1826 748 1947 782 favora-

1204 802 1304 835 bilem
1330 802 1595 835 informationem
1619 801 1873 844 reportaverint,
1900 801 1948 834 di-

1206 860 1344 898 ctusque
1376 855 1648 898 archiepiscopus
1681 855 1720 887 ab
1753 854 1829 887 inde
1867 854 1949 888 citra

1205 918 1239 940 se
1265 908 1467 951 opposuerit,
1492 908 1551 941 sub
1570 912 1741 951 praetextu
1767 907 1852 951 quod
1870 918 1948 941 con-

1206 961 1424 994 servatorium
1450 961 1632 1004 praefatum
1660 960 1784 1004 absque
1801 960 1893 994 Sedis
1911 961 1950 993 Α-

1207 1013 1385 1057 postolicae
1403 1013 1567 1056 praefatae
1586 1013 1718 1045 licentia
1732 1023 1768 1045 ac
1786 1012 1949 1046 Ordinarii

1209 1077 1372 1100 consensu
1398 1067 1533 1099 nulliter
1557 1066 1590 1098 in
1614 1066 1852 1099 monasterium
1878 1076 1948 1099 nio-

1208 1120 1344 1154 nialium
1370 1124 1516 1153 erectum
1553 1119 1689 1160 fuisset,
1724 1129 1759 1152 ac
1791 1119 1950 1162 priorissa

1210 1178 1239 1208 et
1271 1174 1429 1207 moniales
1463 1173 1648 1217 praefatae,
1673 1177 1788 1216 utpote
1813 1172 1950 1206 nulliter

1210 1229 1384 1270 professae,
1407 1227 1465 1259 sub
1484 1226 1574 1259 illius
1599 1226 1824 1260 iurisdictione
1843 1226 1951 1259 adhuc

1210 1290 1381 1314 remanere
1407 1280 1590 1312 deberent:

1254 1334 1269 1377 ἓ
1294 1333 1324 1366 ⁶2.
1352 1333 1418 1366 Nos
1442 1332 1553 1376 igitur,
1574 1333 1642 1376 qui⁷
1661 1337 1818 1376 quantum
1844 1332 1876 1366 in
1893 1332 1951 1367 Do-

1211 1387 1298 1420 mino
1317 1397 1507 1431 possumus,
1534 1396 1752 1429 personarum
1774 1376 1973 1430 quarumli-i'

1211 1441 1266 1473 bet
1281 1440 1473 1484 praesertim
1493 1439 1682 1472 monialium
1697 1439 1856 1483 regularis
1869 1440 1953 1473 vitae

1212 1494 1418 1537 disciplinam
1436 1492 1635 1526 servantium
1654 1492 1797 1536 quietem
1815 1498 1846 1525 et
1868 1498 1956 1526 tran-

1212 1548 1420 1591 quillitatem,
1437 1546 1542 1579 litium
1561 1545 1809 1590 iurgiorumque
1826 1551 1955 1589 pertur-

1211 1601 1344 1634 batione
1384 1601 1528 1640 remota,
1565 1599 1711 1643 paternis
1750 1605 1781 1632 et
1817 1599 1954 1633 sinceris

1213 1655 1438 1688 desideramus
1465 1653 1657 1694 affectibus,
1684 1663 1721 1686 ac
1745 1654 1955 1687 attendentes

1212 1708 1318 1752 quod,
1345 1707 1420 1740 licet
1446 1705 1683 1740 conservatorii
1709 1705 1896 1739 huiusmodi
1921 1711 1956 1739 ut

1212 1762 1394 1805 praefertur
1419 1761 1451 1793 in
1477 1759 1712 1793 monasterium
1737 1760 1873 1803 praefati
1899 1759 1956 1794 Or-

1212 1815 1261 1847 nis
1287 1814 1407 1847 erectio
1441 1818 1474 1846 et
1509 1812 1668 1846 institutio
1703 1823 1807 1856 usque
1846 1818 1878 1846 et
1914 1813 1954 1847 de

1212 1868 1357 1913 praefato
1393 1877 1479 1900 anno
1514 1866 1644 1900 Domini
1684 1876 1806 1900 Mncciv
1842 1877 1955 1901 earum

1212 1923 1393 1966 plenarium
1420 1920 1554 1954 sortitae
1581 1919 1704 1952 fuerint
1734 1919 1896 1961 effectum,
1918 1930 1954 1953 ac

1213 1975 1371 2019 priorissa
1396 1979 1427 2008 et
1440 1973 1598 2007 moniales
1614 1972 1777 2017 praefatae
1790 1974 1823 2006 in
1838 1974 1954 2007 eodem

1213 2028 1410 2062 monasterio
1435 2028 1474 2060 ad
1500 2027 1636 2060 formam
1662 2026 1889 2060 erectionis-et
1905 2026 1955 2060 in-

1213 2081 1388 2114 stitutionis
1402 2080 1621 2125 praefatarum
1642 2079 1805 2113 Altissimo
1824 2080 1956 2114 famula-

1214 2139 1279 2168 tum
1304 2134 1497 2168 exhibentes
1523 2134 1556 2166 in
1593 2133 1710 2167 divinis
1744 2133 1956 2167 laudabiliter

1215 2187 1428 2222 deservierint
1453 2192 1485 2221 et
1509 2187 1696 2221 deserviant
1713 2186 1752 2220 de
1772 2186 1951 2231 praesenti,

1214 2247 1246 2275 et
1270 2242 1309 2275 ab
1334 2242 1410 2275 inde
1436 2241 1516 2274 citra
1540 2240 1793 2274 constitutiones
1817 2251 1875 2274 seu
1901 2251 1955 2274 or-

1214 2295 1398 2329 dinationes
1418 2299 1470 2329 aut
1494 2295 1626 2338 regulae
1645 2294 1825 2328 secundum
1842 2305 1956 2328 earum

1215 2350 1398 2383 institutum
1423 2348 1557 2393 pacifice
1582 2353 1614 2382 et
1638 2350 1761 2392 absque
1786 2348 1855 2382 ulla
1878 2358 1956 2381 con-

1214 2403 1406 2437 tradictione
1430 2413 1491 2446 per
1515 2412 1569 2436 eas
1593 2401 1784 2435 observatae
1810 2401 1952 2443 suerint,

1214 2455 1455 2496 nihilominus¹‚
1472 2466 1513 2489 ne
1531 2456 1570 2488 de
1589 2455 1760 2488 electionis
1779 2459 1810 2487 et
1826 2454 1955 2487 institu-

1216 2511 1312 2544 tionis
1337 2509 1526 2543 huiusmodi
1551 2509 1682 2548 viribus,
1709 2519 1746 2541 ex
1773 2518 1836 2552 quo
1862 2506 1954 2542 111116ς

1251 2583 1262 2608 1
1285 2580 1356 2608 Edit.
1379 2580 1460 2607 Main.
1483 2580 1547 2615 legit
1566 2580 1617 2607 ille
1636 2579 1679 2613 (R.
1702 2578 1752 2611 T.).

1249 2625 1264 2652 Ξ
1284 2625 1408 2661 Syntaxis
1430 2623 1585 2653 inabsoluta
1605 2626 1696 2651 manet
1714 2623 1752 2658 (R.
1769 2624 1817 2658 ¹12).

1944 222 1999 250 An.
2016 222 2045 250 C.
2067 222 2135 252 1726

2008 1344 2144 1365 Confirmatio

1977 1371 2072 1401 raefatan
2100 1377 2146 1394 cre·

1975 1400 2046 1420 lionis.
