2170 3147
270 259 321 286 An.
341 259 369 285 c.
388 257 456 284 17226
502 249 566 282 4102

464 306 670 340 firmitatem:
697 306 879 350 praefatam
906 306 1207 349 Congregationem

464 371 528 393 nou
572 360 776 399 minoribus,
817 370 913 403 quam
955 359 1094 392 fecerint
1133 358 1232 391 dicti.

464 413 739 455 pi‘aesl‹n?essot*es
776 413 880 446 nostri
901 440 908 452 ,
933 423 1047 445 verum
1073 412 1208 455 amplio-

464 466 555 496 ribus
583 465 746 498 favoribus
773 471 803 498 et
827 465 941 508 gratiis
972 465 1129 509 prosequi
1155 476 1210 498 vo-

465 519 580 557 lentes,
597 520 683 551 motu
703 518 813 559 simili,
833 519 938 552 eidem
954 518 1209 561 Congregationi
1231 532 1232 536 ¹

466 572 611 613 singulas
637 572 760 604 litteras
788 577 819 605 et
844 573 976 606 cedulas
1010 573 1207 615 praedeces·

466 635 572 657 sorum
599 625 808 665 huiusmodi,
837 636 888 666 ac,
915 631 1014 669 prout
1038 626 1110 659 illas
1135 635 1212 658 con-

466 683 622 713 cernunt,
651 677 779 720 singula
804 679 1006 721 praemissa,
1034 684 1065 711 et
1090 678 1152 711 alia
1178 679 1210 711 in

467 730 513 762 cis
529 735 691 768 contenta,
708 736 739 763 ct
753 731 829 764 inde
847 737 958 764 secuta
973 742 1210 775 quaecumque,

467 794 502 815 ex
530 786 617 816 certa
644 784 778 817 scientia
804 786 928 824 nostra,
953 784 1136 827 apostolica
1157 795 1212 817 au—

467 837 627 877 ctoritate,
656 842 769 871 tenore
795 838 1029 880 praesentium,
1053 848 1125 870 cum
1152 848 1211 881 op-

467 894 610 934 portuna
629 891 772 924 omnium
800 898 831 925 et
857 891 1060 934 singulorum
1083 896 1147 924 tam
1166 891 1212 923 iu-

467 945 511 977 ris
538 955 633 988 quam
660 944 734 977 facti
758 945 953 985 defectuum,
977 944 1002 977 si
1025 945 1080 988 qni
1103 945 1210 977 forsan

466 998 707 1031 intervenerint
744 997 775 1030 in
802 998 924 1031 eisdem
942 1026 949 1039 ,
977 998 1188 1042 suppletione
1205 1025 1212 1038 ,

467 1052 689 1094 approbamus
730 1057 762 1084 et
802 1051 1056 1091 confirmamus,
1097 1051 1211 1094 eisque

467 1110 645 1147 perpetuae
668 1104 832 1137 firmitatis
852 1106 955 1138 robur
969 1105 1151 1144 adiicinius,
1176 1115 1211 1137 ac
1232 1124 1234 1133 ι

467 1159 523 1191 illa
549 1159 657 1191 omnia
675 1159 780 1192 valida
796 1165 827 1191 et
845 1159 990 1192 efficacia
1011 1158 1161 1198 existere,
1180 1164 1212 1191 et

468 1223 541 1244 suos
557 1212 724 1255 plenarios
741 1212 875 1246 effeetus
897 1213 1031 1246 omnino
1054 1212 1163 1246 sortiri
1181 1218 1212 1245 et

468 1265 592 1297 habere
609 1265 739 1306 debere,
758 1276 793 1298 ac
810 1266 981 1309 perpetuis
1001 1266 1115 1298 suturis
1135 1270 1213 1298 tcm-

466 1319 602 1362 poribus
629 1329 687 1361 per
713 1329 782 1359 eos,
819 1330 900 1362 quos
927 1319 984 1353 illa
1008 1324 1213 1352 concernunt

468 1377 499 1405 et
534 1383 735 1405 concernere
772 1378 928 1416 poterunt
965 1373 1214 1416 quomodolibet

467 1425 499 1457 in
527 1426 679 1465 futurum,
702 1425 935 1459 inviolabiliter
963 1432 993 1458 ct
1018 1426 1212 1459 inconcusse

468 1480 648 1520 observari,
671 1486 702 1513 et
720 1480 809 1513 iuxta
828 1491 942 1513 eorum
962 1479 1211 1523 dispositionem

469 1533 580 1565 debite
607 1533 734 1576 exequi,
771 1544 833 1566 nec
863 1544 922 1577 per
952 1533 1123 1576 quospiam
1150 1533 1235 1565 illis=

1234 1585 1342 1630 ,libus
1374 1586 1522 1619 conciliis
1549 1587 1668 1627 editis,
1704 1588 1914 1630 generalibus
1947 1588 1998 1620 vel

468 1642 534 1673 rari
561 1652 657 1684 posse
696 1652 802 1685 neque
840 1643 980 1682 debere,
1013 1648 1044 1675 et
1076 1643 1122 1675 sic
1155 1635 1236 1685 per'

470 1704 695 1737 quoscumque
738 1695 862 1728 iudices
900 1702 930 1728 et
970 1695 1236 1729 commissariosi

469 1588 633 1628 contrairi,
661 1594 715 1620 aut
747 1599 784 1620 ea
818 1588 915 1621 etiam
942 1589 972 1621 in
1000 1589 1109 1632 aliquo
1135 1588 1213 1621 alte-

471 1748 567 1780 etiam
591 1748 621 1780 S.
651 1748 687 1780 R.
708 1748 743 1781 E.
772 1749 954 1782 cardinales
982 1755 1013 1782 et.
1039 1749 1140 1782 Rotae
1159 1760 1214 1781 au-

471 1801 592 1834 ditores
625 1801 690 1834 sive
723 1803 982 1835 locumtenentes
1009 1803 1039 1835 in
1067 1801 1236 1845 qualibet¹

470 1857 567 1887 causa
604 1860 634 1887 et
671 1855 825 1888 instantia
860 1856 1094 1899 interpretari,
1131 1855 1213 1888 iudi-

468 1908 552 1946 cari,
579 1914 664 1947 ete,
693 1909 835 1949 debere,
861 1910 1006 1949 sublata,
1035 1915 1112 1949 etc.,
1140 1909 1213 1941 irri-

471 1967 535 1997 tum
563 1974 705 2006 quoque,
725 1969 801 2003 etc.,
829 1963 1047 1997 decernimus.
1076 1964 1120 1996 Ac
1145 1974 1212 1996 mo-

471 2017 580 2049 dernis
599 2023 630 2049 ct
651 2028 709 2059 pro
730 2023 875 2060 tempore
893 2017 1107 2050 existentibus
1122 2028 1214 2060 prae-

470 2134 540 2156 rum
567 2131 597 2156 et
635 2125 780 2157 locorum
817 2135 1097 2168 quorumcumque
1131 2124 1213 2157 Con-

471 2178 672 2219 gregationis
703 2178 889 2211 huiusmodi
910 2206 916 2219 ‚
945 2183 980 2211 ut
1004 2178 1187 2221 corporalia
1204 2206 1211 2219 ‚

470 2231 682 2271 linteamina,
709 2243 844 2275 mappas
872 2237 903 2265 et,
939 2231 1112 2274 gansupia,
1147 2232 1212 2265 sive

472 2285 597 2317 tabulas
614 2312 621 2325 ‚
649 2286 808 2327 imagines
827 2312 834 2326 ,
857 2296 984 2325 cruces,
1011 2291 1136 2326 vestes,
1164 2296 1214 2318 ca-

471 2339 596 2380 psulas,
617 2349 692 2371 vasa
714 2344 745 2371 et
772 2339 993 2378 tabernacula,
1013 2344 1044 2371 et
1069 2339 1132 2371 alia
1157 2349 1214 2381 pa-

471 2397 618 2424 ramenta
645 2392 879 2432 ecclesiastica,
906 2392 1002 2425 etiam
1029 2393 1214 2426 sacerdota-

470 2445 529 2484 lia,
550 2451 580 2476 ct
606 2445 637 2477 in
663 2446 783 2488 quibus
803 2446 899 2478 etiam
921 2446 1145 2479 Eucharistiae
1163 2457 1214 2480 sa-

472 2503 675 2530 cramttzntuni
702 2505 912 2532 conservatur
947 2504 977 2533 et
1010 2500 1157 2533 defertur
1182 2505 1214 2532 et

470 2551 630 2594 reliquiae
657 2557 831 2592 tenentur,
859 2552 970 2585 divino
997 2553 1099 2585 cultui
1132 2563 1213 2596 quo-

470 2604 655 2636 modolibet
680 2604 800 2645 dicata,
824 2615 882 2647 pro
909 2616 967 2637 usu
1000 2605 1212 2639 ecclesiarum

472 2657 616 2690 ciusdem
632 2656 904 2700 Congregationis
927 2663 1061 2700 tantum,
1078 2658 1212 2692 benedi·
1233 2649 1235 2662 ¹

1048 256 1234 282 BULLAtuUM
1256 255 1411 281 Romnum

1254 316 1327 338 cere
1347 312 1378 338 ct
1395 316 1601 347 consecrare,
1624 316 1668 347 ac,
1689 311 1751 340 tam
1770 315 1830 350 per
1852 316 1884 340 se
1899 316 1994 350 quam

1254 369 1314 402 per
1350 360 1537 393 sacerdotes
1574 360 1721 393 eiusdem
1763 360 2009 403 Congregatio-.

1254 412 1313 452 nis,
1333 411 1567 451 Eucharistiae,
1595 414 1691 445 etiam
1717 423 1777 456 pro
1803 413 1939 453 Viatico,
1965 417 1997 445 ct

1254 464 1349 497 etiam
1376 466 1562 498 constitutis
1588 467 1619 498 iu
1647 466 1783 499 articulo
1809 465 1936 506 mortis,
1960 477 1997 499 ac

1253 517 1421 551 Extremae
1448 519 1627 559 Unctionis,
1653 520 1877 560 mercenariis,
1897 520 1997 553 famu-

1254 572 1304 611 lis,
1323 572 1484 615 operariis
1504 578 1535 604 et
1560 573 1662 604 servis
1688 573 1833 605 ciusdem
1855 572 1997 616 Congre-

1256 625 1407 667 gationis,
1424 636 1460 658 ac
1476 625 1643 668 quibusvis
1670 626 1855 669 hospitibus
1880 631 1912 659 et
1928 636 1997 660 sae-

1256 678 1423 711 cularibus
1459 684 1490 711 et
1527 679 1691 711 extraneis
1729 690 1812 722 quos
1847 679 1880 712 in
1915 680 1996 713 locis

1255 731 1304 764 vel
1324 731 1583 764 habitationibus
1604 731 1705 775 ipsius
1728 728 1996 775 Congregation‘is

1255 783 1418 827 reperire¹
1442 785 1629 827 contigerit,
1655 783 1744 818 nulla
1769 785 1872 829 petita
1899 785 1998 819 licen-

1257 837 1297 869 tia
1314 837 1440 881 proprii
1465 838 1641 871 sacerdotis
1667 838 1788 879 curati,
1807 839 1888 872 etin
1910 850 1997 880 casu,

1256 901 1321 933 quo
1347 902 1412 924 non
1433 891 1568 925 daretur
1585 892 1728 935 spatium
1745 892 1877 936 petendi
1899 894 1996 927 talem

1256 943 1420 977 licentiam
1451 950 1589 988 propter
1615 946 1821 988 repentinam
1856 946 1998 979 necessi-

1256 1002 1368 1037 tatem,
1397 999 1494 1031 etiam
1525 998 1692 1041 quibusvis
1729 998 1800 1032 aliis
1834 998 1996 1042 personis,

1256 1051 1361 1094 quas²
1393 1051 1425 1083 in
1456 1052 1644 1085 huiusmodi
1680 1053 1878 1086 necessitate
1911 1053 1998 1086 intra

1257 1105 1424 1145 ecclesias,
1447 1106 1600 1148 collegia,
1615 1106 1730 1139 domos
1752 1107 1803 1139 vel
1822 1106 1998 1140 habitatio-

1256 1168 1313 1190 nes
1349 1158 1515 1201 praefatae
1552 1159 1821 1202 Congregatiouis
1859 1161 1998 1204 reperiri

1256 1211 1442 1253 contigerit,
1473 1222 1509 1244 ac
1541 1211 1676 1245 infirmis
1705 1213 1882 1256 quibusvis,
1901 1214 1998 1247 etiam

1256 1263 1287 1296 in
1314 1265 1429 1297 mortis
1467 1265 1604 1299 articulo
1637 1267 1841 1305 constitutis,
1877 1267 1998 1311 ubique

1256 1322 1287 1349 et
1312 1327 1378 1349 non
1404 1318 1504 1360 petita
1525 1319 1656 1352 licentia
1677 1319 1859 1352 sacerdotis
1881 1320 1997 1360 curati,

1258 1369 1483 1404 poenitentiae
1527 1379 1733 1406 sacramenta
1776 1373 1999 1406 ecclesiastica

1257 1424 1443 1458 ministrare
1458 1426 1594 1468 possint,
1615 1427 1825 1460 concedimus
1844 1433 1875 1460 et
1892 1427 2000 1460 indul-

1257 1489 1383 1520 gemus.
1403 1479 1474 1512 Non
1505 1480 1711 1513 obstantibus
1732 1481 1900 1524 quibusvis
1921 1491 2023 1535 apo-d

1257 1532 1393 1573 stolicis,
1413 1543 1449 1565 ac
1474 1533 1504 1565 in
1532 1534 1791 1576 provincialibus
1810 1539 1841 1567 et
1862 1535 1999 1578 synoda-

1257 1639 1470 1681 specialibus,
1497 1641 1785 1674 constitutionibus
1811 1646 1842 1675 et
1868 1640 1999 1674 ordina-

1257 1692 1408 1733 tionibus,
1436 1705 1472 1727 ac
1497 1696 1648 1736 statutis,
1686 1701 1759 1736 etc.,
1786 1696 1883 1729 etiarn
1912 1695 1999 1728 iura-

1257 1752 1368 1779 mento
1396 1748 1580 1789 roboratis,
1610 1759 1736 1782 necnon
1759 1750 1909 1783 omnibus
1934 1749 1998 1782 illis

1258 1810 1341 1843 quae
1359 1800 1435 1833 dicti
1468 1803 1739 1845 praedecessores
1761 1803 1863 1836 nostri
1885 1803 1916 1836 in
1936 1803 2000 1835 sin-

1258 1853 1340 1895 gulis
1367 1864 1479 1887 eornm
1511 1855 1646 1896 litteris,
1674 1855 1771 1889 etiam
1796 1855 2000 1899 praeinserta

1258 1906 1373 1939 cedula
1408 1909 1643 1952 motnsproprii
1677 1909 1858 1952 praedicti,
1886 1911 2000 1943 volue-

1235 1985 1237 2007 Σ
1258 1966 1333 1993 runt
1357 1971 1423 1994 non
1449 1963 1595 2003 obstare,
1619 1963 1736 2006 quibus
1769 1962 1920 1996 similiter
1946 1963 2000 1997 de-

1235 2012 1237 2044 }
1259 2025 1413 2056 rogamus
1436 2043 1443 2055 ,

470 2071 584 2113 positis
609 2071 807 2112 singularum
834 2072 1019 2111 domorum,
1060 2071 1214 2104 ccclesia·
1235 2069 1237 2122 ᾗ

1235 2163 1237 2175 k
1258 2128 1290 2155 et
1315 2129 1494 2156 consuetis.

1483 2016 1668 2060 ceterisque
1709 2016 1883 2049 contrariis
1921 2017 1996 2060 qui-

1259 2067 1469 2111 buscumque,
1508 2080 1580 2102 cum
1616 2070 1772 2103 clausulis
1806 2070 2000 2114 opportunis

1538 2177 1635 2210 Fial:
1662 2182 1751 2210 motu
1768 2179 1904 2222 proprio
1928 2178 1951 2212 Ι.

2003 256 2055 286 An.
2073 257 2102 285 C.
2119 257 2170 287 1721

2083 1487 2170 1509 clausula

2027 1515 2169 1541 erogatoriao.

1301 2231 1337 2264 Et
1370 2242 1443 2264 curn
1481 2231 1689 2264 absolutione
1725 2243 1742 2264 a
1779 2233 1927 2266 censuris
1959 2233 2095 2283 ³d123'³‘¹⁰
2111 2238 2170 2257 ΝΜ

1234 2325 1235 2328 Ἴ
1258 2285 1417 2326 effectum,
1437 2291 1512 2325 etc.,
1530 2291 1562 2318 et
1580 2295 1650 2317 cum
1666 2285 1908 2328 posterioribus
1925 2296 2000 2320 con-

1257 2337 1461 2377 firmatione,
1490 2337 1746 2380 approbatione,
1776 2337 1996 2381 suppletione,

1257 2390 1503 2429 adiectione‚ac
1530 2389 1666 2432 singulis
1694 2390 1791 2423 etiam
1817 2390 1907 2423 novis
1925 2401 1999 2424 con-

1256 2444 1426 2483 cessione,
1451 2443 1588 2484 indulto,
1615 2448 1751 2483 statuto,
1778 2444 1998 2484 ordinatione,

1257 2496 1457 2536 extensione,
1483 2496 1709 2538 ampliatione,
1728 2496 1867 2529 decretis
1889 2501 1921 2529 et
1943 2496 1999 2529 de-

1256 2551 1439 2593 rogatione,
1458 2550 1594 2593 aliisque
1612 2549 1822 2593 supradictis,
1844 2550 1940 2583 modo
1966 2556 1997 2584 et

1293 2625 1303 2648 1
1328 2621 1418 2649 Potius
1437 2621 1495 2657 lege
1515 2621 1643 2656 reperiri
1661 2621 1700 2656 (n.
1717 2621 1765 2656 Τ.).

1290 2666 1306 2692 2
1327 2666 1397 2693 Edit.
1419 2666 1499 2694 Main.
1521 2665 1586 2701 legit
1605 2673 1679 2700 quae
1700 2669 1739 2700 (n.
1761 2665 1809 2701 Τ.).
