2170 3147
221 202 271 230 An.
288 203 319 230 C.
343 202 409 229 1726

269 1488 412 1514 ΙιιὶιιΙτὲνιιιὶΛιἼ

230 1516 342 1536 nonnullae
359 1521 414 1534 nius-

230 1544 277 1562 dem
302 1543 335 1561 die
361 1541 413 1561 sesto

229 1574 353 1590 concessae.

288 2018 418 2040 mummia

236 2046 332 2070 plenaria
350 2052 367 2064 ιιι
384 2044 418 2063 ‹li-³

237 2075 410 2091 ranfuizalionis.

456 192 520 226 4602

417 262 589 294 scoporum
606 250 771 283 nobiscum
787 249 817 281 in
833 248 980 291 plenario
998 252 1159 280 conventu

417 305 572 338 Basilicae
588 303 758 335 Vaticanae
781 300 1000 345 praesentium
1022 300 1160 334 consilio

418 363 450 389 ct
475 356 619 389 unanimi
646 365 819 394 consensu,
839 355 874 387 B.
894 354 1095 393 Thuribium‚
1114 353 1162 386 Li-

417 420 531 441 manae
550 408 634 441 sedis
661 408 972 450 archiepiscopum,
1004 408 1043 440 de
1071 406 1160 439 cuius

419 463 601 502 sanctitate,
629 461 702 494 fidei
722 462 910 494 sinceritate
932 466 964 494 et
981 465 1161 494 ceterarum

418 515 571 548 vii-nuum
591 526 626 548 ac
645 514 876 547 miraculorum
888 513 1081 547 excellentia
1094 514 1162 556 ple-

418 579 459 601 ne
486 567 656 601 constabat
681 574 712 600 et
737 572 879 607 constat,
908 568 970 599 una
996 577 1067 599 cum
1086 566 1163 599 bea-

420 621 459 653 tis
484 621 600 654 Iacobo
620 632 636 654 a
654 620 796 653 Marchia
811 621 1015 660 consessore,
1032 620 1162 653 Ordinis

418 674 597 715 Minorum‚
625 679 655 707 et
683 675 804 717 Agnete
830 673 990 707 Politiana
1015 673 1160 716 virgine,

418 728 522 761 nostri
547 728 676 761 Ordinis
702 727 988 767 Praedicatornm,
1016 732 1162 759 sanetum

420 792 490 815 esse
506 781 720 821 definivimus,
737 786 925 814 sanctorum
941 781 1163 814 consessorum

419 834 611 878 pontificum
638 834 754 867 canoni
781 834 1032 867 adscribendum
1054 833 1162 865 decre-

420 888 525 920 vimus
553 893 584 921 et
605 887 848 930 adscripsimus,
869 886 1088 929 eumdemque
1106 895 1165 929 per

421 941 591 974 uiiivcrsos
624 940 856 973 christifideles
895 946 1058 982 tamquam
1090 948 1164 971 vere

421 1001 565 1028 sanctum
593 994 750 1027 honorari
773 993 996 1027 mandavimus
1023 997 1055 1025 et
1080 1002 1165 1024 man-

423 1049 555 1087 damus,
589 1053 766 1081 statuentes
802 1053 837 1079 ut
869 1046 908 1079 ab
934 1045 1083 1078 universa
1108 1045 1164 1077 Ec-

422 1101 518 1134 clesia
545 1101 576 1133 in
604 1101 672 1133 eins
699 1100 858 1133 honorem
884 1099 981 1132 aedes
1007 1109 1116 1131 sacrae
1135 1103 1166 1130 et.

421 1154 545 1193 altaria,
561 1154 591 1186 in
607 1154 725 1197 quibus
743 1154 951 1186 incruentum
972 1151 1164 1185 sacrificium

421 1207 486 1240 Deo
511 1206 679 1245 olleratur,
706 1206 872 1239 aedificari
899 1211 930 1238 et
955 1204 1166 1243 consecrari,

422 1265 453 1293 et
480 1260 651 1303 quotannis
672 1270 689 1292 v
707 1259 863 1292 kalendas
881 1259 993 1297 maias,
1014 1268 1076 1300 quo
1096 1258 1165 1291 eius

422 1314 554 1347 exuviae
575 1314 696 1346 Limam
721 1313 894 1347 translatae
914 1318 1000 1350 sunt,
1020 1312 1165 1345 Thuribii

423 1368 548 1400 Limani
575 1368 657 1400 festa
697 1366 859 1400 solemnia
890 1372 924 1398 ut
954 1365 1057 1398 sancti
1092 1375 1166 1398 eon-

424 1421 556 1454 sessoris
582 1426 614 1453 et
638 1420 804 1464 pontificis
830 1419 992 1453 celebrari
1025 1418 1164 1462 possint.

469 1476 483 1518 ξ
508 1475 539 1507 li.
560 1475 695 1517 Insuper
723 1474 835 1507 eadem
855 1473 1045 1506 auctoritate
1064 1472 1168 1506 onmi-

424 1528 484 1561 bus
518 1527 788 1561 christifidelibus
820 1538 893 1560 vere
923 1525 1168 1570 poenitentibus

425 1587 458 1615 et
482 1581 663 1620 consessiS‚
691 1581 745 1624 qui
780 1581 895 1614 eodem
932 1580 983 1613 die
1021 1580 1101 1612 sesto
1138 1580 1167 1612 in

424 1634 617 1668 memoriam
643 1634 675 1667 Β.
702 1633 850 1666 Thuribii
876 1633 913 1666 ad
941 1633 1008 1666 eius
1037 1632 1168 1665 exuvias

424 1688 602 1720 visitandas
629 1687 854 1726 accesserint,
881 1696 1001 1719 annum
1032 1691 1064 1718 et
1092 1696 1170 1728 qua-

426 1742 628 1784 dragenam3
655 1740 693 1773 iis
721 1751 806 1780 vero,
831 1740 884 1783 qui
905 1739 936 1771 in
955 1741 1068 1772 octava
1086 1739 1171 1771 eius-

426 1795 498 1828 dem
519 1795 606 1835 sesti,
626 1793 842 1837 qnadraginta
869 1793 938 1826 dies
957 1793 997 1825 de
1016 1791 1170 1825 iniunctis

427 1858 483 1881 seu
510 1847 760 1891 quomodolibet
785 1846 831 1879 eis
857 1845 975 1879 debitis
1001 1845 1172 1888 poeniten-

430 1902 481 1934 tiis
507 1901 763 1934 misericorditer
788 1900 820 1932 in
846 1899 982 1933 Domino
1016 1898 1172 1932 relaxavi-

428 1966 499 1988 mus
525 1961 556 1987 et
581 1955 777 1987 relaxamus.

474 2009 489 2050 ἓ
515 2008 543 2040 5.
570 2008 750 2047 Postremo,
774 2007 887 2050 gratiis
904 2007 968 2039 Deo
987 2006 1066 2039 actis
1086 2005 1172 2049 quod

429 2061 609 2095 Ecclesiam
627 2072 719 2094 suam
739 2059 859 2103 insigni
880 2060 942 2093 hoc
960 2069 1107 2102 novoque
1126 2059 1173 2091 lu-

430 2114 546 2147 minari
561 2114 727 2148 illustrare
743 2114 894 2155 dignatus
910 2113 1030 2153 suisset,
1046 2114 1173 2145 cantata

430 2168 463 2200 in
488 2168 651 2200 honorem
669 2167 861 2200 Sanctorum
879 2165 1045 2206 Thuribii,
1067 2165 1172 2198 Iacobi

432 2232 449 2254 a
465 2221 606 2254 Marchia
625 2226 657 2254 et
674 2219 806 2262 Agnetis
830 2219 1010 2252 Politianae
1035 2218 1172 2251 solemni

432 2274 595 2313 oratione,
620 2273 651 2306 in
677 2275 732 2306 ara
758 2272 916 2315 Principis
943 2273 1173 2315 Apostolorum

433 2332 671 2360 sacrosanctum
690 2327 805 2359 missae
821 2325 1016 2362 sacrificinm
1034 2326 1174 2358 celebra-

434 2380 535 2413 vimus
562 2392 634 2412 itum
660 2380 807 2413 ciusdem
832 2379 1034 2413 Confessoris
1068 2379 1174 2411 Ponti-

434 2432 501 2465 iicis
541 2438 572 2465 ct
612 2439 795 2465 ceterorum
834 2432 1144 2465 commemoratione
1164 2458 1172 2471 ,

435 2487 651 2529 omnibusque
680 2486 949 2519 christifidelibus
977 2490 1053 2518 tunc
1078 2496 1173 2528 prae-

435 2539 580 2572 sentibus
607 2539 785 2580 plenariam
819 2544 1030 2581 peecatorum
1069 2538 1174 2570 indul-

437 2593 578 2636 gentiam
604 2592 834 2625 concessimus.

998 197 1182 223 BULLARIUM
1207 196 1364 222 ROMANUM

1952 195 1999 223 An.
2021 195 2050 223 C.
2071 196 2138 226 1726

1248 247 1262 289 ξ
1287 246 1318 279 6.
1346 246 1442 280 Decet
1471 246 1569 289 igitur
1604 251 1639 279 nt
1672 256 1730 289 pro
1759 250 1822 278 tam
1848 254 1947 288 pecu-

1205 299 1275 332 liari
1303 299 1488 343 insignique
1513 299 1665 332 benificio
1692 298 1829 332 caelitus
1852 297 1947 331 nobis

1205 348 1363 386 concesso
1396 364 1510 387 omnes
1544 353 1777 386 benedicamus
1812 357 1843 384 et
1879 352 1947 394 glo-

1205 405 1368 439 rificemus
1388 406 1420 439 in
1440 406 1532 439 trinis
1550 406 1701 439 Personis
1718 416 1818 438 unum
1833 405 1946 445 Deum,

1206 461 1351 493 omnium
1384 461 1546 493 bonorum
1578 465 1747 493 auctorem
1767 487 1774 500 ,
1810 458 1862 492 cui
1900 464 1951 492 est

1207 513 1315 546 honor
1345 518 1376 546 et
1409 513 1511 555 gloria
1544 513 1577 546 in
1611 513 1768 552 saecula,
1808 511 1948 544 assiduis

1206 567 1358 610 precibus
1385 567 1422 599 ab
1448 577 1486 600 eo
1512 567 1714 610 postulantes
1740 570 1773 598 ut
1808 575 1866 608 per
1902 564 1950 597 in-

1209 620 1440 653 tercessionem
1469 620 1565 654 electi
1591 619 1641 653 sui
1666 618 1815 652 Thuribii
1845 629 1862 651 a
1879 628 1951 661 pec-

1207 675 1286 707 catis
1313 675 1432 708 nostris
1459 674 1721 718 indignationem
1747 684 1839 707 suam
1860 683 1951 706 aver-

1209 733 1290 768 tens,
1304 727 1457 761 ostendat
1468 727 1563 760 nobis
1576 727 1688 760 facicm
1703 726 1949 760 misericordiae

1207 791 1306 820 suae,
1335 781 1551 824 immittatque
1579 780 1730 813 timorem
1767 780 1814 813 sni
1852 789 1952 823 super

1208 840 1322 877 gentes
1355 845 1436 878 quae
1464 845 1527 868 non
1554 839 1779 878 cognoverunt
1803 844 1899 874 eum,
1918 838 1953 865 ut

1208 888 1336 921 tandem
1363 893 1565 931 cognoscant
1599 888 1675 932 quia
1706 898 1771 921 non
1796 891 1845 921 est
1870 886 1952 920 alius

1209 941 1292 974 Deus
1319 941 1379 974 nisi
1407 942 1491 975 Deus
1518 947 1642 974 noster.

1253 994 1267 1036 g
1287 994 1315 1027 7.
1335 993 1496 1034 Ceterum,
1515 994 1591 1037 quia
1612 994 1744 1027 difficile
1763 994 1846 1027 soret
1863 1004 1953 1037 prae-
1963 997 2052 1050 ubiqffis
2071 997 2146 1046 ¹³¹3?sz

1209 1052 1318 1080 sentes
1333 1053 1463 1080 nostras
1482 1047 1606 1081 litteras
1622 1048 1661 1081 ad
1680 1047 1810 1091 singula
1827 1048 1899 1080 loca
1913 1047 1952 1080 ad
1964 1051 2100 1072 ³⁴¹¹¹ibe³¹¹¹r-

1210 1110 1293 1143 quae
1313 1111 1394 1143 opus
1413 1105 1502 1134 esset
1520 1100 1655 1140 adferri,
1670 1100 1835 1134 volumus¹
1850 1105 1885 1133 ut
1901 1111 1954 1133 ea-

1211 1164 1281 1186 rum
1309 1154 1486 1197 exemplis,
1514 1154 1611 1187 etiam
1639 1153 1826 1198 impressis,
1855 1164 1954 1187 manu

1209 1207 1334 1250 publici
1353 1207 1472 1240 notarii
1493 1207 1700 1251 subscriptis,
1719 1213 1751 1240 et
1771 1207 1883 1250 sigillo
1902 1206 1955 1240 ali-

1209 1259 1299 1292 cuius
1319 1270 1480 1303 personae
1502 1260 1534 1292 in
1554 1260 1715 1303 dignitate
1730 1260 1956 1293 ecclesiastica

1210 1312 1408 1346 constitutae
1431 1313 1578 1353 munitis,
1598 1314 1712 1347 eadem
1733 1313 1854 1356 ubique
1876 1312 1957 1347 fides

1211 1365 1385 1407 habeatur,
1404 1377 1487 1409 quae
1509 1366 1588 1409 ipsis
1610 1365 1839 1409 praesentibus
1858 1366 1956 1399 habe-

1211 1424 1303 1452 retur
1329 1419 1355 1452 si
1381 1427 1494 1454 essent
1519 1419 1684 1453 exhibitae
1710 1420 1762 1453 vel
1788 1424 1955 1453 ostensae.

1255 1473 1269 1516 ἓ
1295 1471 1326 1505 8.
1364 1473 1451 1505 Nulli
1489 1483 1568 1516 ergo
1606 1473 1740 1506 omnino
1785 1472 1956 1506 hominum

1210 1525 1308 1558 liceat
1333 1526 1418 1559 hanc
1430 1526 1584 1569 paginam
1601 1532 1730 1559 nostrae
1747 1524 1955 1566 definitionis,
1968 1561 1979 1581 g

1212 1579 1348 1618 decreti,
1380 1579 1625 1623 adscriptionis‚
1657 1580 1835 1620 relationis,
1866 1590 1957 1613 man-

1213 1632 1290 1673 dati,
1318 1633 1453 1673 statuti,
1477 1633 1687 1667 relaxationis
1718 1639 1750 1667 et
1784 1632 1956 1667 voluntatis

1213 1685 1405 1729 infringere,
1431 1687 1481 1719 vel
1508 1687 1536 1720 ei
1563 1698 1644 1720 ausu
1670 1686 1845 1720 temerario
1880 1697 1957 1720 con-

1215 1739 1332 1779 traire;
1352 1740 1377 1772 si
1397 1741 1470 1783 quis
1486 1746 1595 1773 autem
1613 1741 1677 1774 hoc
1691 1746 1853 1774 attentare
1871 1750 1959 1783 prae-

1213 1793 1407 1835 sumpserit,
1433 1793 1695 1836 indignationem
1724 1792 1959 1837 omnipotentis

1214 1844 1270 1877 Dei
1296 1856 1332 1878 ac
1363 1846 1537 1878 beatorum
1570 1846 1655 1879 Petri
1678 1852 1710 1880 et
1726 1847 1815 1880 Pauli
1833 1851 1961 1890 aposto-

1215 1899 1322 1931 lorum
1339 1898 1406 1931 eius
1424 1909 1457 1932 se
1480 1899 1605 1932 noverit
1625 1900 1845 1933 incursurum.

1259 1951 1375 1984 Datum
1416 1951 1539 1985 Romae
1556 1979 1563 1992 ‚
1603 1953 1689 1996 apud
1728 1953 1759 1986 S.
1799 1953 1932 1986 Petrum
1952 1980 1959 1992 ,

1216 2015 1300 2038 anno
1322 2005 1557 2039 lncarnationis
1576 2007 1760 2041 dominicae
1784 2017 1958 2048 Moccxxvl‚

1216 2068 1247 2092 ιν
1280 2058 1352 2091 idus
1378 2059 1561 2092 decembris
1578 2087 1585 2101 ‚
1619 2060 1827 2103 pontificatus
1853 2060 1957 2094 nostri

1218 2122 1303 2144 anno
1329 2122 1379 2145 111.

1994 283 1998 287 .
2022 256 2139 280 Gratiarum

1958 286 2024 305 actio.

1994 1528 2059 1549 Nemo
2079 1527 2151 1548 infrin-

1983 1561 2017 1576 ere
2038 1554 2123 1576 audeat.

1252 2173 1314 2200 Dat.
1337 2173 1382 2201 die
1402 2174 1432 2201 10
1447 2175 1602 2202 decembris
1621 2176 1698 2210 1726,
1716 2175 1814 2211 pontis.
1836 2183 1908 2202 anno
1923 2181 1960 2203 nl.

1360 2252 1410 2302 ᾖ
1436 2254 1521 2290 EGO
1555 2254 1830 2291 BENEDICTUS

1280 2322 1477 2346 CATHOLICAE
1499 2322 1668 2346 ECCLESJAE
1693 2313 1893 2346 EPISCOPUS'.

1216 2384 1235 2469 i

1216 2481 1234 2516 †

1256 2548 1264 2572 1
1288 2547 1452 2575 Particulam
1473 2551 1566 2577 antem
1587 2549 1707 2576 delemus
1728 2548 1769 2582 (a.
1793 2548 1842 2579 τ.).

1253 2591 1270 2617 2
1284 2593 1344 2629 Seq.
1361 2594 1447 2622 forma
1463 2594 1544 2630 sigilli
1565 2597 1594 2621 ut
1614 2601 1697 2628 supra
1716 2600 1779 2628 pag.
1796 2592 1813 2619 6
1826 2599 1843 2619 α
1857 2592 1898 2628 (n.
1911 2591 1961 2628 ¹12).
