2170 3147
18 212 66 238 Ὰη.
82 210 109 238 C.
133 209 200 237 ¹725

59 1590 198 1611 Committitur

17 1620 116 1644 epist-opo
136 1618 197 1638 Cese-

17 1648 97 1665 ntntensi
125 1650 199 1664 execu-

18 1674 46 1691 tm
58 1671 131 1691 harum
144 1672 199 1691 litte-

16 1703 93 1720 rarum.

787 210 982 235 BENEDICTPS
1009 212 1066 235 xut
1091 213 1127 235 ΓΡ
1134 229 1141 235 .

206 269 344 302 cumque
360 258 451 298 iuris,
470 259 542 291 sacti
561 259 608 291 vel
627 259 747 300 gratiae
766 260 944 292 remedium

206 310 394 354 impetrari,
431 321 486 344 seu
512 311 761 354 quomodolibet
791 322 946 345 concesso

208 368 261 396 aut
287 363 459 407 impetrato
476 374 670 407 quemquam
697 364 728 396 in
755 364 875 397 iudicio
896 365 946 397 vel

208 421 296 449 extra
330 417 408 449 illud
441 417 486 449 uti
524 427 578 450 seu
617 428 649 450 se
681 416 796 449 ‘iuvare
832 427 943 459 posse,

206 469 263 501 sed
302 469 386 512 ipsas
426 476 612 512 praesentes
652 469 779 503 litteras
819 478 947 512 semper

206 520 332 562 firmas,
358 522 478 556 validas
514 528 544 555 et
580 522 726 555 efficaces
752 522 890 555 existere
917 527 949 553 et

208 574 288 616 fore,
313 586 456 619 suosque
483 575 646 618 plenarios
673 580 704 608 et
729 575 872 617 integros
895 575 949 608 es-

208 628 309 661 l’ectus
331 629 440 662 sortiri
478 634 509 662 et
544 628 714 668 obtinere,
740 639 775 661 ae
800 628 882 667 illis,
908 629 946 660 ad

209 692 289 724 quos
316 687 440 725 spectat
464 688 494 715 et
519 682 765 725 quomodolibet
790 682 948 725 spectabit

208 735 240 767 in
267 735 420 775 ruiturum,
444 735 633 779 plenissime
660 735 826 778 suffragari
853 742 883 768 et
909 735 947 768 ab

208 787 254 820 eis
279 789 456 832 respective
491 788 723 822 inviolabiliter
756 788 944 829 observari,

208 840 319 884 sicque
346 847 377 874 et
401 852 463 874 non
490 841 584 875 aliter
609 842 639 874 in
665 841 852 885 praemissis
890 852 948 885 per

207 905 430 939 quoscumque
457 895 578 928 iudices
604 895 785 928 ordinarios
811 901 842 928 et
860 895 949 928 dele-

209 953 310 990 gatos,
336 949 430 981 etiam
456 959 624 981 causarum
646 948 755 992 palatii
774 949 946 989 auditores,

207 1010 243 1033 ac
261 1001 405 1034 eiusdem
424 1001 455 1034 S.
474 1002 509 1034 R.
527 1002 561 1034 E.
578 1002 771 1042 cardinales,
793 1002 888 1034 etiam
908 1003 947 1035 de

207 1054 310 1087 latere
338 1055 461 1097 legatos
479 1060 507 1087 et
528 1054 732 1097 Apostolicae
749 1054 841 1088 Sedis
868 1066 948 1088 nun-

207 1106 286 1146 cios,
300 1107 420 1140 aliosve
439 1107 603 1150 quoslibet
620 1118 821 1150 quacumque
838 1118 948 1151 praee-

208 1159 364 1192 minentia
389 1165 421 1192 et
445 1165 605 1204 potestate
630 1161 798 1202 fungentes
825 1167 855 1193 et.
880 1161 948 1194 sun-

208 1216 329 1250 cturos,
355 1212 482 1245 sublata
517 1213 562 1245 eis
600 1218 631 1245 et
667 1224 778 1246 eorum
816 1214 948 1246 cuilibet

208 1265 319 1308 quavis
344 1265 439 1298 aliter
464 1265 624 1297 iudicandi
652 1271 682 1298 et
707 1266 946 1309 interpretandi

209 1318 358 1352 facultate
384 1324 415 1351 et
442 1319 651 1358 auctoritate,
678 1320 812 1352 iudicari
839 1325 870 1352 et
895 1321 948 1353 dc-

210 1371 293 1404 t'iniri
313 1371 444 1411 debere,
462 1383 497 1405 ae
517 1372 642 1405 irritum
669 1378 699 1405 et
726 1373 819 1405 inane
846 1373 871 1405 si
898 1384 947 1406 se—

209 1434 263 1457 cus
299 1435 396 1468 super
422 1425 471 1457 his
495 1436 511 1457 a
537 1436 698 1468 quoquam
717 1453 724 1466 ‚
753 1426 862 1468 quavis
893 1437 948 1458 au-

208 1477 378 1517 ctoritate,
407 1478 544 1510 scienter
568 1479 616 1511 vel
644 1478 849 1521 ignoranter,
876 1489 950 1512 eon-

210 1530 321 1573 tigerit
341 1530 504 1563 attentari.

253 1584 267 1627 §
293 1582 323 1616 5.
343 1583 500 1622 Quocirca
526 1584 629 1617 eidem
658 1584 816 1618 moderno
837 1595 873 1618 ae
892 1595 950 1628 pro

211 1642 357 1680 tempore
377 1637 527 1670 existenti
546 1637 702 1680 episcopo
720 1637 950 1671 Caesenatensi

211 1700 269 1734 per
294 1695 483 1733 praesentes
507 1695 593 1723 motu
619 1690 687 1734 pari
721 1691 951 1724 committimus

211 1749 240 1776 et
260 1744 460 1783 mandamus,
481 1749 639 1788 quatenus
659 1744 742 1788 ipse,
762 1755 821 1788 per
838 1756 882 1785 se,
901 1746 950 1778 vel

211 1797 319 1836 alium,
345 1806 399 1829 seu
425 1797 526 1835 alios,
553 1802 744 1840 praesentes
770 1797 894 1830 litteras
922 1804 952 1830 et

211 1849 244 1881 in
281 1849 326 1881 eis
364 1855 517 1882 contenta
554 1860 794 1894 quaecumque,
829 1850 883 1882 ubi
921 1855 953 1883 et

212 1902 340 1945 quando
354 1911 434 1945 opus
450 1902 555 1939 suerit.
569 1903 757 1936 solemniter
771 1903 952 1946 publicans,

212 1954 364 1998 dictoque
391 1956 566 1988 seminario
592 1956 622 1988 in
650 1956 773 1989 eisdem
799 1956 954 1999 praemis-

211 2007 253 2039 sis
278 2007 417 2040 efficacis
444 2008 642 2041 detensionis
675 2009 841 2052 praesidio
874 2009 954 2042 assi-

212 2066 312 2103 stens,
340 2062 435 2095 saciat
459 2063 653 2095 auctoritate
678 2065 788 2095 nostra
814 2063 953 2096 semina-

211 2113 294 2147 rium
318 2115 498 2158 praefatum
525 2116 744 2159 praesentium
771 2115 951 2148 litterarum

212 2172 243 2199 et
267 2167 299 2200 in
328 2168 374 2200 eis
399 2173 628 2200 contentorum
656 2168 841 2202 huiusmodi
868 2179 953 2201 com-

212 2220 309 2253 modo
335 2227 365 2252 et
391 2220 504 2253 effectu
531 2221 660 2264 pacifice
694 2221 753 2254 srui
780 2227 810 2254 et
835 2222 953 2264 gaude-

211 2283 265 2314 re,
286 2283 350 2305 non
370 2273 562 2316 permittens
586 2274 664 2307 illud
684 2274 824 2317 desuper
841 2285 858 2307 a
876 2285 952 2317 quo-

212 2336 306 2370 quam
329 2327 442 2370 quavis
464 2327 679 2367 auctoritate,
705 2328 954 2370 quomodolibet

212 2379 354 2413 indebite
372 2380 546 2421 molestari,
564 2381 745 2424 perturbari
765 2381 812 2413 vel
831 2380 953 2423 inquie-

213 2432 295 2473 tari,
323 2433 577 2466 contradictores
603 2433 768 2476 quoslibet
793 2438 823 2464 et
847 2433 952 2465 rebel-

212 2487 259 2520 les
285 2496 343 2530 per
367 2486 562 2526 sententias,
589 2496 742 2519 censuras
767 2490 799 2517 et
830 2495 952 2528 poenas
973 2489 974 2492 ’

213 2540 460 2580 ecclesiasticas,
498 2540 626 2582 aliaque
664 2544 848 2582 opportuna
872 2538 951 2571 iuris

213 2597 245 2627 et
270 2592 341 2625 sacti
366 2592 518 2633 remedia,
546 2591 767 2635 appellatione
794 2590 952 2635 postposi-

990 261 1037 299 ta,
1055 261 1301 303 compescendo,
1321 261 1537 304 legitimisque
1556 271 1654 304 super
1680 260 1729 293 liis

990 313 1187 346 habentibus
1213 314 1348 346 servatis
1371 314 1591 357 processibus,
1619 316 1732 347 censu-

990 376 1040 398 ras
1066 371 1098 398 et
1123 376 1246 409 poenas
1272 367 1359 410 ipsas
1389 367 1484 400 etiam
1512 367 1633 400 iteratis
1657 366 1732 399 vici-

990 418 1050 450 bus
1075 420 1291 461 aggravando,
1310 420 1457 453 invocato
1476 419 1570 453 etiam
1593 420 1630 452 ad
1658 420 1730 458 hoc,

990 471 1015 502 si
1033 481 1115 513 opus
1137 472 1243 512 fuerit,
1261 472 1380 505 auxilio
1398 472 1524 505 brachii
1544 472 1728 505 saecularis.

990 523 1052 566 Ipsi
1086 525 1245 557 moderno
1282 525 1438 569 episcopo
1477 525 1561 558 serio
1598 526 1732 569 insuper

992 576 1213 619 iniungentes,
1240 582 1295 618 ut,
1322 584 1495 622 postquam
1520 579 1731 612 ecclesiarum

993 635 1024 661 et
1049 630 1195 662 locorum
1221 631 1347 673 piorum
1373 631 1507 664 civitatis
1524 637 1555 664 et
1571 632 1730 665 dioecesis

992 682 1229 725 praedictarum
1272 682 1510 716 visitationem¹
1543 684 1730 727 peregerit,

992 734 1194 777 reliquorum
1222 736 1367 768 locorum
1391 736 1518 779 piorum
1541 736 1731 769 earumdem

991 787 1129 820 civitatis
1156 793 1185 821 et
1213 788 1371 822 dioecesis
1395 794 1511 822 statum
1530 789 1560 821 in
1580 799 1732 832 compen-

992 841 1080 873 dium
1116 841 1281 874 redactum
1318 842 1357 874 ad
1395 853 1453 874 nos
1493 842 1730 885 quamprimum

992 894 1165 936 diligenter
1206 895 1417 935 transmittat,
1445 901 1502 935 ut,
1530 895 1732 937 singulorum

991 947 1171 979 redditibus
1192 947 1372 990 perpensis,
1408 953 1510 980 ratam
1547 948 1732 990 portionem

991 1010 1008 1032 a
1033 999 1180 1042 quolibet
1205 1011 1317 1033 eorum
1356 1000 1441 1033 dicto
1476 1001 1651 1034 seminario
1678 1012 1733 1034 an-

991 1053 1112 1085 nuatim
1138 1053 1370 1085 conserendam
1390 1059 1423 1086 et
1449 1054 1649 1093 solvendam,
1669 1065 1734 1087 ma-

991 1108 1061 1138 tura
1088 1106 1325 1139 consultatione
1359 1106 1514 1145 adhibita,
1541 1106 1675 1140 desinire
1701 1113 1733 1139 et

992 1164 1099 1191 taxare
1124 1160 1297 1196 valeamus,
1318 1159 1594 1202 quemadmodum
1621 1160 1660 1192 de
1682 1170 1732 1191 su-

990 1213 1156 1255 pradictae
1199 1212 1467 1255 Congregationis
1516 1213 1730 1246 cardinalium

991 1275 1122 1298 assensu
1147 1275 1205 1307 pro
1231 1265 1396 1308 praedicto
1421 1266 1595 1299 seminario
1613 1266 1732 1310 Sypon-

992 1317 1058 1351 tino
1083 1329 1141 1351 nos
1167 1318 1243 1351 olim
1270 1318 1382 1351 secisse
1408 1319 1624 1352 meminimus.

1036 1370 1100 1413 gd.
1128 1370 1195 1403 Non
1222 1371 1428 1403 obstantibus
1454 1371 1653 1414 praemissis,
1678 1382 1730 1412 ac,
1765 1382 1894 1401 cunnum*
1920 1391 1926 1395 -

1743 1409 1870 1434 nugatoriae,

993 1429 1152 1467 quatenus
1172 1435 1252 1467 opus
1280 1424 1337 1463 sit,
1357 1424 1395 1456 de
1413 1425 1482 1457 iure
1501 1424 1648 1467 quaesito
1667 1435 1732 1458 non

994 1477 1149 1515 tollendo,
1176 1488 1211 1510 ac
1237 1477 1276 1509 de
1302 1477 1513 1520 exprimendo
1532 1488 1607 1511 vero
1625 1479 1732 1511 valore

993 1531 1024 1563 in
1052 1530 1349 1573 suppressionibus,
1381 1530 1554 1563 unionibus
1589 1542 1644 1564 seu
1679 1542 1734 1574 ap-

993 1583 1234 1627 plicationibus,
1270 1583 1398 1627 illisque
1429 1584 1667 1617 committendis
1693 1585 1733 1617 ad
1767 1598 1771 1600 ¹

994 1641 1115 1679 partes,
1134 1635 1276 1669 vocatis²
1293 1646 1429 1678 quorum
1453 1636 1596 1676 interest,
1613 1642 1641 1669 et
1661 1636 1733 1670 aliis

995 1689 1114 1722 nostris
1140 1693 1172 1721 et
1196 1688 1415 1722 Cancellariae
1441 1689 1649 1732 Apostolicae
1684 1699 1734 1722 re-

995 1742 1088 1784 gulis,
1113 1752 1239 1775 necnon
1265 1742 1488 1775 Lateranensis
1514 1742 1647 1775 Concilii
1678 1753 1734 1775 no-

995 1794 1124 1828 vissime
1142 1794 1297 1828 celebrati
1320 1795 1457 1828 uniones
1476 1800 1650 1838 perpetuas
1668 1795 1733 1828 nisi

996 1848 1026 1880 in
1065 1848 1193 1881 casibus
1230 1858 1247 1880 a
1279 1848 1347 1880 iure
1373 1847 1538 1891 permissis
1564 1847 1633 1880 fieri
1659 1858 1733 1891 pro-

998 1901 1150 1940 hibentis,
1175 1901 1312 1944 aliisque
1338 1901 1525 1944 apostolicis
1552 1911 1588 1934 ac
1613 1901 1645 1933 in
1668 1901 1734 1933 unin

997 1955 1176 1988 versalibus
1202 1954 1523 1996 provincialibusque
1542 1960 1572 1987 et
1600 1954 1734 1996 synoda-

998 2009 1080 2041 libus
1105 2007 1274 2040 conciliis3
1307 2007 1421 2046 editis,
1451 2007 1657 2049 generalibus
1682 2008 1733 2040 vel

996 2061 1200 2105 specialibus,
1226 2060 1509 2093 constitutionibus
1545 2066 1576 2093 et
1607 2060 1734 2093 ordina-

997 2113 1156 2153 tionibus,
1196 2124 1323 2146 necnon
1363 2113 1663 2146 confraternitatum
1703 2118 1735 2146 et

996 2169 1173 2201 conventus
1207 2166 1389 2200 huiusmodi
1412 2166 1565 2210 illiusque
1586 2166 1734 2206 Ordinis,

996 2220 1091 2253 etiam
1118 2219 1310 2259 iuramento,
1337 2219 1578 2252 confirmatione
1605 2225 1734 2262 aposto—

996 2272 1068 2311 liea,
1097 2274 1144 2305 vel
1171 2273 1279 2315 quavis
1304 2272 1455 2305 firmitate
1482 2273 1543 2305 alia
1562 2273 1732 2312 roboratis,

996 2325 1123 2357 statutis
1161 2330 1191 2357 et
1227 2324 1528 2364 consuetudinibus,
1554 2325 1733 2368 privilegiis

997 2388 1143 2420 quoque,
1171 2377 1302 2410 indultis
1330 2382 1361 2409 et
1391 2377 1507 2410 litteris
1533 2377 1732 2421 apostolicis,

996 2430 1117 2463 eisdem
1143 2428 1479 2470 confraternitatibus,
1504 2430 1676 2463 conventui
1704 2435 1734 2463 et

1033 2511 1040 2535 1
1067 2507 1137 2535 Edit.
1159 2508 1239 2535 lllain.
1261 2509 1324 2543 legit
1343 2509 1542 2537 visitationum
1561 2512 1598 2544 (n.
1614 2512 1661 2544 ⁵12).

1030 2553 1046 2580 Ξ
1065 2553 1136 2580 Male
1156 2552 1221 2579 edit.
1243 2552 1321 2579 Maia.
1342 2553 1407 2588 legit
1425 2554 1518 2581 vocali
1534 2555 1572 2588 (R.
1595 2555 1643 2587 Τ.).

1032 2597 1047 2624 3
1068 2597 1168 2625 Eadem
1189 2597 1251 2624 edit.
1272 2596 1336 2632 legit
1356 2597 1483 2632 colteyiis
1503 2598 1539 2633 (n.
1560 2598 1608 2634 τ.).

1628 203 1690 236 197
1738 211 1786 237 An.
1805 211 1833 238 c.
1860 211 1924 239 1725
