2139 3142
795 244 891 267 tNDEx
918 243 1114 267 IIUBRICARUM

284 295 469 338 gregatione
493 306 590 328 unum
611 307 646 329 ex
666 296 894 338 assistentibus,
911 295 936 328 si

285 349 316 381 in
339 349 463 392 culpam
489 349 620 388 incidat,
645 348 720 382 586.

195 401 321 435 cxctlt.
356 401 497 445 Erigitur
527 401 668 434 custodia
702 401 733 435 S.
761 401 880 434 Nicolai
904 401 936 433 in

283 454 465 496 Lotaringia
500 454 655 487 Minorum
683 454 934 487 Recollectorum

283 507 322 539 de
338 506 542 540 Observantia
566 508 596 539 in
621 507 836 551 provinciam,
857 506 932 541 587.

194 560 318 594 CXCIV.
343 560 556 593 Confirmatur
575 559 736 593 decretum
757 561 935 604 Congrega-

282 614 375 646 tionis
398 613 619 653 Immunitatis,
637 613 722 656 quod
743 613 935 647 distributio-

280 676 335 698 nes
366 665 583 708 quotidianae,
609 676 688 708 quae
713 666 934 709 percipiuntur

279 728 337 761 per
362 717 599 757 residentiales,
624 729 688 750 non
723 719 933 762 comprehen-

280 771 394 803 dantur
419 780 476 813 pro
513 770 653 803 subsidio
689 771 777 804 Sedis
800 772 934 815 Aposto-

281 824 376 863 licae,
403 822 477 855 589.

191 875 301 909 CXCV.
328 875 563 909 Confirmantur
583 876 824 909 reformationes
841 888 931 920 quae-

279 928 349 961 dam
375 928 633 961 constitutionum
659 928 784 961 Ordinis
810 930 931 962 Servo—

280 993 350 1015 rum
376 982 408 1014 B.
429 982 467 1014 M.
488 982 522 1014 V.
542 992 600 1025 pro
624 982 811 1016 Germaniae
827 988 857 1016 et
873 983 932 1016 Bo-

278 1035 402 1067 hemiae
427 1034 614 1077 provinciis,
638 1034 713 1067 590.

190 1087 316 1121 CXCVI.
329 1087 561 1121 Confirmantur
574 1087 727 1130 quaedam
743 1087 868 1120 decreta
882 1088 931 1121 dc-

276 1140 406 1173 finitorii
432 1140 588 1181 generalis
605 1140 736 1172 fratrum
758 1140 931 1174 Discalcea-

278 1199 382 1226 torum
409 1192 533 1225 Ordinis
557 1193 609 1226 SS.
628 1193 789 1225 Trinitatis
806 1194 930 1226 redem-

277 1246 393 1289 ptionis
433 1245 631 1288 captivorum
671 1245 929 1289 Congregationis

276 1298 444 1342 Hispaniae
458 1309 515 1341 pro
529 1298 613 1330 bono
632 1298 785 1341 regimine
802 1300 930 1342 provin-

277 1352 397 1384 ciarum
424 1351 524 1385 dictae
547 1351 825 1395 Congregationis,
850 1352 926 1386 505.

187 1404 323 1438 CXCVII.
351 1404 522 1448 Eriguntur
547 1404 653 1436 deceni
675 1410 848 1437 conventus
866 1406 928 1437 sra-

275 1463 359 1490 trum
384 1456 510 1489 Ordinis
534 1456 587 1490 SS.
613 1457 773 1490 Trinitatis
809 1458 929 1491 redeni-

274 1509 391 1554 ptionis
407 1510 605 1553 captivorum
625 1510 657 1542 in
672 1520 786 1543 novam
803 1512 929 1555 provin-

274 1562 372 1603 ciam,
398 1561 475 1595 600.
776 1552 785 1561 ”

187 1614 339 1649 CXCVIII.
366 1614 520 1648 Statuitur
542 1620 577 1647 ut
596 1625 690 1648 nemo
706 1621 927 1649 testamentum

275 1667 434 1701 conficere
459 1667 489 1699 in
514 1668 657 1711 partibus
689 1668 850 1701 lndiarum
876 1680 927 1701 va-

274 1721 345 1762 leat,
366 1720 441 1764 quin
465 1721 603 1764 aliquam
629 1722 860 1765 eleemosynarii
878 1733 930 1766 ap-

273 1773 453 1817 plicandam
478 1774 574 1808 Monti
599 1780 704 1807 erecto
728 1785 788 1817 pro
808 1775 929 1808 anima-

273 1827 332 1859 bus
356 1827 531 1870 purgatorii
556 1828 731 1871 relinquat,
756 1827 832 1860 001.

185 1879 310 1913 CXCIX.
330 1879 566 1913 Confirmantur
590 1880 712 1913 litterae
729 1881 882 1923 quaedam
897 1881 928 1913 in

273 1932 375 1964 forma
398 1931 506 1964 Brevis
523 1932 692 1966 Clementis
711 1933 734 1965 X
753 1933 835 1965 circa
856 1944 929 1966 eon-

274 1984 410 2017 sultores
427 1985 588 2026 regulares
606 1985 866 2027 Congregationis
884 1986 928 2018 ln-

273 2036 364 2077 dieis,
391 2047 463 2069 curn
491 2037 679 2080 quibusdam
712 2038 924 2071 ordinationi-

272 2089 348 2130 bus,
373 2088 452 2122 602.

185 2143 241 2177 CC.
269 2142 490 2176 Conceduntur
512 2142 674 2182 nonnulla,
694 2147 724 2175 et
740 2143 928 2176 confirman-

274 2199 324 2229 tur
348 2195 500 2238 quaedam
526 2195 587 2228 alia
603 2195 707 2227 abbati
726 2196 836 2229 Montis
856 2197 927 2230 Cas-

273 2248 333 2282 sini
351 2248 475 2281 Ordinis
495 2248 593 2281 sancti
617 2248 784 2289 Benedicti,
798 2249 926 2294 eiusque

273 2301 424 2334 ecclesiae
449 2307 479 2333 et
503 2301 712 2341 monasterio,
738 2300 813 2335 004.

184 2354 255 2389 CCI.
267 2354 501 2388 Confirmantur
513 2354 678 2397 privilegia
696 2355 925 2388 monachorum

274 2407 400 2440 Ordinis
433 2407 531 2439 sancti
557 2406 715 2439 Benedicti
739 2407 923 2451 Congrega-

274 2461 366 2494 tionis
390 2460 428 2493 de
452 2459 655 2493 Observantia
680 2460 711 2492 in
734 2461 841 2503 regnis
865 2462 922 2494 tli-

272 2513 472 2557 spaniarum,
495 2513 572 2547 007.

185 2567 270 2602 CCII.
291 2567 524 2601 Confirmantur
540 2567 662 2601 litterae
681 2568 873 2611 apostolicae
894 2568 926 2601 in

272 2620 373 2653 forma
385 2620 494 2654 Brevis
507 2631 602 2664 super
614 2621 813 2664 separatione
828 2621 925 2654 trium

1620 235 1684 269 923

1075 302 1287 329 conventuum
1318 308 1390 330 eum
1419 297 1588 330 residentia
1612 309 1629 331 a
1652 309 1728 342 pro-

1076 349 1176 382 vincia
1196 350 1227 383 S.
1243 349 1395 389 Andreae,
1413 361 1587 394 eorumque
1611 352 1729 387 unione

1076 403 1257 445 provinciae
1267 403 1429 436 Flandriae
1436 403 1561 437 Ordinis
1569 405 1726 440 Minorum

1075 454 1113 487 de
1138 454 1343 488 observantia
1368 456 1631 498 Recollectoi·um‚
1652 458 1726 491 608.

987 506 1083 540 CCIII.
1111 507 1304 541 Permittitur
1338 508 1511 542 Minoribus
1546 510 1727 552 provinciae

1075 561 1266 594 reformatae
1283 561 1377 594 Vallis
1395 562 1431 595 de
1448 563 1586 595 Mazzara
1603 564 1733 597 Ordinis

1073 613 1170 645 sancti
1198 613 1354 646 Francisci
1379 614 1418 647 de
1442 614 1668 655 Observantia,
1693 622 1727 649 ut

1073 666 1288 710 eleemosynas
1313 668 1512 710 pecuniarias
1538 679 1597 712 pro
1623 669 1729 703 missis-

1074 719 1269 752 celebrandis
1305 731 1479 764 procurare
1518 728 1548 754 et
1583 723 1725 766 recipere

1073 771 1209 814 possint,
1235 771 1311 804 6101.

984 823 1079 857 CCIV.
1095 824 1248 857 Statuitur
1261 825 1345 857 iuxta
1362 826 1514 868 quasdam
1530 827 1646 860 Urbani
1661 828 1726 861 VIII

1073 876 1214 916 litteras,
1240 883 1273 909 ut
1303 877 1437 921 quisque
1471 879 1569 912 frater
1599 878 1729 914 Ordinis

1072 928 1283 961 Eremitarum
1298 930 1582 973 sanctiitugustinss
1592 944 1649 977 per
1662 935 1726 968 duo

1073 981 1207 1013 triennia
1231 982 1379 1015 continua
1404 984 1592 1026 quibusdam
1614 987 1726 1020 officiis

1071 1033 1205 1074 functus,
1223 1033 1254 1065 in
1275 1035 1368 1067 tertio
1393 1035 1527 1069 triennio
1545 1038 1726 1072 immediate

1070 1086 1292 1129 subsequenti,
1318 1088 1355 1119 ab
1381 1089 1465 1120 omni
1491 1091 1640 1123 exercitio
1665 1102 1722 1125 eo-

1071 1139 1217 1172 rumdem
1249 1140 1425 1173 officiorum
1451 1142 1636 1186 absolutus,
1661 1144 1726 1178 Deo

1071 1198 1100 1224 et
1120 1193 1243 1225 animae
1260 1204 1334 1225 suae
1352 1204 1461 1226 vacare
1479 1200 1632 1236 teneatur,
1646 1197 1723 1230 012).

1088 1244 1278 1278 Conceditur
1302 1246 1431 1278 facultas
1456 1249 1595 1289 generali
1620 1255 1650 1282 et
1673 1250 1727 1283 de-

1069 1298 1208 1331 linitorio
1232 1299 1365 1331 fratrum
1387 1299 1652 1334 Discalceatorum
1670 1302 1724 1336 Or-

1070 1351 1152 1385 dinis
1169 1352 1220 1385 SS.
1238 1352 1398 1385 Trinitatis
1416 1354 1651 1398 Redemptionis
1668 1356 1723 1391 Ca-

1068 1405 1225 1448 ptivorum
1264 1405 1405 1448 erigendi
1443 1417 1534 1439 unam
1566 1409 1653 1451 quasi
1686 1409 1725 1443 de

1068 1467 1151 1491 novo
1178 1458 1375 1500 provinciam
1402 1459 1507 1493 ltaliae
1532 1471 1567 1493 ex
1592 1472 1725 1495 conven-

1069 1510 1151 1543 tibus
1176 1511 1229 1553 qui
1254 1511 1286 1543 in
1310 1511 1399 1544 Italia
1424 1514 1649 1556 reperiuntur,
1676 1516 1723 1549 vel

1068 1573 1179 1595 eorum
1205 1563 1377 1606 aliquibus,
1397 1564 1474 1597 615.

980 1615 1074 1650 CCVI.
1102 1616 1290 1649 Conceditur
1308 1617 1453 1651 ministro
1474 1619 1613 1660 generali
1629 1620 1724 1654 Mino-

1068 1680 1138 1702 rum
1171 1669 1424 1713 Capuccinorutu
1459 1671 1590 1705 facultas
1626 1674 1719 1706 resti-

1068 1723 1176 1755 tuendi
1194 1723 1348 1756 discretos
1366 1725 1587 1758 conventuales
1605 1726 1636 1758 in
1652 1737 1723 1770 pro-

1069 1776 1179 1808 vinciis
1203 1775 1440 1818 Hispaniarum,
1467 1776 1543 1809 617.

980 1827 1093 1862 CCVII.
1127 1828 1328 1861 interdicitur
1363 1829 1487 1862 clericis
1521 1831 1722 1874 regularibus

1068 1881 1326 1923 Congregationis
1371 1882 1560 1915 Scliolarum
1594 1884 1721 1917 Piarum

1067 1933 1281 1976 praedicatio,
1307 1938 1340 1967 ut
1365 1935 1546 1968 scholarum
1571 1938 1720 1971 exercitio

1068 1986 1255 2019 incumbere
1290 1987 1412 2028 valeat,
1442 1988 1589 2032 adempta
1625 1991 1720 2023 etiam

1068 2039 1287 2082 superioribus
1310 2041 1455 2073 facultate
1472 2052 1569 2084 super
1584 2042 1644 2076 hoc
1661 2043 1722 2077 dis-

1067 2092 1240 2135 pensandi,
1265 2092 1340 2126 619.

977 2145 1350 2187 CCVIll.}Conlii·niatu1·
1380 2147 1564 2181 alternativa
1595 2149 1723 2182 officie*

1066 2209 1137 2231 rum
1155 2198 1335 2242 provinciae
1348 2199 1490 2233 Baeticae
1506 2201 1721 2235 Eremitarum

1066 2250 1096 2284 S.
1130 2251 1295 2294 Augustini
1334 2252 1599 2286 Discalceatorum
1638 2254 1722 2287 inter

1064 2303 1177 2336 fratres
1196 2303 1298 2337 dictae
1316 2305 1497 2348 provinciae
1514 2310 1545 2339 et
1561 2317 1615 2340 eos
1632 2306 1721 2340 delta

1066 2357 1201 2396 Manca,
1226 2356 1300 2390 620.

977 2409 1076 2444 CCIX.
1108 2404 1319 2443 Consu-matur
1349 2410 1511 2444 decretum
1537 2412 1720 2456 Congrega-

1066 2462 1159 2495 tionis
1176 2473 1273 2506 super
1296 2463 1464 2507 disciplina
1488 2465 1638 2508 regulari,
1656 2477 1720 2510 qua

1066 2515 1258 2555 decernitur,
1272 2520 1305 2549 ut
1318 2517 1519 2559 oppositores
1537 2518 1618 2551 vitae
1634 2529 1720 2552 com-

1066 2567 1169 2600 munis
1184 2568 1317 2601 fratrum
1335 2568 1460 2603 Ordinis
1477 2570 1587 2604 Beatae
1602 2572 1718 2605 Mariae

1065 2620 1104 2654 de
1128 2621 1229 2654 Monte
1262 2620 1407 2655 Carmelo
1440 2622 1571 2657 Strictae
1595 2623 1714 2658 Obser-

981 1244 1062 1278 CCV.
