2170 3147
0 210 46 236 An.
66 209 94 236 C.
113 208 180 236 1724

788 211 980 235 BEBEDICTL'S
1006 213 1062 236 xm
1085 213 1134 236 Pr.

188 258 205 293 †
228 257 286 294 Ego
308 257 397 285 frater
411 256 593 294 Augustinus
610 256 687 286 tituli
704 257 732 287 S.
749 257 820 287 Xisti
845 267 923 296 pres-

267 305 347 343 byter
372 305 527 334 cardinalis
550 305 642 344 Pipia.

188 355 205 388 †
226 353 283 390 Ego
306 352 438 382 'Nicolaus
461 352 537 382 tituli
558 353 587 382 S.
612 353 715 382 Mariae
739 354 767 383 in
785 354 922 383 Domnica

267 400 417 440 presbyter
434 401 591 430 cardinalis
614 401 721 431 Coscia.

186 452 203 485 †

186 501 204 533 ,ὄ-

187 549 204 584 ²5
226 547 283 585 Ego
306 546 438 576 Nicotaus
461 547 546 576 Maria
579 547 656 577 tituli
690 550 734 577 Ss.
760 547 875 577 loannis
897 552 922 577 et

268 594 348 624 Pauli
368 594 516 633 presbyter
538 595 694 625 cardinalis·
716 595 876 625 Lorcarins.

187 645 205 679 ’ἵ
227 643 285 681 Ego
307 644 396 673 frater
417 643 589 673 Laurentius
612 643 688 673 tituli
711 644 739 673 S.
764 644 867 673 Mariae
890 644 923 673 (le

267 692 396 721 Aracaeli
419 692 567 732 presbyter
589 692 744 722 cardinalis
766 692 861 723 Cozza.

188 838 206 872 -1-
187 791 206 825 -i-
187 742 206 776 -ι-

227 836 284 875 Ego
307 837 477 867 Benedictus
498 837 526 868 S.
553 837 657 867 Mariae
679 837 708 867 in
733 838 844 867 visitata.
866 838 923 867 ‹lia-

267 895 356 916 conus
378 887 532 916 cardinalis
554 887 743 926 Pamphilius.

188 936 206 969 †
229 934 286 972 Ego
308 935 479 964 Laurentius
500 935 528 965 S.
547 935 675 973 Agathae
691 935 724 964 ad
741 935 849 965 Montes
865 935 923 965 dia—

270 992 360 1012 conus
382 983 537 1013 cardinalis
558 984 593 1013 de
615 984 743 1013 Alteriis.

188 1034 206 1067 †
228 1033 286 1070 Ego
307 1032 423 1062 Carolus
454 1031 483 1062 S.
513 1032 614 1070 Angeli
647 1032 677 1062 in
700 1033 773 1062 Foro
796 1032 922 1062 Piscium

267 1080 405 1110 diaconus
427 1080 582 1110 cardinalis
604 1080 753 1110 Columna.

187 1130 206 1165 ἦ·
228 1129 286 1166 Ego
307 1128 411 1158 Fabius
433 1129 476 1159 Ss.
501 1129 557 1158 Viti
586 1133 614 1158 et
635 1129 752 1158 Modesti
784 1129 923 1159 diaconus

267 1177 422 1206 cardinalis
444 1177 478 1206 de
500 1176 652 1206 abbatibus
673 1176 828 1207 Oliverius.

187 1227 205 1262 †
228 1225 286 1263 Ego
308 1225 397 1254 Iulius
419 1225 448 1255 S.
467 1225 587 1254 Adriani
610 1225 747 1255 diaconus
766 1226 923 1256 cardinalis

265 1274 439 1304 Alberonus.

187 1325 204 1359 †
225 1323 283 1361 Ego
310 1322 472 1352 Alexander
506 1322 534 1352 S.
564 1322 668 1352 Mariae
704 1323 732 1352 in
769 1322 922 1353 Cosmedin

267 1371 406 1400 diaconus
428 1370 583 1400 cardinalis
606 1370 744 1400 Albanus.

188 1421 206 1456 ’ἰ
229 1419 287 1457 Ego
306 1419 467 1448 Alexander
488 1419 515 1449 S.
543 1419 649 1449 Mariae
670 1419 705 1449 de
727 1419 808 1450 Scala
827 1420 923 1450 diaco-

268 1476 323 1498 nus
345 1467 503 1498 cardinalis
526 1468 722 1498 Falconerius.

185 1519 206 1890 -t·-t-t-t-t-·t-t·-t·

225 1903 257 1931 P.
280 1902 434 1932 cardinalis
458 1903 651 1942 prodatarius.

224 1950 256 1980 F.
280 1951 436 1980 cardinalis
455 1951 607 1982 Oliverius.

307 2007 368 2037 Visa
392 2008 423 2038 ‹le
438 2007 520 2038 Curia
543 2008 564 2038 1.
583 2010 712 2049 archiep.
737 2012 916 2051 Aucyrauus.

499 2057 529 2086 1,.
553 2057 772 2088 mmmmm.

265 2111 415 2149 Raeytxtruta
437 2113 464 2142 in
486 2112 640 2143 sacretur-itt
662 2115 805 2146 Brecium.

525 2276 557 2309 VI
564 2303 571 2310 .

182 2353 420 2397 Promulqatur
444 2357 645 2389 canonizatio
669 2357 708 2390 B.
737 2358 873 2392 Iocmm's
896 2371 916 2393 a

226 2406 419 2448 Capistrano
445 2407 579 2441 Ordinis
603 2410 768 2443 Minorum
793 2412 830 2445 de
856 2412 915 2447 Ob·

224 2459 387 2492 seruantia
411 2459 449 2492 ab
468 2461 657 2495 Alexandro
682 2463 765 2497 VIII
778 2465 915 2509 iampri-

224 2509 295 2544 dem
316 2518 448 2554 peracta
465 2512 484 2546 ¹.

217 2581 228 2608 1
251 2579 353 2608 Similes
368 2585 429 2610 sunt
450 2582 511 2610 huie
526 2585 732 2614 constitutiones
752 2588 915 2624 praeceden-

1623 205 1660 240 31

1150 262 1331 290 Benedictus
1353 264 1523 297 episcopus,

1155 313 1260 333 servus
1277 314 1434 334 servorum
1450 308 1512 339 Dei,

1083 349 1119 375 ad
1141 353 1316 383 perpetuam
1336 351 1381 377 rei
1401 352 1584 378 memoriam.

1011 417 1139 450 Rationi
1166 420 1315 462 congruit
1350 426 1379 453 et
1410 422 1562 454 convenit
1592 423 1704 465 aequi-

969 470 1033 510 tati,
1052 476 1094 507 ut,
1118 482 1198 513 quae
1226 472 1386 506 Romanus
1412 475 1556 507 Pontifexv
1585 475 1615 507 iu
1635 476 1702 518 ple-

968 522 1058 555 nario
1098 530 1257 556 conventu
1298 526 1530 559 venerabilium
1572 528 1703 560 fratrum

966 576 997 607 S.
1018 575 1053 607 R.
1078 576 1111 608 E.
1132 577 1340 610 cardinalium
1366 579 1635 621 patriarcharum,
1655 591 1704 612 ar-

967 629 1253 672 chiepiscoporum
1286 637 1317 664 et
1348 632 1597 675 episcoporum,
1625 644 1703 665 una-

945 701 946 704 =
968 681 1043 713 nimi
1066 693 1175 715 eorum
1201 684 1337 717 consilio
1363 685 1612 724 communicato,
1633 697 1704 718 sau-

967 733 1009 765 xii
1027 739 1058 766 ct
1076 734 1231 775 delinivit,
1248 736 1321 768 licet
1341 742 1463 780 postca,
1482 739 1608 770 obelus
1626 749 1702 780 pon-

968 786 1060 819 uncis
1079 788 1210 827 obitum,
1230 789 1354 828 litterae
1380 791 1574 833 apostolicae
1593 791 1632 823 dc
1654 791 1703 823 his

966 840 1170 883 conscriptae
1197 851 1260 874 non
1287 842 1427 883 suerint,
1452 853 1545 875 suum
1573 843 1701 876 tandem

967 899 1209 935 consequantur
1234 893 1394 928 ellectum.

1010 945 1024 987 g
1050 945 1080 977 Ἰ.
1102 947 1124 977 Α
1142 947 1295 989 largitore
1320 949 1464 981 omnium
1484 949 1642 982 bonorum
1670 951 1701 982 in

965 1008 1090 1031 summo
1115 999 1275 1032 Ecclesiae
1302 1001 1430 1043 fastigio
1449 1002 1639 1035 constitutus
1657 1003 1702 1036 se-

967 1051 1036 1084 licis
1058 1053 1293 1086 recordationis
1308 1060 1493 1088 antecessor
1506 1061 1618 1088 noster
1632 1057 1702 1089 Alc-

967 1104 1087 1137 xandcr
1112 1105 1197 1148 Papa
1222 1106 1284 1138 vlu
1311 1117 1369 1150 pro
1395 1110 1451 1140 sua
1476 1109 1629 1151 pastorali
1658 1109 1702 1141 vi-

966 1158 1099 1199 gilantia
1131 1159 1209 1191 illud
1237 1170 1334 1192 uuum
1361 1171 1436 1203 prae
1462 1161 1612 1194 omnihus
1639 1162 1699 1194 sibi

966 1210 1153 1243 incumbere
1180 1212 1424 1252 animadvertit,
1445 1219 1492 1252 ut,
1518 1224 1578 1257 pro
1603 1215 1700 1248 domo

966 1262 1063 1295 Israel
1090 1264 1299 1306 speculatoris
1324 1265 1462 1297 officium
1488 1266 1699 1309 impendens,

966 1317 1106 1358 populos
1129 1316 1189 1349 sibi
1215 1318 1406 1350 commissos
1428 1318 1559 1351 (luceret
1584 1319 1615 1351 in
1635 1320 1700 1352 vias

967 1368 1104 1400 Domini.
1126 1369 1193 1401 Hoc
1211 1375 1317 1402 autem
1339 1381 1372 1403 sc
1392 1371 1624 1413 praestituiaun
1642 1383 1701 1415 pu-

967 1421 1053 1461 tavit,
1080 1421 1106 1453 si
1132 1432 1167 1454 ex
1195 1422 1257 1454 ritu
1284 1428 1316 1455 et
1340 1423 1510 1466 disciplina
1538 1424 1568 1456 S.
1600 1424 1634 1457 u.
1666 1425 1699 1457 E.

967 1474 1142 1516 recognitis
1169 1480 1199 1507 et
1221 1475 1442 1518 comprobatis
1468 1487 1580 1509 eorum
1604 1479 1701 1511 virtu-

966 1526 1058 1566 tibus,
1081 1527 1134 1570 qui
1160 1527 1241 1560 vitae
1267 1529 1478 1562 sanctimonia
1503 1529 1619 1563 ceteris
1645 1540 1700 1563 an-

966 1584 1013 1611 tea
1040 1580 1289 1622 praeluxerant,
1318 1581 1446 1624 pietatis
1477 1581 1627 1615 ardorem
1660 1594 1699 1616 eo

964 1633 1063 1675 magis
1082 1632 1112 1665 in
1131 1633 1392 1666 christifidelium
1411 1635 1562 1668 cordibus
1585 1646 1699 1669 accen-

964 1685 1081 1725 dereff,
1095 1696 1157 1728 quo
1172 1687 1267 1718 vitam
1283 1697 1299 1719 a
1314 1688 1389 1719 viris
1407 1687 1500 1720 iustis
1517 1689 1569 1731 pie
1583 1695 1697 1729 actam,

963 1738 994 1770 in
1013 1738 1159 1771 universa
1176 1739 1316 1772 Ecclesia
1334 1740 1532 1774 luculentius
1551 1747 1699 1784 spectan-

963 1791 1035 1823 dam
1061 1791 1212 1834 aperiret.
1240 1792 1349 1836 ltaque
1375 1804 1446 1825 cum
1471 1793 1541 1826 aliis
1562 1794 1616 1827 Dei
1637 1806 1698 1828 ser·

963 1844 1031 1883 vis,
1060 1843 1113 1886 qui
1140 1844 1285 1876 moribus
1311 1855 1384 1878 vere
1410 1846 1595 1879 christianis
1622 1847 1699 1880 iam-

962 1895 1082 1928 dudum
1107 1898 1281 1930 vencrandi
1309 1898 1519 1938 habebantur,
1546 1899 1697 1933 loannem

961 1961 978 1981 a
1004 1950 1193 1992 Capistrano
1218 1951 1347 1984 Ordinis
1381 1953 1513 1985 I'ratrum
1539 1952 1697 1987 Minorum

962 2002 996 2034 B.
1023 2002 1196 2042 Francisci,
1216 2004 1268 2046 qui
1288 2015 1304 2036 a
1323 2005 1464 2047 regulari
1490 2006 1697 2040 observantia

961 2062 1197 2097 nuncupantur,
1225 2057 1331 2089 multis
1358 2057 1548 2101 magnisque
1573 2058 1697 2091 virtuti-

960 2106 1018 2139 bus
1045 2113 1077 2140 et
1100 2108 1201 2150 signis
1226 2109 1345 2152 ubique
1372 2110 1606 2153 percelebrem,
1637 2111 1695 2145 rite

960 2159 991 2191 in
1016 2166 1202 2194 sanctorum
1228 2172 1385 2196 canonem
1407 2163 1468 2195 sibi
1487 2164 1694 2198 referendum

960 2213 1161 2247 existimavit.

1002 2266 1016 2307 ξ
1040 2265 1071 2298 ⁶2.
1099 2266 1278 2310 Capistrani
1311 2268 1487 2303 Marsorum
1515 2270 1636 2314 oppido
1662 2270 1694 2304 in

958 2328 1035 2360 agro
1054 2320 1226 2363 Aquilam,
1247 2321 1344 2364 inque
1363 2323 1551 2367 episcopatu
1568 2324 1693 2358 Sulmo·

959 2370 1063 2412 nensi,
1076 2378 1164 2406 ortus
1184 2380 1231 2406 cst
1244 2374 1378 2409 Ioannes
1396 2387 1480 2410 anuo
1499 2377 1616 2410 Christi
1638 2378 1694 2411 Do-

959 2423 1036 2456 mini
1063 2435 1258 2460 nccccxxxV.
1286 2428 1319 2461 In
1344 2430 1509 2473 gymnasio
1536 2430 1693 2465 Perusino

958 2505 996 2528 tes
1016 2506 1041 2529 et
1061 2509 1222 2539 sequentes;
1244 2509 1352 2541 peracta
1370 2508 1420 2536 fuit
1439 2511 1606 2538 canonizatio
1622 2519 1693 2539 anno

956 2553 1049 2579 uncxit,
1071 2548 1114 2575 <lie
1134 2549 1167 2575 16
1187 2550 1314 2583 octobris,
1336 2552 1430 2586 pontis.
1452 2559 1481 2580 ιι.

993 2593 1000 2618 l
1026 2590 1094 2619 Edit.
1118 2593 1189 2620 Main
1223 2594 1289 2630 legit
1308 2596 1452 2624 accederet
1471 2598 1508 2632 (u.
1531 2598 1580 2634 T.).

1711 216 1760 241 Αιι.
1782 215 1810 241 C.
1831 216 1896 242 1724

1741 434 1861 456 [nantium.

1722 959 1830 985 Expositio
1841 959 1895 980 sacti.

1726 2275 1747 2295 B.
1761 2274 1843 2295 loannis
1855 2281 1888 2296 or-

1706 2304 1737 2322 tus
1759 2307 1888 2325 mcccclxxv,

1706 2332 1726 2349 at
1748 2329 1811 2349 brevit
1833 2332 1888 2349 vitae

1705 2355 1860 2382 compendium.
