2170 3147
231 152 279 178 An.
301 151 329 178 c.
351 151 417 178 17229
464 140 527 176 834

254 1870 380 1893 Clausuliu,

428 201 563 235 Domino
585 211 765 245 possumus,
785 201 928 243 benigne
951 209 1096 233 annuere
1114 210 1167 231 vo-

424 256 542 294 lentes,
568 265 706 298 eumque
733 266 748 287 a
767 253 934 298 quibusvis
953 252 1168 286 exeommuni-

425 308 573 347 cationis,
610 307 839 350 suspensionis
867 312 898 339 et
934 305 1111 342 interdicti,
1136 317 1169 338 a·

425 361 543 404 liisque
572 359 804 393 ecclesiasticis
834 359 1028 392 sententiis.
1057 369 1168 391 censu-

429 415 472 447 ris
505 420 535 446 et
560 414 695 457 poenis,
719 424 735 445 a
761 413 831 446 iure
866 414 914 445 vel
946 412 985 444 ab
1023 412 1166 450 bomine,

425 467 537 510 quavis
565 467 737 500 occasione
760 467 808 499 rel
828 468 924 499 causa
942 465 1027 506 latis,
1056 466 1088 498 si·
1099 466 1168 509 qui-

424 521 485 553 bus
515 520 765 564 quomodolibet
790 520 965 553 innodatus
993 520 1111 560 existit,
1130 520 1168 552 ad

425 574 576 608 effectum
604 573 825 616 praesentium
863 574 1029 605 dumtaxat
1053 583 1169 606 couse-

425 628 616 671 qroendum,
645 627 758 658 barum
786 627 869 659 serie
904 627 1111 659 absolventes
1138 631 1169 659 et

425 682 606 714 absolutum
646 681 713 713 sore
753 685 937 720 censentes,
980 680 1167 714 huiusmodi

425 735 724 778 supplicationibus
750 734 922 774 inclinati,
957 734 994 767 dc
1033 745 1168 767 venera-

424 789 539 822 bilium
568 789 700 821 fratrum
728 794 914 821 nostrorum
940 787 970 821 S.
990 788 1026 820 P..
1044 788 1076 820 E.
1106 799 1169 821 car-

426 842 582 875 dinalium
624 842 763 885 negotiis
804 847 835 874 et
874 841 1168 875 consultationibus

425 896 651 939 episcoporum
679 900 710 928 et
736 895 934 938 regularium
966 895 1169 938 praeposito-

425 960 514 989 rum,
555 948 610 991 qui
652 948 806 981 dilectum
843 948 943 981 silium
982 948 1167 981 ministrum

426 1003 611 1045 generalem
655 1001 783 1034 Ordinis
822 1001 981 1045 praedicti
1025 1002 1169 1045 desuper

425 1055 622 1089 audiverunt
642 1066 676 1088 ac
696 1061 823 1088 narrata
850 1056 1072 1095 attendeiamt,
1096 1066 1169 1088 cou-

425 1109 508 1148 silio‚
527 1109 745 1152 praeinsertas
767 1108 887 1141 Urbani
903 1109 1167 1152 praedecessoris

424 1163 558 1202 litteras,
586 1162 759 1205 omniaque
787 1168 816 1195 et
831 1162 960 1204 singula
978 1162 1009 1194 in
1026 1163 1071 1195 eis
1094 1173 1168 1195 con-

426 1221 522 1256 tenta,
538 1215 728 1248 auctt‘nitate
748 1215 938 1258 apostolica,
955 1220 1063 1248 tenore
1080 1226 1168 1258 prae-

425 1269 563 1302 sentium
579 1297 586 1309 ,
613 1269 831 1312 approbamus
857 1273 888 1302 et
913 1269 1142 1302 confirmamus
1158 1297 1166 1310 ,

425 1323 555 1366 illisque
575 1322 770 1356 inviolabilis
789 1323 987 1366 apostolicae
1006 1322 1167 1356 firmitatis

424 1377 521 1409 robur
557 1376 738 1409 adiicimus.
774 1376 944 1409 Praeterea
983 1377 1167 1410 memoratis

425 1429 588 1470 Eremitis,
612 1430 669 1462 snb
696 1430 808 1472 poeuis
835 1430 866 1462 in
893 1430 1016 1463 eisdem
1045 1430 1165 1463 Urbani

425 1483 688 1527 praedecessoris
715 1483 830 1516 litteris
852 1484 1021 1527 expressis,
1042 1485 1166 1527 praeci-

425 1538 547 1581 pimus,
575 1543 628 1575 ut,
658 1548 715 1580 pro
742 1537 856 1570 maiori
884 1538 1087 1581 saciliorique
1115 1550 1167 1572 eo-

426 1602 495 1623 rum
515 1602 531 1624 a
550 1591 701 1623 fratribus
721 1591 795 1623 dieti
814 1591 943 1624 Ordinis
964 1592 1164 1632 discrimine,

425 1645 463 1677 de
490 1651 599 1677 cetero
627 1645 710 1677 ultra
736 1644 868 1676 barbam
904 1650 1033 1686 gestent
1069 1645 1164 1678 etiam

426 1699 567 1731 tunicam
594 1698 792 1737 tiz-eximeni,
819 1698 1017 1742 solituunspie
1051 1710 1166 1742 scapu-

424 1754 491 1786 lare
532 1753 660 1796 longius
699 1753 798 1796 pallio
838 1764 894 1786 seu
935 1754 1090 1787 mantello
1127 1754 1163 1787 ad

425 1806 638 1840 differentiam
655 1806 870 1839 tertiariorum
887 1807 1164 1840 commensalium.

467 1860 536 1903 {4-
573 1860 809 1900 Decerncntes,
847 1860 932 1903 ipsas
975 1866 1165 1903 praesentes

424 1913 548 1946 litteras
577 1923 707 1956 §emper
736 1912 855 1953 sirmas,
880 1911 963 1945 et‹:.¹

466 1967 480 2010 g
507 1966 537 1999 ἶ).
564 1966 633 1999 Non
652 1966 856 1998 obstantilms
876 1966 1164 2000 constitutionilms

386 2020 389 2022 ⁷
422 2025 454 2052 et
490 2019 751 2052 ordinationibus
789 2020 998 2063 apostolicis,
1036 2031 1164 2053 necnon

421 2073 573 2106 omuibus
600 2078 629 2105 et
655 2072 792 2115 singulis
819 2073 883 2105 illis
912 2083 993 2116 quae
1021 2073 1050 2105 in
1074 2084 1165 2116 prae-

422 2127 554 2159 insertis
596 2125 714 2158 [rbaui
747 2126 1013 2168 praedecessoris
1047 2126 1165 2159 litteris

422 2191 575 2213 concessa
601 2186 673 2212 sunt
705 2190 768 2212 non
802 2180 950 2219 obstare,
979 2180 1163 2223 ceterisque

422 2233 594 2266 contrariis
621 2233 895 2276 quilniscumque.

466 2288 480 2329 ξ
512 2286 543 2319 6.
576 2287 727 2319 Volumus
754 2297 884 2329 quoque
915 2291 949 2318 ut
975 2287 1164 2320 earumdem

424 2339 644 2382 praesentium
671 2339 850 2372 litterarum
879 2341 1088 2383 transumptis
1106 2352 1162 2373 seu

424 2392 602 2435 exeiiil‘Jlis,
631 2392 726 2424 etiam
755 2392 941 2435 impressis,
970 2398 1032 2425 ete.
1050 2392 1072 2425 ἵ.

466 2444 578 2477 Datum
608 2445 794 2486 Beneventi,
820 2446 878 2478 sub
905 2447 1026 2479 amuilo
1059 2446 1162 2479 Pisca-

457 2516 469 2541 1
495 2514 525 2541 [t
545 2524 626 2550 supra
647 2524 707 2550 pag.
730 2517 777 2543 471
801 2525 817 2542 α
839 2518 938 2550 (ΒΗΚ).

458 2560 474 2586 2
496 2558 526 2585 [t
546 2567 628 2594 supra
651 2569 709 2595 pag.
733 2560 765 2587 72
786 2561 800 2587 b
820 2562 919 2595 (tt.T.).

1008 149 1190 174 BULLARIUM
1215 149 1370 174 ROMANUM

1212 199 1308 240 toris,
1333 198 1384 232 die
1408 210 1459 233 xvi
1493 199 1566 233 maii
1599 210 1755 241 nncxxix,
1782 200 1956 245 pontifica-

1211 257 1261 284 tus
1283 253 1387 285 nostri
1409 263 1495 286 anno
1517 264 1548 287 v.

1246 314 1305 342 Dat.
1329 314 1372 343 die
1396 315 1427 342 16
1452 316 1514 343 maii
1538 317 1622 351 1729,
1645 317 1745 352 pontis.
1766 325 1839 345 anno
1856 325 1881 344 v.

1489 460 1670 494 CCLXXIX.

1215 540 1409 574 (s'onceduur
1435 540 1646 583 indulyentia
1667 541 1824 584 plenaria
1845 552 1957 585 perpe-

1258 597 1315 625 tim.
1354 594 1566 626 visitantibus
1603 594 1754 637 aliquam
1789 595 1956 627 ecclesiam

1257 648 1488 680 canonicorum
1513 648 1722 690 regyularium
1762 648 1810 680 vel
1834 648 1956 680 monia-

1258 700 1341 732 lium
1368 700 1503 734 Ordinis
1527 701 1865 734 Praemonstratensis
1886 701 1956 734 ubi-

1256 764 1393 796 cumque
1441 753 1584 786 locorum
1637 753 1834 797 quibusdam
1873 753 1956 787 armi

1258 807 1455 850 temporibus
1467 807 1489 840 ¹.

1395 887 1580 915 Benedictus
1603 889 1684 922 Papa
1703 889 1783 921 xm,

1331 933 1366 959 ad
1387 935 1564 966 perpetuam
1588 933 1632 960 rei
1653 934 1835 960 memoriam.

1257 1004 1420 1037 iniunctae
1447 1003 1539 1036 nobis
1567 1003 1722 1037 divinitus
1753 1004 1954 1048 apostolicae

1213 1057 1378 1091 servitutis
1416 1057 1496 1090 ratio
1532 1059 1676 1101 postulat
1706 1064 1739 1090 ut.
1764 1058 1953 1092 caelestium

1213 1122 1383 1144 munerum
1412 1111 1604 1151 thesauros,
1631 1112 1869 1155 dispensationi
1896 1124 1954 1146 no-

1211 1170 1294 1198 strae
1315 1176 1330 1198 a
1351 1165 1486 1198 Dou‘iino
1507 1165 1659 1205 creditos,
1679 1165 1822 1198 fideliter
1842 1176 1955 1208 eroge-

1212 1230 1300 1259 mus,
1334 1229 1405 1251 eum
1443 1218 1474 1251 id
1511 1219 1549 1251 ad
1588 1219 1769 1261 aagendam
1808 1218 1953 1252 fidetium

1211 1272 1406 1314 religionem
1433 1276 1464 1304 et
1490 1271 1672 1304 animarum
1707 1273 1844 1305 salutem
1881 1283 1954 1316 spe-

1211 1336 1318 1358 ramus
1345 1325 1375 1357 in
1401 1324 1537 1358 Domino
1563 1325 1781 1368 profuturum.

1255 1379 1269 1422 g
1294 1379 1325 1411 1.
1353 1379 1464 1421 ltaque
1491 1378 1528 1411 de
1555 1378 1788 1424 omnipotentis
1814 1379 1870 1413 Dei
1896 1379 1954 1412 mi-

1210 1432 1399 1473 sericordia,
1427 1443 1463 1465 ac
1488 1433 1656 1466 beatorum
1683 1433 1769 1466 Petri
1796 1438 1828 1466 et
1865 1433 1952 1466 Pauli

1211 1487 1432 1530 apostolorum
1459 1486 1526 1518 eius
1553 1486 1744 1520 auctoritate
1770 1486 1895 1528 confisi,
1923 1498 1954 1520 0-

1211 1539 1341 1572 mnibus
1383 1544 1414 1571 et
1462 1539 1597 1581 singulis
1643 1539 1814 1583 utriusque
1857 1550 1954 1573 sexus

1211 1592 1481 1625 christifidelibus
1523 1603 1597 1625 vere
1642 1593 1883 1636 poenitentibus
1923 1598 1955 1627 et

1211 1646 1367 1679 confessis
1392 1656 1428 1678 ac
1447 1648 1538 1678 sacra
1557 1646 1786 1680 communione
1813 1646 1953 1687 resectis,

1211 1699 1264 1742 qui
1292 1699 1430 1741 aliquam
1457 1709 1493 1731 ex
1521 1699 1669 1731 ecclesiis
1697 1705 1760 1732 tam
1783 1699 1954 1733 canonico-

1211 1763 1279 1784 rum
1316 1752 1514 1795 regularium
1548 1763 1644 1795 quam
1678 1753 1950 1787 monasteriorum

1209 1805 1338 1840 Ordinis
1355 1806 1696 1847 praemonstratensis,
1715 1812 1776 1839 tam
1795 1807 1952 1840 hactenus

1210 1860 1335 1900 erectis,
1365 1870 1461 1903 quam
1488 1859 1519 1892 in
1546 1864 1714 1903 posterum
1733 1861 1953 1904 quandocum-

1210 1924 1271 1957 que
1297 1913 1462 1956 erigendis
1480 1940 1488 1953 ,
1517 1917 1547 1946 et
1579 1913 1775 1957 ubicumque
1809 1915 1952 1947 locorum

1210 1966 1435 2007 existentibus,
1464 1966 1494 1998 in
1520 1976 1570 1999 xvi
1597 1966 1744 2007 ianuarii,
1771 1977 1806 2001 111
1828 1978 1863 2001 ac
1880 1978 1952 2002 xxix

1210 2019 1327 2059 martii,
1354 2029 1397 2053 vu
1425 2019 1549 2063 aprilis,
1574 2031 1611 2053 xv
1630 2020 1719 2060 iunii,
1743 2030 1773 2054 ix
1793 2020 1875 2061 iulii,
1894 2032 1951 2055 x111

1209 2073 1337 2116 augusti
1365 2078 1396 2106 et
1423 2083 1486 2107 xvii
1505 2074 1691 2106 novembris
1708 2074 1869 2107 mensium
1889 2074 1952 2108 die·

1210 2127 1285 2166 bus,
1310 2127 1334 2159 si
1361 2137 1424 2160 non
1451 2127 1516 2159 sint
1541 2127 1709 2170 impediti;
1737 2128 1762 2161 si
1788 2138 1864 2161 vero
1889 2128 1953 2162 sint

1210 2180 1365 2223 impediti,
1385 2180 1436 2213 die
1459 2180 1643 2213 immediate
1665 2181 1817 2224 sequenti
1838 2191 1952 2225 respe-

1210 2234 1292 2266 ctive
1319 2244 1383 2266 non
1420 2233 1589 2277 impedito,
1630 2245 1666 2267 ae
1692 2234 1770 2267 seria
1806 2235 1951 2268 secunda

1209 2287 1290 2320 int‘ra
1316 2293 1460 2320 octavam
1483 2288 1688 2321 Ascensionis
1708 2288 1829 2321 domini
1849 2289 1950 2322 nostri

1246 2386 1253 2410 1
1280 2384 1339 2410 Alia
1359 2383 1527 2418 indulgentia
1548 2384 1670 2420 plenaria
1697 2388 1825 2420 perpetua
1854 2385 1948 2413 iisdem

1206 2437 1335 2455 concessa
1356 2430 1405 2455 fuit
1424 2438 1438 2456 a
1459 2430 1543 2456 Paulo
1566 2430 1583 2455 V
1604 2434 1692 2457 const.
1713 2430 1778 2457 edit.
1796 2437 1888 2465 mnevr,
1906 2431 1949 2458 die

1206 2475 1238 2500 ta
1259 2474 1387 2507 octobris,
1408 2482 1477 2509 quae
1499 2474 1670 2508 postmodum
1689 2476 1849 2502 confirmata
1870 2485 1949 2512 repe-

1205 2519 1272 2545 ritur
1292 2519 1325 2546 ab
1347 2519 1503 2546 innocentio
1524 2519 1570 2546 xli
1591 2520 1700 2548 constit.
1722 2520 1787 2548 edit.
1809 2527 1945 2556 Mncxciu,

1205 2562 1246 2590 die
1266 2562 1300 2590 ⁶20
1320 2563 1421 2600 aprilis,
1444 2563 1539 2599 pontii.
1561 2570 1597 2591 vt.

1964 152 2011 180 An.
2033 153 2062 180 C.
2080 155 2143 185 1729

1993 1013 2131 1039 Prooemium.

2021 1389 2142 1411 Conceditur

1965 1416 2062 1442 praefata
2079 1416 2143 1438 indut-

1966 1445 2046 1469 genua.
