2170 3147
63 197 113 223 An.
130 198 159 224 C.
183 199 249 224 1727

71 2045 99 2064 lte
111 2045 231 2070 processio-

48 2072 109 2090 uitmz
127 2078 138 2091 a
158 2077 230 2095 supta-

56 2099 99 2116 :zeti
145 2098 229 2117 Ordinis

50 2124 148 2143 nauibus
170 2130 230 2148 prva-

56 2150 121 2168 *rutlis
154 2150 231 2169 caum·-

31 2176 36 2179 '
50 2187 65 2194 1„
76 2179 129 2196 intur
145 2177 230 2195 [innunt-

50 2210 79 2219 :‚:·-
108 2202 230 2222 Priuliuvuni

49 2229 147 2248 wussitut
154 2236 192 2247 ======
206 2235 218 2248 ἱ,

841 198 1037 221 BENEDICTUS
1062 198 1117 221 xnl
1141 199 1192 222 PP.

258 247 306 279 nis
332 246 587 290 quibuscumque
622 245 687 277 suis
712 245 934 288 spiritualibus
960 250 992 277 et

257 299 499 342 temporalibus,
525 308 590 331 non
617 298 721 330 solum
747 309 784 330 ex
811 298 933 330 litteris
958 309 991 331 e-

255 352 409 385 rectionis
447 361 506 394 per
537 351 724 392 magistrum
756 350 886 382 Ordinis
921 351 989 383 dari

255 405 368 444 solitis,
392 404 448 437 sed
475 403 570 436 etiam
597 413 633 435 ex
660 402 839 444 apostoliea
872 402 990 444 Grego-

254 457 291 489 rii
317 456 383 489 XIII
415 454 648 488 constitutione
664 454 798 486 Dudum
814 454 987 497 siquidem,

255 519 263 541 t
288 509 416 551 augusti
441 517 576 547 MDLXXV,
603 517 699 550 quam
717 517 776 539 nos
796 506 988 539 confirman-

254 569 311 602 tes,
337 562 538 599 innovantes,
564 565 618 592 aut
643 560 682 592 de
701 569 784 592 novo
811 559 988 591 conceden-

253 620 301 647 tes
328 615 445 657 (atque
483 613 578 646 etiam
615 622 673 654 per
708 612 815 644 onmia
838 610 988 643 similiter

252 667 464 699 extendentes
489 665 528 697 ad
553 664 742 697 societatem
767 663 820 696 SS.
839 663 986 695 Nominis

251 718 449 760 Iesu)nunc
474 727 534 760 pro
560 722 637 749 tunc
662 717 759 749 talem
786 715 986 753 societatem,

250 780 320 802 cum
347 771 580 813 cuiuscumque
613 769 743 811 generis
769 768 864 800 bonis
896 767 987 810 spiri-

251 824 390 856 tualibus
417 829 447 856 et
474 821 727 865 temporalibus,
754 820 930 853 mobilibus
955 825 987 851 et

251 876 497 914 immobilibus,
531 874 772 913 adiudicamus,
799 873 929 905 unimus
955 879 986 905 et

251 930 519 971 incorporamus,
547 933 578 960 et
602 927 647 960 sic
672 926 869 965 adiudicata,
896 926 985 958 unita

249 988 280 1013 et
320 982 526 1024 incorporata
566 981 768 1013 declaramus
809 979 983 1011 conventui

249 1034 315 1066 sive
341 1034 495 1066 ecclesiae
522 1033 597 1065 dicti
619 1032 763 1064 Ordinis:
782 1032 984 1069 mandantes,

248 1086 355 1128 quoad
381 1086 568 1118 societatem
593 1085 694 1127 ipsam
721 1090 752 1117 et
776 1084 862 1116 bona
887 1094 984 1126 quac-

248 1139 293 1170 vis
319 1138 526 1181 spiritualia,
544 1137 588 1169 ita
613 1136 845 1169 inviolabiliter
870 1135 984 1168 indefi-

249 1191 314 1223 nite
341 1191 471 1233 quidem
491 1196 521 1222 et
536 1191 567 1222 in
586 1194 780 1232 perpetuum
798 1189 981 1227 observari3

247 1245 351 1286 quoad
379 1243 571 1286 temporalia
601 1253 694 1281 vero,
718 1243 982 1286 quotiescumque

246 1300 330 1330 iusta
356 1298 394 1329 dc
419 1298 515 1329 causa
540 1307 555 1328 a
582 1296 735 1338 magistro
768 1296 896 1329 Ordinis
922 1306 981 1338 pro

248 1359 395 1393 tempore
421 1349 650 1392 expendenda,
685 1360 720 1380 ac
745 1348 784 1380 de
819 1349 919 1391 ipsius
945 1349 983 1381 Ii-

245 1405 350 1437 centia
375 1404 543 1445 expressa,
575 1411 639 1433 non
667 1401 836 1443 contingat
866 1402 982 1434 fratres

245 1456 410 1499 praefatos
442 1455 474 1487 in
511 1455 709 1486 erectionem
744 1454 882 1487 alicuius
908 1454 981 1487 novi

245 1514 425 1542 conventus
470 1507 658 1540 consentire
692 1517 763 1539 cum
800 1507 982 1550 aliquorum

245 1567 300 1594 aut
325 1562 469 1594 omnium
496 1561 624 1592 illorum
651 1560 812 1592 bonorum
836 1560 982 1603 assigna·

245 1615 344 1654 tione,
371 1615 409 1646 ad
429 1625 525 1657 quem
541 1613 687 1646 cll'eetuui
705 1613 811 1645 eidem
827 1614 981 1655 magistro

242 1667 442 1700 necessarias
468 1672 499 1699 et
524 1671 726 1708 opportunas
753 1666 920 1698 facultates
949 1676 982 1698 e-

242 1721 417 1762 largimur:
444 1725 603 1762 quatenus
629 1730 703 1751 vero
731 1730 747 1750 a
777 1720 829 1751 tali
856 1719 982 1762 praedi-

242 1776 291 1805 cta
318 1773 521 1805 subiectione
547 1772 642 1805 iidem
678 1774 865 1815 congregati
892 1783 981 1806 rece-

243 1826 335 1863 dant,
363 1836 476 1858 eorum
503 1826 788 1867 congregationem
822 1827 893 1868 pari
930 1837 980 1858 ra-

241 1880 330 1912 tione
369 1878 628 1917 dissolvendam,
655 1878 752 1911 immo
788 1879 978 1911 dissolutam

243 1943 279 1964 ex
306 1942 407 1971 nunc,
426 1938 461 1963 ut
481 1931 679 1974 praedictum
700 1937 758 1969 est,
779 1932 980 1964 declaramus

241 1986 387 2017 volumus
412 1990 443 2016 et
469 1984 670 2016 mandamus.

286 2039 300 2080 g
325 2037 377 2069 lli.
398 2036 507 2074 Quoad
525 2036 752 2079 processiones
770 2042 889 2077 autem,
908 2047 979 2070 con-

242 2090 417 2129 firmamus,
446 2090 635 2122 innovamus
661 2095 691 2121 et
717 2090 755 2121 de
788 2100 872 2122 novo
904 2100 980 2123 con-

242 2143 395 2181 cedimus,
423 2148 521 2181 motu,
548 2141 685 2174 scientia
711 2146 743 2175 et
766 2148 929 2185 potestate
946 2149 981 2174 ut

242 2205 353 2238 supra,
388 2194 591 2237 privilegium
628 2194 790 2226 indultum
827 2195 979 2227 fratribus

242 2247 417 2290 praedictis
443 2258 461 2279 a
485 2246 516 2279 S.
537 2247 592 2279 Pio
611 2246 632 2277 V
650 2246 682 2278 in
700 2247 814 2279 litteris
830 2247 861 2278 in
880 2248 980 2280 forma

252 2301 349 2333 aevis
375 2300 456 2333 datis
482 2310 521 2332 xx
548 2299 627 2331 iunii
660 2309 771 2339 MDLXX,
805 2301 892 2342 quod
919 2301 977 2333 soli

241 2354 366 2396 possint
391 2363 548 2396 peragere
573 2352 820 2395 processionem
839 2363 909 2385 cum
929 2365 979 2385 au-

240 2406 425 2448 gasiissimo
451 2406 659 2438 Sacramento
684 2405 716 2437 iu
743 2405 906 2437 dominica
932 2407 979 2438 in-

240 2460 285 2491 l'ra
311 2465 453 2491 octavam
479 2457 633 2500 Corporis
658 2457 774 2489 Christi
811 2458 891 2490 hora
916 2469 980 2501 qua

240 2511 434 2548 maluerint,
462 2515 493 2542 et
523 2520 584 2552 per
610 2509 674 2541 vias
712 2510 812 2542 semel
840 2515 980 2542 tantum-

201 2557 204 2559 *
239 2564 337 2596 modo
363 2573 423 2605 per
445 2573 500 2595 eos
527 2562 710 2604 eligendas3
739 2563 827 2604 quod
847 2563 978 2605 quidem

327 2627 402 2653 Ball.
425 2626 507 2652 Rom.
528 2640 560 2644 —
586 2625 645 2652 Vol.
666 2625 758 2651 XXII.
901 2625 934 2650 67

1035 245 1206 285 indultum,
1234 257 1298 279 non
1325 247 1529 280 obstantibus
1563 247 1772 290 quibuscum-

1033 309 1094 341 que
1120 299 1409 332 constitutionibus
1427 300 1623 342 apostolicis,
1645 305 1675 332 et
1695 310 1772 333 con-

1034 357 1212 393 sequenter
1237 353 1426 395 derogando
1452 353 1498 386 illi
1524 353 1672 395 Gregorii
1702 353 1770 385 XIII

1033 414 1114 446 quae
1140 404 1255 447 incipit
1282 405 1390 445 Quum
1410 406 1586 443 interdum,
1611 416 1642 439 xt
1662 406 1769 439 martii

1032 466 1186 497 MDLXXIII,
1212 468 1276 490 non
1314 459 1418 491 solum
1445 459 1645 491 confirmavit
1671 464 1701 491 et
1727 460 1770 492 in-

1031 509 1158 541 novavit
1193 509 1341 543 Clemens
1375 511 1438 543 VIII
1471 511 1502 543 in
1537 511 1769 544 constitutione

1030 560 1159 593 Dudum
1183 563 1288 604 felicis
1314 556 1553 596 *recordationis
1588 565 1670 597 Pius
1694 565 1765 597 Ρα-

1027 624 1071 655 pa
1100 614 1134 652 V,
1159 625 1216 647 vul
1242 615 1349 647 martii
1374 626 1495 655 moxcu,
1534 628 1644 649 verum
1672 618 1766 649 etiam

1030 665 1109 698 illud
1136 667 1279 699 extendit
1295 669 1333 700 ad
1352 674 1527 701 conventus
1545 680 1767 712 quoscumque

1030 728 1096 750 non
1123 720 1220 752 modo
1246 720 1308 752 iam
1329 727 1454 753 erectos
1476 722 1531 753 sed
1550 722 1770 764 quandocum-

1030 781 1092 813 que
1132 772 1321 813 erigendos,
1369 776 1524 806 concessa
1563 774 1768 817 indulgentia

1030 824 1177 865 plenaria
1201 825 1473 858 interessentibus
1505 827 1610 859 eidem
1636 837 1767 869 proces-

1029 876 1130 917 sioni·y
1164 888 1245 919 quae
1281 879 1389 910 omnia
1423 879 1622 921 amplissime
1648 880 1766 911 conlir-

1029 939 1162 968 mamuS,
1191 935 1226 961 ut
1251 930 1451 972 praedictum
1478 936 1534 970 cst,
1562 931 1768 973 quibuscum-

1029 992 1102 1024 que,
1120 988 1155 1014 ut
1175 983 1268 1021 infra,
1294 983 1481 1025 plenissime
1500 983 1711 1025 derogantes,
1735 991 1767 1017 et

1028 1035 1219 1067 mandantes
1245 1036 1419 1077 praedietis
1446 1037 1620 1074 fratribus,
1653 1044 1765 1079 quate-

1029 1098 1098 1127 nus,
1124 1088 1212 1120 omni
1239 1089 1443 1121 cunctatione
1469 1091 1622 1132 seposita,
1641 1091 1766 1132 praedi-

1027 1146 1107 1172 ctam
1128 1142 1374 1183 processionem
1390 1142 1583 1174 solemuiter
1597 1143 1767 1176 instituant

1027 1193 1190 1235 praedicta
1230 1194 1280 1226 die
1323 1195 1354 1226 in
1389 1195 1426 1226 iis
1465 1196 1579 1227 saltem
1618 1197 1695 1229 loeis
1733 1198 1765 1229 in

1026 1246 1143 1289 quibus
1169 1246 1263 1278 aliam
1289 1258 1355 1280 non
1374 1247 1551 1290 elegerint,
1580 1258 1616 1280 ae
1640 1250 1767 1291 praeci-

1026 1301 1151 1343 pientes
1176 1301 1320 1332 locorum
1356 1300 1536 1333 Ordinariis
1567 1307 1602 1332 ut
1635 1302 1766 1344 quaevis

1026 1354 1259 1396 impedimenta
1275 1359 1305 1386 et
1319 1354 1483 1386 obstacula
1502 1354 1676 1386 efficaciter
1693 1355 1765 1386 sub-

1026 1412 1199 1447 moveant,
1224 1407 1261 1439 ad
1290 1408 1352 1439 hoc
1372 1412 1407 1439 ut
1425 1418 1506 1449 quae
1533 1419 1549 1440 a
1574 1409 1764 1450 praedeces-

1025 1460 1152 1492 soribus
1194 1460 1312 1492 nostris
1349 1461 1610 1492 Praedicatorum
1650 1460 1762 1493 Ordini

1027 1513 1130 1554 (euius
1156 1512 1241 1545 lilius·
1269 1512 1466 1545 clarissimus
1499 1514 1591 1545 divus
1624 1514 1763 1546 Thomas

1024 1565 1336 1608 incomparabilibus
1361 1576 1397 1598 ac
1421 1568 1659 1608 propemodum
1687 1567 1763 1599 divi-

1025 1618 1075 1650 nis
1100 1617 1284 1660 praeconiis
1320 1619 1470 1651 laudibus
1495 1625 1527 1651 et
1552 1619 1680 1662 hymnis
1705 1630 1764 1662 per

1024 1681 1150 1702 sacrum
1188 1670 1377 1703 huiusmodi
1411 1676 1537 1714 tempus
1576 1671 1762 1703 reeinendis

1025 1723 1160 1765 gloriam
1178 1723 1231 1755 SS.
1251 1723 1449 1755 Sacramenti
1468 1724 1499 1755 in
1526 1724 1688 1756 catholica
1709 1724 1763 1756 Ec-

1024 1776 1122 1809 etesia
1137 1776 1224 1808 auxit
1237 1776 1519 1818 perennavitque),
1537 1787 1572 1808 ac
1586 1783 1762 1819 propterea

1024 1830 1062 1861 de
1088 1830 1181 1861 aucta
1195 1829 1289 1860 simul
1308 1835 1339 1860 et
1359 1831 1537 1870 propagata
1554 1830 1762 1862 veneratione

1023 1882 1176 1925 Corporis
1194 1882 1313 1914 Christi
1333 1887 1503 1924 tantopere
1524 1882 1761 1920 benemerenti‚

1023 1935 1181 1967 beneficia
1206 1935 1276 1966 iure
1298 1935 1436 1967 maximo
1462 1936 1589 1973 collata,
1614 1935 1763 1968 restituta

1022 1987 1053 2019 in
1081 1987 1218 2019 Domino
1244 1987 1424 2028 gaudentes
1450 1987 1626 2020 videamus

1023 2092 1088 2124 dini
1115 2102 1173 2134 per
1198 2098 1324 2124 nostras
1351 2093 1473 2124 litteras
1498 2092 1693 2135 incipientes
1722 2094 1761 2126 In

1021 2155 1176 2187 supremo,
1195 2155 1212 2177 x
1230 2144 1343 2187 aprilis
1361 2154 1523 2185 MDCCXXV,
1549 2145 1759 2188 impartitum,

1022 2197 1262 2235 confirmamus,
1296 2195 1441 2229 volentes
1482 2203 1514 2230 et
1550 2199 1759 2237 mandantes,

1023 2250 1110 2291 quod
1148 2249 1291 2281 eiusdem
1317 2249 1446 2282 Ordinis
1474 2250 1592 2282 fratres
1628 2261 1761 2293 proces-

1022 2301 1144 2334 sionem
1172 2303 1353 2334 solemnem
1387 2302 1512 2334 Rosarii
1545 2302 1633 2335 iuxta
1658 2303 1760 2336 dictas

1021 2354 1144 2386 litteras
1171 2360 1296 2386 nostras
1314 2354 1345 2386 in
1364 2355 1467 2397 prima
1486 2355 1650 2387 dominica
1674 2362 1762 2389 octo-

1020 2407 1088 2439 bris
1127 2406 1294 2438 celebrare
1330 2407 1469 2439 debeant
1506 2413 1538 2440 et
1577 2409 1759 2450 respective

1021 2459 1148 2502 possint
1172 2459 1294 2501 absque
1326 2459 1511 2492 interventu
1537 2462 1699 2503 parochi,
1728 2469 1761 2494 et

1022 2509 1154 2542 licentia
1180 2510 1219 2541 ab
1244 2509 1416 2542 Ordinario
1446 2511 1508 2543 loci
1542 2512 1674 2544 minime
1710 2522 1760 2544 re-

1021 2563 1148 2606 quisita,
1166 2564 1231 2595 sive
1249 2562 1314 2595 sint
1333 2563 1364 2594 in
1383 2564 1593 2605 possessione
1612 2565 1759 2597 eamdem

1669 190 1732 223 529
1779 199 1828 225 An.
1846 199 1874 226 c.
1898 200 1964 227 1727

1773 2045 1846 2068 Quoad
1873 2050 1935 2069 pruri-
1951 2058 1956 2059 γ

1840 2079 1842 2081 .
1873 2074 1876 2083 i

1066 2040 1081 2082 g
1105 2039 1158 2071 15.
1186 2039 1349 2071 Indultum
1375 2045 1560 2082 praeterea,
1581 2041 1687 2073 eidem
1708 2041 1843 2091 ΟΓ-ΗΜ
