2170 3147
0 235 14 252 ι.
30 224 60 251 C.
83 224 150 251 1725

0 1872 143 1897 *erogant-iao.

739 222 933 246 BENEDICTL'S

154 271 270 305 ctionis
285 271 322 304 ad
341 272 400 303 vim
416 276 445 304 et
462 269 617 303 terminos
635 269 724 309 iuris,
737 274 790 302 aut
808 269 895 303 aliud

155 324 385 368 quodcumque
413 324 502 363 iuris,
522 323 604 363 sacti,
623 324 747 364 gratiae
773 323 822 355 vel
849 323 896 355 iu-

154 378 260 411 stitiae
287 377 466 410 remedium
490 376 669 419 impetrari,
688 386 741 408 seu
762 386 896 419 quomo-

154 431 280 464 dolibet
304 440 456 463 concesso
483 434 537 462 aut
562 429 734 472 impetrato
766 428 810 460 uti
840 439 893 461 seu

155 494 188 516 se
214 483 324 515 iuvare
361 482 392 514 in
431 479 550 514 iudicio
587 482 634 513 rel
673 486 762 513 extra
787 491 893 523 posse,

153 546 258 579 neque
296 536 381 579 ipsas
419 539 609 578 praesentes
642 535 703 567 sub
730 533 895 576 quibusvis

154 588 305 621 similium
332 589 380 620 vel
408 587 612 620 dissimilium
646 587 818 629 gratiarum
847 596 895 618 re-

153 641 391 680 vocationibus,
426 639 693 684 suspensionibus
720 644 747 672 et
782 639 897 672 limita-

155 694 296 728 tionibus
321 704 379 737 pro
406 699 552 736 tempore
579 692 828 736 quomodolibet
853 692 895 724 sa-

154 747 277 780 ciendis
313 746 576 789 comprehendi,
602 745 657 778 sed
690 755 819 787 semper
855 745 894 778 ab

153 799 218 833 illis
238 799 415 842 exceptas',
439 810 475 831 ac
496 804 657 841 perpetuo
677 797 818 837 validas,
843 797 895 829 fir-

153 863 219 885 mas
245 857 275 884 et
302 851 450 884 efficaces
476 852 611 884 existere
638 856 670 884 et
695 851 774 889 sore,
803 860 894 883 suos-

153 916 216 949 que
243 906 415 949 plenarios
438 911 468 937 et
494 905 641 948 integros
668 903 801 937 effectus
826 914 894 936 sor-

154 957 205 990 tiri
228 962 259 990 et
281 957 441 997 obtinere,
463 967 497 989 ac
522 967 579 1000 per
605 967 719 990 omnes
737 962 768 989 et
784 956 893 999 singu-

152 1012 220 1051 los,
246 1010 286 1043 ad
312 1020 395 1053 quos
421 1015 545 1053 spectat
578 1015 609 1043 et
644 1010 893 1053 quomodolibet

152 1062 311 1107 spectabit
337 1063 368 1095 in
391 1063 554 1102 suturimi,
583 1062 814 1096 inviolabiliter
835 1062 892 1095 ob-

152 1116 293 1156 servari,
330 1116 441 1159 sieque
467 1121 498 1148 et
523 1127 586 1149 non
624 1116 718 1149 aliter
743 1115 774 1148 in
800 1125 893 1158 prae-

151 1169 258 1203 missis
285 1169 436 1202 omnibus
473 1174 504 1202 et
536 1169 674 1212 singulis
708 1179 767 1212 per
797 1180 892 1213 quos-

152 1233 287 1266 cumque
315 1223 438 1256 iudiccs
461 1222 556 1255 ctiam
577 1222 607 1256 S.
628 1222 666 1255 R.
686 1222 721 1255 E.
744 1223 888 1256 cardina·

152 1279 219 1317 les,
246 1276 342 1309 etiam
380 1277 418 1309 de
455 1277 557 1309 latere
594 1277 718 1319 legatos
742 1281 774 1310 et
800 1276 891 1310 Sedis

154 1330 358 1374 Apostolicae
379 1329 526 1369 nuncios,
552 1335 583 1362 ct
607 1329 688 1362 alios
714 1329 824 1372 quavis
842 1340 890 1362 au-

151 1383 299 1416 ctoritate
326 1387 357 1415 et
382 1387 543 1425 potestate
562 1382 745 1425 fungentes,
763 1382 796 1415 in
817 1392 891 1426 qua-

151 1435 196 1468 vis
221 1437 318 1469 causa
353 1439 385 1468 ct
416 1435 589 1475 instantia,
614 1436 741 1468 sublata
778 1435 824 1467 eis
860 1440 891 1468 et

152 1499 264 1522 eorum
301 1488 435 1521 cuilibet
471 1488 503 1520 in
536 1498 743 1532 quocumque
770 1488 890 1521 iudicio

151 1541 238 1575 etin
265 1541 374 1585 quavis
409 1541 560 1575 instantia
595 1541 688 1574 aliter
724 1541 889 1574 iudicandi

152 1600 184 1628 et
208 1594 446 1638 interpretandi
466 1595 616 1627 facultate
638 1600 668 1628 et
687 1594 888 1634 auctoritate,

152 1647 287 1682 iudicari
309 1653 341 1681 et
366 1647 493 1681 definiri
513 1647 645 1688 debere,
667 1658 713 1687 ac,
732 1647 889 1691 quidquid

152 1712 243 1735 secus
258 1701 421 1744 superbis
435 1712 451 1734 a
466 1711 638 1744 quoquam,
654 1701 766 1744 quavis
783 1706 890 1734 aucto-

153 1753 257 1795 ritate,
277 1754 417 1787 scienter
435 1754 483 1786 rel
510 1754 698 1796 ignoranter
716 1753 890 1796 contigerit
910 1758 911 1764 ¹

153 1808 314 1848 attentari,
337 1808 462 1842 irritum
490 1813 521 1840 et
546 1808 641 1840 inane
668 1807 888 1841 deceruimus.

197 1860 332 1904 §4.Non
346 1861 560 1901 obstantibus,
573 1867 731 1904 quatenus
744 1871 826 1904 opus
840 1860 888 1900 sit,

155 1915 261 1947 nostra
280 1919 310 1947 et
323 1913 540 1947 Cancellariae
554 1914 761 1957 Apostolicae
777 1915 890 1957 regula

156 1966 195 2000 de
220 1966 288 1999 iure
313 1967 457 2010 quaesito
482 1977 546 2000 non
577 1968 735 2007 tollendo,
761 1978 889 2001 necnon

157 2018 251 2051 etiam
276 2018 307 2050 in
337 2019 567 2062 synodalibus,
594 2020 833 2054 universalibus
860 2028 891 2054 et

157 2070 408 2113 provincialibus
435 2072 580 2105 conciliis
601 2073 700 2106 *editis
724 2075 773 2107 vel
795 2075 890 2108 eden·
911 2107 912 2110 ,

158 2123 217 2163 dis,
235 2122 428 2166 specialibus
448 2124 498 2157 vel
521 2126 739 2167 generalibus,
757 2127 890 2170 aliisque

157 2175 446 2209 constitutionibus
474 2182 504 2209 et
525 2177 787 2211 ordinationibus
816 2190 892 2222 apo-

156 2228 294 2269 stolicis,
321 2228 488 2272 dictaeque
514 2230 672 2263 ecclesiae
698 2231 891 2264 Beneventa-

157 2292 215 2314 nae
241 2281 369 2314 statutis
385 2308 392 2322 ‚
418 2281 513 2314 etiam
539 2282 743 2323 iuramento,
777 2284 894 2316 confir-

156 2333 299 2367 matione
321 2334 513 2376 apostolica,
531 2334 579 2367 vel
602 2334 713 2377 quavis
739 2335 892 2369 firmitate

155 2387 218 2420 alia
233 2386 411 2425 roboratis,
432 2386 611 2429 privilegiis
630 2397 771 2431 quoque,
792 2387 894 2421 indul-

155 2439 194 2472 tis
207 2443 238 2473 et
258 2439 375 2472 litteris
396 2439 594 2481 apostolicis,
613 2440 672 2472 sub
688 2440 894 2483 quibuscum·

155 2503 218 2536 que
243 2491 408 2526 tenoribus
436 2497 468 2524 et
493 2492 616 2531 formis,
635 2493 729 2525 etiam
751 2498 839 2526 motu
861 2499 892 2527 et

155 2547 194 2578 de
220 2545 415 2589 apostolicae
440 2545 608 2588 potcstatis
633 2546 834 2588 plenitudine
854 2547 890 2579 si-

191 2608 201 2634 1
223 2606 290 2633 Male
306 2606 349 2634 ed.
365 2606 445 2633 atain.
463 2606 526 2642 legit
541 2610 670 2641 acceptas
684 2609 723 2643 (n.
741 2609 790 2643 Τ.).

241 2662 317 2691 Bull.
339 2661 420 2689 Rom.
441 2677 474 2681 —
498 2662 556 2690 Vol.
580 2662 669 2689 XXII.
812 2662 845 2690 18

960 222 1013 245 xut
1038 223 1088 245 pr.
1574 209 1636 242 1:37
1685 218 1733 244 An.
1752 218 1779 245 C.
1805 218 1871 245 1725

939 269 1083 309 milibus,
1111 281 1145 302 ac
1172 280 1242 301 cum
1269 268 1435 312 quibusvis
1462 268 1556 301 etiam
1584 268 1676 300 dero-

939 323 1133 365 gatoriarum
1162 321 1389 364 derogatoriis,
1411 321 1547 365 aliisque
1570 322 1677 354 effica-

939 375 1081 407 cioribus
1108 380 1138 407 et
1164 374 1300 408 insolitis
1326 375 1498 415 clausulis,
1524 374 1677 407 irritanti-

937 429 996 460 bus
1015 439 1049 460 ac
1076 429 1145 461 aliis
1164 428 1320 468 decretis,
1341 428 1504 461 concessis
1526 439 1559 460 ac
1582 428 1675 461 etiam

939 482 1061 524 pluries
1087 481 1275 524 approbatis
1302 487 1333 514 et
1358 481 1536 521 innovatis,
1560 482 1676 525 quibus

939 535 1088 567 omnibus
1114 539 1144 566 et
1169 534 1306 576 singulis
1326 533 1448 566 etiamsi
1467 546 1526 577 pro
1546 535 1676 568 illorum

939 587 1110 620 sufficienti
1140 587 1351 629 derogatione
1379 588 1416 619 de
1451 587 1514 619 illis
1548 598 1676 620 eorum-

939 651 1000 684 que
1027 639 1102 673 totis
1130 640 1299 672 tenoribus
1325 640 1489 683 specialis,
1507 640 1673 682 specifica,

939 703 1093 736 expressa
1121 699 1149 725 et
1177 692 1358 731 individua,
1386 703 1420 724 ac
1446 692 1484 725 de
1510 692 1610 725 verbo
1636 692 1675 725 ad

939 746 1092 785 verbum,
1123 756 1187 778 non
1213 750 1320 779 autem
1354 756 1412 789 per
1437 746 1593 778 clausulas
1622 756 1676 787 ge-

938 799 1065 832 nerales
1091 799 1175 832 idem
1212 799 1438 842 importantes,
1466 798 1588 831 mentio
1621 809 1676 830 seu

938 852 1067 895 quaeris
1087 851 1148 884 alia
1175 852 1340 895 expressio
1362 850 1525 891 habenda,
1545 856 1599 883 aut
1620 851 1677 884 ali-

938 916 998 948 qua
1014 904 1076 938 alia
1091 904 1249 948 exquisita
1269 905 1370 938 forma
1387 905 1425 937 ad
1446 905 1507 937 lioc
1521 905 1677 937 servanda

939 958 1034 997 soret,
1057 957 1119 990 illis
1141 958 1219 990 alias
1245 957 1277 990 in
1305 968 1362 990 suo
1383 958 1502 990 robore
1530 968 1675 1000 perman-

937 1011 1031 1051 suris,
1058 1011 1117 1043 hac
1144 1011 1211 1044 vice
1237 1011 1417 1050 dumtaxat,
1446 1010 1561 1042 harum
1580 1010 1674 1052 serie,

936 1063 1121 1107 specialiter
1147 1068 1179 1097 et
1204 1074 1356 1107 evpresse
1383 1063 1599 1106 derogamus,
1625 1074 1675 1096 ce-

937 1118 1077 1161 terisque
1104 1117 1272 1150 contrariis
1297 1116 1567 1160 quibuscumque.

979 1171 994 1214 §
1020 1171 1049 1204 5.
1077 1170 1160 1203 Nulli
1186 1181 1265 1213 crgo
1286 1169 1417 1203 omnino
1444 1169 1612 1202 bominum
1640 1170 1673 1202 li·
1712 1179 1798 1198 sineno
1819 1182 1869 1204 110³-

935 1230 1002 1257 ceat
1030 1224 1112 1256 hanc
1133 1223 1283 1266 paginam
1302 1227 1431 1255 nostrae
1458 1209 1746 1254 confirinatio-”‘¹‘'⁵‘

935 1277 992 1316 nis,
1013 1276 1267 1320 approbationis,
1291 1275 1533 1313 declarationis,
1550 1274 1673 1307 decreti

934 1336 964 1363 et
989 1329 1212 1373 derogationis
1237 1329 1429 1371 intringere,
1457 1329 1505 1361 vel
1532 1327 1560 1360 ei
1596 1339 1672 1360 ausu

936 1383 1107 1416 temerario
1134 1382 1319 1422 contraire,
1339 1382 1364 1414 si
1388 1381 1460 1425 quis
1478 1386 1584 1413 autem
1612 1381 1674 1413 boc

934 1442 1093 1469 attentare
1119 1436 1390 1479 praesumpserit,
1418 1434 1673 1477 indignationem

934 1489 1168 1533 omnipotentis
1194 1489 1247 1521 Dei
1275 1499 1310 1521 ac
1334 1488 1503 1521 beatorum
1530 1488 1614 1520 Petri
1642 1493 1674 1520 ct

933 1544 1020 1576 Pauli
1041 1544 1261 1587 apostolorum
1279 1542 1347 1574 eius
1366 1553 1398 1574 se
1419 1541 1542 1574 noverit
1569 1541 1674 1573 incur-

910 1592 912 1636 'j
933 1607 1056 1629 surum.

961 1649 1072 1681 Datum
1090 1648 1218 1689 Romae,
1234 1648 1319 1691 apud
1335 1648 1367 1681 S.
1380 1648 1519 1686 Petrum,
1532 1658 1616 1679 auno
1629 1647 1675 1679 ln-

934 1701 1131 1734 carnationis
1146 1700 1327 1733 dominicae
1343 1710 1500 1737 uoccxxv,
1520 1710 1606 1731 nono
1626 1700 1674 1731 ka-

934 1754 1046 1787 lendas
1064 1753 1186 1796 aprilis.
1203 1751 1410 1796 pontificatus
1427 1752 1528 1784 nostri
1549 1762 1669 1784 annot.

971 1816 1027 1842 Dat.
1050 1816 1092 1842 dic
1113 1816 1146 1842 ⁶22
1164 1814 1253 1841 martii
1279 1815 1355 1847 17:³5,
1375 1814 1470 1848 pontis.
1489 1822 1561 1840 anno
1585 1822 1590 1839 t

1279 1940 1326 1972 Ll.

934 2012 1152 2047 Publi'canlnr
1178 2011 1306 2044 litterae
1336 2020 1499 2054 processus
1525 2010 1577 2041 die
1604 2010 1672 2043 Coe-

978 2077 1039 2099 nae
1067 2064 1233 2098 Domini&

1110 2135 1292 2164 Benedictus
1322 2134 1496 2169 episcopus,

1126 2187 1232 2208 servus
1249 2186 1403 2206 servorum
1420 2179 1482 2208 Dei,

1075 2225 1112 2251 ad
1131 2224 1265 2251 futuram
1285 2223 1329 2250 rei
1349 2223 1530 2250 memoriam.

978 2285 1149 2318 pastoralis
1168 2284 1302 2318 Romani
1321 2283 1485 2317 Pontificis
1507 2284 1671 2326 vigilantia
1689 2324 1692 2335 ¹
1752 2292 1867 2311 Exn-hum

1683 2331 1687 2337 ,
1714 2319 1867 2337 eonsuetudines

935 2340 966 2370 Ol,
990 2337 1187 2377 sollicitudo,
1208 2342 1269 2370 etc.
1285 2335 1296 2353 ³
1684 2345 1871 2390 1¹2¹(:sqjfff'35311111m

971 2435 981 2460 1
1005 2432 1111 2459 Similes
1131 2432 1237 2459 litterae
1266 2432 1417 2468 publicatae
1446 2433 1555 2459 fuerunt
1575 2433 1609 2458 ab
1632 2433 1674 2458 ln-

935 2477 1057 2503 nocentio
1072 2477 1130 2503 XlII
1153 2480 1236 2503 const.
1254 2477 1320 2503 edit.
1337 2483 1475 2509 unccxxu,
1493 2476 1535 2502 die
1551 2477 1584 2503 29
1600 2478 1671 2510 apri-

933 2521 983 2553 lis,
1004 2521 1097 2556 pontis.
1123 2528 1149 2553 t;
1170 2526 1197 2548 et
1216 2529 1232 2548 a
1250 2521 1388 2548 Clemente
1418 2521 1450 2548 Xl
1479 2521 1585 2548 constit.
1607 2521 1671 2547 edit.

933 2572 1025 2598 MDCCI,
1046 2565 1089 2591 die
1108 2565 1144 2591 ⁹24
1163 2565 1262 2598 martii,
1284 2565 1378 2600 pontif.
1400 2573 1418 2591 ι.

967 2609 983 2636 2
999 2609 1111 2645 Reliqua
1127 2609 1192 2636 utin
1204 2612 1270 2636 tom.
1283 2618 1336 2644 xxi,
1349 2617 1374 2644 p.
1385 2609 1420 2637 ⁹20
1431 2618 1447 2635 a
1463 2612 1489 2636 et
1503 2617 1560 2644 seq.
1574 2609 1611 2643 (R.
1622 2609 1669 2643 T.).
