2170 3147
201 174 248 200 An.
266 174 294 200 e.
320 173 385 199 ¹726
433 164 497 198 450

228 237 374 261 Εψμμ-[ω
494 222 540 255 ta.
581 223 641 255 Pro
683 222 805 255 salubri
843 226 949 255 autem
991 222 1139 255 eiusdem

201 266 325 309 :sjsgfjsjffl'
356 268 568 318 Effittospitatis
607 275 787 317 regimine,
826 285 1003 318 progressu
1045 280 1141 318 atque

201 322 248 387 ‘1¹³¹'
289 316 309 387 ΗΕ
374 322 620 367 ⁴incremeuto,
648 328 819 360 statuimus
846 338 978 371 quoque
1012 333 1046 360 ut
1072 338 1142 370 per-

220 371 318 393 clvultut

397 381 502 424 petuis
530 381 642 413 suturis
670 380 873 424 temporibus
895 391 977 413 unus
999 391 1035 413 ex
1062 380 1141 423 ipsis

398 435 428 466 S.
460 435 494 467 R.
527 435 561 467 E.
590 434 811 468 cardinalibus
853 434 930 468 dicti
967 434 1141 477 hospitalis

398 493 567 530 protector
592 499 628 521 ac
654 488 810 521 defensor
836 499 852 520 a
879 488 1026 521 Romano
1062 488 1142 520 Pon-

399 541 482 574 tiiiee
508 553 567 585 pro
593 547 744 585 tempore
770 542 932 575 existente
951 541 1092 584 eligatur
1112 547 1143 575 et

399 595 436 627 ad
464 595 512 627 sui
538 595 634 627 vitam
662 595 846 638 deputetur,
869 595 923 638 qui
945 605 1011 628 non
1037 596 1141 628 solum
1163 615 1164 622 1

399 648 598 681 ordinariam
618 658 653 681 ae
671 649 851 691 plenariam
868 648 1140 688 iurisdietionem,

401 712 464 734 non
492 707 597 734 tamen
631 702 890 742 contentiosam,
917 702 949 734 in
975 702 1141 745 hospitale

400 755 552 797 illiusque
572 755 733 798 priorem,
752 755 920 788 ministros
943 765 978 788 ac
997 755 1142 788 servien-

400 813 448 840 tes
477 814 642 847 exorceat,
681 819 790 842 verum
824 813 979 851 paternae
1013 818 1142 851 quoque

400 861 568 894 charitatis
594 862 717 895 viscera
750 873 827 905 erga
863 871 1027 905 pauperes
1055 861 1143 894 infir-

399 925 468 947 mos
494 921 595 957 gerat,
622 921 653 947 et
679 915 788 948 solerti
816 915 924 948 studio
951 921 1043 948 curet
1068 926 1144 957 qua-

403 975 496 1001 tenus
524 969 670 1001 eiusdem
697 969 870 1013 hospitalis
893 969 1040 1002 redditus
1064 968 1143 1002 fide-

401 1023 478 1055 liter
503 1023 786 1063 adininistrentur,
812 1027 932 1055 statuta
958 1028 988 1055 et
1015 1022 1144 1055 ordina-

402 1077 507 1109 tiones
534 1088 592 1120 pru
619 1077 704 1109 felici
731 1087 765 1108 ac
792 1079 949 1119 prospera
978 1076 1064 1109 illius
1097 1076 1144 1109 di-

402 1131 546 1163 rectione
573 1130 770 1170 condantur,
799 1129 998 1172 conditaque
1032 1135 1144 1163 exacte

402 1185 639 1223 observentur,
665 1194 823 1226 pauperes
849 1182 967 1215 intirmi
994 1193 1057 1226 qim
1085 1194 1145 1216 ma-

402 1238 463 1271 iori
490 1237 557 1269 fieri
585 1243 695 1280 potest
720 1237 900 1279 diligentia,
930 1237 1092 1269 charitate
1115 1242 1145 1269 et

402 1291 562 1323 munditia
589 1296 742 1323 curentur
761 1295 791 1322 et
809 1289 893 1322 bene
913 1289 1053 1329 alantur,
1070 1299 1145 1322 nec-

403 1355 464 1377 non
493 1344 647 1376 exercitia
673 1342 858 1386 spiritualia
876 1353 912 1375 ac
933 1343 995 1375 alia
1016 1343 1146 1386 pietatis

402 1409 499 1440 opera.
527 1397 591 1429 suis
620 1397 819 1439 temporibus
838 1395 928 1435 siant,
955 1406 991 1428 ac
1017 1395 1145 1428 demum

402 1452 551 1483 omnibus
591 1456 652 1482 tam
701 1450 739 1482 ad
778 1454 899 1481 rectam
937 1448 1145 1491 disciplinam

403 1516 496 1548 quam
524 1504 562 1536 ad
589 1503 759 1546 providam
786 1502 1011 1535 oeconomiam
1040 1507 1071 1535 et
1092 1502 1146 1534 ad-

404 1558 676 1590 ministrationem
696 1556 796 1598 ipsius
816 1555 989 1598 hospitalis
1010 1555 1145 1598 eiusque

402 1612 564 1644 bonorum
592 1616 623 1642 et
648 1610 834 1642 reddituum
853 1608 1076 1652 spectantibus
1102 1619 1147 1642 se-

404 1665 451 1697 rio
479 1664 644 1696 incumbat
669 1668 700 1695 et
726 1663 884 1705 invigilet.

448 1719 461 1761 ξ
488 1717 540 1750 ⁹20.
569 1717 727 1760 Adsitque
753 1722 916 1760 perpetuo
947 1726 1031 1748 unus
1057 1716 1147 1759 prior

209 1760 479 1804 *2¹:¹25*''¹'3.,‘iaa-1j
519 1771 709 1814 hospitalis,
747 1770 800 1813 qui
842 1770 948 1802 eidem
986 1769 1145 1802 cardinali

320 1869 435 1910 's'ffiet
458 1878 618 1910 mandatis
639 1877 736 1909 veluti
764 1877 946 1909 membrum
968 1876 1067 1919 capiti
1089 1886 1146 1908 suo

309 1924 311 1935 1

380 1979 392 2011 s
406 1985 593 2027 hospitalis,
614 1984 770 2017 eeclesiae
785 2010 792 2024 ,
814 1983 925 2026 eisque
946 1993 1147 2015 annexorum

317 2029 359 2065 5⁴⁴}
385 2037 436 2070 sot
461 2039 500 2070 ab
527 2038 572 2070 cis
598 2037 867 2080 dependentium,
896 2047 1025 2069 necnon
1058 2035 1147 2068 insir-

290 2084 293 2120 Ζ
315 2078 338 2120 ’ᾗ
366 2080 391 2093 '³
405 2103 540 2130 morum,
568 2091 791 2123 ministrorum
819 2100 854 2122 ac
872 2089 1083 2122 servientium
1101 2100 1148 2122 su-

405 2146 516 2188 perior
563 2144 688 2177 existat.
732 2143 877 2186 Cumque
923 2143 1147 2186 supradictum

405 2198 568 2230 ,Eiuilium
596 2198 822 2240 presbyterum
847 2196 880 2228 in
900 2196 1040 2239 primum
1061 2196 1149 2239 prio-

405 2262 471 2283 rem
499 2250 573 2282 tlirti
602 2249 774 2293 hospitalis
800 2250 839 2282 ad
866 2249 936 2282 eius
968 2249 1066 2281 vitam
1093 2259 1148 2282 su-

405 2314 461 2345 pra
487 2303 760 2346 deputaverii‘nus,
785 2304 946 2343 volumus,
972 2313 1045 2335 eum
1069 2313 1149 2335 nun-

405 2368 500 2399 quam
537 2358 575 2388 ab
613 2357 771 2390 eiusmodi
810 2367 967 2397 munere,
995 2356 1090 2389 etiarn
1132 2367 1149 2389 a

407 2412 551 2452 praelato
578 2409 732 2442 cardinali
752 2415 951 2452 protectore,
977 2409 1033 2442 sed
1057 2410 1149 2441 dum-

410 2467 491 2494 taxat
517 2475 532 2493 a
559 2463 652 2493 uobis
678 2473 732 2494 seu
758 2463 911 2495 Romanis
939 2462 1149 2495 Pontificibus

408 2515 651 2547 succe-›sorilms
679 2515 812 2555 nostris,
837 2516 936 2558 idque
963 2526 1001 2549 eo
1029 2516 1150 2549 dumta-

409 2574 462 2601 xat
487 2578 577 2608 casu,
606 2578 667 2611 quo
695 2568 844 2601 eumdem
872 2568 1035 2602 ,Emilium
1052 2595 1060 2610 ,
1087 2568 1150 2612 ipsi

976 173 1155 198 BULLARIUM
1180 172 1336 198 ROMANUM

347 1922 352 1955 ἓν
378 1925 392 1959 ,ἶ
406 1931 514 1964 debite
542 1936 652 1974 pareat
672 1936 702 1963 ct
721 1929 871 1968 obediat;
898 1930 1047 1973 ipsorum
1072 1939 1147 1962 vero
1169 1942 1170 1958 1

1927 175 1982 205 An.
1998 177 2027 205 C.
2050 178 2118 210 1720

1184 221 1337 265 hospitali
1376 221 1508 255 minime
1544 222 1655 257 utilem
1682 233 1719 256 ac
1742 223 1926 267 proficuum

1185 274 1253 307 sore
1279 284 1394 307 revera
1419 281 1621 319 compertum
1647 276 1859 316 haberemus,
1893 287 1926 309 a-

1185 326 1305 360 moveri
1331 338 1441 370 posse.
1476 327 1552 361 Post
1583 339 1659 361 vero
1695 327 1770 361 dicti
1804 328 1926 362 AEmilii

1184 381 1320 421 obitum,
1340 381 1421 414 alius
1445 392 1481 414 ex
1508 392 1646 414 numero
1666 382 1748 414 infra
1773 381 1926 415 dicendo-

1186 444 1255 466 rum
1281 434 1549 478 presbyterorum
1573 434 1632 477 ipsi
1664 434 1822 478 hospitali
1851 440 1927 468 tuno

1186 487 1450 528 inservientium,
1476 488 1528 532 qui
1555 487 1739 528 charitatis,
1766 487 1928 522 humilita-

1186 540 1244 581 tis,
1270 541 1466 584 prudentiae
1493 546 1524 574 et
1555 540 1741 584 vigilantiae
1774 541 1870 575 laude
1896 546 1928 575 et

1186 597 1335 637 exemplo
1376 595 1446 627 aliis
1471 595 1672 638 praecellat,
1709 594 1742 627 in
1782 594 1928 637 priorem

1186 647 1344 690 eligatur,
1369 648 1529 691 illiusque
1566 647 1683 681 electio
1723 647 1763 680 ab
1804 647 1926 681 eisdem

1186 700 1384 744 presbyteris
1416 711 1524 734 coram
1555 699 1713 734 cardinali
1738 705 1927 743 protectore

1186 754 1330 796 praefato
1356 764 1415 797 per
1439 758 1564 787 secreta
1594 753 1748 796 suffragia
1772 753 1845 794 fiat,
1870 764 1928 796 ao,

1186 813 1355 851 postquam
1384 807 1464 840 sacta
1488 807 1594 847 suerit,
1622 808 1660 840 ab
1678 807 1751 850 ipso
1769 806 1929 841 cardinali

1186 866 1385 903 protectore,
1410 861 1465 904 qui
1493 860 1587 894 electi
1607 861 1778 904 qualitates
1802 865 1929 893 mature

1186 914 1393 957 perpendere
1420 914 1560 954 debebit,
1586 913 1809 947 confirmetur.
1836 913 1928 952 Quod

1187 969 1211 1002 si
1250 970 1387 1002 electum
1423 967 1530 1000 minus
1568 973 1678 1010 aptum
1714 978 1750 1001 ac
1774 967 1928 1001 idoneum

1187 1022 1346 1065 gubernio
1387 1021 1463 1054 dicti
1506 1021 1675 1064 hospitalis
1712 1020 1927 1062 iudicaverit,

1187 1085 1288 1119 super
1322 1085 1384 1119 quo
1410 1075 1513 1118 ipsius
1545 1074 1779 1107 conscientiam
1813 1085 1931 1108 onera-

1188 1139 1269 1168 mus,
1297 1128 1390 1161 sicuti
1418 1128 1514 1161 etiam
1541 1127 1566 1160 si
1592 1126 1747 1170 suffragia
1776 1138 1834 1160 seu
1858 1133 1931 1161 vota

1188 1192 1324 1215 nurnero
1349 1182 1440 1225 paria
1465 1181 1601 1221 suerint,
1629 1186 1706 1214 tuno
1732 1181 1837 1214 eidem
1863 1192 1931 1214 car-

1189 1235 1288 1268 dinali
1315 1234 1493 1278 protectori
1531 1234 1629 1267 alium
1653 1234 1757 1277 magis
1783 1234 1931 1268 habilem

1190 1297 1221 1323 et
1245 1290 1401 1323 idoneum
1430 1289 1601 1332 deputare,
1636 1289 1750 1333 illique
1781 1294 1931 1333 patentes

1188 1343 1313 1376 litteras
1339 1342 1496 1385 expedire
1523 1342 1648 1375 licebit.

1232 1397 1246 1439 ἓ
1272 1396 1325 1430 21.
1354 1396 1464 1440 Neque
1490 1396 1581 1439 prior
1599 1395 1645 1429 sic
1664 1397 1788 1429 electus
1807 1401 1839 1430 et
1857 1406 1932 1430 con·
1945 1406 2126 1436 rum-sitiveran-

1190 1450 1332 1483 sirinatus
1359 1461 1414 1483 seu
1443 1451 1615 1493 deputatus
1642 1461 1658 1483 a
1683 1449 1845 1493 prioratus
1865 1435 2127 1489 niu-ffissffillflii'Ji-{iss

1191 1514 1277 1545 nere,
1304 1504 1366 1536 vita
1392 1505 1450 1536 sua
1476 1504 1630 1544 durante,
1657 1509 1888 1547 praeterquam
1915 1489 2128 1543 agtuoSr-emfssgrffl..

1190 1562 1374 1590 memorato
1402 1557 1559 1590 cardinali
1593 1562 1798 1600 protectore,
1832 1545 1993 1600 idquepom
2012 1540 2088 1566 possa.

1190 1610 1280 1643 iustis
1309 1616 1340 1643 et
1366 1610 1516 1653 gravibus
1549 1611 1587 1643 de
1614 1611 1736 1650 causis,
1770 1610 1931 1644 removeri

1191 1665 1311 1703 valcat,
1350 1674 1409 1696 nec
1435 1664 1473 1696 ad
1501 1664 1606 1707 ipsum
1633 1664 1814 1709 prioratum
1850 1663 1933 1697 alius

1191 1717 1309 1750 assumi
1338 1718 1454 1760 possit,
1476 1728 1571 1761 quam
1593 1717 1646 1760 qui
1665 1728 1701 1750 ex
1724 1717 1820 1750 dictis
1847 1726 1934 1760 pres-

361 1813 363 1819 *
1169 1771 1310 1815 byteris
1335 1772 1367 1804 in
1394 1771 1545 1804 omnibus
1570 1771 1676 1811 rebus,
1703 1771 1742 1803 ad
1768 1780 1878 1803 curam
1902 1775 1935 1803 et

309 1818 337 1855 .Ῑ’
360 1816 580 1869 ,»<ἶῖ111ὀῑο(·,11)1’1
608 1824 781 1862 subiaceat,
808 1834 843 1856 ac
870 1823 937 1855 eius
962 1824 1170 1866 praeceptis

1192 1825 1339 1867 regimen
1365 1824 1539 1867 hospitalis
1572 1824 1731 1867 praedicti
1758 1824 1935 1866 spectanti-

1192 1878 1250 1911 bus
1276 1877 1424 1921 apprimc
1438 1882 1582 1910 versatus
1601 1882 1633 1910 et
1653 1877 1847 1910 exercitatus
1866 1876 1935 1909 sue-

1192 1932 1249 1971 rit,
1276 1936 1372 1974 atque
1397 1937 1492 1963 antea
1510 1941 1570 1974 per
1585 1929 1836 1973 quadriennium
1862 1934 1936 1973 post

1192 1990 1358 2028 peractum
1385 1983 1465 2016 inibi
1499 1983 1687 2016 novitiatum
1724 1993 1781 2015 seu
1817 1983 1935 2026 proba-

1194 2039 1314 2071 tionem
1340 2037 1371 2070 in
1398 2037 1515 2070 eodem
1543 2036 1698 2080 hospitali
1717 2040 1934 2069 commoratus

1193 2090 1304 2131 suerit,
1330 2101 1366 2123 ac
1403 2100 1500 2123 curae
1527 2094 1558 2122 et
1583 2089 1714 2122 servitio
1752 2098 1934 2132 pauperum

1192 2144 1394 2178 intirmorum
1421 2143 1488 2176 illie
1506 2143 1656 2176 sedulam
1683 2153 1817 2186 operam
1843 2151 1936 2175 nava-

1192 2197 1286 2230 verit.

1235 2251 1249 2294 ἓ
1275 2250 1328 2283 ⁶22.
1356 2250 1404 2284 Illi
1430 2261 1519 2290 vero,
1548 2250 1601 2293 qui
1621 2250 1653 2282 in
1673 2249 1793 2282 dictum
1820 2249 2130 2302 liospi-mfirmoflsosggtjffi

1193 2304 1255 2336 tale
1282 2304 1321 2336 ad
1347 2303 1544 2336 medendum
1581 2302 1718 2335 infirmis
1752 2312 1934 2345 eorumque
1947 2308 1991 2337 viri.
2027 2307 2131 2328 ecclesia·

1192 2356 1439 2390 necessitatibus
1480 2355 1725 2389 inserviendum
1761 2336 2133 2407 ῑ1ε1111111θη-Ξὲἕῗῗέἷξῇἓῗῖξέ

1193 2415 1251 2449 tur,
1279 2409 1343 2442 sint
1375 2411 1496 2452 pariter
1528 2408 1720 2452 presbyteri,
1742 2409 1791 2440 vel
1818 2402 2072 2465 5ῑ111εῐη[νῇἓῑῖωοήςμ
2085 2393 2129 2466 pqui

1192 2473 1352 2505 personae
1378 2461 1619 2495 ecclesiasticae
1638 2471 1719 2504 quae
1749 2460 1787 2493 ad
1806 2470 1932 2492 sacrum
1945 2456 2130 2519 piffinutssmrssoevxz

1192 2516 1436 2558 presbyteratus
1462 2514 1612 2547 ordinem
1644 2512 1831 2557 promoveri
1857 2521 2033 2567 pos-ggsssineti
2062 2519 2129 2546 priori

1192 2568 1269 2609 sint,
1297 2578 1417 2612 sexque
1451 2577 1589 2601 numero
1625 2567 1711 2600 ultra
1748 2566 1932 2611 praefatum

2040 2413 2129 2434 arbitrio
