2170 3147
215 195 266 222 An.
288 195 317 221 c.
337 194 404 222 1724
450 183 492 218 to

996 193 1183 216 nuntiantem

413 243 560 275 rumdem
586 242 730 276 virorum
748 242 936 286 principum
955 242 1158 284 aliorumque
1180 281 1181 284 Ἴ

414 296 566 338 precibus
589 322 595 334 ,
623 296 661 327 de
688 295 750 328 hoc
778 295 902 337 pariter
939 300 1057 327 actum.
1096 294 1157 327 Sed

415 348 512 381 Paulo
539 353 567 381 et
596 359 783 381 successore
810 348 880 380 eius
919 347 1075 390 Gregorio
1110 347 1158 380 xi
1182 363 1184 379 ι

244 417 294 436 Em!
319 400 535 435 sanastdeinde
562 400 657 433 etiam
685 400 829 439 sublatis,
856 401 985 433 tandem
1010 401 1160 433 recolen-

217 448 270 465 tallo
282 449 380 469 petav-22

219 471 304 491 Utin-vu)
319 469 369 490 ΧΠΙ4

383 443 403 463 'b
415 455 474 487 dae
501 455 677 487 memoriae
705 453 852 487 Urbanus
879 454 937 486 Pr.
957 454 1030 493 Vlll,
1054 454 1159 497 quiin

415 508 575 541 cathedra
601 507 686 540 beati
715 507 799 540 Petri
826 507 955 551 utrique
993 518 1160 540 successe-

413 568 487 601 rat,
514 567 587 605 post
613 561 695 594 servi
723 561 778 594 Dei
807 561 929 602 vitam,
957 568 1068 604 gesta,
1100 562 1160 593 vir-

416 620 499 648 tutes
525 620 553 648 et
582 615 750 654 miracula,
776 627 812 648 ex
840 615 975 659 antiquo
1002 616 1184 648 Romano:

413 680 485 702 rtun
511 668 703 702 Pontificum
730 668 902 707 instituto,
930 669 990 701 sihi
1018 670 1161 711 complu-

415 723 478 755 ries
512 722 552 755 de
589 732 679 755 more
717 728 888 762 enarrata,
923 722 1024 766 inque
1060 721 1160 754 tribus

415 776 617 809 consistoriis
644 786 754 808 eoram
781 787 815 809 se
837 776 875 808 ad
905 775 1160 818 apostolicarum

406 829 686 863 constitutionum
714 830 844 872 regulas
885 828 1004 862 habitis
1045 831 1184 871 magna*

416 882 625 916 solemnitate
666 883 811 916 discussa
835 911 842 922 ,
881 888 977 926 atque
1014 883 1184 915 omnium*

416 935 572 979 suffragio
598 937 832 979 comprobata,
860 937 1011 970 eumdem
1038 937 1071 968 Β.
1101 937 1162 968 An-

417 991 531 1023 drearn
550 990 740 1033 episcopum
759 989 957 1023 Fesulannm
975 995 1160 1023 sanctoruni
1184 1000 1185 1021 t

417 1043 533 1077 canoni
561 1043 747 1076 adscribere
770 1044 893 1076 statuit.
916 1044 1025 1086 ltaque
1044 1043 1163 1075 indicta
1184 1048 1186 1085 ξ

419 1098 471 1131 die
488 1110 502 1130 x
520 1097 675 1130 kalendas
694 1097 794 1129 maias
817 1108 902 1130 auno
922 1107 1071 1136 inncxxix,
1093 1097 1163 1128 uni-

418 1151 521 1184 versis
538 1178 545 1191 ,
571 1161 654 1194 quae
679 1151 807 1193 agenda
833 1156 923 1183 erant
942 1178 949 1191 ‚
976 1151 1013 1183 ad
1040 1155 1164 1182 sancto-

418 1215 489 1237 rum
514 1210 642 1248 patruni
669 1204 887 1243 traditiones,
919 1214 1084 1237 sacrorum
1115 1214 1165 1236 ca-

420 1268 543 1290 nonum
569 1257 728 1295 instituta,
748 1261 777 1291 et
794 1257 824 1290 S.
842 1257 879 1289 R.
904 1257 936 1289 E.
962 1256 1165 1290 venerandos
1186 1271 1188 1286 ι,

420 1312 500 1344 ritus
526 1317 558 1345 et
584 1311 791 1354 disciplinam
817 1311 877 1343 rite
904 1311 1059 1353 peractis,
1079 1310 1165 1342 idem

420 1365 568 1398 Urbanus
594 1365 653 1398 PP.
670 1364 733 1397 tht
759 1365 791 1397 in
818 1369 1057 1397 sacrosanctam
1081 1363 1165 1396 beati

420 1418 506 1452 Petri
540 1419 765 1462 apostolorum
802 1417 961 1461 principis
997 1416 1166 1450 basilicam

421 1483 541 1515 magno
568 1477 726 1515 apparatu
753 1477 785 1504 et
810 1471 1002 1504 celebritate
1028 1481 1162 1513 proces-

422 1526 490 1566 sit;
519 1526 572 1558 uhi
599 1525 631 1558 in
658 1524 806 1568 plenario
832 1523 1069 1557 venerabilitnn
1107 1524 1169 1556 sra-

424 1586 508 1612 trum
534 1579 566 1612 S.
595 1578 631 1612 R.
660 1579 693 1611 Ε.
723 1578 949 1617 cardinalium,
969 1577 1170 1621 patriarcha-

424 1644 508 1674 inm,
531 1632 861 1676 archiepiscoporum
881 1637 910 1664 et
938 1632 1167 1675 episcoporum
1190 1634 1191 1639 ’

424 1692 599 1726 conventu,
624 1697 684 1730 pro
711 1687 747 1718 B.
768 1687 900 1718 Andrea
925 1685 956 1717 in
983 1690 1169 1717 sanctorum
1191 1690 1192 1695 ¹

425 1751 586 1774 canonem
639 1740 813 1773 referendo
860 1739 1010 1782 repetitis
1049 1740 1170 1771 summa

423 1794 582 1837 religione
609 1794 647 1827 ad
675 1794 775 1826 Deum
808 1793 961 1836 precihus
979 1819 986 1832 ,
1013 1793 1169 1835 implora·
1191 1787 1194 1835 l,

425 1852 522 1892 taque
537 1848 678 1892 Spiritus
693 1847 801 1881 Sancti
820 1847 936 1890 gratia,
953 1847 990 1879 ad
1011 1847 1170 1879 honorem

423 1908 554 1936 sanetae
581 1907 613 1935 et
637 1893 1027 1939 individuaeTrinitatis,
1056 1900 1172 1932 exalta·
1193 1912 1194 1927 1

424 1957 545 1990 tionem
564 1955 639 1988 fidei
658 1954 842 1988 catholicae
860 1960 892 1987 et
909 1953 1108 1986 christianae
1126 1964 1173 1987 re-

424 2009 555 2053 ligionis
581 2009 833 2048 incrementum,
857 2007 1050 2040 auctoritate
1070 2007 1173 2040 omni·
1194 2002 1195 2020 ³

424 2062 568 2108 potentis
605 2062 660 2095 Dei
699 2061 823 2101 Patris,
854 2060 927 2094 Filii
965 2066 996 2093 et
1032 2060 1171 2103 Spiritus

424 2117 541 2157 Sancti,
569 2127 605 2149 ac
629 2116 804 2148 beatorum
837 2115 1062 2157 apostolorum
1087 2113 1172 2146 Petri

426 2176 458 2205 et
482 2170 598 2211 Pauli,
630 2168 768 2213 plenarii
808 2168 956 2201 eiusdem
995 2173 1173 2201 conventus
1195 2201 1196 2208 χ

427 2223 594 2264 consilio,
621 2221 834 2265 unanimique
871 2220 1107 2254 acclamatione
1144 2226 1175 2253 et

427 2276 609 2319 suffragio,
646 2276 760 2309 beatae
797 2275 974 2308 memoriae
1012 2274 1173 2307 Andrean:

426 2330 596 2364 Corsinum
621 2329 847 2362 Florentinum
872 2327 1002 2361 Ordinis
1041 2328 1174 2360 l‘ratrtnn

427 2385 545 2418 Beatae
563 2382 681 2416 Mariae
696 2382 735 2415 de
752 2382 859 2415 Monte
873 2382 1029 2421 Carmelo,
1048 2381 1175 2426 episco-

428 2449 504 2483 pum
525 2436 683 2471 eeclesiae
703 2435 891 2476 Fesulanae,
910 2436 949 2469 de
967 2436 1056 2468 euius
1082 2437 1175 2468 virtu-

431 2499 496 2526 tum
516 2498 548 2525 et
573 2490 800 2534 prodigiorum
822 2490 1048 2533 magnitudine
1063 2500 1175 2522 cuinu-

429 2548 492 2579 late
511 2545 713 2585 constiterat,
740 2543 892 2576 Sanctum
918 2554 988 2576 esse
1016 2543 1172 2584 decrevit,

429 2599 528 2645 inque
547 2603 731 2633 sanctorum
747 2597 968 2632 consessorum
984 2595 1173 2640 pontificum

1208 192 1364 217 ROMANUM

1203 252 1360 275 canonem
1375 242 1495 283 retulit,
1516 249 1547 276 et
1563 243 1767 277 referendum
1784 253 1855 276 esse
1873 252 1945 285 pro·

1203 296 1377 334 nunciavit,
1397 298 1615 341 eumdemque
1634 297 1673 330 ab
1688 296 1849 330 universis
1863 296 1944 328 chri-

1204 349 1397 382 stifidelibus
1442 355 1477 383 ut
1513 361 1586 383 vere
1630 350 1782 383 Sanctum
1821 350 1945 393 ubique

1204 403 1375 435 colendum
1402 404 1709 446 honorandumque,
1736 403 1766 436 in
1794 403 1861 436 eius
1888 403 1946 435 ho-

1205 466 1317 489 norem
1343 467 1450 489 sacras
1476 457 1573 489 aedes
1595 463 1625 489 et
1640 457 1762 496 altaria,
1781 456 1813 489 in
1828 456 1946 499 quihus

1206 509 1409 542 incruentum
1438 509 1632 543 sacrificium
1665 509 1729 542 Deo
1766 508 1918 542 offeratur
1937 536 1945 548 ,

1205 562 1350 594 construi
1377 574 1413 595 ae
1445 562 1544 596 dicari
1582 572 1676 605 posse
1710 561 1882 601 desinivit,
1917 567 1949 594 et

1205 616 1379 657 quotannis
1405 627 1460 649 viu
1488 616 1558 649 idus
1585 615 1771 654 ianuarias,
1808 626 1870 658 quo
1909 615 1948 648 ad

1206 669 1381 701 caelestem
1417 668 1552 711 patriam
1592 667 1757 707 evolavit,
1785 668 1853 700 eius
1882 678 1948 700 me-

1206 722 1341 754 moriam
1367 728 1400 754 ut
1425 723 1526 754 sancti
1560 721 1757 755 contessoris
1786 720 1948 764 pontilicis

1206 775 1257 817 pie
1284 776 1347 809 coli
1373 776 1527 809 sancivit:
1549 787 1645 819 quem
1665 776 1771 815 etiam,
1791 780 1823 808 ut
1842 776 1948 813 talem,

1183 864 1184 870 ἵ
1205 838 1290 861 anno
1320 829 1528 872 insequenti,
1555 829 1787 871 martyrologio
1813 838 1949 861 romano

1206 893 1261 916 v111
1286 883 1357 915 idus
1383 882 1547 916 ianuarias
1575 883 1787 916 inserendum
1813 883 1947 915 curavit.

1207 935 1395 975 Postremo,
1422 936 1534 978 gratiis
1560 936 1624 969 Deo
1650 946 1721 968 cuin
1754 935 1950 968 exultatione

1206 988 1306 1026 actis,
1333 990 1418 1032 quod
1451 989 1481 1022 S.
1511 990 1674 1022 Andrean]
1707 989 1739 1021 in
1774 995 1951 1031 conspeetu

1207 1043 1353 1075 omnium
1380 1043 1524 1085 gentium
1542 1043 1805 1082 honorificasset,
1822 1047 1951 1086 tamque

1184 1093 1326 1141 {insigni
1353 1094 1456 1136 gloria
1488 1093 1645 1127 Eclesiain
1679 1104 1768 1126 suam
1802 1094 1952 1127 decorari

1186 1174 1187 1188 2
1208 1147 1372 1187 voluisset,
1392 1148 1478 1180 idem
1500 1147 1651 1180 L'rhanus
1673 1147 1823 1180 Pontifex
1850 1148 1952 1180 omni-

1208 1200 1291 1240 bus,
1319 1212 1403 1244 qnae
1437 1201 1476 1234 ad
1514 1202 1545 1233 B.
1573 1201 1736 1234 Andream
1765 1201 1798 1233 in
1824 1207 1952 1234 sancto-

1210 1264 1281 1286 rum
1307 1264 1464 1286 canonem
1491 1255 1702 1287 referendum
1723 1254 1953 1298 pertinebant,

1187 1312 1319 1340 -sancte
1345 1307 1544 1350 adimpletis,
1573 1308 1767 1351 hymnisque
1795 1307 1952 1345 cantatis,

1211 1360 1389 1404 divinoque
1415 1361 1580 1404 praesidio
1607 1372 1643 1394 ex
1669 1360 1729 1393 viri
1752 1361 1810 1394 Dei
1831 1361 1954 1395 meritis

1189 1439 1190 1466 3
1212 1415 1366 1458 peculiari
1387 1415 1541 1448 collecta¹
1569 1415 1601 1447 in
1629 1415 1697 1448 eius
1717 1415 1878 1448 honorem
1897 1415 1956 1448 im-

1212 1469 1351 1512 plorato,
1371 1473 1613 1501 sacrosanctum
1627 1468 1744 1501 missae
1763 1467 1956 1501 sacrificium

1190 1540 1191 1559 3
1212 1522 1244 1554 in
1271 1523 1325 1555 ara
1343 1521 1480 1554 maxima
1498 1532 1595 1565 supra
1613 1521 1852 1555 consessionem
1867 1521 1958 1554 Prin-

1213 1575 1294 1618 cipis
1320 1576 1550 1618 Apostolorum
1576 1575 1712 1608 solemni
1732 1575 1794 1607 ritu
1813 1574 1958 1609 celebra-

1213 1629 1276 1668 rit,
1301 1634 1397 1672 atque
1424 1630 1577 1662 omnibus
1603 1628 1880 1669 christifidelibus,
1903 1628 1957 1672 qui

1216 1686 1322 1715 tantae
1335 1683 1556 1715 caeremoniae
1575 1682 1765 1720 intererant,
1776 1681 1956 1725 plenariam

1214 1740 1421 1778 peecatorum
1441 1735 1679 1778 indulgentiam
1695 1736 1734 1768 ad
1751 1735 1807 1768 Dei
1826 1735 1957 1768 laudem

1215 1794 1246 1821 et
1264 1789 1298 1822 B.
1316 1789 1464 1822 Andreae
1485 1789 1646 1822 honorem
1664 1789 1812 1831 largitus,
1834 1788 1958 1822 eunctis

1192 1840 1290 1883 2vere
1325 1842 1567 1886 poenitentibus
1605 1848 1637 1875 et
1669 1841 1855 1882 confessis,
1892 1842 1960 1875 eius

1216 1897 1437 1930 anniversario
1464 1897 1516 1930 die
1543 1897 1581 1929 ad
1608 1898 1715 1930 locum
1741 1896 1958 1940 depositionis

1216 1951 1410 1990 accessuris,
1430 1961 1550 1983 annum
1570 1960 1670 1983 unum
1690 1955 1722 1983 et
1743 1949 1961 1993 quadraginta

1217 2005 1296 2045 dies,
1323 2005 1354 2037 in
1382 2006 1492 2037 octava
1519 2009 1626 2037 autem
1648 2003 1866 2047 quadraginta
1890 2002 1960 2035 dies
1987 2046 1994 2051 .

1217 2059 1256 2092 de
1281 2059 1436 2091 iniunctis
1459 2057 1668 2102 poenitentiis
1701 2056 1961 2091 misericorditer

1218 2112 1381 2145 relaxavit.

1262 2166 1276 2209 g
1298 2166 1329 2199 4.
1349 2166 1392 2200 Ne
1409 2176 1485 2199 veru
1502 2166 1540 2199 ‹le
1556 2166 1742 2199 huiusmodi
1758 2165 1877 2199 Urbani
1897 2164 1959 2198 vttt
1997 2169 2079 2190 Came
2095 2169 2156 2189 ’ΜΝΞ

1971 2196 2135 2218 constituti-uns.

1218 2220 1348 2254 decreto
1373 2221 1564 2263 apostolico,
1592 2220 1800 2262 delinitione,
1821 2219 1962 2253 sanctio-

1218 2283 1278 2313 ne,
1311 2273 1558 2317 adscriptione,
1596 2274 1757 2307 relatione-
1774 2299 1781 2313 ‚
1816 2278 1936 2306 statuto
1953 2300 1960 2312 ,

1218 2327 1442 2368 concessione,
1468 2327 1653 2371 ceterisque
1673 2326 1964 2370 praemissis‚p1·o-

1218 2387 1329 2425 pterea
1355 2381 1441 2424 quod
1473 2390 1570 2424 super
1604 2380 1654 2412 his
1688 2380 1727 2413 al)
1758 2380 1875 2413 eodem
1908 2379 1964 2412 Ur-

1218 2436 1303 2468 bano
1346 2440 1399 2466 aut
1437 2434 1475 2467 ah
1508 2434 1577 2467 eius
1614 2432 1857 2466 successoribus
1891 2432 1964 2476 piae

1219 2487 1396 2521 memoriae
1425 2487 1578 2520 Romanis
1604 2485 1814 2519 Pontificibus
1851 2486 1964 2519 deces-

1219 2541 1346 2575 soribus
1372 2540 1494 2573 nostris
1521 2539 1711 2573 Innocentio
1745 2539 1768 2571 X
1785 2566 1792 2580 ‚
1825 2539 1964 2572 Alexan-

1255 2605 1266 2630 1
1286 2602 1336 2630 Ed.
1354 2602 1433 2631 Main.
1449 2601 1512 2638 legit
1530 2601 1662 2630 collectae
1678 2608 1726 2636 pro
1742 2601 1857 2629 collecta
1876 2605 1902 2633 (tt
1912 2601 1962 2636 Τ.).

1957 192 2006 217 An.
2023 192 2050 218 C.
2073 191 2141 226 1724
