2170 3147
178 161 230 187 An.
251 161 281 189 c.
298 160 367 187 ωε
414 151 454 185 56

373 210 505 253 quidem
543 209 678 242 fortasse
717 208 870 241 inchoato
892 233 898 246 ,
936 204 1116 249 praemissa

374 262 489 306 exequi
516 268 548 295 et
584 262 686 295 dictas
707 260 858 294 basilicas
899 259 1028 292 visitare
1061 268 1117 291 ne-

374 321 513 360 queant:
534 326 608 355 nos,
627 315 700 358 piae
725 318 965 358 promptaeque
983 311 1117 345 illorum

373 369 547 409 voluntati,
564 374 718 411 quantum
737 368 770 400 in
784 366 920 400 Domino
934 375 1117 409 possumus,

376 422 520 465 benigne
545 422 654 454 favere
679 419 866 463 cupientes,
894 418 1026 452 eosdem
1043 428 1117 451 vere

374 475 583 520 poenitentes
606 480 635 507 et
661 473 826 506 confessos
852 472 1040 516 praedictae
1072 471 1118 505 in-

375 528 563 571 dulgentiae
591 533 622 560 et
639 525 842 559 remissionis
860 524 1034 568 participes
1049 534 1119 568 per-

375 582 451 615 inde
469 580 537 614 fieri
562 581 724 619 volumus,
745 589 781 612 ac
801 578 825 611 si
846 578 948 611 dictas
966 577 1119 610 basilicas

377 635 490 669 diebus
517 646 534 668 a
559 634 654 668 nobis
678 626 890 677 'praescriptis
916 631 1021 674 reipsa
1047 630 1120 664 visi-

379 693 510 722 [assent.

423 742 437 785 ς
461 741 491 775 3.
520 740 660 784 Impigra
686 739 784 782 igitur
800 738 917 782 piaque
937 736 1120 776 devotione,

255 812 311 851 ‘³³‘
355 784 437 829 isitii
464 793 684 834 dilectissimi,
713 798 744 826 et
769 791 868 825 alacri
895 791 1003 824 animo
1023 788 1120 822 susci-

379 848 446 891 pite
471 846 660 880 annunciati
686 845 775 879 vohis
801 844 876 877 anni
903 843 1006 876 sancti
1037 842 1121 875 cele-

379 899 541 939 britatem,
569 909 664 942 quem
690 898 764 931 ideo
790 895 943 940 religiosa
959 894 1120 928 eiusmodi

379 951 602 997 appellatione
628 951 769 984 maiores
787 977 794 990 ‚
820 955 854 982 ut
879 948 984 982 nostis
999 947 1017 988 ¹,
1044 946 1121 979 insi-

963 156 1144 181 BULLAntt'M
1168 154 1324 180 ROMANUM

1161 204 1287 247 optimo
1313 204 1531 248 praedicetur.
1555 204 1612 238 Hic
1632 215 1708 238 vere
1729 203 1901 238 confitebi-

1161 257 1238 289 mini
1264 257 1329 290 Deo
1354 256 1387 290 in
1408 257 1549 290 Ecclesia
1570 258 1696 300 magna,
1722 257 1754 289 in
1776 257 1901 300 populo

1162 310 1249 352 gravi
1287 310 1461 344 laudabitis
1500 321 1591 350 eum;
1629 310 1901 353 quandoquidem

1162 363 1244 396 haec
1258 363 1327 406 ipsa
1341 363 1504 397 catholica
1518 369 1549 396 et
1563 363 1741 406 apostolica
1757 362 1903 395 Romana

1162 415 1317 456 Ecclesia,
1337 426 1396 460 per
1421 426 1545 449 sacram
1570 416 1655 449 beati
1681 415 1767 449 Petri
1785 415 1902 448 Sedem

1162 475 1260 512 caput
1272 469 1362 502 orbis
1379 469 1506 509 effecta,
1523 475 1625 502 mater
1644 474 1690 502 est
1709 472 1901 500 cunctorum

1163 522 1380 562 credentium,
1397 522 1460 555 fida
1480 521 1657 555 divinitatis
1679 521 1853 563 interpres,
1873 526 1905 553 et

1164 575 1319 618 magistra
1345 575 1489 608 omnium
1515 574 1743 608 ecclesiarum.
1770 572 1828 606 Hic
1856 571 1905 605 in-

1141 629 1142 634 ’
1165 633 1355 661 temeratum
1370 627 1445 661 fidei
1461 626 1656 670 depositum,
1682 627 1735 658 hic
1761 626 1834 659 sons
1856 635 1905 659 sa-

1165 680 1341 714 cerdotalis
1376 680 1535 719 unitatis,
1574 680 1627 713 hic
1667 680 1771 713 claves
1810 677 1903 721 regni

1142 735 1144 747 ’
1165 735 1328 767 caelorum
1354 739 1385 766 et
1411 744 1538 766 summa
1563 732 1687 776 ligandi
1717 737 1812 775 atque
1841 731 1904 765 sol-

1166 786 1259 820 vendi
1286 792 1443 830 potestas,
1469 786 1522 820 hic
1543 786 1674 819 demum
1693 785 1903 818 inexhaustus

1166 840 1221 873 ille
1247 840 1420 873 thesaurus
1447 839 1606 873 Ecclesiae
1621 848 1784 872 sacrarum
1801 837 1906 871 indul-

1166 892 1349 936 gentiarum
1369 919 1376 933 ,
1404 892 1495 925 cuius
1521 892 1728 936 dispensator
1764 895 1813 923 est
1845 889 1907 924 tto-

1166 955 1281 978 manus
1306 944 1453 978 Pontifex
1471 972 1479 986 ‚
1505 944 1700 978 custoditur.

1905 155 1957 180 An.
1981 155 2094 182 (21724

380 1006 523 1049 gnivere‚
550 1004 625 1048 quia
651 1004 761 1036 divino
788 1002 905 1042 cultui,
933 1006 1121 1033 sanctorum

380 1069 517 1103 operum
543 1055 770 1092 exercitationi
797 1054 975 1099 specialius
995 1053 1120 1086 dicatus

379 1117 454 1145 est:
489 1113 596 1145 alatur
621 1111 792 1150 esuriens,
820 1109 977 1141 vestiatur
1002 1106 1121 1145 nudus,

1210 999 1279 1042 §la
1307 999 1340 1031 ln
1367 999 1450 1032 viam
1483 998 1571 1042 pacis
1609 1004 1641 1031 et
1677 996 1904 1041 prosperitatis
1946 1040 1949 1041 ⁷

1166 1052 1285 1095 dirigat
1308 1063 1439 1095 gressus
1464 1056 1590 1085 vestros
1617 1051 1826 1094 omnipotens
1843 1049 1905 1082 Do·
1916 1035 2101 1081 Effflffiffi'ssssssff

1916 1090 2005 1108 tinorum
2024 1087 2051 1107 ad
2066 1092 2100 1107 ca-

1166 1106 1287 1146 minus,
1314 1112 1346 1139 et
1371 1105 1490 1138 tribuat
1516 1104 1606 1137 vobis
1631 1103 1693 1136 iter
1710 1113 1905 1146 prosperum
1917 1115 2016 1135 monem
2029 1113 2101 1135 aceio-

1957 1006 2033 1027 Vtuum
2062 1012 2099 1033 pro

1916 1142 1977 1163 siaiu.

378 1167 550 1200 adiuvetur
574 1175 764 1208 oppressus,
785 1163 929 1196 foveatur
948 1166 1120 1204 aegrotus,

380 1221 456 1254 odia
481 1224 649 1251 transeant
674 1217 707 1250 in
734 1216 958 1256 dilectionem,
986 1215 1123 1248 inimici-

381 1273 443 1306 tiae
462 1276 698 1305 convertantur
713 1271 744 1303 in
764 1280 888 1313 pacem,
902 1268 1122 1312 tranquillitas

379 1326 550 1369 extinguat
579 1324 687 1365 iram,
726 1323 944 1356 mansuetudo
982 1322 1124 1355 remittat

343 1378 348 1386 ⁷
380 1380 547 1419 iniuriam,
569 1379 727 1412 ieiunium
746 1378 853 1411 carnis
868 1376 1034 1410 desideria
1051 1386 1122 1408 con-

383 1438 482 1474 terat,
512 1432 616 1465 oratio
642 1431 791 1475 spiritum
819 1441 834 1463 a
862 1430 1000 1463 terrenis
1026 1430 1146 1467 rebus⁴

381 1492 551 1521 avocatum
579 1485 611 1518 in
633 1485 824 1518 caelestium
840 1483 1122 1526 contemplatione

381 1540 517 1583 defigat,
545 1546 577 1573 et
611 1539 649 1572 ad
677 1548 821 1571 amorem
863 1548 899 1570 ac
935 1547 1026 1580 spem
1063 1537 1122 1568 im-

382 1593 570 1627 mortalium
590 1592 784 1635 gaudiorum
803 1591 940 1623 attollat.
957 1589 1011 1622 llis
1023 1599 1123 1632 porro

382 1646 634 1679 christianarum
660 1645 815 1677 virtutum
842 1643 1001 1686 exemptis
1019 1647 1051 1675 et
1069 1642 1124 1674 bo-

382 1710 501 1733 norum
516 1709 654 1743 operum
672 1698 797 1731 meritis
816 1697 965 1730 instructi
984 1697 1023 1729 ad
1041 1697 1125 1729 hanc

382 1759 525 1787 sanctam
552 1751 724 1791 civitatem,
754 1756 799 1783 tot
824 1755 1015 1783 sanctorum
1040 1760 1125 1782 mar-

383 1814 488 1851 tyrum
515 1805 674 1839 memoria
700 1805 865 1847 inclytam,
898 1813 933 1835 ac
952 1803 1124 1836 beatorum

384 1858 577 1903 praesertim
596 1859 824 1901 apostolorum
849 1856 1013 1889 Ecclesiae
1039 1855 1126 1899 prin-

383 1912 491 1956 c'ipum
529 1911 679 1944 doctriua
716 1909 879 1943 eruditam
913 1914 945 1942 et
981 1909 1125 1951 glorioso

382 1965 542 2008 sanguine
569 1968 820 2001 consecratam,
845 1961 1001 2005 religiosa
1026 1962 1124 1995 animi

382 2018 550 2052 alacritate
565 2016 764 2049 concurrite.
785 2014 950 2048 Festinate
963 2014 1002 2047 ad
1017 2014 1125 2047 locum

383 2083 480 2115 quem
496 2070 594 2114 elegit
612 2069 769 2103 Dominus
781 2095 788 2109 ,
805 2068 970 2101 ascendite
986 2068 1024 2101 ad
1042 2068 1126 2100 lianc

383 2126 583 2159 Hierusalem
610 2133 725 2157 novam
745 2151 752 2164 ,
779 2123 865 2155 unde
892 2123 930 2155 ab
962 2122 1034 2165 ipso
1068 2121 1125 2154 Ec-

384 2180 505 2214 clesiae
532 2177 695 2211 nascentis
721 2176 855 2209 exordio
881 2177 930 2208 lex
951 2175 1077 2208 Domini
1094 2180 1125 2208 et

384 2235 438 2267 lux
464 2231 670 2274 evangelicae
707 2229 851 2263 veritatis
886 2229 918 2261 in
955 2229 1125 2262 universas

385 2286 535 2319 nationes
561 2283 704 2317 effluxit:
731 2282 852 2315 Urbem
879 2287 925 2315 tot
962 2282 1123 2326 tantisque

385 2352 401 2373 a
426 2340 491 2373 Deo
517 2337 687 2372 beneficiis
712 2342 849 2376 auctam,
870 2341 917 2369 tot
934 2336 1124 2369 muneribus

385 2393 607 2431 cumulatam,
632 2396 667 2423 ut
695 2389 806 2423 civitas
843 2389 1056 2423 sacerdotalis
1095 2395 1126 2422 et

385 2445 476 2488 regia
501 2445 532 2478 in
559 2443 744 2488 superbiam
771 2444 979 2476 saeculorum
1003 2442 1125 2486 posita,

386 2499 497 2533 civitas
524 2497 673 2537 Domini,
698 2496 774 2530 Sion
799 2497 901 2530 sancti
928 2496 1026 2529 lsrael
1057 2496 1125 2528 iurc

423 2562 433 2589 1
456 2559 527 2588 Edit.
540 2558 623 2586 Main.
636 2557 717 2586 habet
733 2558 839 2586 nostris
856 2566 902 2593 pro
920 2558 1008 2585 nostis
1025 2559 1063 2593 (n.
1076 2558 1123 2593 τ.).

1167 1165 1360 1202 tempusque
1386 1158 1623 1202 tranquillum,
1649 1162 1807 1201 quatenus
1832 1166 1906 1190 cum

1166 1212 1270 1245 salute
1296 1217 1327 1244 et
1353 1211 1471 1255 gaudio
1497 1210 1665 1255 pervenire
1698 1210 1830 1253 possitis
1866 1210 1906 1243 ad

1167 1272 1335 1310 pastorem
1361 1266 1453 1299 vobis
1479 1265 1510 1297 in
1537 1265 1631 1298 terris
1656 1264 1810 1297 divinitus
1829 1274 1906 1297 con-

1167 1321 1325 1361 stitutum,
1346 1325 1391 1359 ut,
1411 1318 1465 1362 qui
1493 1328 1591 1351 unum
1610 1328 1727 1361 corpus
1746 1328 1856 1351 sumus
1874 1317 1909 1350 in

1167 1374 1318 1413 Christo,
1345 1373 1514 1406 unanimes
1541 1371 1760 1415 glorificemus
1785 1371 1884 1404 Deum
1901 1398 1909 1411 ,

1167 1439 1203 1461 ac
1229 1428 1260 1460 in
1287 1432 1418 1461 sanctae
1444 1427 1610 1460 Ecclesiae
1627 1426 1753 1460 unitate
1774 1431 1806 1459 et
1823 1434 1909 1459 com*

1168 1482 1322 1514 munione
1359 1481 1496 1514 invicem
1529 1481 1754 1514 collaetemur.
1781 1479 1908 1513 Utinam

1169 1545 1244 1568 vcro
1282 1534 1418 1568 comites
1455 1544 1527 1566 sese
1564 1534 1654 1566 vobis
1691 1533 1910 1576 adiungerent

1169 1592 1199 1621 et
1234 1598 1359 1620 sacram
1396 1588 1479 1620 lianc
1512 1586 1815 1630 peregrinationem
1846 1587 1909 1618 una

1168 1641 1335 1674 vobiscum
1350 1641 1607 1683 aggrederentur
1624 1638 1682 1672 filii
1699 1638 1778 1672 olim
1793 1639 1909 1680 nostri,

1168 1704 1255 1726 nunc
1281 1699 1388 1727 autem
1415 1694 1601 1726 desertores
1632 1698 1663 1725 et
1699 1692 1907 1735 transfugae,

1170 1758 1309 1791 quorum
1335 1747 1568 1791 progenitores
1588 1774 1595 1786 ‚
1621 1752 1770 1779 veterum
1796 1746 1910 1780 Roma-

1170 1812 1286 1834 norum
1313 1800 1504 1834 Pontificum
1530 1800 1819 1844 praedecessorum
1851 1810 1910 1833 no-

1170 1861 1312 1889 strorum
1340 1861 1499 1898 tempore,
1525 1855 1564 1887 ad
1583 1859 1728 1887 sanctam
1747 1853 1909 1887 eiusmodi

1170 1908 1393 1942 celebritatem
1419 1919 1455 1941 ex
1482 1907 1570 1940 omni
1589 1909 1714 1950 populo
1733 1912 1764 1940 et
1780 1906 1911 1940 natione

1171 1961 1452 2005 frequentissimos
1477 1961 1669 1994 convenisse
1697 1960 1829 2004 antiqua
1846 1970 1910 1994 mo-

1170 2020 1326 2047 numenta
1357 2020 1526 2047 testantur.
1564 2014 1652 2046 Nihil
1690 2014 1777 2046 enim
1814 2013 1908 2046 nobis

1170 2067 1321 2111 optatius,
1348 2078 1455 2110 neque
1486 2067 1656 2099 iucundius
1674 2066 1823 2099 accidere
1840 2076 1911 2109 pos—

1169 2126 1228 2160 set,
1253 2131 1349 2164 quam
1374 2126 1408 2152 ut
1432 2120 1493 2163 ipsi
1512 2120 1550 2152 ad
1570 2118 1667 2152 tidem
1686 2124 1816 2162 patrum
1834 2129 1909 2152 suo·

1169 2184 1260 2214 rum,
1286 2185 1303 2206 a
1329 2184 1390 2217 qua
1415 2173 1592 2206 infeliciter
1628 2183 1702 2205 cum
1737 2171 1910 2205 manifesto

1169 2234 1320 2262 aeternae
1347 2226 1461 2259 salutis
1483 2225 1671 2259 discrimine
1690 2224 1906 2265 desciverunt,

1170 2285 1441 2319 reverterentur,
1476 2279 1624 2322 adeoque
1658 2278 1752 2311 nobis
1785 2278 1910 2321 paterni

1170 2334 1292 2368 amoris
1318 2335 1349 2367 in
1377 2333 1448 2366 sinu
1476 2343 1531 2366 eos
1557 2332 1707 2375 excipere
1726 2358 1734 2372 ,
1772 2336 1804 2364 et
1839 2331 1910 2375 pari

1169 2386 1357 2432 pontificiae
1375 2385 1544 2419 charitatis
1563 2395 1661 2417 sensu
1683 2383 1857 2428 complecti
1875 2383 1911 2417 li-

1169 2446 1268 2474 ceret.
1303 2439 1368 2478 Qua
1401 2439 1526 2472 ratione
1552 2442 1584 2471 et
1609 2437 1765 2470 miserum
1798 2446 1910 2469 erran-

1169 2495 1250 2527 tium
1276 2499 1392 2526 statum
1419 2492 1548 2536 iugibus
1574 2491 1723 2534 lacrymis
1743 2490 1911 2530 deflemus,

1169 2553 1201 2582 et
1225 2558 1283 2592 pro
1309 2547 1465 2591 pastorali
1492 2545 1603 2579 nostra
1623 2543 1842 2579 sollicitudine
1860 2552 1911 2577 as-
