2170 3147
212 162 260 188 An.
282 160 309 186 C.
327 160 393 187 ⁴725

440 151 503 183 2178

405 207 569 251 quomodo
596 206 854 239 inservientibus
880 206 986 239 eidem
1012 206 1148 238 semina-

407 261 472 300 rio,
500 265 531 292 et
555 259 713 299 alunmis,
741 260 789 291 vel
820 270 837 291 a
862 259 1038 292 seminario
1065 259 1147 292 sala-

406 313 515 352 riatiS,
543 323 576 345 ac
604 311 908 355 quomodocumque
936 312 1085 352 retentis,
1103 311 1147 344 uti

406 366 555 404 audeant,
584 364 743 403 districte,
767 363 825 396 sub
852 365 959 407 poena
984 364 1148 397 interdicti

406 420 444 451 ab
470 418 619 460 ingressu
638 416 817 458 Ecclesiae,
838 422 982 450 vetamus
1008 428 1044 450 ac
1066 417 1150 450 inhi-

407 474 545 505 bemus:
574 481 639 504 non
667 476 773 504 tamen
800 482 857 514 per
883 472 945 504 boc
971 471 1149 514 prohibere

407 525 604 559 intendimus
639 524 794 568 episcopo
829 524 1028 568 pontificalia
1061 535 1151 558 exer-

406 579 516 619 centi,
544 589 584 611 ne
610 578 889 611 caeremoniarum
916 578 1071 621 magistro
1102 574 1173 611 veli

407 632 628 665 sacerdotibus
664 643 681 665 a
718 632 892 664 seminario
931 632 1065 665 retentis
1106 632 1149 665 uti

409 686 529 730 possit:
556 685 619 718 imo
645 690 679 717 ut
697 695 810 718 eorum
831 687 929 728 opera
948 695 983 718 ac
1001 685 1151 718 assisten*

408 741 450 773 tia
475 740 507 772 in
534 739 720 773 huiusmodi
746 740 845 772 sacris
867 739 1086 773 functionibus
1105 739 1150 771 uti
1172 754 1173 763 κ

408 795 520 835 valeat,
546 794 677 837 plenam
703 793 764 837 ipsi
791 793 947 837 episcopo
981 793 1174 827 tribuimus²

410 849 606 881 facultatem.

453 902 467 945 ἓ
493 901 546 935 10.
563 901 739 941 Postremo,
755 900 990 934 saluberrimae
1016 900 1151 944 praefati

296 948 299 959 ¹
328 947 545 988 ''''.„.‘Ceneilii
571 953 781 998 dispositioni
809 953 1039 994 inhaerenteS,
1064 954 1153 987 volu—

319 1002 336 1015 Η
358 1005 360 1011 ’
382 1002 396 1014 Π
410 1020 503 1050 mus,
530 1008 749 1052 praecipimus
789 1013 820 1040 et
856 1007 1017 1040 sancimus
1053 1013 1087 1040 ut
1119 1008 1175 1043 in,

243 1822 362 1842 Ctamutae.

410 1062 559 1095 omnibus
587 1060 784 1100 seminariis,
812 1065 874 1093 tam
906 1061 1060 1094 hactenus
1083 1071 1153 1094 ere-

410 1115 489 1156 ctis,
517 1126 612 1159 quam
638 1115 670 1147 in
697 1118 863 1158 posterum
889 1114 1067 1157 erigendis,
1090 1115 1153 1147 alu-

409 1169 474 1202 mni
512 1167 764 1211 grammatices,
797 1172 911 1200 cantus
944 1167 1151 1210 gregoriani,

410 1222 553 1265 computi
579 1219 792 1254 ecclesiastici
818 1220 1020 1263 aliarumque
1053 1221 1154 1253 bona-

411 1286 480 1308 rum
507 1274 620 1308 artium
647 1279 769 1306 tantum
795 1272 968 1316 disciplina
995 1273 1150 1306 erudian-

411 1335 482 1369 tur,
509 1334 540 1361 et
564 1328 681 1361 Sacrae
707 1326 916 1370 Scripturae,
943 1327 1150 1367 catechismi,

409 1383 614 1425 :illorumque
642 1380 940 1414 ecclesiasticorum
967 1380 1124 1413 librorum
1145 1408 1152 1421 ,
1175 1392 1177 1396 ’

411 1437 602 1479 praesertim
623 1444 697 1467 vero
716 1434 754 1467 de
769 1433 979 1466 sacramentis
991 1433 1154 1477 sacrisque

411 1490 526 1523 ritibus
553 1494 584 1522 et
609 1487 821 1522 caeremoniis
847 1487 1053 1520 tractantium
1076 1514 1083 1528 ,
1109 1489 1155 1520 le-

411 1543 508 1576 ctioni
536 1542 712 1585 diligenter
731 1541 933 1581 incumbant,
954 1546 1000 1581 ut,
1024 1551 1095 1574 eum
1114 1541 1153 1574 ad
1175 1570 1176 1574 ,

412 1598 535 1630 vineam
561 1596 687 1630 Domini
714 1595 925 1629 excolendam
951 1595 1053 1628 vocati
1089 1596 1155 1629 sue-

411 1651 485 1691 rint,
513 1650 642 1693 dignos,
665 1649 786 1693 peritos
803 1649 966 1692 utilesque
985 1648 1155 1692 operarios

411 1715 482 1737 sese
521 1703 660 1747 probare
696 1704 843 1743 valeant,
882 1702 1086 1746 fructumque
1125 1703 1153 1736 ei

411 1758 548 1791 reddant
572 1756 775 1790 uberrimum
802 1756 1006 1799 temporibus
1033 1756 1111 1789 suis.

455 1812 469 1855 g
495 1811 548 1843 11.
568 1811 798 1850 Decernentes,
823 1815 1010 1853 praesentes
1031 1809 1154 1843 litteras

412 1875 542 1908 semper
566 1864 687 1904 firmas,
715 1863 836 1897 validas
863 1868 894 1896 et
919 1863 1065 1896 efficaces
1091 1864 1155 1896 exi⁴

411 1926 496 1952 stere
523 1924 554 1952 et
578 1919 667 1958 sore,
693 1928 834 1961 suosque
861 1918 1029 1961 plenarios
1056 1923 1086 1951 et
1111 1918 1155 1951 in-

993 157 1175 181 BULLARIUM
1201 157 1355 182 ROMANUM

1191 206 1430 249 interpretandi
1461 207 1610 240 facultate
1644 213 1676 240 et
1711 208 1902 242 auctoritate
1923 236 1931 250 ,

1191 259 1325 292 iudicari
1363 266 1394 293 et
1419 260 1544 294 definiri
1572 262 1691 295 debere
1709 289 1717 303 ,
1744 272 1780 294 ac
1805 262 1931 296 irritum

1193 317 1224 345 et
1250 312 1347 346 inane
1382 314 1538 358 quidquid
1576 325 1670 348 secus
1703 326 1799 359 super
1833 315 1884 349 his
1916 326 1933 348 a

1193 377 1378 410 quoquam,
1411 368 1521 411 quavis
1549 368 1740 401 auctoritate
1759 395 1767 409 ,
1792 369 1934 402 scienter

1193 419 1240 452 vel
1267 420 1475 462 ignoranter,
1502 421 1676 464 contigerit
1701 421 1864 454 attentari.

1237 472 1251 515 ξ
1282 473 1330 506 102.
1358 474 1428 507 Non
1444 473 1659 514 obstantibus,
1673 479 1836 517 quatenus
1851 485 1933 519 opus

1193 525 1255 565 sit,
1280 526 1399 559 nostris
1425 532 1457 559 et
1482 526 1701 560 Cancellariae
1727 527 1933 571 Apostolicae

1194 579 1313 622 regulis
1339 580 1609 623 quibuscumque,
1634 585 1665 613 et
1690 580 1844 624 praefatis
1869 580 1934 615 cte·

1171 646 1173 676 g
1194 632 1310 665 mentis
1335 633 1397 665 Vlll
1424 638 1455 666 et
1479 633 1599 666 Urbani
1627 634 1747 678 pariter
1763 633 1827 667 VIlI
1845 645 1937 678 prae-

1195 685 1404 719 decessorum
1445 692 1632 720 nostrorum
1673 687 1812 732 aliisque
1859 698 1936 732 apo-

1195 739 1333 779 stolicis,
1361 740 1459 772 etiam
1484 739 1516 772 in
1542 740 1779 774 universalibus
1804 742 1938 785 provin-

1195 791 1398 836 cialibusque
1424 798 1454 826 et
1478 793 1691 837 synodalibus
1717 794 1863 828 conciliis
1897 795 1935 829 ad

1196 846 1337 880 savorem
1364 857 1642 891 quarumcumque
1667 858 1882 891 personarum
1908 859 1939 882 e-·

1197 899 1282 939 ditis,
1298 900 1506 942 generalibus
1521 901 1568 933 vel
1590 901 1799 944 specialibus,
1821 902 1939 935 consti-

1197 952 1375 986 tutionibus
1416 958 1447 986 et
1481 953 1767 995 ordinationibus,
1809 964 1938 988 necnon

1198 1016 1478 1050 quorumcumque
1510 1006 1688 1047 Ordiniim,
1718 1008 1939 1050 congregatio-

1197 1070 1284 1100 num,
1311 1060 1501 1094 societatum
1523 1065 1553 1093 et
1571 1060 1806 1101 institutorum,
1827 1061 1937 1095 aliisve

1198 1113 1386 1157 quibusvis,
1413 1113 1508 1147 etiam
1535 1113 1737 1154 iuramento,
1770 1114 1939 1148 confirma-

1174 1166 1286 1207 ,tione
1312 1167 1490 1210 apostolica
1509 1195 1516 1207 ,
1555 1168 1604 1200 vel
1642 1167 1752 1211 quavis
1788 1167 1939 1202 firmitate

1198 1221 1261 1253 alia
1285 1220 1459 1260 roboratis,
1486 1221 1614 1254 statutis
1641 1226 1674 1254 et
1698 1221 1940 1254 consuetudini-

1197 1273 1273 1313 bus,
1298 1273 1479 1317 privilegiis
1504 1284 1644 1317 quoque,
1671 1274 1804 1307 indultis
1831 1279 1862 1308 et
1886 1274 1939 1308 lit-

1200 1327 1276 1360 teris
1296 1327 1497 1371 apostolicis,
1520 1327 1642 1360 eisdem
1659 1327 1845 1368 Ordinibus,
1866 1335 1940 1362 eon-

1199 1380 1460 1424 gregationibus,
1487 1380 1697 1414 societatibus
1723 1386 1755 1414 et
1768 1381 1938 1423 institutis,

1199 1434 1258 1467 sub
1284 1434 1543 1478 quibuscumque
1569 1434 1742 1468 verborum
1772 1435 1940 1469 tenoribus

1199 1494 1230 1521 et
1255 1488 1388 1529 formis,
1416 1499 1453 1521 ac
1478 1498 1552 1521 cum
1578 1487 1743 1531 quibusvis
1769 1488 1865 1521 etiam
1891 1489 1940 1523 de-

1199 1542 1437 1585 rogatoriarum
1463 1541 1681 1584 derogatoriis
1702 1569 1710 1582 ,
1737 1541 1874 1587 aliisque
1900 1543 1941 1577 es-

1198 1595 1406 1629 sicacioribus
1433 1600 1464 1628 et
1488 1595 1627 1629 insolitis
1659 1595 1836 1637 clausulis,
1870 1596 1942 1629 irri-

1200 1649 1342 1682 tantibus
1368 1655 1400 1681 et
1425 1648 1494 1682 aliis
1519 1649 1671 1689 decretis,
1698 1649 1731 1681 in
1752 1659 1871 1692 genere
1889 1651 1940 1684 vel

1199 1701 1231 1734 in
1257 1702 1392 1746 specie,
1425 1703 1473 1734 vel
1510 1701 1586 1735 alias
1622 1702 1872 1746 quomodolibet
1907 1703 1940 1736 in

1199 1757 1395 1789 contrarium
1405 1756 1661 1800 praemissorum
1675 1756 1854 1798 concessis,
1864 1767 1941 1790 con-

1176 1840 1177 1855 3
1199 1808 1333 1843 firmatis
1351 1815 1382 1842 et
1403 1809 1580 1850 innovatis;
1600 1810 1716 1854 quibus
1741 1810 1893 1844 omnibus
1910 1816 1942 1844 et

413 1978 518 2014 tegros
546 1971 677 2004 effectus
702 1971 822 2011 sortiri,
847 1971 1006 2011 obtinere,
1025 1981 1154 2004 necnon
1176 1996 1177 1999 η

411 2026 592 2069 praemissa
619 2024 725 2057 omnia
754 2029 784 2057 et
802 2024 930 2067 singula
949 2023 979 2056 in
999 2024 1062 2056 illis
1081 2034 1155 2057 con-

413 2084 501 2110 tenta
526 2088 585 2120 per
611 2088 666 2110 eos
686 2104 693 2117 ,
721 2077 758 2109 ad
786 2087 868 2120 quos
900 2081 1025 2119 spectat
1059 2082 1090 2109 et
1123 2077 1155 2109 in

1199 1863 1348 1905 singulis,
1374 1862 1499 1896 etiamsi
1525 1873 1584 1907 pro
1611 1863 1783 1897 sufficienti
1808 1863 1942 1898 illorum

1199 1916 1412 1959 derogatione
1459 1917 1498 1950 de
1535 1917 1598 1950 illis
1636 1928 1819 1961 eorumque
1865 1917 1940 1950 totis

1199 1970 1370 2003 tenoribus
1388 1970 1549 2013 specialis,
1565 1970 1940 2014 specificaetindividua,

1199 2033 1234 2056 ac
1260 2023 1298 2056 de
1325 2023 1421 2057 verbo
1447 2024 1486 2056 ad
1511 2024 1654 2064 verbum,
1674 2034 1738 2057 non
1756 2028 1862 2057 autem
1881 2034 1941 2068 per

414 2131 555 2164 futurum
583 2129 830 2174 quomodolibet
855 2130 1026 2173 spectabit,
1045 2135 1155 2163 exacte
1177 2124 1178 2133 ¹

413 2190 444 2217 et
484 2183 717 2216 inviolabiliter
753 2182 944 2223 observari,
972 2183 1082 2226 sicque
1124 2189 1156 2216 et

414 2248 475 2270 uon
503 2237 598 2270 aliter
624 2247 683 2280 per
709 2246 935 2280 quoscumque
963 2237 1085 2269 iudices
1104 2247 1178 2270 οι·-ἶ

414 2291 557 2323 dinarios
585 2296 615 2323 et
642 2291 833 2333 delegatos,
859 2290 955 2323 etiam
982 2301 1154 2323 causarum

414 2344 524 2387 palatii
553 2344 720 2386 apostolici
748 2344 921 2384 auditores,
949 2354 984 2376 ac
1009 2343 1040 2377 S.
1061 2343 1097 2376 R.
1118 2343 1152 2376 E.

413 2397 596 2429 varsliualijs
617 2424 624 2437 ,
652 2398 747 2429 etiam
774 2398 812 2430 de
838 2398 939 2430 latere
966 2399 1101 2440 legatos,
1126 2404 1157 2431 et

414 2450 494 2483 alios
511 2450 674 2493 quoslibet
689 2461 894 2494 quacumque
912 2455 1074 2494 potestate
1092 2451 1157 2483 sun-

413 2509 525 2546 gentes
552 2508 583 2536 et
611 2504 796 2544 iuncturos,
823 2505 949 2537 sublata
975 2505 1020 2538 eis
1048 2510 1076 2538 et
1105 2515 1156 2538 eo-

1199 2077 1360 2111 clausulas
1387 2077 1558 2120 generales
1585 2077 1670 2110 idem
1703 2077 1940 2121 importantes,

1199 2130 1321 2164 mentio
1347 2141 1403 2164 seu
1429 2130 1560 2174 quaevis
1589 2131 1651 2164 alia
1688 2131 1854 2175 expressio
1884 2131 1942 2165 lia-

1200 2185 1330 2226 benda,
1357 2190 1410 2217 aut
1434 2184 1541 2228 aliqua
1566 2184 1627 2218 alia
1654 2185 1811 2229 exquisita
1840 2185 1942 2219 forma

1200 2239 1237 2271 ad
1265 2239 1327 2272 hoc
1352 2239 1508 2272 servanda
1534 2239 1618 2272 soret
1634 2266 1641 2280 ‚
1668 2243 1802 2272 tenores
1827 2239 1942 2273 huius-

1199 2292 1300 2333 modi,
1328 2303 1364 2325 ac
1389 2292 1415 2325 si
1442 2292 1481 2325 de
1508 2292 1606 2325 verbo
1633 2293 1671 2326 ad
1697 2292 1831 2325 verbum
1857 2291 1942 2326 inse-

1202 2351 1378 2385 rerentur,
1415 2345 1645 2390 praesentibus
1680 2356 1739 2389 pro
1778 2346 1875 2389 plene
1912 2350 1943 2379 et

1200 2399 1400 2432 sufficienter
1425 2399 1588 2442 expressis
1614 2404 1646 2431 et
1671 2398 1802 2431 insertis
1820 2397 1942 2431 haben-

1201 2458 1248 2484 tes
1269 2479 1276 2492 ,
1304 2452 1367 2485 illis
1393 2453 1472 2486 alias
1497 2453 1528 2485 in
1555 2463 1613 2485 suo
1642 2453 1758 2485 robore
1792 2461 1942 2494 perman-

1199 2505 1295 2545 suris,
1307 2506 1342 2537 ad
1357 2506 1611 2549 praemissorum
1623 2504 1786 2545 effectum,
1798 2504 1858 2537 hac
1873 2504 1939 2537 vice

413 2568 483 2592 rum
509 2557 641 2592 cuilibet
672 2558 784 2600 quavis
813 2559 906 2592 aliter
940 2558 1104 2593 iudicandi
1124 2565 1156 2593 et
1200 2558 1375 2600 diuntaxai,
1403 2559 1590 2603 specialiter
1615 2562 1646 2592 et
1671 2568 1824 2603 expresse
1852 2557 1940 2593 dero·

1941 160 1988 188 An.
2011 161 2038 188 C.
2056 163 2121 191 1725

1973 489 2125 515 n·=rngatoriao

1945 516 2070 540 peculiares.
