2170 3147
7 290 58 318 An.
74 289 102 317 C.
122 287 188 316 1727

9 357 48 373 nee
75 351 114 377 ipsi
142 339 234 371 madet
259 332 544 378 expurgandorum
571 330 796 375 praepositae¹
815 333 939 375 exposi-

9 378 190 424 3l2?'?.‘.{-0„.-¹.⁰‚l?g
202 391 242 428 to,
266 387 351 430 quod
378 386 574 419 recolendae
603 385 776 418 memoriae
803 385 939 418 Alexan-

9 430 181 456 ⁶⁰⁰⁸“'g⁴¹¹⁰¹¹⁹'
201 439 258 473 der
275 440 360 482 Papa
374 439 423 471 vlt
438 438 561 482 pariter
577 438 812 482 praedecessor
830 443 939 470 noster

200 503 285 526 anno
309 501 427 527 MDCle
450 492 638 524 decreverat
662 496 694 523 et
719 491 940 523 declaraverat

201 556 264 579 non
290 546 387 578 licere
413 543 636 587 superioribus
663 542 870 585 regularibus
890 553 939 575 re-

201 609 331 632 movere
356 599 395 631 ab
420 597 504 630 Urbe
528 608 564 630 ac
589 608 606 630 a
638 597 704 629 suis
729 595 938 629 conventibus

202 662 277 684 suos
303 651 448 684 subditos
475 651 639 693 regulares
664 649 877 682 inservientes
898 647 941 681 di-

202 709 271 738 etae
311 703 562 746 Congregatioui
603 703 636 736 in
679 702 786 735 officio
822 701 939 734 Indicis

202 758 442 796 consultorum,
477 756 552 799 quia
579 756 649 789 talis
684 755 820 788 remotio
846 754 941 787 cede-

202 808 280 842 bat⁵z
304 810 336 842 in
362 809 594 853 praeiudicium
627 809 727 852 ipsius
759 808 941 851 Congrega-

204 862 311 903 tionis,
337 873 418 907 quae
437 863 515 896 alias
535 863 737 896 consultores
755 861 941 905 inexpertos

203 916 363 948 veteranis
401 922 431 949 et
455 915 594 960 expertis
630 915 827 949 substituere
864 924 940 947 con-

204 969 441 1011 stringebatur,
480 969 607 1012 hocque
648 969 813 1002 decretum
845 977 941 1011 supe-

205 1021 347 1054 rioribus
372 1022 557 1054 eorumdem
590 1021 787 1063 regularium
822 1032 839 1054 a
864 1027 941 1054 tunc

204 1073 314 1107 itidem
342 1074 500 1107 existente
525 1073 790 1116 Cougregatiouis
819 1073 942 1117 praedi-

205 1132 274 1159 ctae
299 1126 471 1160 secretario
503 1127 685 1159 intimatum
719 1128 837 1167 suerat,
866 1126 940 1159 dicti

205 1190 281 1213 vero
308 1185 526 1224 exponentes,
553 1191 616 1224 quo
642 1180 782 1224 quietius
814 1180 943 1213 maiori-

205 1244 267 1277 que
294 1234 402 1266 studio
422 1234 499 1266 huic
515 1234 546 1267 S.
567 1234 639 1266 Sedi
667 1233 824 1277 obsequi⁸
849 1244 942 1277 prae-

205 1292 288 1319 stare
314 1287 476 1326 valerent,
504 1292 685 1329 opportune
711 1287 772 1319 sibi
796 1287 826 1319 in
853 1297 944 1330 prae-

205 1340 309 1373 missis
321 1351 338 1372 a
356 1340 500 1383 praefato
515 1339 677 1373 Clemente
690 1340 943 1383 praedecessore

206 1393 369 1436 provideri
395 1393 568 1437 plurimum
591 1393 837 1426 desiderabant:
858 1394 944 1426 idem

205 1446 357 1480 Clemens
381 1447 624 1490 praedecessor,
643 1447 732 1479 iustis
755 1447 943 1480 eorumdem

207 1500 437 1544 exponentium
479 1500 690 1544 petitionibus
724 1500 945 1533 favorabiliter

207 1564 351 1586 annuere
377 1554 506 1594 volens,
534 1553 825 1596 supplicationibus
850 1553 944 1586 etiam

207 1612 462 1639 memoratorum
487 1606 698 1639 cardinalium
733 1606 861 1638 nomine
886 1605 944 1638 sibi

207 1669 305 1702 super
323 1659 384 1691 hoc
405 1659 570 1691 humiliter
583 1659 742 1702 porrectis
761 1659 945 1700 inclinatus,

208 1724 244 1745 ac
278 1723 566 1755 supraexpressum
600 1713 772 1745 Alexandri
810 1713 946 1756 praede-

209 1766 347 1799 cessoris
373 1765 536 1798 decretum
563 1766 746 1809 approbans
773 1772 804 1798 ct
828 1766 946 1799 coufir-

209 1830 321 1859 mans,
348 1819 498 1852 omnibus
533 1825 565 1852 et
599 1819 734 1862 singulis
772 1825 831 1851 tam
871 1825 946 1853 tuuc

210 1872 437 1915 praesentibus
463 1883 555 1914 quam
584 1873 696 1905 suturis
724 1873 946 1915 superioribus

210 1925 417 1967 generalibus
443 1930 473 1957 et
497 1925 745 1968 provincialibus
770 1925 947 1958 cuiuscum-

212 1987 272 2019 que
298 1976 441 2016 Ordinis,
466 1977 729 2020 congregationis
755 1984 785 2011 et
810 1978 944 2010 instituti

212 2030 400 2062 auctoritate
425 2030 601 2072 apostolica
625 2031 791 2073 praecepit
814 2036 845 2063 ct
863 2042 946 2064 man·

214 2081 311 2122 davit,
340 2087 372 2114 ut
398 2088 473 2114 tunc
497 2088 528 2115 et
552 2093 611 2125 pro
638 2088 785 2126 tempore
811 2084 948 2117 existen-

215 2135 299 2167 tibus
323 2136 561 2168 consultoribus
584 2137 787 2178 regularibus
813 2137 948 2180 Congre-

214 2186 352 2229 gationis
376 2188 572 2230 praedictae,
590 2189 656 2220 suis
678 2189 856 2232 respective
875 2191 949 2221 sul)-

215 2239 301 2279 ditis,
331 2241 635 2273 conventualitatem
662 2241 691 2273 in
718 2242 866 2284 collegiis
892 2254 946 2275 seu

214 2292 364 2325 domibus
390 2293 591 2334 regularibus
619 2293 648 2325 in
675 2293 759 2326 Urbe
785 2295 949 2336 praedicta

214 2345 435 2385 existentibus,
456 2345 487 2377 in
508 2345 623 2388 quibus
644 2346 823 2379 litterarum
844 2348 948 2380 studia

214 2398 371 2440 rigerent,
398 2409 461 2441 quo
487 2399 688 2431 commodius
713 2399 871 2433 eiusmodi
891 2406 949 2433 stu-

213 2452 274 2484 diis
292 2451 459 2494 dictaeque
473 2451 563 2484 Sedis
582 2451 744 2495 obsequiis
761 2452 947 2486 incumbere

214 2505 369 2544 valerent,
394 2504 419 2536 si
446 2505 606 2544 adessent,
627 2504 676 2537 sin
697 2505 802 2537 minus
821 2506 850 2538 in
877 2506 947 2539 aliis

249 2586 258 2610 1
283 2583 353 2610 Edit.
374 2584 456 2610 Main.
478 2584 543 2617 legit
560 2585 724 2618 praeposita
744 2588 781 2616 (a.
798 2585 846 2618 T.).

247 2628 264 2654 2
278 2627 348 2654 Edit.
365 2627 442 2654 Main.
458 2627 522 2662 legit
537 2627 652 2655 debebat
667 2636 716 2663 pro
731 2629 844 2656 cedebat
854 2630 946 2663 (nan).

248 2672 264 2700 3
283 2672 346 2708 Leg.
363 2671 541 2707 obsequium,
559 2672 598 2699 vel
618 2671 695 2700 aliter
714 2673 829 2700 emenda
843 2673 881 2707 (a.
899 2678 944 2705 T.>.

772 283 963 308 BENEDICTUS
988 282 1042 307 xllt
1067 282 1116 306 PP.

1615 268 1679 302 [303
1725 276 1908 305 Amol-127

982 330 1205 370 monasteriis,
1238 328 1449 363 conventibus
1475 338 1534 361 seu
1567 327 1718 360 domibus

982 383 1185 426 regularibus
1204 393 1335 416 suorum
1353 380 1530 425 respective
1547 379 1718 419 Ordinum,

983 435 1271 478 congregationum
1297 440 1328 468 et
1356 434 1577 467 institutorum
1611 433 1640 465 in
1668 433 1720 465 ca-

983 489 1056 522 dem
1081 489 1165 522 Urbe
1191 488 1313 532 positis,
1328 487 1452 530 absque
1471 487 1536 520 ulla
1558 488 1645 519 mora
1670 486 1719 518 rel

984 541 1251 584 tergiversatione
1276 541 1496 574 concederent
1520 544 1550 572 et
1576 539 1721 581 assigna-

983 600 1070 634 rent,
1098 594 1186 637 ipsos
1212 600 1319 627 autem
1337 595 1540 627 consultores
1567 592 1640 624 inde
1660 591 1720 624 nisi

983 647 1088 680 causis
1119 648 1159 680 ab
1192 648 1306 680 eadem
1341 646 1554 680 cardinalium
1579 645 1721 688 Congre-

983 700 1113 742 gatione
1131 700 1282 743 illiusque
1300 700 1476 733 secretario
1495 710 1552 743 pro
1576 704 1721 742 tempore

983 752 1140 787 existente
1158 753 1240 786 bene
1258 753 1444 786 examinatis
1462 763 1612 785 amovere
1632 753 1721 784 nullo

984 807 1080 840 modo
1114 818 1210 851 posse
1243 807 1434 840 auctoritate
1469 805 1634 850 praedicta
1660 810 1722 837 sta-

986 861 1043 893 tuit
1061 865 1093 894 et
1110 860 1290 901 ordinavit·‚
1311 865 1342 893 et
1359 859 1450 900 alias,
1470 864 1567 902 prout
1585 858 1616 890 in
1634 868 1723 900 prac-

984 914 1059 947 dicti
1100 913 1275 947 Clementis
1314 912 1571 957 praedecessoris
1609 911 1723 944 litteris

985 968 1035 1001 die
1071 978 1088 999 v
1120 967 1302 1000 decembris
1334 976 1499 1000 Moetxxiu
1525 966 1667 1008 desuper
1691 964 1723 996 iu

985 1020 1083 1054 simili
1110 1021 1212 1054 forma
1236 1019 1346 1053 Brevis
1372 1018 1550 1062 expeditis,
1588 1028 1723 1060 quarum

986 1080 1130 1107 tenorem
1157 1072 1384 1117 praesentibus
1409 1082 1466 1115 pro
1490 1072 1588 1115 plene
1614 1075 1645 1103 et
1662 1070 1725 1102 sut-

985 1127 1131 1160 ficienter
1155 1137 1311 1170 expresso
1337 1137 1373 1158 ac
1399 1125 1437 1158 de
1464 1125 1564 1157 verbo
1587 1123 1623 1156 ad
1657 1134 1725 1156 ver-

985 1181 1061 1213 bum
1100 1180 1220 1214 inserto
1246 1179 1358 1213 haberi
1386 1179 1554 1218 volumus,
1593 1176 1724 1210 uberius

985 1233 1180 1266 continetur.

1030 1287 1045 1330 ἓ
1065 1285 1096 1318 ⁶2.
1117 1287 1197 1319 Hinc
1214 1291 1262 1320 est
1279 1286 1366 1330 quod
1386 1296 1452 1326 nos,
1472 1284 1724 1328 praemissortun
1752 1289 1920 1336 Ἣῇῗὲιᾞᾞξίξ

988 1340 1098 1373 robori
1117 1345 1148 1373 et
1165 1339 1343 1372 inviolabili
1365 1337 1580 1372 observationi
1608 1322 1848 1380 oppor-fltemeutis
1865 1329 1907 1362 x.'

989 1400 1064 1426 tune
1091 1393 1261 1437 providere
1289 1393 1449 1430 volentes,
1476 1396 1562 1423 motu
1589 1390 1725 1434 proprio

988 1453 1019 1479 et
1045 1458 1081 1480 ex
1107 1448 1192 1480 certa
1223 1446 1359 1479 scicntia
1390 1456 1426 1477 ac.
1452 1445 1577 1476 matura
1604 1444 1725 1476 delibe-

989 1500 1114 1533 ratione
1140 1499 1276 1539 nostris,
1311 1499 1416 1542 deque
1449 1497 1647 1541 apostolicae
1672 1507 1728 1539 po—

990 1554 1109 1587 testatis
1135 1552 1349 1596 plenitudine,
1371 1556 1537 1584 enarratas
1554 1550 1727 1583 Clementis

988 1606 1246 1650 praedecessoris
1271 1605 1406 1643 litteras,
1424 1604 1617 1637 auctoritate
1635 1614 1728 1646 prae-

988 1661 1084 1700 dicta,
1114 1665 1225 1693 tenore
1251 1658 1474 1703 presentium,
1498 1656 1728 1690 confirmamus

988 1720 1019 1746 et
1036 1713 1267 1757 approbamus,
1285 1723 1331 1751 ac,
1353 1716 1512 1755 quatenus
1530 1710 1624 1744 etiam
1646 1720 1727 1753 opus

988 1768 1038 1808 sit,
1064 1768 1267 1800 innovamus.

1032 1821 1046 1863 ξ
1069 1821 1100 1853 3.
1125 1821 1308 1859 Praeterea,
1328 1829 1367 1851 ne
1387 1818 1593 1861 privilegium
1615 1817 1727 1849 liuius·
1739 1849 1759 1866 m
1777 1818 1922 1866 ffgggffffijffip

989 1873 1074 1906 modi
1100 1872 1342 1905 consultoribus
1368 1871 1471 1903 dictae
1499 1870 1774 1913 Congregauo-mt
1792 1879 1815 1892 ex
1835 1873 1922 1897 >insum

1739 1899 1853 1920 Oiilinibus
1862 1904 1921 1923 regu·

989 1926 1037 1958 nis
1064 1937 1121 1968 per
1149 1925 1352 1968 supradictas
1384 1924 1509 1956 litteras
1535 1934 1726 1955 concessum
1739 1925 1922 1977 {;1‡''''¹S„„‘}‡¹;;¹ssl

989 1978 1202 2012 conventibus
1219 1983 1249 2010 ct
1267 1977 1414 2010 domibus
1429 1976 1634 2019 regularibus
1650 1986 1728 2009 one·
1739 1980 1801 2026 33:312
1815 1978 1922 2025 ⁰<1522an

990 2043 1096 2065 rosum
1127 2031 1186 2067 sit,
1220 2031 1331 2073 eisque
1364 2030 1403 2062 ab
1433 2029 1488 2062 illa
1519 2029 1922 2083 Obediemffi·fffffffinfffidff'ssgss‘.

989 2095 1084 2127 quani
1112 2083 1251 2127 professi
1269 2088 1354 2122 sunt,
1378 2093 1410 2114 se
1437 2081 1648 2114 subtrahendi
1674 2075 1771 2113 sti-³1?-

990 2137 1066 2170 muli
1091 2137 1274 2176 addantur,
1309 2142 1397 2168 motu
1414 2163 1421 2175 ‚
1457 2135 1592 2168 scientia
1617 2139 1647 2168 et
1669 2146 1726 2178 po-

991 2191 1114 2223 testatis
1135 2189 1338 2233 plenitudine
1357 2190 1488 2232 paribus
1508 2188 1726 2232 praecipimus

992 2248 1023 2275 et
1057 2243 1267 2282 mandamus,
1306 2248 1339 2274 ut
1376 2243 1407 2274 in
1443 2248 1609 2285 posterum
1646 2253 1727 2274 unus

991 2296 1156 2329 dumtaxat
1174 2306 1210 2328 ex
1231 2295 1404 2328 Ordinibus
1424 2295 1628 2337 regularibus
1645 2294 1728 2328 Con-

990 2348 1191 2391 gregationis
1228 2348 1412 2392 praedictae
1445 2349 1613 2381 consultor
1637 2359 1727 2387 csse,

991 2412 1027 2434 ac
1058 2402 1217 2434 eiusmodi
1250 2401 1419 2444 privilegio
1453 2401 1511 2434 frui
1544 2402 1663 2445 possit,
1692 2402 1727 2434 il-

992 2455 1088 2497 loque
1114 2454 1256 2493 vivente,
1283 2455 1353 2494 alii,
1379 2455 1433 2497 qui
1459 2455 1497 2487 ad
1531 2456 1726 2488 consultoris

991 2518 1107 2539 munus
1125 2507 1309 2540 huiusmodi
1328 2508 1483 2551 assumpti
1504 2508 1655 2547 tuissent,
1675 2519 1727 2540 co-

991 2560 1064 2592 dem
1090 2559 1259 2602 privilegio
1284 2560 1381 2603 potiri
1408 2566 1585 2603 nequeant,
1604 2561 1675 2599 sed,
1694 2561 1725 2592 in

992 2613 1105 2645 eadem
1133 2612 1215 2645 Urbe
1237 2613 1276 2646 de
1301 2614 1508 2656 superiorum
1535 2624 1667 2646 suorum
1693 2614 1726 2645 li-

990 2665 1094 2699 centia
1115 2675 1309 2708 permanere
1331 2667 1483 2707 volentes,
1502 2666 1724 2708 conventibus,
