2170 3147
217 188 264 212 An.
281 187 310 212 c.
331 186 395 212 1727
443 176 506 209 58ss

250 1578 371 1599 clausulae.

989 185 1171 208 numanum

412 234 554 267 iustitiae
581 234 611 266 in
639 245 697 266 nos
732 239 762 266 et
793 234 911 266 dictam
937 234 1054 266 Sedem
1082 233 1155 265 fidei

413 292 445 319 et
477 286 657 320 devotionis
694 287 824 330 aliaque
858 286 1054 330 multiplicia
1090 296 1157 318 me-

413 340 472 372 rita
497 345 654 383 paternae
680 339 858 382 dirigentes
887 338 1157 372 considerationis

413 393 575 431 intuitum⁷
596 402 774 435 eorumque
795 392 945 424 virtutem
972 392 1081 435 aliqua
1099 391 1159 424 lio-

414 445 503 478 noris
543 444 754 488 prerogativa
797 445 1016 477 condecorare
1050 444 1159 477 volen-

414 505 487 538 tes,
515 503 546 531 et
580 508 691 530 eorum
728 497 912 539 singulares
950 508 1108 541 personas
1143 508 1160 530 a

413 551 579 595 quibusvis
617 551 985 591 excommunicationis,
1022 562 1160 594 suspen-

415 605 517 637 sionis
535 610 566 637 et
583 604 760 644 interdicti,
779 604 914 648 aliisque
933 603 1159 637 ecclesiasticis

414 657 596 696 sententiis,
614 657 762 690 censuris
783 662 815 690 et
839 657 965 700 poenis,
985 667 1001 689 a
1020 657 1089 689 iure
1109 657 1158 689 vel

415 712 454 743 ab
482 711 624 751 homine,
651 711 764 754 quavis
790 711 963 743 occasione
989 711 1039 743 vel
1065 712 1159 742 causa

415 764 497 805 latis,
518 764 541 797 si
561 764 679 808 quibus
705 764 956 808 quomodolibet
983 763 1159 796 innodatae

415 818 567 858 existunt,
587 818 626 851 ad
653 817 799 851 effectum
818 817 1040 860 praesentium
1068 818 1160 849 dum-

418 877 498 905 taxat
515 871 799 914 consequendum,
817 871 932 903 barum
947 871 1031 904 serie
1054 870 1160 903 absol-

415 931 530 959 ventes
546 931 576 958 et
591 926 759 958 absolutas
780 926 849 957 sore
865 929 1054 965 censenteS,
1072 929 1158 957 motu

416 980 572 1024 proprio,
599 990 634 1012 ac
662 990 697 1012 ex
724 981 810 1011 certa
836 978 972 1011 scientia
995 977 1044 1011 et¹
1072 980 1160 1011 mera

417 1033 657 1066 deliberatione
677 1032 809 1071 nostris,
830 1032 935 1075 deque
963 1032 1160 1075 apostolicae

417 1086 591 1130 potestatis
627 1084 854 1129 plenitudine,
893 1085 1013 1118 eisdem
1051 1085 1160 1127 signa-

419 1146 509 1173 turae
540 1139 683 1172 iustitiae
709 1138 908 1178 votantibus,
935 1139 1161 1181 praesentibus

419 1199 449 1228 et
475 1194 602 1233 suturis,
624 1198 655 1225 ut
681 1192 742 1236 ipsi
770 1202 883 1225 omnes
909 1198 940 1224 et
965 1192 1085 1234 singuli
1106 1203 1160 1235 ga-

418 1247 476 1280 leri
517 1246 769 1287 redimiculum,
810 1245 945 1278 corclone
985 1245 1163 1288 vulgariter

419 1306 660 1344 nuncupatum,
685 1298 805 1332 coloris
823 1298 957 1331 violacei
976 1298 1007 1330 in
1029 1299 1163 1342 quibus-

419 1356 465 1387 vis
493 1353 715 1386 functionibus
748 1358 780 1385 ct
813 1352 939 1385 actibus
965 1352 1102 1396 publicis
1128 1364 1163 1385 ac

420 1408 553 1451 privatis
573 1407 694 1450 ubique
714 1406 843 1439 deferre
862 1412 893 1439 et
911 1412 1036 1448 gestare
1061 1406 1162 1439 libere

422 1467 452 1493 et
471 1460 559 1494 licite
579 1460 706 1503 possint
724 1464 754 1491 et
773 1460 916 1499 valeant,
938 1464 1052 1492 tenore
1071 1470 1165 1502 prae-

423 1514 562 1547 sentium
589 1513 800 1547 concedimus
822 1518 853 1546 ct
872 1514 1091 1556 indulgemus.

466 1569 480 1611 g
506 1568 537 1601 9.
566 1568 800 1607 Decernentes,
826 1567 957 1600 easdem
975 1573 1164 1610 praesentes

422 1622 549 1654 litteras
582 1631 710 1663 semper
736 1619 865 1659 firmas,
896 1620 1018 1652 validas
1044 1625 1074 1653 ct
1100 1620 1166 1652 esti-

420 1685 513 1707 caces
531 1673 665 1706 existere
686 1679 717 1706 et
737 1673 814 1712 sore,
837 1683 982 1715 suosque
1000 1673 1166 1716 plenarios

419 1733 450 1760 et
478 1727 622 1770 integros
645 1726 776 1759 ctl'cctus
802 1726 911 1759 sortiri
938 1731 970 1759 et
998 1726 1164 1767 obtinere,

420 1793 456 1813 ac
479 1781 553 1820 illis,
572 1781 610 1813 ad
630 1791 711 1823 quos
731 1785 857 1823 spectat
882 1786 913 1813 et
939 1791 996 1823 pro
1020 1785 1165 1824 tempore,
1186 1800 1188 1810 .

420 1834 595 1876 spectabit,
623 1834 653 1866 in
674 1833 824 1866 omnibus
841 1839 872 1866 et
889 1844 948 1877 per
967 1833 1075 1866 onmia
1096 1835 1165 1877 ple-

421 1887 553 1920 nissime
577 1886 767 1930 suflragari,
790 1887 899 1930 sicque
922 1887 953 1920 in
978 1888 1166 1930 praemissis

420 1952 478 1983 per
504 1951 731 1984 quoscumque
765 1939 890 1973 iudices
921 1939 1108 1973 ordinarios
1136 1945 1168 1973 et

422 1994 588 2036 delegatos
614 1993 710 2026 etiam
744 2004 913 2026 causarum
948 1994 1060 2037 palatii
1090 2005 1167 2037 apo-

422 2047 530 2081 stolici
554 2047 720 2080 auditores
746 2058 782 2080 ac
807 2047 838 2080 S.
866 2047 902 2080 R.
926 2047 960 2080 E.
982 2047 1166 2081 cardinales

422 2101 519 2134 etiam
535 2102 691 2134 delatore
711 2101 849 2144 legatos,
863 2100 982 2134 etalios
1000 2102 1168 2145 quoslibet

423 2165 625 2198 quacumque
654 2154 914 2197 praeeminentia
947 2159 977 2186 et
1006 2160 1167 2198 potestate

424 2208 594 2250 fungentes
610 2213 641 2240 et
658 2208 841 2248 suncturos‚
861 2207 988 2240 sublata
1003 2207 1049 2240 cis
1069 2214 1099 2240 ct
1115 2219 1168 2240 eo-

424 2269 492 2290 rum
510 2258 642 2291 cuilibet
657 2258 768 2302 quavis
785 2259 880 2291 aliter
898 2259 1064 2291 iudicandi
1081 2265 1111 2292 ct
1124 2259 1168 2291 in-

424 2311 627 2354 terpretandi
655 2311 804 2344 facultate
831 2317 862 2344 et
886 2312 1093 2352 auctoritate,
1121 2312 1167 2344 iu-

425 2363 523 2396 dicari
551 2370 581 2396 ct
607 2364 736 2397 definiri
764 2365 905 2406 debere,
932 2376 967 2398 ac
988 2365 1117 2398 irritum
1137 2372 1168 2398 et

425 2416 531 2455 inane,
559 2417 583 2448 si
611 2427 704 2449 secus
742 2428 842 2461 super
867 2418 918 2451 his
943 2430 960 2451 a
985 2429 1165 2462 quoquam,

425 2468 535 2511 ‹piavis
561 2470 776 2511 auctoritate,
812 2471 954 2504 scienter
989 2473 1037 2505 vel
1074 2472 1168 2515 igno-

425 2527 539 2554 ranter
564 2522 738 2565 contigerit
763 2524 927 2557 attentari.

462 2587 471 2610 1
496 2582 634 2610 Coniunct.
658 2587 683 2612 el
704 2592 752 2611 nos
773 2585 897 2614 addimus
920 2590 956 2621 (n.
975 2587 1024 2622 T.).

1198 184 1355 207 ROMANUM

1244 232 1258 275 ξ
1282 232 1313 265 3.
1335 232 1403 265 Non
1426 232 1634 266 obstantibus
1654 232 1943 266 constitutionibus

1201 290 1232 318 et
1257 285 1518 319 ordinationibus
1535 286 1734 330 apostolicis,
1761 286 1943 330 ceterisque

1202 338 1371 372 contrariis
1397 339 1667 383 quibuscumque.

1246 392 1358 424 Datum
1384 392 1518 433 nomae,
1544 392 1627 436 apud
1646 392 1677 425 S.
1706 392 1853 432 Petrum,
1884 393 1943 425 sub

1202 446 1324 478 annulo
1341 445 1590 485 Piscatm·is‚die
1608 455 1650 478 vn
1668 445 1736 478 iulii
1757 455 1942 485 unccxxvn‚

1201 499 1411 543 pontificatus
1433 499 1533 532 nostri
1560 510 1646 532 anno
1673 509 1715 532 1v.

1951 187 2004 212 An.
2021 187 2048 214 C.
2065 189 2130 218 1727

2022 249 2131 276 lierngatio

1954 276 2112 300 contrariorum.

1238 561 1296 587 Dat.
1324 560 1367 587 die
1393 561 1422 587 ¹2
1444 560 1501 587 iulii
1529 560 1605 592 1727,
1628 560 1727 595 pontis.
1750 569 1824 588 anno
1845 568 1882 588 lv.

1518 703 1631 736 CXCII.

1204 785 1425 826 Confirmnlur
1450 783 1612 816 decretum
1632 784 1795 826 yeneralis
1815 793 1948 816 conven-

1249 845 1299 871 tus
1319 837 1589 881 Congyreyationis
1604 838 1769 870 Missionis
1783 837 1870 870 circa
1882 847 1949 870 mo-

1247 893 1326 925 dam
1365 890 1556 924 dimittendi
1591 901 1610 922 a
1639 890 1727 923 diolci
1766 891 1948 933 Conqreya-

1249 947 1334 978 tione
1365 955 1470 978 mmm
1502 955 1541 977 ex
1576 944 1824 984 assistentibus,
1860 944 1950 977 siin

1248 1000 1379 1043 culpam
1405 997 1531 1031 incidat
1549 997 1570 1030 ¹.

1386 1078 1568 1106 Benedictus
1590 1078 1669 1111 Papa
1690 1078 1766 1110 xm,

1338 1127 1372 1151 ad
1403 1124 1539 1151 futuram
1569 1122 1616 1150 rei
1644 1122 1832 1150 memoriam.

1249 1196 1305 1239 §l
1328 1195 1450 1238 Evpoiii
1478 1194 1573 1227 nobis
1594 1204 1699 1237 nuper
1717 1194 1791 1227 fecit
1809 1194 1948 1228 dilectus
1961 1203 2069 1231 Expositi«)
2084 1203 2139 1226 taen.

1206 1248 1288 1282 tilius
1304 1249 1441 1281 loannes
1453 1248 1588 1286 Bonnet,
1604 1247 1778 1280 modernus
1798 1247 1950 1291 superior

1207 1303 1370 1345 generalis
1396 1300 1666 1343 Congregationis
1691 1300 1867 1340 illissionis,
1887 1306 1949 1334 tam

1207 1366 1264 1388 suo
1283 1366 1379 1399 quani
1400 1354 1493 1387 totius
1513 1354 1658 1386 eiusdem
1682 1354 1951 1397 Congregationis

1208 1408 1360 1446 nomine,
1397 1406 1486 1448 quod
1525 1405 1555 1437 in
1594 1405 1768 1438 novissimo
1804 1405 1950 1448 generali

1208 1465 1383 1499 conventu,
1410 1459 1540 1491 Parisiis
1566 1469 1651 1491 anuo
1689 1468 1848 1492 Muccxxw
1874 1469 1951 1492 con-

1208 1518 1331 1553 vocato,
1348 1513 1432 1545 inter
1447 1511 1548 1545 alios⁹
1563 1512 1683 1545 editum
1706 1512 1766 1544 suit
1787 1512 1951 1555 quoddam

1209 1568 1399 1607 decretum,
1435 1578 1497 1610 quo
1539 1566 1726 1599 declaratur
1769 1565 1882 1599 modus
1921 1571 1951 1598 et

1211 1620 1312 1653 t‘orma
1338 1619 1519 1652 dimittendi
1547 1630 1563 1651 a
1582 1619 1666 1652 dicta
1692 1618 1952 1661 Congregatione

1210 1683 1307 1705 unum
1334 1683 1369 1705 cx
1397 1672 1622 1704 assistentibus
1650 1671 1830 1715 superioris
1856 1681 1953 1714 gene-

1209 1727 1286 1758 ralis
1304 1727 1351 1758 vel
1369 1725 1437 1758 eius
1457 1725 1711 1764 admonitorem,
1731 1725 1755 1757 si
1778 1726 1949 1765 alteruter,

1210 1779 1293 1822 quod
1328 1779 1411 1811 Deus
1443 1783 1585 1817 avertat,
1621 1778 1651 1810 in
1685 1779 1812 1821 culpam
1839 1778 1949 1816 cadat,

1209 1843 1289 1876 quae
1310 1832 1395 1864 iuxta
1414 1831 1663 1865 constitutiones
1683 1831 1952 1874 Congregationis

1210 1885 1435 1918 dimissionem
1461 1890 1642 1925 mereatur,
1671 1884 1792 1918 tenoris
1823 1883 1876 1928 qui
1902 1894 1953 1916 se-

1211 1940 1329 1983 quitur,
1359 1939 1527 1972 videlicet:

1250 2026 1416 2054 Conventus
1440 2024 1572 2054 unanimi
1599 2033 1668 2054 voce
1694 2023 1879 2053 statuendum
1902 2023 1953 2052 du-
2037 2035 2146 2056 namium

1212 2075 1252 2104 xit
1285 2078 1313 2103 et
1346 2073 1460 2110 statuit,
1496 2073 1685 2112 imposterum
1719 2072 1904 2102 assistentem
1940 2063 2104 2100 a¹'‘³⁰‘¹¹⁰¹¹¹¹”·

1210 2122 1440 2159 Congregatione
1473 2131 1529 2151 non
1560 2131 1623 2151 esse
1654 2121 1872 2155 dimittemlum,
1897 2120 1954 2150 nisi

1211 2172 1245 2201 ad
1270 2172 1352 2210 plura
1377 2171 1531 2200 medietate
1547 2171 1685 2208 suffragia
1708 2170 1801 2208 ipsius
1823 2170 1955 2209 superio-

1212 2221 1252 2250 ris
1275 2220 1434 2259 generalis,
1463 2220 1664 2249 assistentium
1698 2224 1725 2249 et
1757 2219 1953 2254 visitatorum,

1211 2269 1260 2308 qui
1280 2273 1347 2298 sunt
1370 2269 1399 2297 in
1423 2268 1551 2306 Europa,
1576 2268 1651 2297 sicut
1674 2277 1726 2306 pro
1749 2268 1811 2296 eius
1833 2276 1957 2306 suspen-

1211 2318 1292 2348 sione
1325 2317 1478 2347 dcsmitum
1513 2317 1606 2347 suerat
1642 2316 1671 2345 in
1708 2320 1854 2346 conventu
1887 2315 1956 2345 anni

1251 2413 1257 2436 t
1279 2411 1314 2437 De
1330 2413 1463 2446 potestate
1475 2409 1645 2445 superiorum
1657 2408 1883 2444 Congregationis
1895 2408 1956 2435 Mis-

1211 2455 1296 2482 sionis
1324 2455 1349 2481 in
1375 2462 1438 2481 suos
1458 2453 1580 2480 subditos
1606 2453 1665 2480 vide
1685 2453 1764 2479 aliam
1785 2453 1867 2479 huius
1885 2453 1954 2479 Pon-

1212 2499 1291 2526 titicis
1311 2499 1355 2526 ed.
1377 2505 1512 2532 muccxxv,
1542 2498 1587 2525 die
1606 2504 1658 2524 xvn
1684 2497 1860 2532 septembris,
1891 2505 1957 2532 pou-

1213 2544 1252 2570 uf.
1275 2549 1303 2570 n.

1247 2589 1262 2614 2
1283 2588 1380 2623 Aptius
1401 2588 1461 2623 lege
1481 2588 1545 2614 alia
1564 2589 1603 2622 (n.
1623 2587 1672 2620 T.).
