2170 3147
555 558 900 650 LECTORI
954 557 1367 642 BENEVOLO

404 792 851 848 EDITORES
900 783 1529 842 TAURINENSES

945 981 985 1023 S.

266 1344 536 1399 Tercentas,
571 1357 663 1389 una
695 1342 874 1397 minus,
905 1338 1143 1387 Benedicti
1169 1337 1259 1384 ΡΡ.
1285 1335 1395 1381 XIII
1431 1331 1735 1380 Constitutio-

206 1438 306 1478 nes,
340 1425 568 1484 quotquot
601 1437 768 1484 nempe
792 1421 932 1467 huius
958 1419 1217 1473 Pontificis,
1253 1416 1421 1478 partim
1454 1415 1500 1460 in
1534 1417 1659 1460 tomo
1690 1426 1737 1458 x1

207 1501 420 1547 editionis
452 1501 795 1548 Mainardianae
822 1517 847 1547 a
871 1516 971 1563 pag.
998 1499 1106 1554 279,
1133 1497 1302 1559 partim
1333 1497 1379 1542 in
1404 1499 1530 1541 tomo
1554 1507 1621 1540 ΧΠ
1657 1508 1740 1555 per

206 1583 374 1637 totum,
409 1585 705 1628 recensuerat
735 1581 788 1627 cl.
824 1580 1147 1643 Cocquelines,
1184 1595 1267 1625 nos
1308 1576 1456 1623 tribus
1489 1576 1564 1621 vix
1603 1590 1737 1620 men-

207 1660 335 1706 sibus
375 1661 630 1708 elaboratas
671 1678 763 1709 uno
803 1662 890 1708 isto
928 1660 1165 1707 volumine
1211 1657 1501 1704 commodius
1550 1654 1740 1701 concin-

205 1740 405 1802 niusque
445 1741 730 1804 collegimus.
771 1742 971 1788 Posthac
1010 1740 1197 1787 nonnisi
1232 1739 1456 1785 ducentae
1489 1740 1533 1782 et
1565 1738 1741 1797 septem

207 1836 348 1882 supra
373 1823 664 1884 septuaginta
689 1822 941 1870 Clementis
965 1821 1053 1868 XII
1077 1820 1237 1867 Bullae
1271 1818 1404 1865 nohis
1432 1816 1634 1863 edendae
1661 1831 1741 1861 su-

208 1905 448 1961 pererunt,
476 1905 525 1948 ut
550 1903 606 1948 ad
634 1903 774 1950 finem
801 1918 992 1965 magnae
1020 1900 1315 1949 Collectionis
1341 1897 1742 1961 Cocquelinianae‚

209 1996 349 2040 quam
374 1981 508 2028 nobis
534 1983 740 2045 primum
767 1983 1080 2031 recudendam
1098 1980 1408 2042 secundisque
1430 1978 1552 2025 curis
1575 1976 1744 2022 nostris

210 2060 525 2108 adornandam
564 2079 979 2126 proposueramus,
1019 2063 1212 2110 feliciter
1250 2060 1596 2123 perveniamus:
1639 2057 1744 2118 qui-

210 2138 298 2186 bus
324 2142 530 2202 profecto
556 2142 881 2206 imprimendis
909 2145 1144 2207 reliquum
1170 2142 1279 2188 anni
1309 2138 1597 2187 decurrentis
1630 2153 1745 2199 qua-

209 2218 455 2267 drimestre
481 2223 589 2269 satis
613 2239 846 2287 superque
871 2226 978 2281 erit,
996 2224 1110 2271 adeo
1128 2228 1179 2269 ut
1195 2221 1479 2269 adamussim
1504 2220 1550 2265 id
1576 2235 1624 2265 re
1650 2217 1748 2279 ipsa

212 2299 568 2362 adimpleamus,
609 2305 734 2366 quod
767 2310 870 2352 ante
912 2310 1003 2352 tres
1030 2320 1175 2351 annos
1212 2303 1259 2348 in
1292 2298 1656 2364 praefatiuncula
1692 2296 1747 2341 ad

212 2383 391 2428 tomum
417 2397 476 2428 xv
501 2383 642 2430 verbo
670 2385 993 2446 promisimus,
1020 2388 1268 2445 antequam
1296 2382 1352 2427 ad
1378 2382 1517 2427 finem
1544 2381 1749 2439 vergeret

212 2473 361 2507 annus
387 2462 644 2525 Reparatae
671 2465 843 2512 Salutis
869 2478 1153 2519 MDCCCLxxl,
1181 2478 1264 2509 nos
1300 2465 1445 2508 totum
1479 2475 1595 2522 opus
1631 2457 1748 2503 Mai-

212 2540 489 2589 nardianum
522 2544 684 2606 viginti
724 2550 924 2607 quatuor
962 2544 1100 2592 tomis
1141 2543 1356 2591 editionis
1399 2544 1583 2588 nostrae
1621 2554 1750 2587 com-

210 2620 499 2682 prehensum
524 2624 729 2676 daturos.
