2139 3142
172 198 220 222 An.
238 197 264 223 e.
294 196 360 223 1729
406 188 470 223 860

194 786 315 806 clausulae.

240 1212 346 1229 'rtrmt'tm

364 246 552 289 nostrisque
578 247 697 280 litteris
723 251 895 280 contentas
918 252 949 280 et
974 256 1106 289 expres-

365 309 426 337 sas,
455 311 533 343 quas
558 301 659 333 salvas
676 306 707 333 et
724 300 830 333 firmas
851 310 921 333 esse
941 300 1103 337 volumus,

365 354 554 386 auctoritate
570 355 750 397 apostolica
764 354 879 386 harum
899 354 983 387 serie
998 353 1106 396 prohi-

364 406 478 438 luemus
511 413 539 439 et
571 407 808 440 interdicimus.
843 407 960 440 Dantes
995 406 1107 440 defini-

365 458 447 490 torio
474 459 618 492 eiusdem
641 459 772 502 capituli
797 460 958 502 generalis
976 460 1105 502 plenam

364 502 398 541 ac
440 511 572 544 liberam
614 512 800 544 facultatem
837 512 1031 545 excludendi
1068 512 1107 544 ab

364 565 522 597 eiusmodi
560 570 635 598 voto
673 566 738 598 sive
775 564 929 608 suffragio
966 565 999 598 in
1036 565 1107 608 ipso

364 618 509 659 capitulo
527 619 670 661 generali
690 619 824 652 serendo
843 623 1005 662 quotquot
1024 619 1107 651 lianc

362 677 508 703 nostram
552 672 813 715 prohibitionem
859 673 1109 715 quomodolibet

362 728 586 766 transgressos
614 725 713 758 fuisse
739 725 950 768 compererit;

399 776 456 818 {3
474 777 516 809 Ac
527 777 755 819 decernentes,
773 778 903 811 easdem
919 783 1108 822 praesentes

362 829 494 869 litteras,
514 840 641 873 semper
667 830 781 871 firmas,
808 832 931 865 validas
952 837 983 864 et
1001 831 1106 864 effica-

362 892 415 913 ces
440 883 579 915 existere
605 889 635 916 et
660 884 740 924 fore,
767 895 911 928 suosque
938 885 1106 928 plenarios

362 940 393 966 et,
426 935 572 978 integros
597 936 732 970 effeetus
758 938 866 971 sortiri
894 944 925 971 et
942 939 1104 979 obtinere,

361 998 396 1019 ac
422 987 476 1020 ab⁴
495 989 575 1028 illis,
594 990 631 1021 ad
659 1001 740 1033 quos
759 996 881 1034 spectat
899 997 930 1024 et
947 1002 1007 1034 pro
1026 997 1106 1024 tein-

362 1051 440 1083 pore
467 1043 740 1086 quandocumque
766 1044 945 1087 spectabit,
970 1045 1106 1078 inviola-

361 1094 471 1127 biliter
502 1096 689 1137 observari,
715 1097 828 1141 sicque
854 1097 886 1130 in
912 1098 1105 1141 praemissis

363 1153 424 1180 etc.
441 1148 452 1164 ⁴³

407 1202 420 1243 ,ξ
441 1201 472 1233 4.
494 1202 563 1235 Non
582 1203 799 1244 obstantibus,
817 1204 1105 1237 constitutionibus

363 1254 550 1297 apostolicis
567 1283 574 1295 ,
602 1266 744 1296 necnon,
773 1263 930 1300 quatenus
950 1268 1029 1300 opus
1047 1257 1103 1297 sit,

363 1307 438 1339 ‹licti
472 1307 623 1348 Ordinis,
652 1309 748 1342 etiam
779 1310 985 1350 iuramento,
1019 1310 1106 1342 ete.⁵¹

405 1357 519 1391 Datum
538 1358 671 1400 Romae,
690 1360 775 1402 apud
798 1359 830 1393 S.
863 1360 992 1393 Petrum
1013 1387 1020 1401 ,
1045 1360 1104 1393 sub

361 1412 481 1443 annulo
518 1411 714 1452 piscatoris,
752 1413 803 1446 die
841 1423 885 1446 xit
922 1414 1104 1447 decembris

359 1474 532 1506 nnccxxix,
560 1465 770 1508 pontificatus
795 1466 902 1499 nostri
923 1477 1011 1500 anno
1040 1477 1081 1500 vi.

397 1526 453 1553 nat.
474 1527 519 1553 die
539 1528 569 1554 1⁶2
585 1527 743 1555 decembris
762 1528 840 1563 1729,
859 1529 962 1564 pontif.
979 1538 1052 1557 anno
1066 1537 1103 1557 vl.

655 1698 804 1732 CCXCIII.

360 1787 580 1821 necho-cauzo·
604 1788 699 1821 nulla
724 1789 828 1822 edicta
853 1789 988 1833 altaque
1015 1794 1103 1832 qesta

401 1851 459 1884 per
483 1842 698 1884 maqistratus
730 1853 787 1876 seu
811 1843 967 1885 officiales
991 1848 1019 1876 el
1044 1844 1104 1875 mi-

405 1895 524 1928 nistros
549 1895 732 1929 saeculares
756 1896 910 1929 adversus
942 1896 1103 1930 decretum

404 1948 600 1981 extensionis
636 1949 669 1982 S.
710 1949 862 1992 Grcgyoriz'
895 1950 1009 1994 Papae
1042 1951 1107 1984 VII

404 2000 446 2033 acl
464 2002 629 2034 une‘versos
649 2002 888 2045 christifideles,
910 2003 968 2047 qui
984 2003 1026 2036 ad
1042 2004 1104 2036 Πο-

403 2065 456 2086 ras
481 2056 653 2088 canonicas
682 2061 831 2089 tenentur
856 2068 875 2090 α
899 2057 955 2091 SS.
990 2057 1031 2090 D.
1058 2057 1099 2090 N.

407 2107 575 2141 Benecticto
600 2108 691 2142 XIII
721 2120 826 2154 nuper
857 2110 1003 2151 editum,
1029 2121 1103 2144 cum

404 2160 539 2193 illorum
564 2163 713 2195 omnium
741 2164 959 2203 revocatione,
1000 2174 1103 2198 cassa-

405 2213 489 2246 tione
513 2218 541 2247 cl
566 2215 776 2250 abolitione&

398 2329 405 2354 l
432 2328 580 2365 Praeposit.
602 2331 637 2357 ab
658 2339 706 2358 nos
726 2331 851 2359 addimus
869 2333 909 2368 (n.
926 2334 976 2368 T.)-

395 2373 410 2398 2
430 2372 463 2399 tlt
482 2382 563 2409 supra
583 2383 643 2409 pag.
667 2376 715 2402 471
737 2384 755 2404 α
775 2377 812 2411 (n.
828 2378 877 2409 Τ.).

394 2416 410 2442 3
432 2416 463 2443 t't
483 2426 565 2453 supra
585 2427 646 2454 pag.
668 2420 715 2446 471
739 2429 756 2447 α
776 2421 817 2455 (n.
837 2422 887 2454 T.)-

394 2461 409 2485 4
430 2461 485 2486 Alia
513 2461 592 2489 liuius
612 2464 751 2491 Pontifieis
778 2469 863 2492 const.
886 2465 929 2493 ed.
950 2473 1099 2500 naccum,

359 2504 401 2529 die
423 2511 445 2529 rt
466 2505 626 2539 decembris,
648 2508 742 2542 pontif.
765 2517 801 2542 vi,
821 2514 963 2537 revocatae
990 2511 1102 2538 fuerunt

359 2552 383 2573 vt
405 2549 556 2576 annullatae
586 2552 720 2584 quaedam
750 2552 935 2581 ordinationes
955 2563 1036 2590 super
1055 2557 1099 2582 eai-

359 2594 419 2618 itum
439 2601 468 2619 re
489 2594 607 2629 episcopi
627 2594 871 2631 Montispessulani.

949 196 1134 223 BULLARIUM
1159 196 1318 222 ROMANUM

1320 247 1505 275 Benedictus
1526 249 1608 283 Papa
1627 249 1716 282 XIII,

1272 291 1309 318 ad
1328 295 1505 325 perpetuam
1525 293 1569 321 rei
1589 293 1773 321 memoriam.

1194 353 1208 396 g
1232 353 1264 386 1.
1285 353 1360 386 Cum
1379 354 1416 386 ad
1436 365 1530 387 aures
1548 360 1676 388 nostras
1694 355 1893 398 pervenerit,
1905 365 2009 387 Noun-1112
2018 367 2086 389 edicta

1432 407 1437 411 .
1759 408 1765 414 .
1905 399 1918 413 a
1929 393 2030 414 ministris
2041 399 2086 414 sae-

1151 408 1327 439 nonnullos
1353 413 1558 450 magistratus
1591 418 1647 441 seu
1682 408 1836 442 officiales
1862 413 2013 442 etaemus
2049 419 2088 452 aq-

1151 459 1317 493 ministros
1342 461 1525 493 saeculares
1552 461 1745 503 quibusdam
1766 447 2088 502 edictis,{‡iliss¹⁵d0{{1ii¹.'.3

1152 513 1311 553 decretis,
1343 514 1654 553 senatusconsultis,
1685 502 2004 558 p==aeceptis,‡ll‚l33.¹³
2037 505 2088 522 ω’

1151 566 1320 606 mandatis,
1347 572 1402 599 aut
1426 567 1456 599 id
1479 578 1589 609 genus,
1608 567 1721 601 aliisve
1740 578 1895 611 quocum-

1152 629 1213 661 que
1239 619 1373 652 nomine
1405 621 1602 663 nuncupatis
1634 620 1894 654 ordinationibus

1151 683 1205 706 seu
1247 673 1493 716 provisionibus
1535 674 1688 706 adversus
1727 674 1895 708 decretum

1152 727 1353 760 extensionis
1377 727 1417 760 ad
1444 727 1613 761 universos
1646 728 1892 766 christifideles.

1152 779 1204 823 qui
1230 780 1267 813 ad
1302 781 1402 813 Horas
1432 781 1607 814 canonicas
1646 786 1823 824 tenentur,
1849 781 1896 814 os-

1151 833 1213 866 ficii
1239 833 1270 866 S.
1299 832 1446 876 Gregorii
1478 834 1583 877 Papae
1609 834 1659 866 vlt
1685 835 1772 877 quod
1803 834 1894 878 prius

1151 896 1187 918 ex
1213 886 1349 918 indultis
1375 886 1478 919 felicis
1497 887 1733 919 recordationis
1750 887 1839 920 Pauli
1858 887 1892 927 V,

1150 939 1324 972 Clementis
1350 940 1383 979 X,
1411 940 1585 973 Alexandri
1612 939 1675 972 Vlil
1697 946 1728 973 et
1747 940 1895 973 Clemen-

1152 991 1190 1024 tis
1217 992 1254 1024 >21
1288 992 1507 1025 Romanorum
1544 992 1735 1025 Pontificum
1760 993 1896 1036 praede-

1150 1055 1317 1078 cessorum
1355 1051 1538 1078 nostrorum
1575 1046 1608 1078 in
1645 1046 1793 1089 pluribus
1828 1046 1893 1080 iam

1151 1098 1322 1132 christiani
1349 1099 1437 1131 orbis
1464 1099 1608 1132 ecclesiis
1637 1100 1755 1143 passim
1781 1100 1895 1133 recita-

1150 1151 1254 1191 batur,
1281 1156 1378 1194 atque
1397 1152 1527 1194 publice
1547 1157 1577 1185 et
1595 1153 1787 1186 solemniter
1810 1154 1894 1186 cele-

1149 1203 1315 1243 brabatur,
1341 1215 1358 1237 a
1383 1205 1478 1237 nobis
1503 1205 1542 1238 ad
1565 1205 1749 1247 augendum
1771 1206 1893 1239 cultum

1148 1256 1182 1289 S.
1208 1256 1380 1298 Pontificis
1405 1261 1435 1290 ec
1459 1258 1671 1300 confessoris,
1700 1258 1753 1301 qui
1784 1258 1815 1291 in
1842 1269 1894 1291 ex-

1150 1309 1310 1352 tirpandis
1338 1310 1521 1351 erroribus,
1556 1311 1774 1344 ecelesiastica
1799 1311 1894 1344 disci-

1148 1362 1236 1405 plina
1270 1362 1473 1396 restituenda
1509 1369 1540 1396 et,
1572 1364 1802 1405 instauranda,
1829 1374 1894 1398 cor·

1149 1415 1319 1459 ruptisque
1343 1416 1490 1449 moribus
1515 1417 1734 1450 reformandis
1759 1422 1892 1451 strenue

1148 1480 1184 1502 ac
1199 1469 1359 1503 indefesse
1376 1470 1552 1505 elaboravit
1566 1471 1740 1505 novissime
1758 1471 1890 1512 editum,

1147 1523 1380 1557 insurrexisse:

1191 1577 1206 1621 ᾗ
1231 1576 1263 1610 32.
1290 1576 1372 1611 Ilinc
1406 1582 1455 1610 est
1480 1579 1565 1622 quod
1598 1589 1678 1620 nos,
1712 1589 1749 1612 ex
1780 1579 2083 1637 debstORssTg‘fflssssa'gffi:

1147 1630 1319 1673 pastoralis
1354 1630 1472 1673 oflicii,
1500 1632 1587 1675 quod
1622 1632 1797 1666 humilitati
1830 1639 1989 1666 n0.ct0rum.

1147 1688 1247 1724 strae,
1266 1684 1391 1717 meritis
1417 1685 1492 1718 lieet
1517 1690 1548 1717 et
1573 1677 1819 1729 viribus'longe
1836 1686 1890 1720 im-

1147 1738 1229 1780 pari,
1249 1738 1412 1771 commisit
1437 1738 1544 1772 divina
1569 1739 1726 1782 dignatio,
1746 1744 1890 1774 nostram

1146 1796 1177 1824 et
1216 1791 1467 1825 eeclesiasticam
1500 1792 1726 1826 auctoritatem
1763 1804 1781 1826 a
1817 1803 1892 1836 per-

1145 1843 1280 1877 niciosis
1314 1845 1499 1878 huiusmodi
1532 1845 1688 1879 laicorum
1717 1846 1889 1879 conatibus

1147 1897 1292 1930 illaesam
1312 1902 1344 1930 ct
1362 1898 1520 1932 illibatam
1548 1899 1630 1932 tueri
1649 1904 1681 1932 et
1697 1909 1890 1934 conservare

1145 1952 1304 1993 volentes,
1321 1963 1450 1986 necnon
1465 1953 1612 1986 omnium
1627 1958 1658 1986 et
1676 1953 1886 1996 singulorum,

1146 2016 1230 2048 quae
1248 2005 1280 2038 in
1298 2006 1485 2049 praemissis
1513 2017 1569 2040 seu
1587 2017 1700 2040 eorum
1717 2007 1889 2041 occasione

1146 2058 1260 2102 quovis
1284 2059 1381 2092 modo
1407 2064 1477 2092 acta
1503 2065 1533 2093 et
1557 2064 1646 2103 gesta
1671 2060 1815 2101 fuerunt,
1840 2071 1890 2094 se-

1146 2111 1235 2153 riem,
1262 2111 1364 2145 aliave
1391 2122 1613 2156 quaecumque
1644 2112 1738 2146 etiam
1764 2113 1890 2157 specifi-

1146 2176 1215 2199 cam
1249 2170 1282 2198 et
1317 2165 1517 2199 individuam
1554 2167 1755 2200 mentionem
1782 2171 1814 2200 et
1838 2177 1890 2200 ex-

1145 2218 1349 2262 pressionem
1365 2219 1578 2262 requirentia,
1588 2219 1814 2262 praesentibus
1828 2230 1888 2263 pro

1145 2272 1242 2315 plene
1269 2277 1301 2305 et
1324 2271 1525 2305 sufficienter
1550 2273 1710 2316 expressis
1730 2278 1761 2307 et
1779 2279 1888 2307 exacte

1145 2324 1338 2369 specificatis
1364 2325 1540 2367 habentes,
1574 2326 1613 2359 de
1646 2327 1890 2370 quamplurium

1145 2378 1380 2412 venerabilium
1403 2379 1538 2412 fratrum
1562 2385 1746 2413 nostrorum
1771 2380 1886 2413 S.R.E.

1144 2432 1359 2465 cardinalium
1392 2432 1546 2473 consilio,
1581 2433 1707 2474 edicta,
1733 2434 1885 2475 decreta,

1144 2487 1435 2527 senatusconsulta,
1460 2491 1654 2530 praecepta,
1680 2487 1831 2520 mandata
1856 2493 1887 2520 et

1144 2539 1273 2582 quasvis
1300 2539 1378 2572 alias
1405 2549 1608 2583 quocumque
1645 2540 1777 2574 nomine
1802 2550 1886 2574 nun-

1142 2598 1275 2635 cupatas
1289 2593 1511 2627 ordinationes
1527 2594 1590 2627 sive
1605 2593 1806 2637 provisiones
1826 2603 1887 2637 per

1902 200 1951 227 An.
1969 199 1998 228 C.
2022 200 2088 230 1729
2118 225 2121 229 Α
