2170 3147
223 169 269 194 An.
289 168 315 195 C.
343 169 409 195 172⁸}

288 599 408 619 Declaralio

224 626 328 645 mutunus
340 626 409 645 novet-

224 653 256 672 lae
276 652 331 677 rugis
348 657 408 677 prae-

224 679 295 698 dictae
312 684 348 697 suu
363 684 411 698 rou-

224 705 348 727 numicius,
363 709 411 725 nee-

224 737 265 751 non
276 737 369 757 quinque
377 737 411 751 ar·

225 758 338 777 mutorum
373 763 410 783 pro

226 784 281 803 lilius
319 790 411 810 exequu-

226 811 283 831 tione
299 810 411 831 editorum.

458 157 520 191 738

417 216 509 248 Sedis
535 216 688 248 nuncium
714 212 1008 246 extraordinarium
1035 212 1161 253 adlega—

418 270 521 301 vimus
541 296 547 305 ,

418 323 504 354 omni
531 322 638 354 studio
665 331 700 353 ac
726 319 824 352 animi
852 318 1066 351 contentione
1104 327 1160 350 no-

418 376 533 407 vellam
561 376 665 416 legem
693 383 749 405 seu
771 371 1040 405 constitutionem
1071 380 1163 414 prae-

419 429 536 461 dictam
563 426 724 470 antiquari
752 431 782 458 et
807 424 984 467 abrogari,
1012 424 1162 467 hancque

420 493 435 513 a
463 481 556 513 nobis
582 479 766 513 molestiam
794 484 824 511 ct
850 489 867 510 a
892 477 1022 510 nomine
1036 477 1162 509 Polono

421 535 527 567 labem
560 534 730 576 depellere
755 536 896 564 curaret.

465 588 479 630 ξ
505 587 538 620 2.
564 587 641 620 Cum
679 591 807 623 autem,
832 584 913 616 sicut
939 593 1045 626 nuper
1070 593 1163 615 acce-

424 641 552 684 pimus,
589 639 695 682 pravis
732 638 862 671 illorum
899 635 1162 679 praevalentibus

422 693 570 726 consiliis
589 693 642 735 qui
663 693 701 725 ad
721 691 853 723 tutelam
880 696 911 723 et
936 688 1164 732 amplificatio-

424 758 497 779 nem
523 746 698 778 saecularis
724 744 892 788 potestatis
917 742 1087 786 pertinere
1115 751 1164 773 ar-

422 800 586 832 bitrantur
629 798 886 831 ecclesiasticam
932 795 1160 828 auctoritatem

422 853 528 886 modis
555 851 706 885 omnibus
732 850 909 894 impetere,
936 857 1162 892 quaecumque

422 917 482 939 nos
511 906 570 938 hac
595 905 626 937 in
654 915 701 945 re,
723 903 882 936 charitate
907 901 1076 940 suadente,
1104 901 1163 932 hu-

423 969 546 1002 cusque
571 958 780 1002 peregimus,
807 955 981 997 dictusque
1007 953 1162 985 Camillus

422 1012 693 1055 archiepiscopus
719 1015 753 1043 et
778 1008 915 1042 nuncius
933 1008 1024 1040 iussu
1050 1012 1163 1039 nostro

422 1067 538 1099 scdulo
552 1064 722 1109 praestitit,
738 1063 904 1107 parandae
918 1066 1047 1104 optatae
1064 1060 1163 1103 quieti

422 1120 505 1152 adeo
531 1129 597 1151 non
623 1118 822 1161 prosuerunt
838 1143 845 1156 ,
869 1120 902 1147 ut
919 1141 926 1154 ,
951 1114 991 1146 iis
1029 1113 1163 1156 penitus

424 1173 593 1215 neglectis,
619 1168 836 1215 perpetuam¹
863 1179 899 1201 ac
926 1178 985 1211 per
1010 1166 1165 1199 intolera-

423 1226 523 1258 bilem
561 1225 713 1257 iniuriam
743 1229 890 1255 actorum
914 1220 1065 1254 rescissio
1093 1220 1165 1252 hac-

426 1285 517 1311 tenus
544 1277 648 1310 teneri
675 1275 874 1320 nequiverit:
903 1274 979 1307 hinc
1005 1278 1051 1305 est
1078 1272 1163 1315 quod

424 1343 504 1372 nos,
531 1342 571 1364 ne
597 1332 629 1364 in
657 1337 719 1363 tam
746 1330 859 1373 aperta
885 1328 1087 1371 apostolicae
1114 1336 1166 1358 au-

424 1385 584 1419 ctoritatis
609 1390 706 1428 atque
732 1382 954 1416 eclesiasticae
978 1379 1165 1413 immunita-

426 1439 465 1472 tis
489 1437 734 1482 oppugnatione
768 1442 956 1479 torpescere
984 1433 1166 1471 videamur,

426 1492 551 1525 tametsi
578 1491 698 1524 notorii
725 1495 758 1523 et
792 1488 951 1532 explorati
988 1487 1065 1519 iuris
1102 1487 1165 1525 sit,

426 1558 463 1580 ea
489 1545 617 1586 omnia,
645 1554 726 1588 quae
749 1544 781 1576 in
807 1541 1045 1587 praeiudicium
1073 1540 1165 1573 Sedis

427 1599 632 1643 Apostolicae
659 1608 694 1630 ac
719 1596 885 1630 Ecclesiae
912 1604 1091 1637 eorumque
1122 1593 1167 1625 iu-

428 1653 509 1685 rium
535 1651 646 1695 quovis
671 1650 770 1683 modo
799 1653 1022 1687 attentantur,
1047 1646 1167 1679 nullius

426 1716 563 1750 prorsus
589 1703 716 1737 roboris
738 1713 808 1736 esse
827 1707 859 1735 et
876 1700 1054 1739 momenti,
1074 1701 1167 1743 quin-

427 1760 491 1792 imo
527 1758 630 1791 t'elicis
663 1755 900 1789 recordationis
928 1754 1078 1787 Urbanus
1112 1753 1168 1785 Pa-

427 1824 468 1856 pa
484 1812 547 1845 Vlll
567 1811 804 1855 praedecessor
824 1813 937 1841 noster
955 1808 1058 1839 dictae
1076 1806 1168 1839 Sedis

429 1866 660 1908 Romanaeque
686 1868 717 1896 et
741 1862 877 1895 aliarum
901 1860 1092 1893 inferiorum
1123 1869 1169 1891 ec-

429 1919 602 1953 clesiarum
630 1927 665 1950 ac
694 1925 910 1960 personarum
940 1913 1170 1947 ecclesiastica-

429 1984 497 2005 rum
517 1973 585 2004 iura
602 1980 826 2015 quaecumque
845 1979 862 2001 a
880 1966 1169 2012 praeiudicialibus

429 2025 615 2058 huiusmodi
656 2034 715 2068 per
755 2022 928 2066 quamdam
969 2030 1059 2053 suam
1096 2029 1171 2052 con-

429 2078 632 2112 stitutionem
667 2077 719 2109 die
744 2086 763 2110 v
788 2075 867 2108 iunii
893 2083 1013 2108 innexu
1050 2073 1169 2106 editam

431 2131 630 2175 amplissime
652 2128 932 2173 praeservavcrit3
953 2137 1039 2160 nunc
1063 2133 1170 2160 tamen

430 2184 591 2217 Ecclesiae
629 2189 659 2216 et
692 2183 795 2227 ipsius
832 2182 923 2215 Sedis
962 2180 1170 2224 Apostolicae

432 2238 549 2270 iurium
589 2236 795 2270 indemnitati
824 2236 1028 2280 peramplius
1065 2235 1172 2279 provi-

433 2291 509 2323 dere
548 2291 714 2331 volentes,
741 2300 778 2322 ac
813 2290 957 2322 omnium
995 2294 1026 2321 et.
1062 2289 1173 2332 singu-

433 2344 557 2382 lorum,
583 2353 667 2386 quae
699 2342 730 2374 in
762 2342 951 2386 praemissis
977 2352 1034 2375 seu
1061 2352 1174 2375 eorum

433 2396 601 2429 occasione
627 2396 740 2439 quovis
765 2396 863 2428 modo
890 2396 1043 2436 decreta,
1070 2396 1172 2436 iussa,

435 2449 581 2482 ordinata
596 2476 603 2489 ,
629 2454 698 2481 acta
723 2454 754 2482 et
779 2455 869 2492 gesta
889 2450 1029 2488 suerunt,
1046 2450 1172 2488 seriem,

435 2510 547 2533 causas
574 2505 606 2533 et
630 2501 907 2542 circumstantias,
934 2502 1030 2535 etiam
1062 2512 1175 2545 aggra-

472 2564 480 2589 1
505 2562 614 2589 Videtur
634 2563 781 2597 legendum
799 2566 1033 2598 perpetratorum
1053 2565 1093 2599 (n.
1111 2565 1160 2599 τ.).

1005 164 1102 187 ΠΓΗΛ
1109 164 1184 187 [timi
1209 163 1364 189 ttmtANttrtt

1206 217 1336 251 VsssstOS,
1361 223 1396 245 n'lC
1422 222 1637 255 pssl‘ssOl‘lssl'Um
1664 223 1945 257 qtlsst'limsttimqlie

586 268 613 300 ei
640 267 827 311 specialiter
861 265 1090 307 iniungendo,
1128 268 1162 296 ut
1207 265 1239 297 in
1265 265 1388 298 eisdem
1405 265 1597 309 praemissis
1616 267 1865 310 quomodolibet
1880 268 1947 300 cul-

1206 318 1363 362 pabilium
1390 319 1563 362 qualitates
1578 346 1585 359 ,
1611 319 1798 362 dignitates,
1816 320 1949 353 nomina

1206 377 1237 405 et
1254 372 1460 414 cognomina,
1479 372 1581 405 aliave
1597 383 1836 416 quaecumque,
1851 372 1947 406 etiam

1206 423 1389 468 specificam
1415 431 1447 458 et
1472 425 1672 458 individuam
1698 425 1898 458 mentionem
1916 429 1950 459 et

1207 477 1452 521 expressionem
1478 477 1694 521 requirentia,
1720 477 1950 521 praesentibus

1209 540 1266 572 pro
1283 531 1382 574 plene
1393 535 1425 562 et
1438 530 1639 563 sufficienter
1653 530 1814 573 expressis
1829 535 1861 563 et
1881 541 1950 563 exa-

1208 589 1257 616 cte
1275 582 1470 626 specisicatis
1494 583 1665 623 habentes,
1687 588 1776 616 motu
1798 583 1946 626 proprio,

1208 646 1244 668 ac
1261 637 1348 668 certa
1367 635 1504 668 scientia
1518 641 1551 668 et
1567 637 1690 668 matura
1710 635 1950 668 deliberatione

1207 688 1337 728 nostris,
1359 689 1464 732 deque
1479 689 1678 731 apostolicae
1699 688 1870 731 potcstatis
1883 689 1951 731 ple-

1207 741 1368 781 nitudine,
1380 742 1543 774 novellam
1556 742 1660 784 legem
1673 741 1738 774 sive
1751 740 1951 774 constitutio-

1208 806 1281 828 nem
1303 800 1334 828 et
1355 794 1503 838 quinque
1521 794 1676 828 articulos
1697 794 1821 838 yradus
1839 803 1951 827 execu-

1209 849 1308 881 tionis
1323 853 1541 892 nuncupatos,
1555 859 1591 882 ac
1610 859 1835 892 quaecumque
1853 848 1886 881 in
1905 847 1951 881 eis

1208 908 1374 943 contenta,
1389 913 1518 936 necnon
1534 903 1596 936 alia
1610 903 1776 946 quaelibet
1800 902 1833 935 in
1858 911 1952 945 prae-

1208 956 1329 997 missis,
1355 966 1413 989 seu
1439 966 1551 989 eorum
1578 955 1770 995 occasione,
1797 955 1828 988 in
1855 954 1951 987 dietis

1208 1008 1346 1042 comitiis
1359 1007 1650 1041 Groduenensibus
1662 1008 1695 1041 in
1714 1006 1952 1051 praeiudicium

1209 1061 1370 1095 libertatis
1389 1088 1396 1101 ‚
1421 1061 1634 1094 immunitatis
1662 1066 1694 1094 et
1719 1059 1951 1093 iurisdictionis

1209 1115 1454 1148 ecclesiasticae
1494 1119 1592 1157 atque
1633 1113 1836 1147 auctoritatis
1877 1123 1954 1156 apo-

1209 1169 1346 1201 stolicae
1373 1168 1558 1211 respective
1584 1167 1700 1211 quovis
1730 1167 1827 1200 modo
1864 1176 1954 1199 ema-

1210 1227 1284 1254 nata
1302 1249 1309 1262 ,
1337 1221 1443 1262 edita,
1471 1226 1552 1261 acta,
1578 1227 1668 1263 gesta
1695 1227 1726 1253 et
1749 1225 1953 1264 perpetrata,

1210 1285 1282 1308 cum
1308 1274 1460 1307 omnibus
1487 1277 1519 1307 et
1543 1273 1681 1317 singulis
1705 1273 1782 1306 inde
1806 1272 1926 1306 secutis
1942 1298 1950 1313 ,

1210 1334 1242 1361 et
1266 1328 1372 1362 forsan
1399 1328 1675 1371 quandocumque
1700 1326 1871 1367 secuturis,
1897 1336 1954 1369 pe-

1210 1381 1297 1415 nitus
1323 1387 1356 1415 et
1379 1380 1514 1414 omnino
1539 1381 1651 1421 nulla,
1676 1380 1776 1421 irrita,
1801 1378 1953 1419 invalida,

1211 1435 1347 1475 iniusta,
1374 1435 1537 1475 damnata,
1563 1433 1757 1478 reprobata,
1782 1432 1904 1473 inania,
1923 1436 1956 1465 et

1211 1501 1227 1522 a
1252 1499 1318 1522 non
1345 1489 1488 1522 habente
1509 1493 1704 1532 potestatem
1723 1485 1956 1520 damnabiliter

1211 1548 1381 1584 attentata,
1404 1548 1436 1576 et
1460 1543 1498 1575 de
1527 1542 1609 1575 sacto
1634 1545 1856 1585 praesumpta,
1882 1540 1956 1572 nul-

1211 1596 1274 1628 lius
1300 1597 1398 1640 plane
1424 1595 1552 1628 roboris
1578 1601 1609 1628 et
1632 1594 1789 1627 momenti
1815 1593 1864 1626 vel
1891 1592 1956 1626 effi-

1211 1649 1318 1682 caciae
1342 1659 1414 1682 esse
1441 1655 1473 1682 et
1498 1649 1538 1682 ab
1564 1648 1656 1681 initio
1683 1648 1794 1688 tuisse,
1821 1657 1857 1680 ac
1881 1657 1956 1690 per-

1212 1708 1310 1746 petuo
1347 1703 1415 1736 sore
1432 1730 1439 1743 ,
1478 1703 1711 1745 neminemque
1748 1701 1787 1734 ad
1825 1701 1955 1734 illorum

1212 1756 1450 1789 observantiam
1477 1755 1591 1794 teneri,
1618 1756 1682 1788 imo
1709 1765 1769 1788 nec
1786 1765 1823 1787 ea
1840 1764 1856 1786 a
1878 1764 1953 1797 quo-

1212 1810 1299 1853 piam
1326 1809 1491 1842 observari
1518 1819 1614 1852 posse
1641 1809 1688 1840 vel
1715 1807 1869 1851 potuisse,
1895 1818 1956 1841 nec

1213 1873 1249 1896 ex
1276 1862 1341 1895 iltis
1367 1863 1518 1906 cuiquam
1540 1862 1673 1905 aliquod
1693 1862 1756 1901 ius,
1780 1862 1829 1895 vel
1855 1862 1957 1895 actio·

1212 1927 1287 1949 nem
1306 1943 1313 1956 ‚
1338 1922 1391 1949 aut
1417 1916 1544 1948 titulum
1571 1915 1667 1948 etiam
1693 1916 1882 1955 coloratum,
1902 1919 1958 1948 aut

1213 1969 1403 2013 possidendi
1445 1979 1501 2002 seu
1543 1968 1634 2012 quasi
1676 1968 1866 2012 possidendi
1905 1968 1956 2001 vel

1214 2021 1456 2066 praescribendi
1483 2032 1612 2055 causam
1629 2021 1820 2065 acquisitam
1838 2022 1888 2055 vel
1906 2032 1958 2055 ac-

1215 2076 1367 2120 quisitum
1393 2076 1488 2109 fuisse
1501 2077 1550 2109 vel
1565 2086 1646 2116 esse,
1666 2081 1719 2108 aut
1736 2075 1958 2119 quandocum-

1215 2140 1278 2174 que
1304 2129 1428 2173 acquiri
1454 2129 1502 2162 vel
1521 2133 1707 2172 competere
1723 2139 1832 2171 posse,
1849 2138 1958 2173 neque

1216 2183 1270 2216 illa
1295 2183 1397 2216 ullum
1416 2187 1533 2215 statum
1553 2182 1659 2214 facere
1680 2181 1728 2214 vel
1744 2181 1867 2222 secisse,
1886 2181 1956 2223 sed,

1216 2236 1354 2279 perinde
1373 2246 1409 2269 ac
1427 2235 1452 2268 si
1471 2244 1636 2278 nunquam
1655 2239 1862 2267 emanassent
1886 2232 1958 2267 aut¹

1217 2290 1300 2323 facta
1319 2289 1465 2328 fuissent,
1482 2298 1542 2332 pro
1559 2298 1624 2320 non
1643 2287 1825 2321 extantibus
1845 2293 1876 2320 et
1892 2298 1958 2321 non

1217 2343 1308 2376 sactis
1325 2347 1486 2386 perpetuo
1505 2341 1616 2374 itidem
1637 2340 1747 2374 haberi
1767 2341 1898 2381 debere,
1914 2347 1959 2374 te-

1217 2406 1296 2430 nore
1318 2394 1536 2439 praesentium
1555 2394 1768 2427 declaramus.
1788 2394 1824 2427 Et
1842 2394 1960 2428 nihilo-

1217 2450 1324 2482 minus
1363 2448 1401 2481 ad
1441 2447 1598 2480 maiorem
1631 2452 1663 2479 ct
1688 2446 1959 2480 abundantiorem

1217 2504 1378 2536 cautelam
1397 2528 1405 2542 ,
1433 2507 1464 2534 ct
1494 2505 1655 2544 quatenus
1691 2510 1773 2543 opus
1806 2500 1870 2540 sit,
1902 2500 1959 2533 illa

1253 2565 1264 2591 1
1288 2563 1454 2591 Particulam
1474 2565 1525 2590 aut
1546 2570 1594 2589 nos
1614 2561 1740 2589 addimus
1758 2563 1798 2598 (a.
1815 2561 1866 2596 τ.).

1950 166 2000 193 Au.
2018 167 2045 194 C.
2071 170 2138 198 1728
