2170 3147
771 229 965 253 υελιεῡιιῖτιέ
993 229 1046 253 ‚xn1
1071 229 1119 253 rr.
1600 217 1636 250 71

168 282 297 324 riasqne
324 279 445 313 eisdem
471 279 701 317 cardinalibus,
727 289 761 310 ae
792 289 903 310 eorum

168 341 199 367 et
220 334 376 366 diCtornm
399 334 618 376 praelatorum
639 330 901 373 Congu-effluant,

1688 230 1735 252 An.
1759 226 1786 249 (ἶΔ
1808 225 1876 250 1724

948 288 1003 309 cae
1030 277 1201 320 potestatis
1238 276 1448 319 plcnittu‘luw,
1475 280 1685 308 memoratam
1748 287 1880 305 mmm

1699 316 1823 333 u-natwur-
1836 312 1881 332 iuti-

947 330 1161 362 visitationem
1188 330 1370 361 continnsui
1397 337 1428 362 et.
1453 328 1591 366 absolvi,
1618 338 1774 360 cau-maur.

0 244 26 262 n.
43 236 72 262 C.
93 234 161 261 1724

24 1872 91 1892 Causa
107 1877 166 1896 prae·

0 1902 50 1918 entis
66 1899 166 1918 cunstitu-

3 1930 56 1946 onis.

169 398 294 421 necnon
321 387 514 419 officialibus
540 391 572 418 et
596 385 752 417 ministris
779 384 903 427 praedi-

168 441 226 473 ctis
242 440 420 478 facultates,
434 436 712 481 praeeminentias
730 441 759 468 et
779 436 904 468 indulta

168 491 367 526 concesserit
384 497 415 524 et
431 490 612 534 impartitus
640 489 744 528 suerit,
765 494 795 520 et
812 489 903 527 alias,

168 551 265 588 prout
283 545 313 577 in
336 544 472 577 diversis
497 543 596 586 ipsius
612 541 792 574 innocentii
812 551 904 584 prae-

170 598 351 632 decessoris
369 597 486 630 litteris
513 597 653 639 desuper
671 595 703 627 in
721 594 814 627 simili
843 595 903 626 sor-

168 654 219 684 ma
250 650 358 683 Brevis
395 649 577 692 expeditis,
602 658 737 691 quarum
776 652 904 678 tenores

169 703 396 748 praesentibus
428 713 487 745 pro
523 702 619 745 plene
653 706 684 733 et
708 697 927 732 sufficienter'

171 756 334 800 expressis
367 765 402 787 ac
434 755 473 787 de
510 755 608 787 verbo
633 753 672 786 ad
698 753 832 785 verbnm
859 752 905 784 in-

171 809 265 842 sertis
301 808 414 841 haberi
440 808 608 845 volumus,
634 805 768 838 uberius
794 804 902 837 conti-

169 868 280 902 netur,
307 867 362 901 et,
387 861 471 894 sicut
504 860 709 902 accepimns,
737 857 904 890 memorati

170 914 302 957 quidem
328 913 509 946 cardinales
529 912 720 951 visitatores,
747 912 808 943 una
835 920 904 942 cum

170 967 322 1011 praelatis
346 965 600 1004 coadiutoribus,
623 964 717 997 etiam
744 964 815 1007 piae
840 974 906 995 me-

171 1020 292 1054 morisse
317 1019 489 1053 Clementis
514 1018 552 1051 xl
578 1029 614 1050 ae
639 1017 819 1050 iunocentii
842 1016 905 1048 XIII
926 1008 929 1019 λ

184 1075 391 1107 {omanorum
411 1071 600 1104 Pontificum
619 1071 905 1114 praedccessorum

172 1127 295 1170 pariter
324 1130 510 1158 nostrorum
549 1124 661 1163 iussu,
688 1123 905 1155 visitationem

173 1178 356 1212 huiusmodi
390 1183 451 1209 tam
478 1176 509 1208 in
535 1176 656 1209 eisdem
682 1176 908 1218 patriarchali-

173 1232 254 1271 bus,
285 1241 382 1274 quam
407 1230 440 1262 in
472 1229 543 1262 aliis
573 1228 752 1270 collegiatis
785 1233 816 1259 et
843 1228 907 1259 scre

173 1284 324 1316 omnibus
356 1281 601 1326 parochialibus
627 1280 788 1320 ecclesiis,
815 1290 850 1311 ac
877 1279 907 1311 in

174 1337 282 1369 multis
306 1335 508 1368 monasteriis
534 1333 729 1377 regularium
747 1339 810 1365 tam
828 1333 909 1365 viro—

174 1399 246 1421 rum
271 1399 365 1431 quam
390 1387 573 1425 mulierum,
598 1396 725 1418 necnon
753 1385 908 1427 collegiis,

177 1441 409 1484 hospitalibus,
434 1439 756 1472 confraternitatibus
784 1444 814 1470 et
839 1437 909 1470 aliis

176 1494 257 1527 Iocis
281 1494 343 1537 piis
369 1493 472 1525 dictae
491 1492 585 1525 Urbis
610 1497 725 1535 postea
747 1490 909 1534 prosecuti

176 1547 305 1587 suerint,
323 1546 582 1589 salutaribusque
601 1545 730 1578 monitis
752 1550 784 1577 et
800 1545 911 1577 decre-

177 1599 227 1639 tis,
243 1600 298 1632 ubi
314 1609 395 1642 opus
417 1599 521 1638 suerit,
537 1597 752 1640 providerint·‚
771 1595 910 1628 visitatio

177 1657 280 1684 tamen
300 1651 369 1694 ipsa
386 1651 418 1683 in
436 1651 586 1683 omnibus
606 1650 753 1682 ecclesiis
771 1660 807 1681 ae
832 1648 911 1681 locis

176 1709 208 1737 et
232 1704 386 1748 operibus
411 1704 473 1747 piis
502 1703 676 1746 praedictis
702 1703 845 1735 nondum
871 1701 911 1734 sit

176 1763 316 1800 peracta,
333 1757 389 1789 sed
414 1757 513 1789 multa
537 1756 669 1798 negotia
686 1766 755 1788 eam
777 1765 911 1788 concer-

178 1810 286 1843 nentia
310 1810 417 1842 adhuc
442 1809 608 1852 pendeant
632 1808 797 1841 indecisa:

221 1862 278 1906 §2
292 1863 374 1896 Hinc
389 1867 437 1894 est
451 1863 538 1905 quod
555 1872 621 1901 nos,
632 1861 787 1905 pastorali
803 1861 910 1893 studio

178 1915 422 1949 considerantes
437 1920 639 1958 quantopere
653 1915 793 1947 visitatio
804 1913 912 1946 liuius—

179 1969 265 2001 modi
290 1968 378 2000 utilis
399 1973 431 2000 et.
451 1967 639 2001 necessaria
663 1968 702 2000 sit
726 1977 791 1999 non
813 1967 910 1999 modo

179 2022 216 2053 ad
240 2021 401 2053 tollendos
422 2021 558 2061 abusus,
577 2021 632 2053 sed
652 2020 746 2053 etiam
764 2020 802 2052 ad
818 2030 912 2062 prae-

180 2074 356 2106 cavendum
382 2083 423 2106 ne
448 2073 602 2116 deinceps
636 2074 910 2114 introducantur,

180 2131 401 2169 quantumque
426 2126 504 2158 boni
523 2137 559 2159 ex
581 2126 636 2159 illa
654 2127 811 2159 haetenus
837 2137 913 2169 pro—

180 2179 315 2219 venerit,
335 2184 365 2211 et
382 2179 596 2212 benedicente
621 2179 756 2212 Domino
774 2190 913 2222 proven-

182 2238 286 2265 turum
312 2232 368 2272 sit,
386 2232 410 2264 si
436 2232 576 2265 visitatio
607 2233 674 2276 ipsa
704 2233 914 2266 continuetur

180 2291 211 2318 et
235 2286 431 2325 absolvatur,
448 2296 484 2319 ac
509 2286 540 2318 in
559 2287 606 2325 ea,
619 2296 701 2329 quae
716 2286 754 2319 ad
770 2286 824 2319 Dei
847 2288 914 2319 eul-

180 2345 245 2371 tnm
271 2343 302 2372 et
331 2339 466 2381 gloriam
502 2339 750 2382 animarumque
776 2340 912 2372 salutem

179 2398 364 2436 opportuna
391 2398 422 2425 et
458 2393 676 2426 conducibilia
708 2399 803 2434 sunt,
833 2393 914 2426 sieut

178 2447 333 2479 hacteuus
358 2445 477 2478 sactum
505 2451 570 2486 est,
591 2446 620 2478 in
648 2452 810 2488 posterum
836 2457 914 2489 quo-

178 2509 239 2541 qne
261 2498 313 2541 pie
337 2498 583 2542 prudenterque
608 2503 802 2538 statuantur,
823 2504 912 2531 motu

178 2551 336 2594 proprio,
362 2556 394 2584 et
418 2562 453 2584 ex
491 2554 577 2584 certa
610 2551 742 2584 scientia
769 2557 800 2585 et
824 2555 912 2584 mera

179 2603 414 2638 deliberatione
449 2604 589 2645 nostris,
623 2605 726 2648 deque
757 2605 912 2648 apostoli-

948 394 1065 426 sasque
1088 383 1248 415 indecisas
1268 382 1298 414 iu
1317 381 1576 424 Congregatione
1597 391 1688 423 prae-

949 436 1032 468 dicta
1057 435 1251 478 pendentes,
1278 441 1369 477 prout
1396 433 1566 476 actpiitatis
1592 438 1688 475 atque

948 488 1090 520 iustitiae
1116 487 1196 519 ratio
1224 487 1371 525 suaserit,
1390 486 1565 525 terminari,
1584 485 1688 517 risita-

951 541 1053 575 tiones
1078 540 1324 583 particularium
1352 539 1561 572 eeclesiarum
1589 549 1623 571 ae
1642 539 1688 571 lo-

949 604 1059 627 corum
1076 599 1104 626 et
1121 604 1256 636 opernm
1284 592 1411 635 piorum
1439 592 1499 623 iarn
1521 591 1688 623 inchoatas

949 647 1086 687 absolvi,
1106 657 1231 679 necnon
1259 646 1412 678 ecclesias
1434 651 1464 677 et
1490 645 1570 683 loca,
1589 654 1689 686 opera

951 702 1017 743 iia,
1052 706 1113 733 tam
1148 700 1313 742 hucusque
1339 698 1487 737 visitata,
1521 708 1604 740 quac
1631 696 1689 729 ite-

950 760 1049 786 ratam
1075 753 1289 785 visitationem
1325 761 1505 794 exposcere
1536 749 1690 783 videbun-

951 814 1013 847 tur,
1038 818 1132 850 quaui
1160 806 1305 838 nonduin
1328 805 1463 844 visitata,
1483 803 1619 843 visitari,
1642 814 1689 835 ce-

951 868 1083 904 teraque
1115 859 1224 892 onmia
1257 865 1288 891 et
1311 858 1438 900 singula
1474 856 1689 889 visitationem

926 954 928 961 Α
951 912 1137 947 huiusmodi
1160 911 1391 944 concernentia
1418 910 1497 948 fieri,
1519 910 1597 952 geri,
1627 914 1691 941 sta-

952 967 995 999 tui
1015 972 1046 999 et
1066 965 1207 999 ordinari
1235 975 1269 997 ac
1291 963 1472 996 executioni
1499 962 1688 995 demandari

950 1021 1080 1059 debere,
1101 1026 1213 1052 tenore
1240 1017 1462 1060 praesentium
1488 1015 1691 1048 decernimus

952 1081 983 1108 et
1001 1073 1208 1106 mandamus:
1231 1081 1267 1104 ac
1292 1081 1404 1104 omnes
1431 1075 1462 1103 et
1487 1069 1631 1111 singulas
1650 1068 1691 1101 sa-

952 1127 1096 1164 cultates,
1116 1125 1298 1168 privilegia,
1317 1123 1444 1165 gratias,
1470 1121 1692 1164 praeemineo

953 1179 1023 1217 tias,
1048 1177 1288 1221 praerogativas
1314 1181 1344 1207 et
1370 1175 1496 1207 indulta
1521 1184 1693 1216 quaecum-

954 1242 1015 1274 que
1041 1230 1217 1274 praedietis
1234 1228 1454 1261 cardinalibus
1474 1233 1505 1260 et
1528 1226 1691 1270 praelatis,

953 1293 1130 1326 eorumque
1155 1281 1416 1324 Congregationi,
1439 1291 1566 1313 necnon
1590 1279 1691 1312 omni-

953 1339 1013 1370 bus
1039 1341 1068 1370 et
1093 1336 1228 1379 siugulis
1263 1334 1455 1368 officialibus
1481 1339 1511 1366 et
1537 1333 1692 1365 ministris

954 1385 1150 1432 supradietis
1169 1399 1187 1420 a
1211 1387 1397 1420 memoratis
1422 1385 1612 1418 Innocentio
1631 1385 1693 1425 XII,

953 1443 1118 1476 Clemente
1145 1440 1183 1473 XI
1209 1446 1240 1473 et
1264 1439 1453 1472 Innocentio
1471 1438 1536 1471 XIII
1558 1438 1694 1480 praede-

954 1495 1154 1534 cessoribus,
1177 1503 1236 1537 per
1261 1503 1335 1525 suas
1368 1491 1544 1535 respective
1570 1490 1694 1523 litteras

955 1548 1093 1590 desuper
1119 1550 1294 1585 emanatas,
1322 1544 1436 1587 quovis
1461 1544 1558 1576 modo
1586 1554 1696 1586 respe-

954 1601 1033 1633 ctive
1060 1609 1212 1633 concessa
1238 1604 1270 1631 et
1294 1597 1458 1637 attributa,
1484 1607 1544 1640 per
1568 1596 1695 1629 obitum

956 1654 1144 1687 eortnndem
1162 1652 1452 1696 praedecessorum
1479 1649 1610 1682 minime
1628 1659 1694 1682 ees-

955 1717 1041 1739 sasse
1067 1716 1126 1738 nee
1145 1715 1284 1744 cessare,
1302 1704 1357 1737 sed
1382 1703 1411 1735 in
1439 1703 1503 1735 suis
1530 1703 1647 1735 robore
1666 1705 1697 1735 et

956 1760 1105 1792 firmitate
1124 1769 1326 1802 permanere,
1345 1757 1562 1799 omnibusque
1582 1760 1613 1789 et
1634 1755 1697 1788 sin-

954 1813 1039 1857 guliS
1065 1812 1243 1856 praedictis
1269 1811 1448 1854 respective
1474 1810 1582 1842 adbuc
1610 1820 1696 1841 corn-

956 1873 1065 1909 petere
1092 1871 1122 1898 et
1147 1864 1314 1907 suffragari
1332 1864 1466 1903 debere,
1487 1863 1695 1896 decernimus

956 1919 1076 1962 pariter
1101 1924 1132 1951 et
1153 1918 1364 1956 declaramus,
1383 1922 1423 1956 et,
1439 1921 1598 1958 quatenus
1615 1926 1695 1957 opus

955 1971 1009 2011 sit,
1033 1971 1208 2010 facultates,
1235 1969 1416 2013 privilegia,
1434 1968 1562 2010 gratias,
1582 1979 1697 2010 praee-

955 2024 1138 2064 minentiaS,
1157 2022 1403 2067 praerogativas
1429 2027 1460 2054 et
1485 2020 1612 2052 indulta
1638 2020 1697 2052 liu-

956 2076 1095 2109 iusmodi
1111 2076 1233 2109 eisdem
1248 2074 1468 2107 cardinalibus
1483 2079 1512 2106 et
1529 2073 1697 2116 praelatis,

957 2140 1133 2172 eorumque
1160 2127 1421 2170 Congregationi,
1443 2137 1480 2159 ae
1505 2126 1698 2159 officialibus

957 2188 987 2215 ct
1012 2181 1170 2215 ministris
1194 2180 1391 2224 praedictis,
1419 2180 1450 2211 in
1483 2179 1636 2212 omnibns
1667 2183 1699 2212 et

957 2246 1014 2278 per
1039 2235 1146 2268 omnia
1165 2239 1261 2277 prout
1282 2233 1327 2266 eis
1353 2232 1531 2275 respective
1549 2243 1566 2264 a
1587 2243 1700 2275 snpra-

957 2288 1051 2321 dietis
1077 2287 1266 2320 Innocentio
1293 2286 1358 2326 XII,
1385 2285 1551 2319 Clemente
1578 2286 1636 2325 XI,
1663 2297 1699 2318 ae

958 2341 1146 2374 innocentio
1180 2340 1245 2372 XIII
1282 2339 1589 2383 praedecessoribus
1622 2349 1699 2372 con-

957 2404 1047 2426 cessa
1072 2398 1103 2426 et
1129 2393 1285 2426 attributa
1312 2393 1457 2431 suerunt,
1477 2397 1574 2430 motu,
1594 2392 1698 2424 scien-

958 2445 1009 2486 tia,
1035 2446 1273 2479 deliberatione
1299 2451 1330 2478 et
1361 2445 1532 2488 potestatis
1556 2445 1700 2488 plenitu-

957 2500 1031 2532 dine
1050 2499 1191 2542 paribus,
1208 2499 1314 2532 denno
1340 2498 1562 2537 concedimus,
1584 2498 1699 2531 tribui-

956 2563 1025 2585 mus
1050 2558 1082 2585 et
1106 2552 1321 2595 impertimur.

999 2606 1013 2649 ἓ
1038 2605 1066 2639 3.
1095 2606 1322 2645 Decernentes,
1353 2605 1483 2638 easdem
1510 2610 1698 2648 praesentes

1736 2610 1859 2632 Clausulas.
