2170 3147
242 219 292 246 tm.
314 218 332 244 c
369 216 434 244 17028
480 208 544 241 6⁴30}

274 1282 393 1304 Clausulam

286 1495 350 1517 Fides
377 1498 431 1516 nan-

247 1525 384 1548 mniptornni.

439 271 500 298 tam
529 265 750 298 saecularibus
776 275 872 308 quam
894 263 1109 308 regularibus,
1129 263 1181 307 qui

438 319 475 351 ad
505 319 603 351 horas
628 318 799 351 canonicas
827 323 991 358 tenentur,
1017 322 1056 357 et,
1084 328 1184 360 qnan-

439 379 504 405 tum
532 372 570 404 ad
597 372 711 404 missas
738 372 864 411 attinet,
888 372 985 404 etiam
1012 371 1053 404 ob
1080 370 1183 404 onini-

439 426 498 457 hus
524 425 752 457 sacerdotibus
770 425 808 457 ad
828 424 997 464 ecclesias,
1018 424 1049 457 in
1067 424 1184 468 quibus

439 477 555 510 festum
582 483 765 521 peragetur,
784 477 1037 510 confluentibus.
1056 477 1185 510 Praete-

439 541 507 570 rea,
535 530 640 574 primo
667 531 834 563 dumtaxat
852 541 937 564 anno
956 542 973 564 a
991 530 1074 564 datis
1094 530 1184 563 hisce

439 583 567 622 litteris,
586 588 628 623 et,
650 584 754 626 quoad
773 583 887 623 tndias,
907 595 923 616 a
945 584 996 616 die
1022 594 1086 626 quo
1113 594 1185 616 eae-

440 637 513 669 dem
540 637 664 670 litterae
692 637 769 670 illuc
794 637 1004 680 pervenerint
1031 637 1185 671 inchoan-

440 691 490 731 do,
518 690 548 722 in
570 690 717 723 ecclesiis
736 690 876 731 Ordinis,
901 691 1014 734 oppidi
1036 696 1068 723 et
1093 691 1183 732 regni

439 743 592 776 Marochii
619 744 839 786 praefatorum
866 745 1026 777 solemnia
1060 744 1185 777 beatisi-

439 797 576 828 cationis
602 797 749 829 eiusdem
777 798 860 829 servi
888 797 942 829 tici
974 808 1045 829 curn
1080 797 1185 830 officio

440 854 471 881 et
496 850 590 881 missa
617 850 677 881 sub
704 850 764 882 ritu
791 850 911 893 duplici
933 851 1057 890 maiori,
1076 850 1127 883 die
1146 851 1184 882 ab

438 901 617 935 Ordinariis
657 905 835 945 respective
863 903 1059 943 constitutit,
1096 908 1185 946 post-

439 966 535 999 quam
563 962 668 988 tamen
694 957 723 988 in
750 957 883 990 basilica
913 957 1073 1000 Principis
1100 958 1184 1000 Apo-

440 1010 598 1042 stolorum
627 1010 666 1042 de
690 1009 772 1043 Urbe
798 1004 962 1043 celebrata
990 1011 1111 1043 suerint
1138 1021 1186 1043 ea-

440 1061 513 1094 dem
534 1063 706 1103 solemnia,
726 1074 783 1106 pro
799 1074 860 1107 qua
875 1074 907 1096 re
925 1063 1010 1097 diem
1025 1074 1094 1097 xxtv
1113 1075 1186 1097 eur-

439 1115 542 1149 rentis
569 1116 688 1149 mensis
715 1117 810 1158 maii,
829 1123 942 1160 utpote
970 1117 1058 1151 illius
1076 1118 1185 1151 obitus

442 1175 474 1201 et
500 1170 646 1214 martyrii
674 1170 944 1211 anniversariam,
971 1171 1186 1214 assignamus,

441 1223 563 1265 pariter
588 1224 777 1257 celebrandi
803 1224 939 1257 facimus
973 1230 1183 1267 potestatem.

485 1276 499 1318 ἓ
523 1276 553 1309 3.
581 1275 648 1309 Νοη
675 1277 882 1310 obstantibus
900 1278 1186 1311 constitutionibus

441 1334 472 1361 et
497 1329 759 1363 ordinationibus
785 1331 980 1374 apostolicis,
1009 1342 1045 1364 ac
1072 1332 1186 1364 decre-

445 1382 483 1414 tis
509 1383 548 1416 de
575 1392 638 1416 non
665 1385 751 1417 culto
773 1384 880 1425 editis,
899 1386 1085 1429 ceterisque
1112 1396 1189 1418 con-

443 1435 550 1468 trariis
576 1436 843 1480 quibuscumque.

487 1489 501 1529 §
526 1488 557 1520 [ι.
578 1489 730 1522 Volumus
749 1495 863 1531 autem,
885 1497 918 1524 ut
937 1491 1080 1535 ipsarum
1099 1502 1190 1536 prae-

444 1542 584 1575 sentium
612 1543 793 1576 litterarum
820 1545 1040 1588 transumptis,
1055 1555 1112 1577 seu
1136 1555 1188 1577 ex-

444 1595 570 1639 empliS,
591 1596 686 1628 etiam
710 1597 887 1640 impressis,
909 1609 1004 1631 manu
1022 1598 1187 1631 secretarii

443 1649 608 1692 praefatae
657 1649 925 1693 congregauonis
976 1651 1188 1685 cardinalium

442 1702 634 1747 subscriptis
659 1709 690 1737 et
716 1704 824 1748 sigillo
851 1706 1007 1750 praefecti
1044 1705 1188 1739 eiusdem

443 1756 711 1800 Congregationis
738 1758 889 1799 munitis,
916 1759 1028 1792 eadem
1056 1770 1189 1802 prorsus

443 1808 524 1843 sides
551 1810 589 1842 ab
615 1810 765 1843 omnibus
792 1816 823 1844 et
848 1811 969 1855 ubique
997 1817 1058 1845 tam
1084 1812 1117 1844 in
1144 1812 1189 1845 iu·

446 1864 529 1898 dicio
556 1875 651 1908 quam
678 1870 766 1898 extra
792 1865 871 1898 illud
902 1866 1084 1899 habeatur*
1106 1877 1188 1910 quae

445 1918 524 1961 ipsis
549 1919 775 1962 praesentibus
807 1920 987 1953 haberetur
1023 1920 1047 1953 si
1084 1921 1189 1953 t‘orent

447 1971 611 2004 exhibitae
636 1973 683 2005 vel
711 1978 875 2006 ostensae.

489 2025 604 2058 Datum
632 2025 765 2067 Itomae,
792 2027 878 2069 apud
901 2026 932 2059 S.
954 2027 1105 2066 Petrum,
1131 2027 1189 2059 sub

447 2079 567 2111 annulo
578 2078 766 2119 Piscatoris,
779 2079 830 2112 die
841 2090 891 2113 xlv
906 2080 979 2113 maii
990 2090 1188 2121 nnccxxvnt,

445 2131 654 2174 pontificatus
689 2133 792 2166 nostri
819 2144 905 2166 anno
932 2144 974 2167 iv.

484 2193 542 2221 liat.
561 2194 605 2221 die
625 2196 654 2221 li
674 2195 736 2222 maii
757 2195 838 2229 1728,
856 2196 954 2231 pontis.
977 2204 1048 2224 anuo
1070 2204 1105 2223 Π.

747 2322 887 2355 CCXXV.

450 2388 602 2432 Jz'riyiim·
621 2396 706 2423 ›noti‹
726 2393 859 2435 proprio
882 2396 969 2425 terra
989 2392 1193 2426 Roncz'li'onis

684 2445 717 2477 in
743 2445 909 2479 civitatem
933 2446 954 2478 ’ἦ

489 2526 496 2548 1
522 2523 592 2549 Edit.
616 2524 698 2550 Main.
720 2525 784 2558 legit
803 2526 968 2554 habeantur
989 2528 1024 2560 (R.
1046 2528 1092 2562 T.).

485 2568 500 2592 ’2
522 2568 611 2593 tlonst.
630 2568 672 2593 ed.
690 2575 829 2601 xttvccxxv,
847 2569 890 2596 die
909 2571 939 2596 16
956 2570 1024 2603 iulii,
1041 2571 1137 2606 pontis.
1157 2577 1192 2602 tt,

450 2615 569 2639 orer-tum
587 2611 635 2637 snit
651 2612 778 2646 oppidum
795 2612 889 2639 Montis
901 2614 979 2641 Curti
997 2614 1021 2640 in
1038 2615 1173 2641 civitaten]
1189 2636 1194 2641 .

1032 215 1212 239 BULLARIUM
1240 215 1395 239 norman

1214 2394 1372 2430 ,cialibus
1412 2394 1571 2427 favoribus
1605 2400 1636 2427 et
1671 2394 1781 2437 gratiis
1822 2395 1976 2438 prosequi

1977 216 2023 242 An.
2044 216 2073 243 G.
2095 217 2156 246 1728

1404 264 1589 292 Benedictus
1614 265 1694 299 Papa
1717 265 1795 299 XIII,

1347 309 1382 335 ad
1405 312 1581 343 perpetuam
1608 310 1652 336 rei
1673 309 1855 336 memoriam.

1272 371 1305 403 ln
1332 382 1483 414 supremo
1510 371 1678 403 militantis
1702 370 1864 404 Ecclesiae
1889 370 1972 404 solio
2011 381 2127 406 uxoratum.

1228 424 1351 456 meritis
1379 424 1455 457 licet
1480 424 1657 468 imparibus
1691 434 1750 466 per
1775 423 1972 456 ineffabilem

1229 477 1356 511 divinae
1375 478 1528 511 bonitatis
1547 478 1779 511 abundantiam
1797 473 1973 516 constituti,

1229 533 1266 565 ad
1293 544 1329 565 ea
1354 532 1528 576 propensis
1547 532 1664 565 studiis
1685 532 1895 572 intendimus,
1915 543 1975 575 per

1229 597 1311 629 quae
1328 592 1486 619 terrarum
1504 585 1690 629 temporalis
1708 584 1820 618 S.R.E.
1840 584 1973 618 ditionis

1230 640 1328 672 decor
1355 639 1542 682 amplietur.

1273 692 1343 735 §t
1382 691 1458 724 Cum
1494 691 1614 734 itaque,
1651 691 1734 724 sicut
1771 690 1879 724 dilecti
1916 689 1972 724 fitii
2003 699 2160 740 'rme-nupt

1231 745 1372 787 priores,
1393 744 1564 777 consilium
1591 755 1627 776 ac
1651 743 1841 777 universitas
1866 748 1898 776 ct
1914 743 1974 776 ho-
1985 729 2159 779 {JKZ'lsssstZffi'ffi‘

1230 797 1333 830 mines
1363 802 1469 830 terrac
1493 803 1621 830 nostrae
1639 797 1850 838 Roucilionis,
1875 797 1974 830 Sutri-

1231 862 1289 883 nae
1316 850 1483 890 dioecesis,
1504 850 1597 883 nobis
1619 860 1723 893 nuper
1749 850 1865 894 exponi
1892 850 1975 884 sece-

1230 908 1322 944 runt,
1355 904 1439 936 dicta
1482 909 1566 936 terra
1608 897 1869 946 gubernatorem
1904 915 1974 937 cum

1232 956 1324 989 titulo
1363 956 1488 995 iudicis,
1522 961 1552 989 et
1588 967 1702 989 novem
1728 958 1822 997 loca,
1857 967 1974 1000 nempe

1229 1008 1460 1052 Caprarolam,
1497 1008 1715 1052 Cancpinam,
1751 1010 1974 1050 Valleranuni,

1232 1061 1407 1101 Fabricam,
1419 1061 1665 1103 Crocchiamnn,
1681 1062 1825 1095 Castrum
1839 1062 1975 1103 senae,

1231 1114 1464 1156 Burghettum,
1501 1114 1640 1147 Insulam
1680 1115 1907 1148 Fau-amanam
1945 1121 1977 1149 et

1231 1167 1339 1200 Vicum
1380 1168 1485 1200 eidem
1522 1168 1621 1201 iudici
1658 1168 1803 1201 subiecta
1840 1167 1975 1208 habeat,

1230 1230 1360 1253 necnon
1387 1220 1528 1264 quinque
1552 1220 1640 1253 mille
1666 1227 1696 1253 et
1722 1225 1892 1254 sexcentos
1913 1220 1976 1254 cir-

1232 1273 1312 1306 citer
1338 1273 1459 1307 incolas
1486 1278 1516 1305 et
1553 1273 1755 1306 habitatores
1786 1274 1975 1315 contineat,

1231 1337 1268 1359 ac
1294 1327 1325 1359 in
1354 1330 1390 1360 ea
1416 1327 1594 1359 saecularis
1620 1333 1650 1360 et
1674 1328 1846 1371 collegiata
1872 1329 1977 1361 eccle-

1231 1380 1277 1412 sia
1308 1390 1379 1413 cum
1404 1380 1688 1424 archipresbytero
1714 1387 1746 1414 ct
1770 1381 1884 1424 viginti
1913 1391 1977 1415 uno

1232 1433 1410 1474 canonicis,
1436 1432 1651 1477 paroehialis¹
1672 1433 1819 1476 ecclesia,
1838 1439 1978 1478 quatuor

1231 1486 1387 1520 Ordinum
1414 1487 1611 1530 regularium
1638 1491 1832 1528 conventus,
1855 1492 1886 1521 et
1911 1489 1978 1521 col-

1233 1541 1352 1583 legium
1371 1541 1562 1574 clericoruni
1582 1541 1791 1574 saecularium
1808 1541 1977 1575 Doctrinae

1232 1594 1430 1635 Cristianae,
1461 1593 1682 1627 tertiariorum
1720 1594 1849 1628 Ordinis
1874 1595 1978 1629 sancti

1232 1647 1394 1680 Francisci
1430 1648 1722 1689 conservatoriuni,
1749 1654 1873 1692 septem
1903 1660 1978 1683 cou-

1234 1701 1472 1734 sraternitatum
1507 1701 1668 1741 oratoria,
1697 1701 1755 1734 tria
1781 1701 1978 1746 hospitalia,

1233 1764 1334 1786 unum
1361 1764 1420 1797 pro
1443 1753 1578 1787 infirmis
1605 1759 1631 1787 et
1661 1756 1798 1788 alterum
1817 1765 1876 1798 pro
1902 1766 1979 1788 con-

1233 1807 1472 1839 valescentibus
1499 1812 1530 1839 et
1555 1807 1716 1851 reliquum
1742 1818 1802 1851 pro
1831 1808 1979 1851 peregri-

1234 1859 1282 1892 nis
1319 1859 1541 1903 reperiantur,
1570 1860 1629 1904 ipsi
1661 1867 1879 1904 exponenteS,
1917 1872 1978 1906 pro

1234 1923 1347 1946 eorum
1388 1924 1424 1945 ac
1470 1919 1572 1946 terrae
1616 1914 1805 1947 huiusmodi
1849 1924 1977 1948 necnon

1234 1966 1437 2009 singulorum
1476 1966 1653 1999 incolarum
1692 1972 1723 2000 et
1758 1966 1978 2001 habitatorum

1234 2020 1372 2061 decore,
1400 2026 1516 2053 terram
1543 2020 1645 2064 ipsam
1677 2020 1814 2054 civitatis
1844 2020 1977 2055 nomine

1234 2073 1381 2117 insigniri
1408 2084 1614 2117 summopere
1641 2074 1846 2108 desiderant:
1884 2075 1978 2108 nobis

1235 2133 1413 2172 propterea
1439 2128 1605 2161 humiliter
1628 2128 1804 2172 supplicari
1830 2129 1979 2162 fecerunt

1235 2186 1269 2213 ut
1294 2181 1356 2213 sibi
1383 2181 1413 2214 in
1441 2181 1629 2224 praemissis
1656 2187 1841 2225 opportune
1872 2182 1978 2226 provi-

1236 2234 1313 2267 dere
1340 2240 1371 2267 et
1395 2239 1429 2267 ut
1454 2234 1535 2267 infra
1571 2234 1742 2277 indulgere
1768 2234 1806 2269 de
1832 2235 1979 2279 benigni-

1237 2292 1299 2320 tate
1327 2287 1506 2331 apostoliea
1532 2287 1752 2330 dignaremur.

1281 2341 1295 2384 g
1320 2340 1349 2373 Q.
1376 2340 1437 2373 Nos
1456 2341 1566 2383 igitur,
1587 2341 1675 2384 ipsos
1694 2347 1894 2385 exponentes
1911 2352 1977 2385 spe·
2015 2347 2101 2368 emeno
2115 2346 2166 2368 οἰω-

1990 2374 2036 2395 ιΙεηη
2052 2375 2073 2396 iu
2095 2373 2166 2396 eivita-

1991 2404 2038 2422 tem.

1237 2447 1394 2487 volentes,
1416 2452 1447 2479 et
1473 2457 1587 2479 eorum
1612 2447 1796 2490 singulares
1821 2458 1976 2491 personas

1238 2510 1254 2531 a
1273 2499 1443 2542 quibusvis
1472 2499 1830 2539 excommunicationis,
1844 2510 1978 2543 suspen-

1238 2552 1340 2584 sionis
1354 2557 1386 2584 et
1399 2552 1578 2593 interdicti,
1593 2553 1733 2595 aliisque
1749 2553 1978 2586 ecclesiasticis

1278 2617 1284 2641 l
1311 2615 1357 2641 Ed.
1376 2615 1457 2642 tttain.
1475 2615 1538 2651 legit
1551 2615 1720 2650 parochiali
1735 2616 1773 2649 (tt.
1790 2615 1838 2650 Γ).
