2170 3147
48 237 97 266 λη.
113 235 141 264 C.
162 235 229 264 1727

803 235 999 261 BENEDICTUS
1024 235 1082 259 XIII
1108 235 1157 259 Pr.

239 284 338 318 dultis
376 289 406 317 et
442 284 622 328 privilegiis
661 285 781 317 dictum
820 285 972 317 Ordinem

238 338 470 381 approbarunt,
498 343 528 371 et
552 348 719 381 personas,
739 338 861 377 domos,
888 348 976 370 asce-

240 391 320 424 teria
345 401 379 423 ac
403 390 488 424 bona
513 396 704 423 exemerunt
730 390 768 423 ab
794 390 973 423 Ordinariis

240 445 404 483 locorum;
431 449 461 476 et
485 454 546 477 nos
580 443 764 476 huiusmodi
797 453 913 479 omnes
945 448 976 474 et

240 497 383 540 singulas
407 497 542 537 litteras,
561 496 678 538 gratias
700 502 762 528 tam
789 495 975 538 spirituales

241 561 335 594 quam
361 550 574 594 temporales,
600 550 842 587 concessiones,
869 558 977 581 evem-

240 603 388 647 ptiones,
409 604 547 643 indulta,
565 613 601 636 ac
619 608 726 635 cetera
752 611 976 645 quaecumque

241 656 468 700 cuiuscumque
502 656 632 698 generis
658 661 689 688 et
713 655 854 688 nominis
883 654 977 698 spiri-

243 709 339 742 tualia
365 715 397 742 et
430 709 623 753 temporalia
655 707 824 751 privilegia
857 707 977 750 plenis-

241 761 321 794 sime
346 761 574 794 consirmamus
595 768 626 794 et
643 762 845 799 innovamus,
865 765 904 799 et,
923 760 976 793 ubi

242 827 325 859 opus
348 816 403 856 sit,
426 815 464 848 de
486 826 570 849 novo
596 814 978 865 concedimus3spraeci-

241 879 305 912 pue
331 879 390 911 pro
408 868 675 901 christifidelibus
696 868 863 911 utriusque
883 878 978 900 sexus

242 921 298 964 qui
325 921 541 963 collegialiter
559 926 612 953 aut
630 921 662 953 in
682 921 832 954 claustris
858 921 976 959 vivunt,

243 979 297 1006 aut
321 975 427 1007 solum
464 980 572 1007 votum
609 980 789 1017 perpetuae
827 973 979 1006 castitatis

242 1028 410 1067 emittunt,
437 1038 497 1060 nec
523 1027 646 1070 degunt
671 1027 902 1069 collegialiter,
922 1026 977 1059 sed

242 1080 274 1112 in
298 1080 438 1124 propriis
465 1080 616 1113 domibus
651 1081 699 1113 vel
732 1090 802 1112 cum
829 1080 978 1112 affinibus

242 1139 273 1166 et
305 1134 578 1176 consanguineis,
617 1133 793 1166 dummodo
831 1133 977 1166 habitum

241 1186 370 1220 Ordinis
389 1192 524 1229 gestent,
544 1193 575 1220 et
592 1187 759 1220 Altissimo
783 1187 842 1219 sub
868 1187 980 1229 regula

243 1245 275 1274 et
299 1239 446 1272 instituto
472 1240 548 1273 dicti
573 1239 702 1273 Ordinis
727 1239 822 1273 Tertii
848 1244 932 1273 caste
951 1245 981 1272 et

241 1292 295 1336 pie
321 1293 508 1326 famulatum
527 1299 709 1337 praestent:
728 1293 899 1326 contrariis
915 1293 980 1336 qui-

242 1346 447 1390 buscumque
473 1357 536 1380 non
563 1347 768 1380 obstantibus
799 1352 829 1379 et
855 1346 980 1390 praeci-

242 1410 307 1442 pue
333 1399 476 1433 Concilio
502 1400 730 1440 Lateianensi,
758 1400 877 1444 quibus
913 1410 981 1433 oin-

243 1452 340 1485 nibus
365 1452 398 1485 in
424 1453 484 1485 hac
516 1459 628 1496 parte,
659 1459 765 1492 motu,
791 1452 925 1485 scientia
951 1458 980 1485 et

243 1511 405 1549 potestate
430 1506 599 1546 similibus,
622 1506 820 1549 amplissime
846 1506 981 1548 deroga-

243 1570 326 1593 mus.
354 1559 543 1592 Huiusmodi
580 1570 655 1592 vero
680 1559 866 1592 institutum
902 1564 980 1592 tam-

244 1622 338 1656 quam
364 1618 529 1652 sanctum‚
549 1613 752 1646 meritorium
780 1618 810 1645 et
835 1612 981 1645 christia-

244 1676 305 1699 nae
330 1666 524 1710 perfcctioni
551 1666 732 1705 conforme,
751 1676 877 1699 necnon
903 1670 982 1697 tam-

246 1728 341 1761 quam
382 1728 492 1751 verum
528 1723 559 1752 et
595 1719 762 1761 proprium
802 1718 979 1757 Ordinem,

245 1771 420 1815 praecipue
439 1783 475 1805 ex
493 1772 718 1814 collegialiter,
735 1777 789 1804 aut
806 1782 879 1804 cum
897 1773 982 1805 clau-

247 1824 418 1866 stralibus,
454 1830 510 1858 aut
546 1825 579 1858 in
612 1826 763 1859 domibus
789 1824 981 1868 consangui-

246 1887 395 1919 neorum,
417 1879 482 1912 sive
501 1880 653 1922 propriis,
681 1880 740 1912 sub
766 1880 837 1912 soto
857 1884 888 1912 et
907 1879 982 1911 sim-

248 1930 607 1973 plicivotoinviolabilis
621 1932 786 1972 castitatis,
796 1931 982 1975 ceterisque

248 1982 353 2023 modo,
379 1984 489 2023 forma,
516 1984 640 2024 habitu,
666 1985 833 2022 novitiatu,
860 1985 982 2028 profes-

250 2034 339 2068 sione
357 2046 394 2068 ac
410 2038 520 2078 regula
538 2037 720 2070 viventibus
746 2037 960 2080 compositum
975 2064 982 2077 ,

251 2092 284 2121 et
308 2095 549 2132 consequenter
573 2090 611 2122 ab
636 2091 785 2123 omnibus
810 2091 985 2123 confrater-

251 2140 417 2183 nitatibus,
442 2143 482 2175 de
506 2143 620 2186 quibus
645 2144 754 2186 agitur
779 2144 810 2176 in
830 2144 986 2177 constitu-

252 2195 340 2228 tione
365 2200 494 2228 sanctae
526 2197 702 2229 memoriae
732 2196 905 2230 Clementis
930 2197 987 2230 Pa·

251 2257 312 2290 pae
344 2246 430 2288 Vlll,
457 2248 641 2282 omnimode
675 2241 880 2289 distinctum,
907 2250 987 2282 sicut

251 2305 327 2332 sunt
351 2300 451 2333 ceteri
477 2300 612 2334 Ordines
639 2306 706 2333 tum
724 2303 900 2344 regulares,
921 2307 987 2335 tum

252 2353 429 2391 militares,
456 2359 489 2386 et
514 2354 566 2387 alii
599 2354 801 2394 huiusmodi,
833 2354 930 2387 fuisse
956 2360 988 2387 et

253 2416 324 2439 esse
350 2406 556 2440 decernimus
581 2417 617 2439 ac
642 2407 857 2440 declaramus:
885 2413 987 2440 motu-

253 2469 316 2503 que
341 2459 439 2492 simili
464 2460 609 2502 regulam
641 2471 659 2492 a
690 2460 866 2503 praedictis
890 2460 987 2492 Inno-

253 2512 360 2545 centio
385 2511 434 2544 Vll
460 2517 492 2545 et
514 2511 660 2555 Eugenio
685 2512 720 2544 lv
747 2512 985 2553 confirmatam,

253 2564 339 2598 iuxta
362 2565 541 2609 praemissa
566 2571 598 2598 et
621 2565 756 2599 inferius
774 2566 985 2610 disponenda,

253 2617 359 2653 denuo
384 2619 604 2662 approbantes
626 2618 864 2661 confirmamus,
892 2620 986 2663 eique

1648 222 1711 257 539
1759 231 1943 259 An.c..1727

1017 284 1193 327 apostolica
1229 282 1443 316 auctoritate¹
1475 286 1670 326 perpetuum
1702 280 1754 313 fir-

1018 337 1137 369 mitatis
1163 337 1262 369 robur
1287 336 1467 369 adiicimus.

1062 391 1076 433 ξ,
1101 390 1154 423 M.
1171 390 1290 423 Omnes
1306 391 1440 433 insuper
1463 389 1661 433 apostolicas
1680 398 1755 421 con·
1802 398 1949 435 „inprobantur

1019 442 1201 481 cessiones,
1235 443 1353 486 quibus
1389 448 1511 475 asserta
1548 442 1607 475 fuit
1643 428 1950 487 Ordiniiffi'iffii'sszss‘r'riiissi'.

1020 495 1296 533 Praedicatorum,
1318 496 1455 538 eiusque
1482 494 1628 538 generali
1655 494 1755 536 magi·
1767 478 1950 533 ffl’riii'zssfffgissi'ssu‘

1020 554 1108 589 stro,
1158 548 1425 591 provincialibus,
1464 548 1648 590 ceterisque
1687 547 1757 579 aliis
1768 530 1952 593 ffi?}¹‘i‘·‡÷l¹i3,i.f3{t¹i31

1021 602 1201 633 substitutis
1227 602 1462 645 superioribus,
1489 600 1756 645 praeeminentia,
1769 583 1952 646 Tibi—affriiss‘f‘

1020 655 1194 687 auctoritas
1220 660 1251 687 et
1276 654 1486 698 superioritas
1505 664 1605 697 super
1621 653 1755 697 praefati
1769 638 1951 699 iiii‘s‘lii'ssrffississi'o'

1021 707 1159 740 instituti
1194 708 1345 740 fratribus
1372 713 1402 740 et
1434 707 1599 740 sororibus
1631 689 1929 749 p1·aedi-¹‘'¹¹'⁰⁰'“¹¹'³‘

1021 761 1078 793 ctis
1104 761 1380 804 quibuscumque,
1418 760 1654 804 approbamus,
1681 769 1758 792 con-

1022 813 1194 854 firmamus,
1223 825 1258 847 ac
1284 819 1461 858 perpetuae
1479 814 1636 846 firmitatis
1658 812 1760 845 robur

1023 868 1173 900 obtinere
1211 868 1376 907 volumus,
1419 867 1625 900 decernimus
1663 872 1758 910 atque

1022 921 1220 960 mandamus,
1236 926 1276 961 et,
1294 926 1452 964 quatenus
1467 931 1548 963 opus
1563 920 1611 959 sit,
1627 920 1758 952 easdem

1022 974 1330 1017 liu-acerninentiam,
1361 973 1582 1006 auctoritatem
1609 979 1640 1005 et
1664 983 1760 1015 supe-

1022 1027 1200 1059 rioritatem
1227 1027 1266 1060 de
1291 1037 1373 1060 novo
1399 1026 1621 1059 concedimus.
1650 1027 1761 1058 Atten-

1023 1080 1135 1113 dentes
1178 1085 1348 1122 praeterea
1387 1090 1445 1123 per
1484 1079 1758 1122 praedecessores

1023 1138 1152 1166 nostros
1166 1133 1392 1166 Innocentium
1410 1132 1460 1165 vll
1479 1138 1510 1165 et
1529 1132 1710 1174 Eugenium
1724 1131 1760 1164 tv

1023 1186 1120 1219 fuisse
1147 1187 1360 1230 approbatam
1386 1187 1531 1228 regulam
1550 1185 1759 1228 praedictam,

1023 1240 1158 1282 eiusque
1185 1244 1280 1282 eaput
1303 1250 1354 1279 xx,
1381 1244 1477 1282 atque
1503 1239 1762 1271 animadverten-

1024 1298 1069 1325 tes
1105 1292 1227 1336 primos
1269 1294 1418 1325 alumnos
1458 1291 1593 1335 praefati
1633 1291 1761 1324 Ordinis

1024 1344 1169 1378 habitum
1205 1356 1239 1378 ac
1274 1345 1402 1377 vivendi
1429 1355 1575 1378 normam
1613 1345 1651 1377 ab
1691 1344 1761 1386 ipso

1024 1399 1056 1431 B.
1081 1399 1251 1432 Dominico
1278 1398 1478 1442 suscepisse,
1508 1398 1643 1441 eiusque
1669 1407 1761 1440 prae·

1024 1457 1116 1495 cepta
1140 1452 1324 1485 executioni
1350 1452 1541 1484 mandasse:
1576 1451 1683 1483 eidem
1709 1461 1762 1493 ge-

1024 1505 1128 1538 nerali
1161 1504 1337 1547 magistro,
1365 1505 1518 1547 privative
1546 1504 1654 1547 quoad
1680 1504 1761 1536 alios

1025 1568 1260 1601 quoscumque,
1290 1557 1535 1597 confirmamus,
1564 1568 1598 1590 ac
1623 1558 1648 1590 si
1681 1567 1762 1600 opus

1025 1617 1082 1650 est,
1111 1612 1149 1644 de
1176 1621 1260 1644 novo
1286 1611 1505 1650 concedimus,
1531 1615 1567 1643 ut
1585 1611 1686 1654 possit
1703 1621 1763 1654 per

1024 1675 1071 1704 se,
1098 1665 1147 1696 vel
1173 1674 1231 1707 per
1249 1663 1310 1696 sibi
1337 1663 1499 1696 subiectos
1524 1663 1640 1696 fratres
1664 1674 1763 1706 quos-

1024 1727 1163 1760 cumque
1191 1717 1340 1749 facultate
1365 1718 1550 1760 opportuna
1582 1726 1618 1748 ac
1650 1726 1763 1749 neces-

1024 1770 1107 1802 saria
1141 1769 1332 1809 instructos,
1371 1780 1528 1812 personas
1565 1769 1603 1802 ad
1640 1769 1762 1802 dictum

1024 1822 1178 1856 Ordinem
1205 1824 1292 1856 iuxta
1317 1823 1419 1866 ipsius
1445 1828 1563 1856 statuta
1590 1823 1736 1867 recipere
1753 1850 1760 1864 ,

1025 1875 1136 1909 babitu
1152 1877 1286 1916 donare,
1306 1881 1412 1918 atque,
1432 1877 1542 1919 elapso
1560 1876 1672 1909 debito
1687 1887 1764 1919 pro-

1025 1929 1165 1962 bationis
1193 1935 1363 1972 tempore,
1391 1929 1429 1962 ad
1455 1929 1693 1972 professionem
1719 1940 1763 1962 re-

1026 1982 1143 2025 cipere,
1169 1982 1250 2015 itaut
1273 1993 1436 2025 personae
1457 1992 1692 2026 quaecumque,
1711 1983 1765 2016 ali-

1028 2042 1074 2069 ter
1098 2041 1261 2079 receptae,
1288 2046 1348 2068 nec
1372 2034 1438 2068 sint
1460 2045 1521 2068 nec
1541 2036 1765 2078 intelligantur

1027 2091 1092 2122 ulto
1118 2092 1215 2122 modo
1234 2089 1369 2132 praefati
1390 2089 1486 2122 liuius
1503 2089 1602 2122 Tertii
1623 2089 1764 2129 Ordinis,

1028 2153 1134 2185 neque
1168 2142 1245 2175 ullis
1281 2141 1424 2175 eiusdem
1456 2141 1635 2185 privilegiis
1661 2143 1765 2174 acin-

1029 2196 1127 2228 dultis
1151 2195 1333 2238 potiantur,
1362 2194 1421 2227 nisi
1446 2205 1507 2238 pro
1542 2195 1765 2238 peculiaribus

1028 2248 1179 2290 personis
1205 2253 1236 2280 et
1260 2248 1389 2280 casibus
1416 2257 1474 2290 per
1498 2257 1556 2280 nos
1582 2253 1613 2280 et
1638 2258 1765 2281 succes-

1029 2310 1120 2333 sores
1146 2306 1275 2334 nostros
1307 2301 1406 2333 fuerit
1435 2310 1587 2343 expresse
1625 2301 1766 2345 desuper

1030 2353 1265 2396 dispensatum.
1284 2353 1544 2387 Commissarium
1563 2365 1695 2398 quoque
1714 2361 1767 2388 aut

1030 2406 1231 2439 visitatorem
1257 2406 1443 2447 instituere,
1469 2407 1661 2450 magistrum
1688 2419 1766 2452 quo-

1030 2469 1104 2502 que,
1130 2459 1326 2493 directorem
1345 2471 1381 2493 ac
1398 2461 1634 2494 confessarium
1661 2467 1766 2495 aetate

1030 2512 1193 2553 moribus,
1220 2513 1341 2556 pietate
1365 2514 1500 2546 scientia
1532 2519 1564 2547 et
1592 2514 1767 2558 prudentia

1031 2575 1158 2608 gravem
1178 2567 1359 2600 concedere
1377 2571 1408 2600 et
1429 2567 1595 2610 deputare,
1614 2568 1668 2611 qui
1688 2567 1766 2611 ipsis

1068 2628 1077 2654 1
1102 2626 1171 2656 Edit.
1193 2627 1271 2657 Main.
1293 2628 1358 2664 legit
1377 2629 1561 2659 auctoritatis
1580 2630 1617 2665 (n.
1638 2630 1686 2665 r),
