2170 3147
197 216 245 239 An.
263 214 289 239 c.
314 212 380 240 1727
428 203 492 236 55ss

572 262 757 288 Benedictus
780 260 862 293 Papa
877 260 959 291 XIII,

534 307 570 333 ad
591 307 727 333 futuram
747 306 792 332 rei
809 305 993 332 memoriam.

361 407 364 411 .
435 370 450 412 ἓ
476 369 507 402 I.
536 369 624 401 Alias
645 379 704 401 nos
723 378 783 411 per
801 367 974 410 quamdam
993 371 1138 399 nostram

349 414 379 454 hl?
392 424 677 461 constitutionem,
706 422 797 453 cuius
831 420 957 452 initium
985 426 1033 452 est.
1061 420 1138 452 Um·-

359 467 526 508 lflversalis
550 475 710 508 Ecclesiae
735 475 912 516 reyinu'ni,
940 484 1036 516 quam
1073 484 1137 505 non

349 519 499 561 imminu<
527 539 586 572 pro
612 534 748 570 paterno
768 538 864 570 quem
885 538 962 568 erga
981 528 1136 570 inclytum

293 593 297 610 ι
321 573 378 611 «.,.“.““,ἶ
395 583 530 614 fratrum
556 581 715 614 Minorum
742 581 843 613 saneti
868 580 1027 612 Francisci
1047 580 1136 613 01*ἂίἶ

393 648 467 670 nem
505 636 647 678 gerimus
686 634 872 667 devotionis
906 639 938 667 et
969 634 1136 666 charitatis

393 689 528 728 affectu,
554 699 650 731 quam
677 689 716 720 ad
752 688 916 730 antiquam
952 689 1136 729 regularem

394 742 634 775 observantiam
668 741 699 774 in
734 752 772 774 eo
805 746 923 774 sartam
951 747 1135 783 tectamque

394 796 549 828 tuendam
585 801 616 828 et
648 795 884 828 restituendam
911 805 976 827 non
1003 796 1045 826 ita
1071 794 1136 836 pri-

394 850 466 882 dem
493 848 675 887 edidimus,
701 849 787 880 inter
813 848 876 881 alia
902 848 1135 890 disposuimus,

394 903 480 945 quod
520 903 550 934 in
577 901 769 934 delinitoriis
787 928 794 941 ‚
822 901 1136 943 congregationibus

394 961 425 987 ct
464 954 615 998 capitulis
656 954 910 997 provmeialibus
955 954 1136 995 respective

395 1009 584 1041 eorumdem
613 1008 747 1040 fratrum
766 1034 773 1047 ,
801 1002 864 1039 tam
891 1007 930 1039 de
956 1006 1137 1039 Observan-

395 1062 435 1094 tia
452 1072 547 1104 quam
564 1061 838 1099 Reformatorum‚
854 1060 1136 1099 Discaleeatorum,

396 1114 677 1153 [tet-ottemuwim,
703 1113 955 1153 Tot-uariorum,
982 1114 1031 1146 vel
1058 1124 1137 1156 quo-

395 1178 533 1209 cumque
554 1167 617 1199 alio
638 1168 769 1199 nomine
789 1172 1060 1209 nuncupatorum,
1078 1167 1137 1198 sub

396 1221 576 1252 dirrvtione
599 1231 634 1252 ac
653 1220 815 1262 gubernio
840 1220 981 1252 ministri
1001 1230 1138 1261 genera-

394 1274 431 1305 lis
458 1274 536 1305 dieti
562 1273 692 1305 Ordiiiis
720 1273 923 1315 degentium,
950 1273 1009 1306 soli
1048 1273 1137 1306 dein-

394 1338 471 1369 ceps
509 1333 615 1370 patres
654 1327 830 1359 delinitorii
863 1327 1037 1359 cuiuslibet
1063 1337 1137 1369 pro-

395 1380 518 1412 vinciae
545 1381 583 1412 ad
610 1380 641 1412 id
668 1380 783 1419 electi,
810 1379 963 1412 nimirum
991 1380 1139 1412 minister

395 1433 622 1476 provincialis,
650 1437 758 1466 eustos
789 1439 821 1465 et
849 1432 1055 1473 definitores,
1076 1433 1137 1476 xqiu

396 1497 533 1519 numero
560 1493 698 1530 quatuor
725 1497 797 1519 esse
822 1488 939 1527 solent,
958 1497 1035 1519 voce
1062 1497 1139 1519 eon-

396 1540 512 1572 sultira
538 1545 569 1572 ct
594 1539 731 1572 decisiva
758 1540 803 1571 uti
830 1544 861 1571 et
882 1539 942 1571 srui
971 1539 1137 1579 deberent,

395 1598 492 1635 prout
522 1592 553 1624 in
590 1592 704 1625 eadem
741 1595 852 1624 nostra
877 1592 1134 1632 constitutione,

396 1647 486 1679 cuius
523 1651 667 1678 tenorem
701 1646 930 1688 praesentibus
956 1656 1014 1688 pro
1041 1646 1137 1688 plene

396 1705 428 1732 ct
454 1699 654 1732 sufficienter
683 1709 839 1741 expresso
870 1704 901 1731 et
934 1699 972 1731 ad
1005 1699 1138 1732 verbum

396 1752 519 1785 inserto
548 1752 661 1785 liaberi
686 1754 857 1793 volumus,
877 1752 1009 1785 uberius
1037 1752 1138 1785 conti-

396 1813 505 1838 netur.

440 1861 454 1902 ξ
480 1860 510 1892 2.
539 1860 616 1893 Cum
655 1865 786 1901 autem,
815 1859 897 1892 sicut
934 1860 1043 1893 dilecti
1081 1859 1136 1892 filii

202 1903 209 1914 ς
249 1931 251 1942 ι
282 1903 512 1945 ,[’Ῐπιισεζίὶῖιῐιπῑς
554 1913 793 1955 provinciarum
833 1914 870 1945 de
907 1912 1138 1951 Observantia,

226 1957 250 1968 '¹
304 1957 332 1994 0¹¹
354 1956 656 2010 {sneeottctstorum
677 1966 822 1998 et'l'ertii
837 1966 965 1998 Ordinis
993 1966 1139 1998 eiusdem

303 2010 305 2046 ἶ
331 2009 429 2052 ‘fii-'S
449 2020 610 2052 Francisci
637 2020 775 2053 familiae
801 2021 1064 2052 ultramontanae
1083 2030 1134 2052 no-

396 2073 446 2106 liis
467 2084 569 2116 nuper
591 2074 709 2117 exponi
735 2074 974 2114 l‘ece1¹ttiit„ex
1000 2074 1139 2116 (pradum
1162 2102 1163 2105 ,

397 2127 637 2170 propemodum
664 2127 848 2159 necessaria
875 2127 1031 2159 hactenus
1054 2127 1139 2170 apud

398 2190 454 2212 eos
479 2181 618 2219 servata,
646 2190 682 2212 ac
707 2185 773 2213 tum
799 2179 951 2223 capitulis
978 2179 1141 2222 generali-

397 2233 457 2266 bus
483 2234 626 2266 eiusdem
653 2233 804 2273 Ordinis,
834 2239 899 2266 tum
938 2232 1034 2265 etiam
1066 2233 1139 2266 Sedi

398 2286 620 2328 Apostolime,
646 2286 738 2318 sicuti
760 2296 797 2318 ex
819 2285 1011 2329 quibusdam
1038 2285 1140 2318 felicis

398 2339 633 2372 recordationis
667 2339 787 2372 Urbani
821 2339 879 2372 PP.
906 2339 970 2371 VIII
1004 2339 1140 2382 praede-

399 2393 538 2424 cessoris
564 2393 668 2425 nostri
696 2393 809 2426 litteris
835 2398 984 2426 constare
1011 2392 1139 2433 dicitur,

400 2446 535 2487 probata
572 2446 826 2486 consuetudine,
851 2447 884 2478 in
922 2445 1138 2486 definiturus,

399 2498 713 2540 congregationibus
732 2504 763 2533 et
781 2499 930 2542 capitulis
946 2499 1139 2538 huiusmodi,

399 2557 531 2594 praeter
556 2551 738 2584 ministrum
762 2552 1017 2595 provincialem,
1036 2557 1141 2584 custo-

401 2605 474 2638 dem
507 2610 537 2638 et
569 2609 711 2649 quatuor
736 2605 927 2639 definitores
952 2605 1139 2648 praefatos,

982 208 1166 235 BULLARIUM
1193 209 1349 233 ROMANUM

1934 206 1982 234 An.
1998 206 2026 234 C.
2049 207 2114 236 ¹727

1184 260 1248 290 dno
1286 259 1340 290 alii
1379 259 1492 290 tratres
1526 256 1632 300 quoad
1664 255 1848 299 provincias
1873 265 1927 288 eo-

1186 322 1255 344 rum
1283 312 1321 345 de
1347 311 1577 350 Observanfia,
1595 316 1626 343 et
1649 320 1733 343 unus
1761 310 1927 342 dumtaxat

1184 366 1290 408 quoad
1317 363 1408 398 illos¹
1428 365 1686 397 Recollectorum
1705 369 1736 396 et
1753 362 1850 395 Tertii
1871 362 1927 395 Or-

1183 419 1267 451 dinis
1297 419 1334 451 ad
1369 418 1556 459 suffragium
1596 417 1766 450 serendum
1801 416 1925 449 admitti

1182 472 1427 508 consueverint,
1456 472 1547 512 isque
1574 481 1652 502 usus
1678 469 1849 503 invaluerit
1874 480 1927 512 po-

1185 526 1340 558 tissimum
1368 536 1409 558 ne
1435 525 1467 557 in
1505 523 1723 561 delinitoriis,
1749 533 1926 565 congrega-

1184 579 1326 611 tionibus
1352 584 1384 610 et
1410 578 1559 621 capitulis
1577 576 1732 620 praefatiS
1746 575 1864 615 desint
1882 586 1927 608 re-

1182 632 1288 673 ligiosi
1315 633 1346 663 in
1374 633 1471 663 rebus
1505 631 1543 663 ad
1578 630 1707 663 easdem
1740 629 1926 672 provincias

1182 685 1424 727 pertinentibus
1451 684 1581 721 versati,
1601 683 1656 726 qni
1682 683 1836 716 officiales
1862 683 1926 715 ele-

1181 744 1263 778 ctOS‚
1287 738 1341 771 ubi
1369 749 1450 779 opus
1477 743 1543 776 est,
1562 737 1601 769 de
1623 736 1686 769 illis
1713 736 1853 769 edocere
1878 747 1926 769 va-

1182 793 1279 828 leant,
1300 791 1496 834 praesertim
1520 802 1592 823 cum
1616 790 1720 823 dictae
1739 790 1925 833 provinciae

1182 850 1289 877 vastae
1325 845 1482 883 existant,
1509 855 1546 877 ae
1582 850 1800 877 conventuum
1834 843 1926 886 eopia

1181 898 1369 938 abundent,
1396 904 1427 930 et
1463 902 1496 929 ut
1531 897 1706 940 plurimum
1732 896 1831 930 iidem
1857 896 1926 929 offi-

1181 951 1280 983 ciales
1307 956 1460 984 recenter
1486 951 1582 984 electi
1612 950 1756 983 debitam
1783 950 1822 983 de
1849 949 1926 993 ipsis

1181 1004 1357 1047 provinciis
1385 1015 1560 1047 earumque
1587 1009 1672 1037 statu
1704 1003 1926 1046 cognitionem

1181 1068 1246 1090 non
1286 1058 1449 1090 babeant:
1478 1057 1573 1090 nobis
1611 1062 1790 1101 propterea
1827 1066 1926 1100 expo-

1182 1115 1296 1143 nentes
1322 1110 1461 1154 praefati
1488 1111 1656 1143 humiliter
1682 1109 1860 1153 supplicari
1887 1108 1926 1142 se-

1182 1170 1297 1196 cet-unt
1322 1164 1408 1196 utin
1434 1164 1623 1207 praemissis
1649 1168 1833 1207 opportune
1855 1173 1927 1206 pro-

1183 1218 1292 1250 videre
1326 1223 1356 1250 et
1392 1223 1426 1249 ut
1458 1217 1544 1250 infra
1570 1217 1741 1259 indulgere
1768 1217 1808 1250 de
1835 1215 1926 1248 beni-

1182 1273 1306 1314 gnitate
1328 1271 1507 1315 apostolic-:1
1533 1271 1751 1314 dignaremur.

1226 1326 1240 1368 ἓ
1259 1325 1290 1358 3.
1308 1325 1371 1357 Nos
1389 1325 1496 1367 igitur,
1513 1324 1566 1367 qui
1581 1323 1821 1367 provinciarum
1836 1334 1928 1366 prae·
2005 1329 2122 1363 Moderatio

1183 1378 1342 1411 dictarum
1384 1377 1504 1411 bonum
1546 1377 1692 1420 regimen
1733 1360 2124 1419 felicemqueffiifflffiiiss‘iwn‘

1182 1441 1391 1474 progressum
1426 1435 1458 1463 et
1491 1430 1758 1473 tranquillitatem
1792 1429 1928 1462 sinceris

1183 1490 1375 1527 exoptamus
1394 1483 1572 1523 affectibus,
1595 1483 1683 1516 bisce
1708 1483 1802 1516 iustis
1828 1488 1860 1516 et
1880 1493 1930 1515 ra-

1184 1539 1396 1572 tionabilibus
1418 1549 1453 1571 ex
1476 1538 1580 1570 causis
1605 1537 1746 1577 adducti,
1768 1547 1929 1569 memora-

1184 1599 1246 1625 tain
1294 1598 1440 1625 nostram
1488 1591 1754 1625 constitutionem
1795 1591 1828 1623 in
1869 1591 1929 1623 hac

1183 1651 1275 1689 parte
1312 1651 1434 1678 tantuin
1472 1646 1639 1678 declarare
1676 1655 1712 1677 ac
1746 1643 1928 1683 moderari,

1183 1699 1337 1742 ipsosque
1358 1704 1560 1741 exponentes
1594 1697 1791 1741 specialibus
1817 1696 1930 1729 favori-

1183 1753 1241 1785 bus
1266 1760 1297 1785 et
1323 1753 1432 1795 gratiis
1457 1752 1614 1795 prosequi
1642 1753 1806 1791 volentes,
1826 1756 1858 1784 et
1875 1760 1930 1783 eo-

1183 1817 1252 1838 rum
1278 1806 1460 1848 singulares
1486 1816 1644 1848 personas
1663 1815 1680 1837 a
1697 1804 1862 1847 quibusvis
1881 1814 1930 1835 ex-

1183 1859 1504 1897 communicationis‚
1528 1857 1749 1901 suspensionis
1775 1862 1805 1889 et
1830 1856 1930 1888 inter-

1184 1913 1281 1952 dicti,
1309 1912 1447 1955 aliisqne
1473 1911 1701 1944 ecelesiasticis
1733 1909 1927 1949 sententiis,

1184 1965 1330 1998 censuris
1349 1971 1379 1997 ct
1404 1965 1529 2008 poenis,
1549 1976 1566 1997 a
1594 1964 1663 1997 iure
1681 1965 1729 1996 rel
1757 1963 1796 1996 ab
1823 1962 1929 1996 liomi-

1184 2030 1241 2057 nc,
1268 2019 1379 2061 quavis
1401 2019 1574 2051 occasione
1600 2019 1648 2050 vel
1676 2019 1771 2049 causa
1796 2016 1884 2056 latis,
1902 2015 1928 2048 si

1184 2072 1300 2115 quibus
1319 2071 1568 2114 quomodolibet
1584 2071 1757 2104 innodatae
1777 2069 1928 2108 existunt,

1184 2126 1222 2157 ad
1249 2124 1397 2157 ellectum
1426 2125 1643 2167 praesentium
1667 2124 1830 2156 dumtaxat
1856 2132 1930 2155 con-

1184 2179 1397 2222 sequendum,
1416 2179 1530 2211 liat-uni
1557 2178 1640 2211 serie
1663 2177 1871 2210 absolventes
1898 2181 1929 2208 et

1185 2232 1350 2264 absolutas
1392 2232 1458 2264 sore
1501 2235 1696 2270 censorum,
1739 2228 1929 2262 huiusmodi

1184 2284 1479 2328 supplicationibus
1499 2284 1651 2324 inclinati,
1673 2283 1758 2326 quod
1775 2282 1807 2315 in
1835 2282 1928 2315 dictis

1185 2338 1392 2378 delinitoriis,
1413 2337 1727 2380 congregationibus
1753 2342 1784 2369 et
1808 2335 1930 2379 eapitu-

1184 2391 1222 2424 lis
1248 2391 1503 2434 provincialibus
1528 2389 1772 2433 provinciarum
1795 2389 1929 2421 fratrum

1185 2444 1224 2476 de
1250 2443 1471 2482 Observantizi,
1494 2443 1756 2476 Recollectorum
1778 2447 1809 2474 et
1829 2441 1928 2474 Tertii

1183 2497 1313 2530 Ordinis
1339 2497 1479 2529 familiae
1505 2497 1781 2534 ultramontanae,
1802 2494 1834 2526 in
1860 2492 1929 2536 qui-

1184 2551 1243 2583 bus
1269 2555 1400 2590 tamen,
1428 2555 1604 2592 antequam
1641 2548 1788 2592 praefata
1818 2552 1928 2580 nostra

1222 2614 1231 2639 1
1256 2612 1355 2640 Forsan
1376 2612 1444 2640 illas
1463 2616 1504 2647 (n.
1521 2613 1570 2646 in).
