<?xml version="1.0" encoding="UTF-8"?>
<!DOCTYPE html PUBLIC "-//W3C//DTD XHTML 1.0 Transitional//EN"
    "http://www.w3.org/TR/xhtml1/DTD/xhtml1-transitional.dtd">
<html xmlns="http://www.w3.org/1999/xhtml" xml:lang="en" lang="en">
 <head>
  <title>
</title>
<meta http-equiv="Content-Type" content="text/html;charset=utf-8" />
  <meta name='ocr-system' content='tesseract 3.04.00' />
  <meta name='ocr-capabilities' content='ocr_page ocr_carea ocr_par ocr_line ocrx_word'/>
</head>
<body>
  <div class='ocr_page' id='page_1' title='image "./bullarumdiplomat22cath_0536.png"; bbox 0 0 2170 3147; ppageno 0'>
   <div class='ocr_carea' id='block_1_1' title="bbox 206 184 506 222">
    <p class='ocr_par' dir='ltr' id='par_1_1' title="bbox 206 184 506 222">
     <span class='ocr_line' id='line_1_1' title="bbox 206 184 506 222; baseline -0.013 -2"><span class='ocrx_word' id='word_1_1' title='bbox 206 196 255 222; x_wconf 71' lang='lat' dir='ltr'>An.</span> <span class='ocrx_word' id='word_1_2' title='bbox 275 195 303 219; x_wconf 81' lang='lat' dir='ltr'>C.</span> <span class='ocrx_word' id='word_1_3' title='bbox 329 194 394 220; x_wconf 68' lang='lat' dir='ltr'>t7⁴27</span> <span class='ocrx_word' id='word_1_4' title='bbox 443 184 506 217; x_wconf 70' lang='lat' dir='ltr'>49ss</span> 
     </span>
    </p>
   </div>
   <div class='ocr_carea' id='block_1_2' title="bbox 403 238 1158 2627">
    <p class='ocr_par' dir='ltr' id='par_1_2' title="bbox 403 238 1158 2627">
     <span class='ocr_line' id='line_1_2' title="bbox 403 238 1146 284; baseline -0.005 -10"><span class='ocrx_word' id='word_1_5' title='bbox 403 241 600 284; x_wconf 29' lang='lat' dir='ltr'>Nosnigitur,</span> <span class='ocrx_word' id='word_1_6' title='bbox 627 241 775 273; x_wconf 86' lang='lat' dir='ltr'>eumdem</span> <span class='ocrx_word' id='word_1_7' title='bbox 806 240 965 282; x_wconf 76' lang='lat' dir='ltr'>Ignatium</span> <span class='ocrx_word' id='word_1_8' title='bbox 994 238 1146 282; x_wconf 85' lang='lat' dir='ltr'>speciali—</span> 
     </span>
     <span class='ocr_line' id='line_1_3' title="bbox 405 293 1146 337; baseline -0.003 -10"><span class='ocrx_word' id='word_1_9' title='bbox 405 296 462 327; x_wconf 89' lang='lat' dir='ltr'>bus</span> <span class='ocrx_word' id='word_1_10' title='bbox 483 295 643 328; x_wconf 76' lang='lat' dir='ltr'>favoribus</span> <span class='ocrx_word' id='word_1_11' title='bbox 669 300 700 327; x_wconf 83' lang='lat' dir='ltr'>et</span> <span class='ocrx_word' id='word_1_12' title='bbox 725 294 838 336; x_wconf 77' lang='lat' dir='ltr'>gratiis</span> <span class='ocrx_word' id='word_1_13' title='bbox 865 293 1019 337; x_wconf 73' lang='lat' dir='ltr'>prosequi</span> <span class='ocrx_word' id='word_1_14' title='bbox 1039 294 1146 325; x_wconf 85' lang='lat' dir='ltr'>volen-</span> 
     </span>
     <span class='ocr_line' id='line_1_4' title="bbox 406 346 1145 391; baseline -0.004 -10"><span class='ocrx_word' id='word_1_15' title='bbox 406 355 466 388; x_wconf 72' lang='lat' dir='ltr'>teS,</span> <span class='ocrx_word' id='word_1_16' title='bbox 494 355 523 381; x_wconf 90' lang='lat' dir='ltr'>et</span> <span class='ocrx_word' id='word_1_17' title='bbox 550 360 565 381; x_wconf 89' lang='lat' dir='ltr'>a</span> <span class='ocrx_word' id='word_1_18' title='bbox 590 348 755 391; x_wconf 71' lang='lat' dir='ltr'>quibusvis</span> <span class='ocrx_word' id='word_1_19' title='bbox 784 346 1145 386; x_wconf 77' lang='lat' dir='ltr'>excommunicationis,</span> 
     </span>
     <span class='ocr_line' id='line_1_5' title="bbox 404 400 1146 445; baseline -0.001 -12"><span class='ocrx_word' id='word_1_20' title='bbox 404 402 631 445; x_wconf 62' lang='lat' dir='ltr'>snspensioniz÷</span> <span class='ocrx_word' id='word_1_21' title='bbox 651 407 682 433; x_wconf 83' lang='lat' dir='ltr'>ct</span> <span class='ocrx_word' id='word_1_22' title='bbox 700 401 1028 443; x_wconf 82' lang='lat' dir='ltr'>interdicti,aliisque</span> <span class='ocrx_word' id='word_1_23' title='bbox 1049 400 1146 433; x_wconf 85' lang='lat' dir='ltr'>ecele-</span> 
     </span>
     <span class='ocr_line' id='line_1_6' title="bbox 405 452 1144 496; baseline -0.005 -9"><span class='ocrx_word' id='word_1_24' title='bbox 405 455 551 495; x_wconf 71' lang='lat' dir='ltr'>siasticis,</span> <span class='ocrx_word' id='word_1_25' title='bbox 578 454 761 493; x_wconf 70' lang='lat' dir='ltr'><strong>sententiis,</strong></span> <span class='ocrx_word' id='word_1_26' title='bbox 791 453 937 486; x_wconf 80' lang='lat' dir='ltr'>censuris</span> <span class='ocrx_word' id='word_1_27' title='bbox 964 459 995 486; x_wconf 88' lang='lat' dir='ltr'>et</span> <span class='ocrx_word' id='word_1_28' title='bbox 1020 452 1144 496; x_wconf 71' lang='lat' dir='ltr'>poenis,</span> 
     </span>
     <span class='ocr_line' id='line_1_7' title="bbox 403 505 1144 550; baseline -0.005 -9"><span class='ocrx_word' id='word_1_29' title='bbox 403 520 420 541; x_wconf 83' lang='lat' dir='ltr'>a</span> <span class='ocrx_word' id='word_1_30' title='bbox 445 509 514 540; x_wconf 90' lang='lat' dir='ltr'>iure</span> <span class='ocrx_word' id='word_1_31' title='bbox 540 509 589 541; x_wconf 80' lang='lat' dir='ltr'>vel</span> <span class='ocrx_word' id='word_1_32' title='bbox 615 507 655 540; x_wconf 86' lang='lat' dir='ltr'>ab</span> <span class='ocrx_word' id='word_1_33' title='bbox 682 507 824 547; x_wconf 89' lang='lat' dir='ltr'>bomine,</span> <span class='ocrx_word' id='word_1_34' title='bbox 841 507 952 550; x_wconf 84' lang='lat' dir='ltr'>quavis</span> <span class='ocrx_word' id='word_1_35' title='bbox 973 505 1144 538; x_wconf 86' lang='lat' dir='ltr'>occasione</span> 
     </span>
     <span class='ocr_line' id='line_1_8' title="bbox 403 559 1146 603; baseline -0.004 -9"><span class='ocrx_word' id='word_1_36' title='bbox 403 563 451 594; x_wconf 69' lang='lat' dir='ltr'>vet</span> <span class='ocrx_word' id='word_1_37' title='bbox 479 563 574 594; x_wconf 72' lang='lat' dir='ltr'>causa</span> <span class='ocrx_word' id='word_1_38' title='bbox 601 561 692 600; x_wconf 85' lang='lat' dir='ltr'>latis,</span> <span class='ocrx_word' id='word_1_39' title='bbox 711 561 735 592; x_wconf 87' lang='lat' dir='ltr'>si</span> <span class='ocrx_word' id='word_1_40' title='bbox 756 560 874 603; x_wconf 85' lang='lat' dir='ltr'>quibus</span> <span class='ocrx_word' id='word_1_41' title='bbox 897 559 1146 603; x_wconf 80' lang='lat' dir='ltr'>quomodolibet</span> 
     </span>
     <span class='ocr_line' id='line_1_9' title="bbox 405 613 1147 655; baseline -0.004 -8"><span class='ocrx_word' id='word_1_42' title='bbox 405 615 582 647; x_wconf 84' lang='lat' dir='ltr'>innodatus</span> <span class='ocrx_word' id='word_1_43' title='bbox 609 615 730 652; x_wconf 73' lang='lat' dir='ltr'>existit,</span> <span class='ocrx_word' id='word_1_44' title='bbox 759 615 796 646; x_wconf 87' lang='lat' dir='ltr'>ad</span> <span class='ocrx_word' id='word_1_45' title='bbox 825 613 971 645; x_wconf 78' lang='lat' dir='ltr'>ell&#39;eetuin</span> <span class='ocrx_word' id='word_1_46' title='bbox 994 623 1147 655; x_wconf 81' lang='lat' dir='ltr'>praesen-</span> 
     </span>
     <span class='ocr_line' id='line_1_10' title="bbox 405 666 1145 710; baseline -0.005 -9"><span class='ocrx_word' id='word_1_47' title='bbox 405 670 482 701; x_wconf 85' lang='lat' dir='ltr'>tiurn</span> <span class='ocrx_word' id='word_1_48' title='bbox 521 669 686 701; x_wconf 82' lang='lat' dir='ltr'>dumtaxat</span> <span class='ocrx_word' id='word_1_49' title='bbox 723 667 1002 710; x_wconf 54' lang='lat' dir='ltr'>consumendum,</span> <span class='ocrx_word' id='word_1_50' title='bbox 1030 666 1145 698; x_wconf 80' lang='lat' dir='ltr'>barum</span> 
     </span>
     <span class='ocr_line' id='line_1_11' title="bbox 404 720 1147 754; baseline -0.005 0"><span class='ocrx_word' id='word_1_51' title='bbox 404 722 488 754; x_wconf 76' lang='lat' dir='ltr'>serie</span> <span class='ocrx_word' id='word_1_52' title='bbox 515 722 721 754; x_wconf 68' lang='lat' dir='ltr'>absolventes</span> <span class='ocrx_word' id='word_1_53' title='bbox 740 726 769 753; x_wconf 88' lang='lat' dir='ltr'>et</span> <span class='ocrx_word' id='word_1_54' title='bbox 787 720 970 752; x_wconf 74' lang='lat' dir='ltr'>absolutum</span> <span class='ocrx_word' id='word_1_55' title='bbox 990 720 1056 752; x_wconf 87' lang='lat' dir='ltr'>sore</span> <span class='ocrx_word' id='word_1_56' title='bbox 1075 729 1147 750; x_wconf 86' lang='lat' dir='ltr'>cen·</span> 
     </span>
     <span class='ocr_line' id='line_1_12' title="bbox 405 771 1146 815; baseline -0.003 -10"><span class='ocrx_word' id='word_1_57' title='bbox 405 780 531 810; x_wconf 76' lang='lat' dir='ltr'>sentes,</span> <span class='ocrx_word' id='word_1_58' title='bbox 559 773 746 806; x_wconf 77' lang='lat' dir='ltr'>huiusmodi</span> <span class='ocrx_word' id='word_1_59' title='bbox 776 772 1073 815; x_wconf 60' lang='lat' dir='ltr'>supplicationibus</span> <span class='ocrx_word' id='word_1_60' title='bbox 1099 771 1146 803; x_wconf 78' lang='lat' dir='ltr'>in-</span> 
     </span>
     <span class='ocr_line' id='line_1_13' title="bbox 405 825 1147 869; baseline -0.003 -11"><span class='ocrx_word' id='word_1_61' title='bbox 405 827 531 865; x_wconf 71' lang='lat' dir='ltr'>clinau,</span> <span class='ocrx_word' id='word_1_62' title='bbox 557 826 779 869; x_wconf 78' lang='lat' dir='ltr'>exemptiOnes</span> <span class='ocrx_word' id='word_1_63' title='bbox 805 825 964 868; x_wconf 78' lang='lat' dir='ltr'>praefatas</span> <span class='ocrx_word' id='word_1_64' title='bbox 992 830 1023 857; x_wconf 88' lang='lat' dir='ltr'>ct</span> <span class='ocrx_word' id='word_1_65' title='bbox 1048 834 1147 867; x_wconf 83' lang='lat' dir='ltr'>quae—</span> 
     </span>
     <span class='ocr_line' id='line_1_14' title="bbox 406 878 1147 924; baseline -0.007 -10"><span class='ocrx_word' id='word_1_66' title='bbox 406 892 542 924; x_wconf 83' lang='lat' dir='ltr'>cumque</span> <span class='ocrx_word' id='word_1_67' title='bbox 565 879 735 923; x_wconf 75' lang='lat' dir='ltr'>privilegia</span> <span class='ocrx_word' id='word_1_68' title='bbox 754 885 785 911; x_wconf 91' lang='lat' dir='ltr'>et</span> <span class='ocrx_word' id='word_1_69' title='bbox 806 878 931 911; x_wconf 86' lang='lat' dir='ltr'>indulta</span> <span class='ocrx_word' id='word_1_70' title='bbox 949 878 1147 922; x_wconf 78' lang='lat' dir='ltr'>personalia,</span> 
     </span>
     <span class='ocr_line' id='line_1_15' title="bbox 405 931 1147 978; baseline -0.008 -11"><span class='ocrx_word' id='word_1_71' title='bbox 405 934 647 978; x_wconf 72' lang='lat' dir='ltr'>praerogativas</span> <span class='ocrx_word' id='word_1_72' title='bbox 674 938 704 964; x_wconf 88' lang='lat' dir='ltr'>et</span> <span class='ocrx_word' id='word_1_73' title='bbox 730 932 971 970; x_wconf 82' lang='lat' dir='ltr'>immunitates,</span> <span class='ocrx_word' id='word_1_74' title='bbox 994 931 1147 963; x_wconf 70' lang='lat' dir='ltr'>iratribus</span> 
     </span>
     <span class='ocr_line' id='line_1_16' title="bbox 406 984 1148 1029; baseline -0.007 -9"><span class='ocrx_word' id='word_1_75' title='bbox 406 988 511 1020; x_wconf 83' lang='lat' dir='ltr'>dietae</span> <span class='ocrx_word' id='word_1_76' title='bbox 538 985 725 1029; x_wconf 76' lang='lat' dir='ltr'>provinciae</span> <span class='ocrx_word' id='word_1_77' title='bbox 760 985 872 1027; x_wconf 75' lang='lat' dir='ltr'>quovis</span> <span class='ocrx_word' id='word_1_78' title='bbox 912 984 1003 1017; x_wconf 87' lang='lat' dir='ltr'>titulo</span> <span class='ocrx_word' id='word_1_79' title='bbox 1021 1011 1028 1024; x_wconf 86' lang='lat'>,</span> <span class='ocrx_word' id='word_1_80' title='bbox 1055 993 1148 1026; x_wconf 81' lang='lat' dir='ltr'>prae-</span> 
     </span>
     <span class='ocr_line' id='line_1_17' title="bbox 409 1037 1148 1080; baseline -0.007 -8"><span class='ocrx_word' id='word_1_81' title='bbox 409 1045 510 1080; x_wconf 79' lang='lat' dir='ltr'>textu,</span> <span class='ocrx_word' id='word_1_82' title='bbox 536 1041 632 1071; x_wconf 68' lang='lat' dir='ltr'>causa</span> <span class='ocrx_word' id='word_1_83' title='bbox 658 1043 687 1070; x_wconf 82' lang='lat' dir='ltr'>et</span> <span class='ocrx_word' id='word_1_84' title='bbox 714 1037 902 1076; x_wconf 71' lang='lat' dir='ltr'>occasione,</span> <span class='ocrx_word' id='word_1_85' title='bbox 922 1042 985 1069; x_wconf 83' lang='lat' dir='ltr'>tam</span> <span class='ocrx_word' id='word_1_86' title='bbox 1005 1048 1020 1068; x_wconf 85' lang='lat' dir='ltr'>a</span> <span class='ocrx_word' id='word_1_87' title='bbox 1040 1046 1148 1079; x_wconf 83' lang='lat' dir='ltr'>supra-</span> 
     </span>
     <span class='ocr_line' id='line_1_18' title="bbox 407 1088 1148 1135; baseline -0.007 -10"><span class='ocrx_word' id='word_1_88' title='bbox 407 1094 494 1125; x_wconf 87' lang='lat' dir='ltr'>dicto</span> <span class='ocrx_word' id='word_1_89' title='bbox 521 1092 630 1135; x_wconf 84' lang='lat' dir='ltr'>priore</span> <span class='ocrx_word' id='word_1_90' title='bbox 657 1090 859 1134; x_wconf 78' lang='lat' dir='ltr'>provinciali,</span> <span class='ocrx_word' id='word_1_91' title='bbox 886 1100 922 1122; x_wconf 82' lang='lat' dir='ltr'>ac</span> <span class='ocrx_word' id='word_1_92' title='bbox 949 1088 1148 1132; x_wconf 74' lang='lat' dir='ltr'>quibuslibet</span> 
     </span>
     <span class='ocr_line' id='line_1_19' title="bbox 406 1142 1149 1189; baseline -0.003 -13"><span class='ocrx_word' id='word_1_93' title='bbox 406 1145 594 1189; x_wconf 85' lang='lat' dir='ltr'>provinciae</span> <span class='ocrx_word' id='word_1_94' title='bbox 622 1150 652 1177; x_wconf 91' lang='lat' dir='ltr'>et</span> <span class='ocrx_word' id='word_1_95' title='bbox 677 1142 946 1186; x_wconf 75' lang='lat' dir='ltr'>Congregationis</span> <span class='ocrx_word' id='word_1_96' title='bbox 971 1143 1149 1186; x_wconf 77' lang='lat' dir='ltr'>praedicta-</span> 
     </span>
     <span class='ocr_line' id='line_1_20' title="bbox 407 1195 1150 1241; baseline -0.004 -10"><span class='ocrx_word' id='word_1_97' title='bbox 407 1209 476 1231; x_wconf 90' lang='lat' dir='ltr'>rum</span> <span class='ocrx_word' id='word_1_98' title='bbox 503 1197 752 1241; x_wconf 85' lang='lat' dir='ltr'>superioribus,</span> <span class='ocrx_word' id='word_1_99' title='bbox 785 1206 880 1239; x_wconf 91' lang='lat' dir='ltr'>quam</span> <span class='ocrx_word' id='word_1_100' title='bbox 907 1207 923 1228; x_wconf 84' lang='lat' dir='ltr'>a</span> <span class='ocrx_word' id='word_1_101' title='bbox 948 1195 1039 1228; x_wconf 81' lang='lat' dir='ltr'>Sedis</span> <span class='ocrx_word' id='word_1_102' title='bbox 1067 1196 1150 1238; x_wconf 81' lang='lat' dir='ltr'>Apo-</span> 
     </span>
     <span class='ocr_line' id='line_1_21' title="bbox 406 1249 1149 1292; baseline -0.007 -7"><span class='ocrx_word' id='word_1_103' title='bbox 406 1252 538 1285; x_wconf 79' lang='lat' dir='ltr'>stolicae</span> <span class='ocrx_word' id='word_1_104' title='bbox 565 1251 597 1283; x_wconf 90' lang='lat' dir='ltr'>in</span> <span class='ocrx_word' id='word_1_105' title='bbox 625 1249 770 1283; x_wconf 70' lang='lat' dir='ltr'>eisdem*</span> <span class='ocrx_word' id='word_1_106' title='bbox 798 1250 907 1292; x_wconf 73' lang='lat' dir='ltr'>regnis</span> <span class='ocrx_word' id='word_1_107' title='bbox 933 1249 1072 1289; x_wconf 88' lang='lat' dir='ltr'>nunciis,</span> <span class='ocrx_word' id='word_1_108' title='bbox 1095 1259 1149 1281; x_wconf 84' lang='lat' dir='ltr'>sen</span> 
     </span>
     <span class='ocr_line' id='line_1_22' title="bbox 407 1304 1151 1348; baseline -0.007 -10"><span class='ocrx_word' id='word_1_109' title='bbox 407 1306 486 1339; x_wconf 70' lang='lat' dir='ltr'>alias</span> <span class='ocrx_word' id='word_1_110' title='bbox 524 1304 770 1348; x_wconf 75' lang='lat' dir='ltr'>quomodolibet</span> <span class='ocrx_word' id='word_1_111' title='bbox 808 1308 922 1336; x_wconf 86' lang='lat' dir='ltr'>contra</span> <span class='ocrx_word' id='word_1_112' title='bbox 956 1308 987 1335; x_wconf 89' lang='lat' dir='ltr'>et</span> <span class='ocrx_word' id='word_1_113' title='bbox 1020 1307 1151 1345; x_wconf 78' lang='lat' dir='ltr'>praeter</span> 
     </span>
     <span class='ocr_line' id='line_1_23' title="bbox 406 1355 1151 1402; baseline -0.007 -10"><span class='ocrx_word' id='word_1_114' title='bbox 406 1359 568 1402; x_wconf 76' lang='lat' dir='ltr'>regularia</span> <span class='ocrx_word' id='word_1_115' title='bbox 596 1357 781 1391; x_wconf 87' lang='lat' dir='ltr'>earumdem</span> <span class='ocrx_word' id='word_1_116' title='bbox 807 1357 997 1400; x_wconf 76' lang='lat' dir='ltr'>provinciae</span> <span class='ocrx_word' id='word_1_117' title='bbox 1020 1361 1051 1388; x_wconf 85' lang='lat' dir='ltr'>et</span> <span class='ocrx_word' id='word_1_118' title='bbox 1069 1355 1151 1388; x_wconf 91' lang='lat' dir='ltr'>Con-</span> 
     </span>
     <span class='ocr_line' id='line_1_24' title="bbox 407 1410 1151 1456; baseline -0.008 -10"><span class='ocrx_word' id='word_1_119' title='bbox 407 1413 606 1456; x_wconf 77' lang='lat' dir='ltr'>gregationis</span> <span class='ocrx_word' id='word_1_120' title='bbox 632 1411 776 1443; x_wconf 76' lang='lat' dir='ltr'>instituta</span> <span class='ocrx_word' id='word_1_121' title='bbox 801 1416 832 1442; x_wconf 88' lang='lat' dir='ltr'>et</span> <span class='ocrx_word' id='word_1_122' title='bbox 856 1410 1054 1452; x_wconf 76' lang='lat' dir='ltr'>apostolicas</span> <span class='ocrx_word' id='word_1_123' title='bbox 1079 1419 1151 1441; x_wconf 77' lang='lat' dir='ltr'>con-</span> 
     </span>
     <span class='ocr_line' id='line_1_25' title="bbox 408 1462 1151 1505; baseline -0.011 -7"><span class='ocrx_word' id='word_1_124' title='bbox 408 1466 593 1498; x_wconf 77' lang='lat' dir='ltr'>stitutiones</span> <span class='ocrx_word' id='word_1_125' title='bbox 612 1474 766 1496; x_wconf 77' lang='lat' dir='ltr'>concessa</span> <span class='ocrx_word' id='word_1_126' title='bbox 786 1468 840 1495; x_wconf 86' lang='lat' dir='ltr'>aut</span> <span class='ocrx_word' id='word_1_127' title='bbox 858 1462 1060 1501; x_wconf 72' lang='lat' dir='ltr'>confirmata,</span> <span class='ocrx_word' id='word_1_128' title='bbox 1078 1473 1151 1505; x_wconf 85' lang='lat' dir='ltr'>apo-</span> 
     </span>
     <span class='ocr_line' id='line_1_26' title="bbox 409 1515 1150 1559; baseline -0.007 -7"><span class='ocrx_word' id='word_1_129' title='bbox 409 1520 521 1552; x_wconf 68' lang='lat' dir='ltr'>stoliea</span> <span class='ocrx_word' id='word_1_130' title='bbox 548 1518 753 1556; x_wconf 82' lang='lat' dir='ltr'>auctoritate,</span> <span class='ocrx_word' id='word_1_131' title='bbox 780 1523 893 1549; x_wconf 83' lang='lat' dir='ltr'>tenore</span> <span class='ocrx_word' id='word_1_132' title='bbox 920 1515 1150 1559; x_wconf 79' lang='lat' dir='ltr'>praesentium,</span> 
     </span>
     <span class='ocr_line' id='line_1_27' title="bbox 408 1568 1151 1616; baseline -0.005 -11"><span class='ocrx_word' id='word_1_133' title='bbox 408 1577 567 1616; x_wconf 89' lang='lat' dir='ltr'>perpetuo</span> <span class='ocrx_word' id='word_1_134' title='bbox 594 1572 822 1609; x_wconf 75' lang='lat' dir='ltr'>annullamus,</span> <span class='ocrx_word' id='word_1_135' title='bbox 850 1579 1031 1608; x_wconf 83' lang='lat' dir='ltr'>cassamus,</span> <span class='ocrx_word' id='word_1_136' title='bbox 1058 1568 1151 1601; x_wconf 81' lang='lat' dir='ltr'>abro-</span> 
     </span>
     <span class='ocr_line' id='line_1_28' title="bbox 409 1623 1151 1669; baseline -0.007 -11"><span class='ocrx_word' id='word_1_137' title='bbox 409 1636 521 1669; x_wconf 81' lang='lat' dir='ltr'>gamus</span> <span class='ocrx_word' id='word_1_138' title='bbox 547 1630 577 1657; x_wconf 88' lang='lat' dir='ltr'>et</span> <span class='ocrx_word' id='word_1_139' title='bbox 604 1625 771 1657; x_wconf 78' lang='lat' dir='ltr'>abolemus</span> <span class='ocrx_word' id='word_1_140' title='bbox 789 1650 796 1663; x_wconf 77' lang='lat'>,</span> <span class='ocrx_word' id='word_1_141' title='bbox 833 1623 953 1665; x_wconf 85' lang='lat' dir='ltr'>illaque</span> <span class='ocrx_word' id='word_1_142' title='bbox 981 1623 1011 1654; x_wconf 92' lang='lat' dir='ltr'>in</span> <span class='ocrx_word' id='word_1_143' title='bbox 1038 1632 1151 1665; x_wconf 86' lang='lat' dir='ltr'>perpe-</span> 
     </span>
     <span class='ocr_line' id='line_1_29' title="bbox 411 1676 1149 1718; baseline -0.007 -6"><span class='ocrx_word' id='word_1_144' title='bbox 411 1685 498 1712; x_wconf 87' lang='lat' dir='ltr'>tuum</span> <span class='ocrx_word' id='word_1_145' title='bbox 525 1680 625 1718; x_wconf 77' lang='lat' dir='ltr'>nulla,</span> <span class='ocrx_word' id='word_1_146' title='bbox 645 1684 775 1716; x_wconf 72' lang='lat' dir='ltr'>cassata,</span> <span class='ocrx_word' id='word_1_147' title='bbox 796 1677 952 1718; x_wconf 75' lang='lat' dir='ltr'>abrogata</span> <span class='ocrx_word' id='word_1_148' title='bbox 973 1681 1004 1708; x_wconf 87' lang='lat' dir='ltr'>et</span> <span class='ocrx_word' id='word_1_149' title='bbox 1021 1676 1149 1714; x_wconf 83' lang='lat' dir='ltr'>abolita,</span> 
     </span>
     <span class='ocr_line' id='line_1_30' title="bbox 408 1729 1151 1775; baseline -0.005 -11"><span class='ocrx_word' id='word_1_150' title='bbox 408 1733 597 1775; x_wconf 68' lang='lat' dir='ltr'>viribnstsspie</span> <span class='ocrx_word' id='word_1_151' title='bbox 623 1737 654 1764; x_wconf 89' lang='lat' dir='ltr'>et</span> <span class='ocrx_word' id='word_1_152' title='bbox 680 1730 796 1763; x_wconf 69' lang='lat' dir='ltr'>effectu</span> <span class='ocrx_word' id='word_1_153' title='bbox 819 1740 915 1762; x_wconf 81' lang='lat' dir='ltr'>vacua</span> <span class='ocrx_word' id='word_1_154' title='bbox 938 1740 1008 1761; x_wconf 76' lang='lat' dir='ltr'>esse</span> <span class='ocrx_word' id='word_1_155' title='bbox 1026 1735 1056 1761; x_wconf 89' lang='lat' dir='ltr'>et</span> <span class='ocrx_word' id='word_1_156' title='bbox 1075 1729 1151 1769; x_wconf 80' lang='lat' dir='ltr'>sore⁷</span> 
     </span>
     <span class='ocr_line' id='line_1_31' title="bbox 410 1782 1151 1828; baseline -0.005 -10"><span class='ocrx_word' id='word_1_157' title='bbox 410 1785 599 1828; x_wconf 70' lang='lat' dir='ltr'>neminique</span> <span class='ocrx_word' id='word_1_158' title='bbox 635 1786 798 1818; x_wconf 80' lang='lat' dir='ltr'>ullatenus</span> <span class='ocrx_word' id='word_1_159' title='bbox 832 1782 1017 1825; x_wconf 68' lang='lat' dir='ltr'>suffragari,</span> <span class='ocrx_word' id='word_1_160' title='bbox 1043 1793 1151 1825; x_wconf 86' lang='lat' dir='ltr'>neque</span> 
     </span>
     <span class='ocr_line' id='line_1_32' title="bbox 411 1836 1150 1880; baseline -0.005 -9"><span class='ocrx_word' id='word_1_161' title='bbox 411 1839 449 1871; x_wconf 88' lang='lat' dir='ltr'>de</span> <span class='ocrx_word' id='word_1_162' title='bbox 477 1844 583 1870; x_wconf 85' lang='lat' dir='ltr'>cetero</span> <span class='ocrx_word' id='word_1_163' title='bbox 618 1848 634 1870; x_wconf 85' lang='lat' dir='ltr'>a</span> <span class='ocrx_word' id='word_1_164' title='bbox 668 1848 830 1880; x_wconf 85' lang='lat' dir='ltr'>quoquam</span> <span class='ocrx_word' id='word_1_165' title='bbox 864 1836 999 1868; x_wconf 82' lang='lat' dir='ltr'>concedi</span> <span class='ocrx_word' id='word_1_166' title='bbox 1035 1846 1150 1879; x_wconf 72' lang='lat' dir='ltr'>posse,</span> 
     </span>
     <span class='ocr_line' id='line_1_33' title="bbox 411 1889 1153 1935; baseline -0.003 -12"><span class='ocrx_word' id='word_1_167' title='bbox 411 1892 521 1935; x_wconf 86' lang='lat' dir='ltr'>sieque</span> <span class='ocrx_word' id='word_1_168' title='bbox 542 1902 602 1934; x_wconf 82' lang='lat' dir='ltr'>per</span> <span class='ocrx_word' id='word_1_169' title='bbox 628 1900 849 1934; x_wconf 81' lang='lat' dir='ltr'>quoscumque</span> <span class='ocrx_word' id='word_1_170' title='bbox 875 1889 997 1922; x_wconf 83' lang='lat' dir='ltr'>iudices</span> <span class='ocrx_word' id='word_1_171' title='bbox 1023 1890 1153 1922; x_wconf 82' lang='lat' dir='ltr'>ordina-</span> 
     </span>
     <span class='ocr_line' id='line_1_34' title="bbox 411 1944 1152 1986; baseline -0.003 -9"><span class='ocrx_word' id='word_1_172' title='bbox 411 1944 476 1977; x_wconf 88' lang='lat' dir='ltr'>rios</span> <span class='ocrx_word' id='word_1_173' title='bbox 503 1950 531 1977; x_wconf 88' lang='lat' dir='ltr'>et</span> <span class='ocrx_word' id='word_1_174' title='bbox 561 1945 743 1986; x_wconf 71' lang='lat' dir='ltr'>delegatos,</span> <span class='ocrx_word' id='word_1_175' title='bbox 773 1944 869 1976; x_wconf 87' lang='lat' dir='ltr'>etiam</span> <span class='ocrx_word' id='word_1_176' title='bbox 903 1953 1071 1975; x_wconf 86' lang='lat' dir='ltr'>causarum</span> <span class='ocrx_word' id='word_1_177' title='bbox 1098 1954 1152 1986; x_wconf 85' lang='lat' dir='ltr'>pa-</span> 
     </span>
     <span class='ocr_line' id='line_1_35' title="bbox 411 1996 1154 2041; baseline -0.001 -11"><span class='ocrx_word' id='word_1_178' title='bbox 411 1998 478 2031; x_wconf 87' lang='lat' dir='ltr'>latii</span> <span class='ocrx_word' id='word_1_179' title='bbox 504 1997 673 2041; x_wconf 82' lang='lat' dir='ltr'>apostolici</span> <span class='ocrx_word' id='word_1_180' title='bbox 700 1997 866 2029; x_wconf 80' lang='lat' dir='ltr'>auditores</span> <span class='ocrx_word' id='word_1_181' title='bbox 892 1996 1028 2029; x_wconf 85' lang='lat' dir='ltr'>iudicari</span> <span class='ocrx_word' id='word_1_182' title='bbox 1055 2002 1085 2029; x_wconf 87' lang='lat' dir='ltr'>et</span> <span class='ocrx_word' id='word_1_183' title='bbox 1105 1997 1154 2029; x_wconf 90' lang='lat' dir='ltr'>de-</span> 
     </span>
     <span class='ocr_line' id='line_1_36' title="bbox 412 2050 1153 2090; baseline -0.001 -7"><span class='ocrx_word' id='word_1_184' title='bbox 412 2051 496 2084; x_wconf 79' lang='lat' dir='ltr'>finiri</span> <span class='ocrx_word' id='word_1_185' title='bbox 531 2052 670 2090; x_wconf 88' lang='lat' dir='ltr'>debere,</span> <span class='ocrx_word' id='word_1_186' title='bbox 698 2062 733 2083; x_wconf 80' lang='lat' dir='ltr'>ac</span> <span class='ocrx_word' id='word_1_187' title='bbox 772 2050 896 2082; x_wconf 88' lang='lat' dir='ltr'>irritum</span> <span class='ocrx_word' id='word_1_188' title='bbox 934 2055 964 2083; x_wconf 91' lang='lat' dir='ltr'>et</span> <span class='ocrx_word' id='word_1_189' title='bbox 1002 2051 1096 2082; x_wconf 87' lang='lat' dir='ltr'>inane</span> <span class='ocrx_word' id='word_1_190' title='bbox 1129 2050 1153 2082; x_wconf 90' lang='lat' dir='ltr'>si</span> 
     </span>
     <span class='ocr_line' id='line_1_37' title="bbox 413 2104 1154 2147; baseline -0.003 -10"><span class='ocrx_word' id='word_1_191' title='bbox 413 2115 506 2137; x_wconf 85' lang='lat' dir='ltr'>secus</span> <span class='ocrx_word' id='word_1_192' title='bbox 531 2115 630 2147; x_wconf 86' lang='lat' dir='ltr'>super</span> <span class='ocrx_word' id='word_1_193' title='bbox 657 2105 706 2136; x_wconf 85' lang='lat' dir='ltr'>liis</span> <span class='ocrx_word' id='word_1_194' title='bbox 733 2115 750 2136; x_wconf 83' lang='lat' dir='ltr'>a</span> <span class='ocrx_word' id='word_1_195' title='bbox 775 2115 949 2147; x_wconf 85' lang='lat' dir='ltr'>quoquam,</span> <span class='ocrx_word' id='word_1_196' title='bbox 966 2104 1077 2147; x_wconf 82' lang='lat' dir='ltr'>quavis</span> <span class='ocrx_word' id='word_1_197' title='bbox 1102 2114 1154 2135; x_wconf 79' lang='lat' dir='ltr'>an-</span> 
     </span>
     <span class='ocr_line' id='line_1_38' title="bbox 414 2157 1156 2200; baseline -0.001 -11"><span class='ocrx_word' id='word_1_198' title='bbox 414 2158 578 2196; x_wconf 83' lang='lat' dir='ltr'>ctoritate,</span> <span class='ocrx_word' id='word_1_199' title='bbox 607 2157 747 2190; x_wconf 81' lang='lat' dir='ltr'>scienter</span> <span class='ocrx_word' id='word_1_200' title='bbox 774 2159 822 2190; x_wconf 87' lang='lat' dir='ltr'>vel</span> <span class='ocrx_word' id='word_1_201' title='bbox 842 2157 1032 2200; x_wconf 71' lang='lat' dir='ltr'>ignoranter</span> <span class='ocrx_word' id='word_1_202' title='bbox 1057 2157 1156 2189; x_wconf 90' lang='lat' dir='ltr'>conti-</span> 
     </span>
     <span class='ocr_line' id='line_1_39' title="bbox 415 2211 1156 2252; baseline 0.003 -10"><span class='ocrx_word' id='word_1_203' title='bbox 415 2211 522 2252; x_wconf 79' lang='lat' dir='ltr'>tigerit</span> <span class='ocrx_word' id='word_1_204' title='bbox 541 2212 706 2251; x_wconf 82' lang='lat' dir='ltr'>attentari,</span> <span class='ocrx_word' id='word_1_205' title='bbox 726 2211 944 2243; x_wconf 77' lang='lat' dir='ltr'>decernimus.</span> <span class='ocrx_word' id='word_1_206' title='bbox 968 2211 1156 2244; x_wconf 79' lang='lat' dir='ltr'>Mandantes</span> 
     </span>
     <span class='ocr_line' id='line_1_40' title="bbox 415 2264 1155 2306; baseline 0.001 -11"><span class='ocrx_word' id='word_1_207' title='bbox 415 2270 592 2306; x_wconf 80' lang='lat' dir='ltr'>propterea</span> <span class='ocrx_word' id='word_1_208' title='bbox 611 2264 641 2296; x_wconf 93' lang='lat' dir='ltr'>in</span> <span class='ocrx_word' id='word_1_209' title='bbox 659 2264 774 2297; x_wconf 87' lang='lat' dir='ltr'>virtute</span> <span class='ocrx_word' id='word_1_210' title='bbox 794 2268 921 2297; x_wconf 79' lang='lat' dir='ltr'>sanctae</span> <span class='ocrx_word' id='word_1_211' title='bbox 937 2264 1155 2305; x_wconf 77' lang='lat' dir='ltr'>obedientiae,</span> 
     </span>
     <span class='ocr_line' id='line_1_41' title="bbox 415 2317 1156 2361; baseline 0.003 -13"><span class='ocrx_word' id='word_1_212' title='bbox 415 2328 451 2348; x_wconf 85' lang='lat' dir='ltr'>ac</span> <span class='ocrx_word' id='word_1_213' title='bbox 466 2317 524 2348; x_wconf 86' lang='lat' dir='ltr'>sub</span> <span class='ocrx_word' id='word_1_214' title='bbox 540 2317 881 2349; x_wconf 74' lang='lat' dir='ltr'>excommunicationis</span> <span class='ocrx_word' id='word_1_215' title='bbox 900 2317 1156 2361; x_wconf 77' lang='lat' dir='ltr'>privationisque</span> 
     </span>
     <span class='ocr_line' id='line_1_42' title="bbox 417 2369 1158 2414; baseline 0.003 -13"><span class='ocrx_word' id='word_1_216' title='bbox 417 2369 512 2402; x_wconf 81' lang='lat' dir='ltr'>officii</span> <span class='ocrx_word' id='word_1_217' title='bbox 539 2371 691 2413; x_wconf 73' lang='lat' dir='ltr'>vocisque</span> <span class='ocrx_word' id='word_1_218' title='bbox 717 2371 837 2403; x_wconf 79' lang='lat' dir='ltr'>activae</span> <span class='ocrx_word' id='word_1_219' title='bbox 860 2377 891 2403; x_wconf 86' lang='lat' dir='ltr'>et</span> <span class='ocrx_word' id='word_1_220' title='bbox 910 2371 1053 2413; x_wconf 82' lang='lat' dir='ltr'>passivae</span> <span class='ocrx_word' id='word_1_221' title='bbox 1079 2381 1158 2414; x_wconf 88' lang='lat' dir='ltr'>poe-</span> 
     </span>
     <span class='ocr_line' id='line_1_43' title="bbox 417 2422 1157 2465; baseline 0.004 -11"><span class='ocrx_word' id='word_1_222' title='bbox 417 2422 465 2454; x_wconf 81' lang='lat' dir='ltr'>nis</span> <span class='ocrx_word' id='word_1_223' title='bbox 499 2434 536 2454; x_wconf 85' lang='lat' dir='ltr'>eo</span> <span class='ocrx_word' id='word_1_224' title='bbox 575 2422 645 2465; x_wconf 82' lang='lat' dir='ltr'>ipso</span> <span class='ocrx_word' id='word_1_225' title='bbox 678 2423 907 2464; x_wconf 80' lang='lat' dir='ltr'>inctu&#39;rendis‚</span> <span class='ocrx_word' id='word_1_226' title='bbox 936 2425 1055 2457; x_wconf 83' lang='lat' dir='ltr'>dilecto</span> <span class='ocrx_word' id='word_1_227' title='bbox 1094 2424 1157 2457; x_wconf 77' lang='lat' dir='ltr'>filio</span> 
     </span>
     <span class='ocr_line' id='line_1_44' title="bbox 418 2475 1156 2520; baseline 0.005 -15"><span class='ocrx_word' id='word_1_228' title='bbox 418 2475 518 2517; x_wconf 91' lang='lat' dir='ltr'>priori</span> <span class='ocrx_word' id='word_1_229' title='bbox 546 2475 735 2517; x_wconf 73' lang='lat' dir='ltr'>pt&#39;ovinriali</span> <span class='ocrx_word' id='word_1_230' title='bbox 762 2476 862 2508; x_wconf 85' lang='lat' dir='ltr'>dietae</span> <span class='ocrx_word' id='word_1_231' title='bbox 887 2477 1085 2520; x_wconf 81' lang='lat' dir='ltr'>provinciae,</span> <span class='ocrx_word' id='word_1_232' title='bbox 1112 2482 1156 2516; x_wconf 83' lang='lat' dir='ltr'>ut,</span> 
     </span>
     <span class='ocr_line' id='line_1_45' title="bbox 419 2527 1158 2571; baseline 0.007 -13"><span class='ocrx_word' id='word_1_233' title='bbox 419 2527 658 2571; x_wconf 79' lang='lat' dir='ltr'>quamprimum</span> <span class='ocrx_word' id='word_1_234' title='bbox 697 2535 885 2571; x_wconf 70' lang='lat' dir='ltr'>praesentes</span> <span class='ocrx_word' id='word_1_235' title='bbox 912 2536 1042 2563; x_wconf 84' lang='lat' dir='ltr'>nostrae</span> <span class='ocrx_word' id='word_1_236' title='bbox 1074 2530 1158 2563; x_wconf 88' lang='lat' dir='ltr'>litte-</span> 
     </span>
     <span class='ocr_line' id='line_1_46' title="bbox 454 2589 1099 2627; baseline 0.005 -11"><span class='ocrx_word' id='word_1_237' title='bbox 454 2592 463 2616; x_wconf 79' lang='grc'>1</span> <span class='ocrx_word' id='word_1_238' title='bbox 488 2589 553 2617; x_wconf 76' lang='lat' dir='ltr'>Male</span> <span class='ocrx_word' id='word_1_239' title='bbox 575 2589 638 2617; x_wconf 86' lang='lat' dir='ltr'>edit.</span> <span class='ocrx_word' id='word_1_240' title='bbox 662 2590 739 2617; x_wconf 66' lang='lat' dir='ltr'>llain.</span> <span class='ocrx_word' id='word_1_241' title='bbox 762 2591 825 2626; x_wconf 81' lang='lat' dir='ltr'>legit</span> <span class='ocrx_word' id='word_1_242' title='bbox 846 2592 975 2619; x_wconf 78' lang='lat' dir='ltr'>eiusdem</span> <span class='ocrx_word' id='word_1_243' title='bbox 994 2593 1032 2627; x_wconf 77' lang='lat' dir='ltr'>(n.</span> <span class='ocrx_word' id='word_1_244' title='bbox 1051 2593 1099 2627; x_wconf 82' lang='grc' dir='ltr'>Τ.).</span> 
     </span>
    </p>
   </div>
   <div class='ocr_carea' id='block_1_3' title="bbox 994 191 1354 214">
    <p class='ocr_par' dir='ltr' id='par_1_3' title="bbox 994 191 1354 214">
     <span class='ocr_line' id='line_1_47' title="bbox 994 191 1354 214; baseline 0 0"><span class='ocrx_word' id='word_1_245' title='bbox 994 191 1170 214; x_wconf 44' lang='lat' dir='ltr'>ntssbtntntmt</span> <span class='ocrx_word' id='word_1_246' title='bbox 1199 191 1354 214; x_wconf 66' lang='lat' dir='ltr'><strong>UOMANL&#39;M</strong></span> 
     </span>
    </p>
   </div>
   <div class='ocr_carea' id='block_1_4' title="bbox 1167 250 1183 2585">
    <p class='ocr_par' dir='ltr' id='par_1_4' title="bbox 1167 250 1183 2585">
     <span class='ocr_line' id='line_1_48' title="bbox 1167 250 1183 2585; baseline 0 0"><span class='ocrx_word' id='word_1_247' title='bbox 1167 250 1183 2585; x_wconf 95' lang='lat' dir='ltr'> </span> 
     </span>
    </p>
   </div>
   <div class='ocr_carea' id='block_1_5' title="bbox 1189 238 1945 2627">
    <p class='ocr_par' dir='ltr' id='par_1_5' title="bbox 1189 238 1945 2627">
     <span class='ocr_line' id='line_1_49' title="bbox 1189 238 1928 282; baseline -0.003 -11"><span class='ocrx_word' id='word_1_248' title='bbox 1189 249 1242 271; x_wconf 84' lang='lat' dir='ltr'>rae</span> <span class='ocrx_word' id='word_1_249' title='bbox 1261 239 1298 271; x_wconf 87' lang='lat' dir='ltr'>ad</span> <span class='ocrx_word' id='word_1_250' title='bbox 1318 238 1385 272; x_wconf 87' lang='lat' dir='ltr'>eius</span> <span class='ocrx_word' id='word_1_251' title='bbox 1405 239 1551 272; x_wconf 83' lang='lat' dir='ltr'>notitiam</span> <span class='ocrx_word' id='word_1_252' title='bbox 1570 239 1792 282; x_wconf 77' lang='lat' dir='ltr'>pervenerint,</span> <span class='ocrx_word' id='word_1_253' title='bbox 1814 248 1928 271; x_wconf 85' lang='lat' dir='ltr'>omnes</span> 
     </span>
     <span class='ocr_line' id='line_1_50' title="bbox 1192 291 1926 335; baseline -0.003 -10"><span class='ocrx_word' id='word_1_254' title='bbox 1192 298 1221 325; x_wconf 84' lang='lat' dir='ltr'>et</span> <span class='ocrx_word' id='word_1_255' title='bbox 1247 293 1392 335; x_wconf 80' lang='lat' dir='ltr'>singulos</span> <span class='ocrx_word' id='word_1_256' title='bbox 1419 293 1532 326; x_wconf 80' lang='lat' dir='ltr'>fratres</span> <span class='ocrx_word' id='word_1_257' title='bbox 1558 293 1705 326; x_wconf 85' lang='lat' dir='ltr'>eiusdem</span> <span class='ocrx_word' id='word_1_258' title='bbox 1740 291 1926 335; x_wconf 81' lang='lat' dir='ltr'>provinciae</span> 
     </span>
     <span class='ocr_line' id='line_1_51' title="bbox 1191 345 1929 390; baseline -0.003 -11"><span class='ocrx_word' id='word_1_259' title='bbox 1191 347 1349 379; x_wconf 75' lang='lat' dir='ltr'>eiusmodi</span> <span class='ocrx_word' id='word_1_260' title='bbox 1372 347 1603 390; x_wconf 55' lang='lat' dir='ltr'>exemptiones,</span> <span class='ocrx_word' id='word_1_261' title='bbox 1627 345 1807 388; x_wconf 81' lang='lat' dir='ltr'>privilegia,</span> <span class='ocrx_word' id='word_1_262' title='bbox 1825 345 1929 377; x_wconf 88' lang='lat' dir='ltr'>indul-</span> 
     </span>
     <span class='ocr_line' id='line_1_52' title="bbox 1192 397 1929 443; baseline -0.005 -11"><span class='ocrx_word' id='word_1_263' title='bbox 1192 405 1234 436; x_wconf 86' lang='lat' dir='ltr'>ta‚</span> <span class='ocrx_word' id='word_1_264' title='bbox 1254 400 1499 443; x_wconf 73' lang='lat' dir='ltr'>praerogativas</span> <span class='ocrx_word' id='word_1_265' title='bbox 1519 405 1550 431; x_wconf 88' lang='lat' dir='ltr'>et</span> <span class='ocrx_word' id='word_1_266' title='bbox 1567 399 1787 431; x_wconf 83' lang='lat' dir='ltr'>immunitates</span> <span class='ocrx_word' id='word_1_267' title='bbox 1810 397 1929 430; x_wconf 85' lang='lat' dir='ltr'>baben-</span> 
     </span>
     <span class='ocr_line' id='line_1_53' title="bbox 1192 450 1931 495; baseline -0.004 -10"><span class='ocrx_word' id='word_1_268' title='bbox 1192 458 1247 492; x_wconf 83' lang='lat' dir='ltr'>tes,</span> <span class='ocrx_word' id='word_1_269' title='bbox 1264 453 1327 485; x_wconf 80' lang='lat' dir='ltr'>illis</span> <span class='ocrx_word' id='word_1_270' title='bbox 1345 463 1382 484; x_wconf 82' lang='lat' dir='ltr'>eo</span> <span class='ocrx_word' id='word_1_271' title='bbox 1398 453 1470 495; x_wconf 87' lang='lat' dir='ltr'>ipso</span> <span class='ocrx_word' id='word_1_272' title='bbox 1486 452 1628 495; x_wconf 83' lang='lat' dir='ltr'>privatos</span> <span class='ocrx_word' id='word_1_273' title='bbox 1643 456 1674 483; x_wconf 89' lang='lat' dir='ltr'>et</span> <span class='ocrx_word' id='word_1_274' title='bbox 1688 450 1844 493; x_wconf 81' lang='lat' dir='ltr'>spoliatos</span> <span class='ocrx_word' id='word_1_275' title='bbox 1860 460 1931 482; x_wconf 84' lang='lat' dir='ltr'>esse</span> 
     </span>
     <span class='ocr_line' id='line_1_54' title="bbox 1191 503 1931 548; baseline -0.004 -10"><span class='ocrx_word' id='word_1_276' title='bbox 1191 506 1349 546; x_wconf 78' lang='lat' dir='ltr'>declaret,</span> <span class='ocrx_word' id='word_1_277' title='bbox 1377 516 1435 538; x_wconf 87' lang='lat' dir='ltr'>nec</span> <span class='ocrx_word' id='word_1_278' title='bbox 1461 515 1656 548; x_wconf 82' lang='lat' dir='ltr'>quemquam</span> <span class='ocrx_word' id='word_1_279' title='bbox 1683 503 1748 536; x_wconf 92' lang='lat' dir='ltr'>illis</span> <span class='ocrx_word' id='word_1_280' title='bbox 1773 504 1819 535; x_wconf 88' lang='lat' dir='ltr'>uti</span> <span class='ocrx_word' id='word_1_281' title='bbox 1845 504 1931 536; x_wconf 81' lang='lat' dir='ltr'>sinat</span> 
     </span>
     <span class='ocr_line' id='line_1_55' title="bbox 1191 556 1928 602; baseline -0.005 -10"><span class='ocrx_word' id='word_1_282' title='bbox 1191 560 1240 592; x_wconf 81' lang='lat' dir='ltr'>vel</span> <span class='ocrx_word' id='word_1_283' title='bbox 1267 560 1445 602; x_wconf 86' lang='lat' dir='ltr'>permittat,</span> <span class='ocrx_word' id='word_1_284' title='bbox 1466 557 1693 591; x_wconf 81' lang='lat' dir='ltr'>inobedientes</span> <span class='ocrx_word' id='word_1_285' title='bbox 1713 556 1875 599; x_wconf 85' lang='lat' dir='ltr'>quoslibet</span> <span class='ocrx_word' id='word_1_286' title='bbox 1897 562 1928 588; x_wconf 88' lang='lat' dir='ltr'>et</span> 
     </span>
     <span class='ocr_line' id='line_1_56' title="bbox 1191 610 1930 654; baseline -0.004 -10"><span class='ocrx_word' id='word_1_287' title='bbox 1191 613 1331 645; x_wconf 85' lang='lat' dir='ltr'>rebelles</span> <span class='ocrx_word' id='word_1_288' title='bbox 1353 612 1546 654; x_wconf 76' lang='lat' dir='ltr'>opportunis</span> <span class='ocrx_word' id='word_1_289' title='bbox 1573 610 1652 642; x_wconf 89' lang='lat' dir='ltr'>iuris</span> <span class='ocrx_word' id='word_1_290' title='bbox 1679 616 1709 642; x_wconf 84' lang='lat' dir='ltr'>et</span> <span class='ocrx_word' id='word_1_291' title='bbox 1735 610 1809 642; x_wconf 82' lang='lat' dir='ltr'>sacti</span> <span class='ocrx_word' id='word_1_292' title='bbox 1827 619 1930 642; x_wconf 88' lang='lat' dir='ltr'>reme-</span> 
     </span>
     <span class='ocr_line' id='line_1_57' title="bbox 1191 662 1933 707; baseline -0.003 -10"><span class='ocrx_word' id='word_1_293' title='bbox 1191 666 1252 698; x_wconf 88' lang='lat' dir='ltr'>diis</span> <span class='ocrx_word' id='word_1_294' title='bbox 1279 666 1364 698; x_wconf 67' lang='lat' dir='ltr'>iuxta</span> <span class='ocrx_word' id='word_1_295' title='bbox 1390 664 1550 707; x_wconf 82' lang='lat' dir='ltr'>regularia</span> <span class='ocrx_word' id='word_1_296' title='bbox 1586 663 1771 706; x_wconf 83' lang='lat' dir='ltr'>provinciae</span> <span class='ocrx_word' id='word_1_297' title='bbox 1797 667 1829 696; x_wconf 81' lang='lat' dir='ltr'>et</span> <span class='ocrx_word' id='word_1_298' title='bbox 1853 662 1933 695; x_wconf 90' lang='lat' dir='ltr'>Con-</span> 
     </span>
     <span class='ocr_line' id='line_1_58' title="bbox 1191 716 1933 762; baseline -0.004 -11"><span class='ocrx_word' id='word_1_299' title='bbox 1191 719 1392 762; x_wconf 79' lang='lat' dir='ltr'>gregationis</span> <span class='ocrx_word' id='word_1_300' title='bbox 1418 718 1658 761; x_wconf 85' lang='lat' dir='ltr'>praedictarum</span> <span class='ocrx_word' id='word_1_301' title='bbox 1684 722 1817 758; x_wconf 84' lang='lat' dir='ltr'>statuta,</span> <span class='ocrx_word' id='word_1_302' title='bbox 1844 716 1933 749; x_wconf 87' lang='lat' dir='ltr'>omni</span> 
     </span>
     <span class='ocr_line' id='line_1_59' title="bbox 1193 770 1934 816; baseline -0.007 -10"><span class='ocrx_word' id='word_1_303' title='bbox 1193 778 1223 806; x_wconf 87' lang='lat' dir='ltr'>et</span> <span class='ocrx_word' id='word_1_304' title='bbox 1248 782 1449 816; x_wconf 82' lang='lat' dir='ltr'>quacumque</span> <span class='ocrx_word' id='word_1_305' title='bbox 1476 771 1711 814; x_wconf 81' lang='lat' dir='ltr'>appellatione,</span> <span class='ocrx_word' id='word_1_306' title='bbox 1731 770 1934 803; x_wconf 85' lang='lat' dir='ltr'>reclamatio-</span> 
     </span>
     <span class='ocr_line' id='line_1_60' title="bbox 1192 823 1907 867; baseline -0.006 -8"><span class='ocrx_word' id='word_1_307' title='bbox 1192 837 1231 859; x_wconf 90' lang='lat' dir='ltr'>ne</span> <span class='ocrx_word' id='word_1_308' title='bbox 1259 832 1290 858; x_wconf 88' lang='lat' dir='ltr'>et</span> <span class='ocrx_word' id='word_1_309' title='bbox 1315 836 1446 857; x_wconf 87' lang='lat' dir='ltr'>recursu</span> <span class='ocrx_word' id='word_1_310' title='bbox 1473 824 1625 864; x_wconf 77' lang='lat' dir='ltr'>remotis,</span> <span class='ocrx_word' id='word_1_311' title='bbox 1653 823 1907 867; x_wconf 81' lang='lat' dir='ltr'>compescendo.</span> 
     </span>
     <span class='ocr_line' id='line_1_61' title="bbox 1236 876 1935 922; baseline -0.004 -11"><span class='ocrx_word' id='word_1_312' title='bbox 1236 880 1250 922; x_wconf 62' lang='grc' dir='ltr'><strong>ξ</strong></span> <span class='ocrx_word' id='word_1_313' title='bbox 1276 879 1307 911; x_wconf 60' lang='lat' dir='ltr'>li.</span> <span class='ocrx_word' id='word_1_314' title='bbox 1335 878 1404 911; x_wconf 80' lang='lat' dir='ltr'>Non</span> <span class='ocrx_word' id='word_1_315' title='bbox 1431 878 1637 911; x_wconf 87' lang='lat' dir='ltr'>obstantibus</span> <span class='ocrx_word' id='word_1_316' title='bbox 1668 876 1872 920; x_wconf 83' lang='lat' dir='ltr'>praemissis,</span> <span class='ocrx_word' id='word_1_317' title='bbox 1900 886 1935 908; x_wconf 86' lang='lat' dir='ltr'>ac</span> 
     </span>
     <span class='ocr_line' id='line_1_62' title="bbox 1193 930 1936 976; baseline -0.001 -13"><span class='ocrx_word' id='word_1_318' title='bbox 1193 933 1360 976; x_wconf 73' lang='lat' dir='ltr'>quibusvis</span> <span class='ocrx_word' id='word_1_319' title='bbox 1386 931 1503 965; x_wconf 86' lang='lat' dir='ltr'>litteris</span> <span class='ocrx_word' id='word_1_320' title='bbox 1537 930 1727 974; x_wconf 84' lang='lat' dir='ltr'>apostolicis</span> <span class='ocrx_word' id='word_1_321' title='bbox 1753 940 1855 973; x_wconf 80' lang='lat' dir='ltr'>supet·</span> <span class='ocrx_word' id='word_1_322' title='bbox 1880 930 1936 963; x_wconf 88' lang='lat' dir='ltr'>ob-</span> 
     </span>
     <span class='ocr_line' id='line_1_63' title="bbox 1193 982 1936 1028; baseline -0.004 -11"><span class='ocrx_word' id='word_1_323' title='bbox 1193 985 1374 1018; x_wconf 81' lang='lat' dir='ltr'>servatione</span> <span class='ocrx_word' id='word_1_324' title='bbox 1393 984 1652 1028; x_wconf 84' lang='lat' dir='ltr'>exemptionum,</span> <span class='ocrx_word' id='word_1_325' title='bbox 1680 982 1936 1026; x_wconf 79' lang='lat' dir='ltr'>privilegiorum,</span> 
     </span>
     <span class='ocr_line' id='line_1_64' title="bbox 1193 1035 1936 1080; baseline -0.004 -10"><span class='ocrx_word' id='word_1_326' title='bbox 1193 1039 1412 1076; x_wconf 87' lang='lat' dir='ltr'>indultorum,</span> <span class='ocrx_word' id='word_1_327' title='bbox 1439 1037 1737 1080; x_wconf 78' lang='lat' dir='ltr'>praerogativarum</span> <span class='ocrx_word' id='word_1_328' title='bbox 1765 1040 1796 1068; x_wconf 84' lang='lat' dir='ltr'>et</span> <span class='ocrx_word' id='word_1_329' title='bbox 1819 1035 1936 1068; x_wconf 87' lang='lat' dir='ltr'>immu-</span> 
     </span>
     <span class='ocr_line' id='line_1_65' title="bbox 1194 1087 1937 1132; baseline -0.003 -9"><span class='ocrx_word' id='word_1_330' title='bbox 1194 1091 1330 1124; x_wconf 85' lang='lat' dir='ltr'>nitatum</span> <span class='ocrx_word' id='word_1_331' title='bbox 1368 1090 1553 1123; x_wconf 80' lang='lat' dir='ltr'>huiusmodi</span> <span class='ocrx_word' id='word_1_332' title='bbox 1591 1089 1767 1128; x_wconf 80' lang='lat' dir='ltr'>emanatis,</span> <span class='ocrx_word' id='word_1_333' title='bbox 1799 1087 1937 1132; x_wconf 78' lang='lat' dir='ltr'>aliisque</span> 
     </span>
     <span class='ocr_line' id='line_1_66' title="bbox 1194 1142 1938 1185; baseline -0.007 -7"><span class='ocrx_word' id='word_1_334' title='bbox 1194 1144 1479 1178; x_wconf 80' lang='lat' dir='ltr'>constitutionibus</span> <span class='ocrx_word' id='word_1_335' title='bbox 1513 1149 1544 1176; x_wconf 84' lang='lat' dir='ltr'>et</span> <span class='ocrx_word' id='word_1_336' title='bbox 1574 1142 1834 1176; x_wconf 81' lang='lat' dir='ltr'>ordinationibus</span> <span class='ocrx_word' id='word_1_337' title='bbox 1859 1152 1938 1185; x_wconf 86' lang='lat' dir='ltr'>apo-</span> 
     </span>
     <span class='ocr_line' id='line_1_67' title="bbox 1195 1194 1938 1240; baseline -0.003 -11"><span class='ocrx_word' id='word_1_338' title='bbox 1195 1197 1335 1236; x_wconf 85' lang='lat' dir='ltr'>stolicis,</span> <span class='ocrx_word' id='word_1_339' title='bbox 1370 1207 1495 1229; x_wconf 78' lang='lat' dir='ltr'>necnon</span> <span class='ocrx_word' id='word_1_340' title='bbox 1530 1195 1715 1240; x_wconf 86' lang='lat' dir='ltr'>provinciae</span> <span class='ocrx_word' id='word_1_341' title='bbox 1741 1201 1772 1228; x_wconf 89' lang='lat' dir='ltr'>et</span> <span class='ocrx_word' id='word_1_342' title='bbox 1795 1194 1938 1237; x_wconf 85' lang='lat' dir='ltr'>Congre-</span> 
     </span>
     <span class='ocr_line' id='line_1_68' title="bbox 1194 1249 1935 1293; baseline -0.003 -11"><span class='ocrx_word' id='word_1_343' title='bbox 1194 1250 1332 1293; x_wconf 81' lang='lat' dir='ltr'>gationis</span> <span class='ocrx_word' id='word_1_344' title='bbox 1357 1250 1611 1293; x_wconf 85' lang='lat' dir='ltr'>praedictarum,</span> <span class='ocrx_word' id='word_1_345' title='bbox 1630 1249 1727 1281; x_wconf 88' lang='lat' dir='ltr'>etiam</span> <span class='ocrx_word' id='word_1_346' title='bbox 1746 1249 1935 1287; x_wconf 78' lang='lat' dir='ltr'>iuramento,</span> 
     </span>
     <span class='ocr_line' id='line_1_69' title="bbox 1195 1301 1938 1346; baseline -0.004 -10"><span class='ocrx_word' id='word_1_347' title='bbox 1195 1304 1443 1337; x_wconf 79' lang='lat' dir='ltr'>confirmatione</span> <span class='ocrx_word' id='word_1_348' title='bbox 1468 1302 1661 1346; x_wconf 72' lang='lat' dir='ltr'>apostoliea,</span> <span class='ocrx_word' id='word_1_349' title='bbox 1679 1302 1727 1334; x_wconf 85' lang='lat' dir='ltr'>vel</span> <span class='ocrx_word' id='word_1_350' title='bbox 1755 1302 1868 1346; x_wconf 86' lang='lat' dir='ltr'>quavis</span> <span class='ocrx_word' id='word_1_351' title='bbox 1886 1301 1938 1334; x_wconf 79' lang='lat' dir='ltr'>tir-</span> 
     </span>
     <span class='ocr_line' id='line_1_70' title="bbox 1195 1355 1939 1396; baseline -0.003 -6"><span class='ocrx_word' id='word_1_352' title='bbox 1195 1358 1304 1390; x_wconf 86' lang='lat' dir='ltr'>mitate</span> <span class='ocrx_word' id='word_1_353' title='bbox 1324 1357 1386 1389; x_wconf 73' lang='lat' dir='ltr'>alia</span> <span class='ocrx_word' id='word_1_354' title='bbox 1404 1356 1577 1396; x_wconf 84' lang='lat' dir='ltr'>roboratis,</span> <span class='ocrx_word' id='word_1_355' title='bbox 1596 1355 1722 1388; x_wconf 84' lang='lat' dir='ltr'>statutis</span> <span class='ocrx_word' id='word_1_356' title='bbox 1747 1362 1777 1388; x_wconf 91' lang='lat' dir='ltr'>et</span> <span class='ocrx_word' id='word_1_357' title='bbox 1802 1365 1939 1388; x_wconf 85' lang='lat' dir='ltr'>eonsue-</span> 
     </span>
     <span class='ocr_line' id='line_1_71' title="bbox 1197 1409 1939 1454; baseline -0.005 -10"><span class='ocrx_word' id='word_1_358' title='bbox 1197 1411 1371 1450; x_wconf 72' lang='lat' dir='ltr'>tudinibus,</span> <span class='ocrx_word' id='word_1_359' title='bbox 1390 1410 1571 1454; x_wconf 75' lang='lat' dir='ltr'>privilegiis</span> <span class='ocrx_word' id='word_1_360' title='bbox 1591 1420 1733 1453; x_wconf 85' lang='lat' dir='ltr'>quoque,</span> <span class='ocrx_word' id='word_1_361' title='bbox 1752 1409 1887 1442; x_wconf 89' lang='lat' dir='ltr'>indultis</span> <span class='ocrx_word' id='word_1_362' title='bbox 1907 1414 1939 1441; x_wconf 89' lang='lat' dir='ltr'>et</span> 
     </span>
     <span class='ocr_line' id='line_1_72' title="bbox 1196 1462 1937 1507; baseline -0.003 -10"><span class='ocrx_word' id='word_1_363' title='bbox 1196 1470 1228 1497; x_wconf 86' lang='lat' dir='ltr'>et</span> <span class='ocrx_word' id='word_1_364' title='bbox 1252 1464 1369 1497; x_wconf 83' lang='lat' dir='ltr'>litteris</span> <span class='ocrx_word' id='word_1_365' title='bbox 1387 1464 1582 1507; x_wconf 77' lang='lat' dir='ltr'>apostolicis,</span> <span class='ocrx_word' id='word_1_366' title='bbox 1603 1462 1787 1506; x_wconf 83' lang='lat' dir='ltr'>quibusvis⁴</span> <span class='ocrx_word' id='word_1_367' title='bbox 1805 1462 1937 1506; x_wconf 88' lang='lat' dir='ltr'>provin-</span> 
     </span>
     <span class='ocr_line' id='line_1_73' title="bbox 1196 1516 1939 1560; baseline -0.003 -9"><span class='ocrx_word' id='word_1_368' title='bbox 1196 1519 1264 1551; x_wconf 81' lang='lat' dir='ltr'>eiae</span> <span class='ocrx_word' id='word_1_369' title='bbox 1280 1517 1551 1560; x_wconf 65' lang='lat' dir='ltr'>CongregatIOnis</span> <span class='ocrx_word' id='word_1_370' title='bbox 1571 1516 1810 1559; x_wconf 85' lang='lat' dir='ltr'>praedictarum</span> <span class='ocrx_word' id='word_1_371' title='bbox 1830 1516 1939 1549; x_wconf 85' lang='lat' dir='ltr'>huius-</span> 
     </span>
     <span class='ocr_line' id='line_1_74' title="bbox 1196 1570 1939 1614; baseline -0.004 -10"><span class='ocrx_word' id='word_1_372' title='bbox 1196 1572 1283 1604; x_wconf 88' lang='lat' dir='ltr'>modi</span> <span class='ocrx_word' id='word_1_373' title='bbox 1302 1571 1526 1614; x_wconf 87' lang='lat' dir='ltr'>superioribns</span> <span class='ocrx_word' id='word_1_374' title='bbox 1553 1576 1584 1603; x_wconf 90' lang='lat' dir='ltr'>et</span> <span class='ocrx_word' id='word_1_375' title='bbox 1609 1570 1772 1613; x_wconf 81' lang='lat' dir='ltr'>personiS,</span> <span class='ocrx_word' id='word_1_376' title='bbox 1791 1570 1852 1602; x_wconf 83' lang='lat' dir='ltr'>sub</span> <span class='ocrx_word' id='word_1_377' title='bbox 1870 1570 1939 1612; x_wconf 87' lang='lat' dir='ltr'>qui-</span> 
     </span>
     <span class='ocr_line' id='line_1_75' title="bbox 1196 1623 1939 1667; baseline -0.004 -10"><span class='ocrx_word' id='word_1_378' title='bbox 1196 1626 1397 1667; x_wconf 84' lang='lat' dir='ltr'>buscumque</span> <span class='ocrx_word' id='word_1_379' title='bbox 1423 1625 1597 1657; x_wconf 85' lang='lat' dir='ltr'>verborum</span> <span class='ocrx_word' id='word_1_380' title='bbox 1623 1623 1790 1655; x_wconf 83' lang='lat' dir='ltr'>tenoribus</span> <span class='ocrx_word' id='word_1_381' title='bbox 1815 1627 1846 1655; x_wconf 87' lang='lat' dir='ltr'>et</span> <span class='ocrx_word' id='word_1_382' title='bbox 1876 1623 1939 1655; x_wconf 81' lang='lat' dir='ltr'>sor-</span> 
     </span>
     <span class='ocr_line' id='line_1_76' title="bbox 1196 1676 1939 1720; baseline -0.004 -8"><span class='ocrx_word' id='word_1_383' title='bbox 1196 1679 1266 1720; x_wconf 78' lang='lat' dir='ltr'>mis,</span> <span class='ocrx_word' id='word_1_384' title='bbox 1282 1690 1318 1712; x_wconf 81' lang='lat' dir='ltr'>ae</span> <span class='ocrx_word' id='word_1_385' title='bbox 1336 1689 1407 1712; x_wconf 82' lang='lat' dir='ltr'>cuni</span> <span class='ocrx_word' id='word_1_386' title='bbox 1427 1678 1591 1720; x_wconf 82' lang='lat' dir='ltr'>quibusvis</span> <span class='ocrx_word' id='word_1_387' title='bbox 1611 1678 1706 1710; x_wconf 87' lang='lat' dir='ltr'>etiam</span> <span class='ocrx_word' id='word_1_388' title='bbox 1722 1676 1939 1719; x_wconf 82' lang='lat' dir='ltr'>derogatoria-</span> 
     </span>
     <span class='ocr_line' id='line_1_77' title="bbox 1197 1729 1938 1774; baseline -0.004 -9"><span class='ocrx_word' id='word_1_389' title='bbox 1197 1744 1264 1765; x_wconf 89' lang='lat' dir='ltr'>rum</span> <span class='ocrx_word' id='word_1_390' title='bbox 1283 1731 1508 1774; x_wconf 76' lang='lat' dir='ltr'>derogatoriis,</span> <span class='ocrx_word' id='word_1_391' title='bbox 1530 1731 1665 1773; x_wconf 83' lang='lat' dir='ltr'>aliisque</span> <span class='ocrx_word' id='word_1_392' title='bbox 1692 1729 1938 1770; x_wconf 84' lang='lat' dir='ltr'>efficacioribus,</span> 
     </span>
     <span class='ocr_line' id='line_1_78' title="bbox 1197 1783 1940 1824; baseline -0.004 -5"><span class='ocrx_word' id='word_1_393' title='bbox 1197 1786 1427 1820; x_wconf 72' lang='lat' dir='ltr'>efficacissin&#39;iis</span> <span class='ocrx_word' id='word_1_394' title='bbox 1453 1790 1484 1817; x_wconf 87' lang='lat' dir='ltr'>et</span> <span class='ocrx_word' id='word_1_395' title='bbox 1509 1784 1646 1816; x_wconf 85' lang='lat' dir='ltr'>insolitis</span> <span class='ocrx_word' id='word_1_396' title='bbox 1672 1783 1842 1824; x_wconf 81' lang='lat' dir='ltr'>clausulis,</span> <span class='ocrx_word' id='word_1_397' title='bbox 1868 1783 1940 1816; x_wconf 84' lang='lat' dir='ltr'>irri-</span> 
     </span>
     <span class='ocr_line' id='line_1_79' title="bbox 1198 1837 1941 1882; baseline -0.004 -10"><span class='ocrx_word' id='word_1_398' title='bbox 1198 1839 1405 1882; x_wconf 82' lang='lat' dir='ltr'>tantibusque</span> <span class='ocrx_word' id='word_1_399' title='bbox 1432 1844 1463 1871; x_wconf 90' lang='lat' dir='ltr'>et</span> <span class='ocrx_word' id='word_1_400' title='bbox 1488 1837 1557 1870; x_wconf 85' lang='lat' dir='ltr'>aliis</span> <span class='ocrx_word' id='word_1_401' title='bbox 1584 1837 1733 1876; x_wconf 83' lang='lat' dir='ltr'>decretis,</span> <span class='ocrx_word' id='word_1_402' title='bbox 1756 1837 1786 1869; x_wconf 89' lang='lat' dir='ltr'>in</span> <span class='ocrx_word' id='word_1_403' title='bbox 1813 1841 1941 1870; x_wconf 86' lang='lat' dir='ltr'>contra-</span> 
     </span>
     <span class='ocr_line' id='line_1_80' title="bbox 1197 1890 1941 1935; baseline -0.004 -10"><span class='ocrx_word' id='word_1_404' title='bbox 1197 1893 1280 1925; x_wconf 88' lang='lat' dir='ltr'>rium</span> <span class='ocrx_word' id='word_1_405' title='bbox 1306 1890 1557 1935; x_wconf 82' lang='lat' dir='ltr'>praemissorum</span> <span class='ocrx_word' id='word_1_406' title='bbox 1593 1890 1841 1933; x_wconf 80' lang='lat' dir='ltr'>quomodolibet</span> <span class='ocrx_word' id='word_1_407' title='bbox 1864 1900 1941 1922; x_wconf 81' lang='lat' dir='ltr'>con—</span> 
     </span>
     <span class='ocr_line' id='line_1_81' title="bbox 1198 1942 1941 1986; baseline -0.003 -9"><span class='ocrx_word' id='word_1_408' title='bbox 1198 1944 1309 1985; x_wconf 80' lang='lat' dir='ltr'>cessis,</span> <span class='ocrx_word' id='word_1_409' title='bbox 1335 1943 1533 1977; x_wconf 79' lang='lat' dir='ltr'>contirmatis</span> <span class='ocrx_word' id='word_1_410' title='bbox 1560 1949 1591 1976; x_wconf 87' lang='lat' dir='ltr'>et</span> <span class='ocrx_word' id='word_1_411' title='bbox 1616 1942 1796 1983; x_wconf 69' lang='lat' dir='ltr'>innovatis,</span> <span class='ocrx_word' id='word_1_412' title='bbox 1824 1942 1941 1986; x_wconf 85' lang='lat' dir='ltr'>quibus</span> 
     </span>
     <span class='ocr_line' id='line_1_82' title="bbox 1199 1997 1941 2040; baseline -0.005 -9"><span class='ocrx_word' id='word_1_413' title='bbox 1199 1998 1349 2031; x_wconf 87' lang='lat' dir='ltr'>omnibus</span> <span class='ocrx_word' id='word_1_414' title='bbox 1365 2004 1395 2030; x_wconf 90' lang='lat' dir='ltr'>et</span> <span class='ocrx_word' id='word_1_415' title='bbox 1410 1997 1554 2040; x_wconf 78' lang='lat' dir='ltr'>singulis,</span> <span class='ocrx_word' id='word_1_416' title='bbox 1585 1997 1711 2030; x_wconf 86' lang='lat' dir='ltr'>etiamsi</span> <span class='ocrx_word' id='word_1_417' title='bbox 1731 2007 1790 2040; x_wconf 90' lang='lat' dir='ltr'>pro</span> <span class='ocrx_word' id='word_1_418' title='bbox 1810 1997 1941 2030; x_wconf 88' lang='lat' dir='ltr'>illorum</span> 
     </span>
     <span class='ocr_line' id='line_1_83' title="bbox 1199 2050 1942 2093; baseline 0 -10"><span class='ocrx_word' id='word_1_419' title='bbox 1199 2050 1370 2084; x_wconf 80' lang='lat' dir='ltr'>sufficienti</span> <span class='ocrx_word' id='word_1_420' title='bbox 1397 2051 1610 2093; x_wconf 74' lang='lat' dir='ltr'>derogatione</span> <span class='ocrx_word' id='word_1_421' title='bbox 1647 2050 1685 2083; x_wconf 90' lang='lat' dir='ltr'>de</span> <span class='ocrx_word' id='word_1_422' title='bbox 1722 2050 1787 2083; x_wconf 90' lang='lat' dir='ltr'>illis</span> <span class='ocrx_word' id='word_1_423' title='bbox 1812 2060 1942 2083; x_wconf 87' lang='lat' dir='ltr'>eorum-</span> 
     </span>
     <span class='ocr_line' id='line_1_84' title="bbox 1200 2102 1939 2148; baseline -0.001 -12"><span class='ocrx_word' id='word_1_424' title='bbox 1200 2115 1262 2148; x_wconf 87' lang='lat' dir='ltr'>que</span> <span class='ocrx_word' id='word_1_425' title='bbox 1289 2103 1362 2136; x_wconf 84' lang='lat' dir='ltr'>totis</span> <span class='ocrx_word' id='word_1_426' title='bbox 1388 2103 1555 2136; x_wconf 90' lang='lat' dir='ltr'>tenoribus</span> <span class='ocrx_word' id='word_1_427' title='bbox 1581 2103 1751 2146; x_wconf 86' lang='lat' dir='ltr'>specialis,</span> <span class='ocrx_word' id='word_1_428' title='bbox 1777 2102 1939 2146; x_wconf 81' lang='lat' dir='ltr'>specifica,</span> 
     </span>
     <span class='ocr_line' id='line_1_85' title="bbox 1201 2155 1942 2200; baseline -0.001 -11"><span class='ocrx_word' id='word_1_429' title='bbox 1201 2167 1353 2200; x_wconf 77' lang='lat' dir='ltr'>expressa</span> <span class='ocrx_word' id='word_1_430' title='bbox 1379 2161 1410 2189; x_wconf 87' lang='lat' dir='ltr'>et</span> <span class='ocrx_word' id='word_1_431' title='bbox 1435 2156 1619 2197; x_wconf 88' lang='lat' dir='ltr'>individua,</span> <span class='ocrx_word' id='word_1_432' title='bbox 1645 2166 1680 2189; x_wconf 87' lang='lat' dir='ltr'>ae</span> <span class='ocrx_word' id='word_1_433' title='bbox 1705 2156 1744 2189; x_wconf 87' lang='lat' dir='ltr'>de</span> <span class='ocrx_word' id='word_1_434' title='bbox 1771 2156 1871 2190; x_wconf 85' lang='lat' dir='ltr'>verbo</span> <span class='ocrx_word' id='word_1_435' title='bbox 1904 2155 1942 2189; x_wconf 83' lang='lat' dir='ltr'>ad</span> 
     </span>
     <span class='ocr_line' id='line_1_86' title="bbox 1200 2209 1943 2252; baseline -0.003 -9"><span class='ocrx_word' id='word_1_436' title='bbox 1200 2211 1359 2249; x_wconf 85' lang='lat' dir='ltr'>verbum,</span> <span class='ocrx_word' id='word_1_437' title='bbox 1394 2220 1460 2242; x_wconf 92' lang='lat' dir='ltr'>non</span> <span class='ocrx_word' id='word_1_438' title='bbox 1494 2214 1601 2242; x_wconf 86' lang='lat' dir='ltr'>autem</span> <span class='ocrx_word' id='word_1_439' title='bbox 1627 2219 1684 2252; x_wconf 86' lang='lat' dir='ltr'>per</span> <span class='ocrx_word' id='word_1_440' title='bbox 1710 2209 1867 2241; x_wconf 85' lang='lat' dir='ltr'>clausulas</span> <span class='ocrx_word' id='word_1_441' title='bbox 1893 2218 1943 2252; x_wconf 84' lang='lat' dir='ltr'>ge-</span> 
     </span>
     <span class='ocr_line' id='line_1_87' title="bbox 1201 2262 1942 2305; baseline -0.003 -9"><span class='ocrx_word' id='word_1_442' title='bbox 1201 2265 1326 2296; x_wconf 87' lang='lat' dir='ltr'>nerales</span> <span class='ocrx_word' id='word_1_443' title='bbox 1354 2262 1438 2295; x_wconf 89' lang='lat' dir='ltr'>idem</span> <span class='ocrx_word' id='word_1_444' title='bbox 1471 2262 1704 2305; x_wconf 87' lang='lat' dir='ltr'>importantes,</span> <span class='ocrx_word' id='word_1_445' title='bbox 1730 2262 1853 2295; x_wconf 87' lang='lat' dir='ltr'>mentio</span> <span class='ocrx_word' id='word_1_446' title='bbox 1884 2272 1942 2295; x_wconf 85' lang='lat' dir='ltr'>seu</span> 
     </span>
     <span class='ocr_line' id='line_1_88' title="bbox 1202 2315 1945 2360; baseline -0.001 -11"><span class='ocrx_word' id='word_1_447' title='bbox 1202 2316 1334 2360; x_wconf 85' lang='lat' dir='ltr'>quaevis</span> <span class='ocrx_word' id='word_1_448' title='bbox 1371 2316 1432 2350; x_wconf 83' lang='lat' dir='ltr'>alia</span> <span class='ocrx_word' id='word_1_449' title='bbox 1473 2315 1642 2359; x_wconf 78' lang='lat' dir='ltr'>expressio</span> <span class='ocrx_word' id='word_1_450' title='bbox 1681 2315 1852 2356; x_wconf 86' lang='lat' dir='ltr'>habenda,</span> <span class='ocrx_word' id='word_1_451' title='bbox 1889 2320 1945 2348; x_wconf 81' lang='lat' dir='ltr'>aut</span> 
     </span>
     <span class='ocr_line' id='line_1_89' title="bbox 1202 2369 1943 2413; baseline -0.004 -10"><span class='ocrx_word' id='word_1_452' title='bbox 1202 2370 1311 2413; x_wconf 83' lang='lat' dir='ltr'>aliqua</span> <span class='ocrx_word' id='word_1_453' title='bbox 1337 2370 1399 2402; x_wconf 83' lang='lat' dir='ltr'>alia</span> <span class='ocrx_word' id='word_1_454' title='bbox 1425 2370 1584 2413; x_wconf 83' lang='lat' dir='ltr'>exquisita</span> <span class='ocrx_word' id='word_1_455' title='bbox 1609 2369 1710 2402; x_wconf 81' lang='lat' dir='ltr'>serina</span> <span class='ocrx_word' id='word_1_456' title='bbox 1728 2369 1767 2402; x_wconf 85' lang='lat' dir='ltr'>ad</span> <span class='ocrx_word' id='word_1_457' title='bbox 1789 2369 1852 2401; x_wconf 85' lang='lat' dir='ltr'>boc</span> <span class='ocrx_word' id='word_1_458' title='bbox 1876 2378 1943 2401; x_wconf 85' lang='lat' dir='ltr'>ser-</span> 
     </span>
     <span class='ocr_line' id='line_1_90' title="bbox 1201 2422 1941 2463; baseline -0.001 -7"><span class='ocrx_word' id='word_1_459' title='bbox 1201 2425 1305 2457; x_wconf 84' lang='lat' dir='ltr'>vanda</span> <span class='ocrx_word' id='word_1_460' title='bbox 1330 2424 1422 2463; x_wconf 84' lang='lat' dir='ltr'>soret,</span> <span class='ocrx_word' id='word_1_461' title='bbox 1441 2429 1572 2456; x_wconf 86' lang='lat' dir='ltr'>tenores</span> <span class='ocrx_word' id='word_1_462' title='bbox 1591 2423 1787 2463; x_wconf 82' lang='lat' dir='ltr'>huiusmodi,</span> <span class='ocrx_word' id='word_1_463' title='bbox 1807 2433 1842 2455; x_wconf 84' lang='lat' dir='ltr'>ac</span> <span class='ocrx_word' id='word_1_464' title='bbox 1859 2422 1885 2455; x_wconf 88' lang='lat' dir='ltr'>si</span> <span class='ocrx_word' id='word_1_465' title='bbox 1902 2423 1941 2455; x_wconf 90' lang='lat' dir='ltr'>de</span> 
     </span>
     <span class='ocr_line' id='line_1_91' title="bbox 1202 2475 1942 2519; baseline -0.003 -9"><span class='ocrx_word' id='word_1_466' title='bbox 1202 2478 1302 2510; x_wconf 86' lang='lat' dir='ltr'>verbo</span> <span class='ocrx_word' id='word_1_467' title='bbox 1328 2478 1366 2510; x_wconf 86' lang='lat' dir='ltr'>ad</span> <span class='ocrx_word' id='word_1_468' title='bbox 1393 2478 1543 2516; x_wconf 87' lang='lat' dir='ltr'>verbum,</span> <span class='ocrx_word' id='word_1_469' title='bbox 1569 2476 1651 2509; x_wconf 88' lang='lat' dir='ltr'>nibil</span> <span class='ocrx_word' id='word_1_470' title='bbox 1677 2476 1805 2519; x_wconf 80' lang='lat' dir='ltr'>penitus</span> <span class='ocrx_word' id='word_1_471' title='bbox 1822 2475 1942 2509; x_wconf 91' lang='lat' dir='ltr'>omisso</span> 
     </span>
     <span class='ocr_line' id='line_1_92' title="bbox 1203 2528 1944 2568; baseline -0.001 -5"><span class='ocrx_word' id='word_1_472' title='bbox 1203 2536 1233 2563; x_wconf 88' lang='lat' dir='ltr'>et</span> <span class='ocrx_word' id='word_1_473' title='bbox 1260 2528 1360 2563; x_wconf 70' lang='lat' dir='ltr'>soi-ma</span> <span class='ocrx_word' id='word_1_474' title='bbox 1388 2530 1419 2562; x_wconf 93' lang='lat' dir='ltr'>in</span> <span class='ocrx_word' id='word_1_475' title='bbox 1445 2530 1510 2563; x_wconf 81' lang='lat' dir='ltr'>illis</span> <span class='ocrx_word' id='word_1_476' title='bbox 1536 2530 1653 2562; x_wconf 73' lang='lat' dir='ltr'>tradita</span> <span class='ocrx_word' id='word_1_477' title='bbox 1682 2529 1871 2568; x_wconf 72' lang='lat' dir='ltr'>observata,</span> <span class='ocrx_word' id='word_1_478' title='bbox 1898 2529 1944 2562; x_wconf 81' lang='lat' dir='ltr'>in-</span> 
     </span>
     <span class='ocr_line' id='line_1_93' title="bbox 1237 2590 1781 2627; baseline -0.002 -9"><span class='ocrx_word' id='word_1_479' title='bbox 1237 2592 1251 2618; x_wconf 81' lang='lat'><strong>1</strong></span> <span class='ocrx_word' id='word_1_480' title='bbox 1274 2591 1346 2619; x_wconf 85' lang='lat' dir='ltr'>Edit.</span> <span class='ocrx_word' id='word_1_481' title='bbox 1367 2591 1446 2620; x_wconf 66' lang='grc' dir='ltr'>Μαίη,</span> <span class='ocrx_word' id='word_1_482' title='bbox 1468 2591 1534 2627; x_wconf 81' lang='lat' dir='ltr'>tegit</span> <span class='ocrx_word' id='word_1_483' title='bbox 1552 2591 1655 2627; x_wconf 79' lang='lat' dir='ltr'>quibus</span> <span class='ocrx_word' id='word_1_484' title='bbox 1676 2591 1713 2627; x_wconf 74' lang='lat' dir='ltr'>(R.</span> <span class='ocrx_word' id='word_1_485' title='bbox 1733 2590 1781 2624; x_wconf 83' lang='grc' dir='ltr'>τ.).</span> 
     </span>
    </p>
   </div>
   <div class='ocr_carea' id='block_1_6' title="bbox 1934 189 2121 216">
    <p class='ocr_par' dir='ltr' id='par_1_6' title="bbox 1934 189 2121 216">
     <span class='ocr_line' id='line_1_94' title="bbox 1934 189 2121 216; baseline 0.011 -2"><span class='ocrx_word' id='word_1_486' title='bbox 1934 192 1980 215; x_wconf 73' lang='lat' dir='ltr'>An.</span> <span class='ocrx_word' id='word_1_487' title='bbox 2002 190 2031 215; x_wconf 89' lang='lat' dir='ltr'>C.</span> <span class='ocrx_word' id='word_1_488' title='bbox 2055 189 2121 216; x_wconf 72' lang='lat'>¹727</span> 
     </span>
    </p>
   </div>
   <div class='ocr_carea' id='block_1_7' title="bbox 1946 886 2130 940">
    <p class='ocr_par' dir='ltr' id='par_1_7' title="bbox 1946 886 2130 940">
     <span class='ocr_line' id='line_1_95' title="bbox 1967 886 2130 917; baseline 0 -10"><span class='ocrx_word' id='word_1_489' title='bbox 1967 887 2080 917; x_wconf 66' lang='lat' dir='ltr'>Clausulae</span> <span class='ocrx_word' id='word_1_490' title='bbox 2092 886 2130 907; x_wconf 75' lang='lat' dir='ltr'>de-</span> 
     </span>
     <span class='ocr_line' id='line_1_96' title="bbox 1946 916 2076 940; baseline 0.008 -5"><span class='ocrx_word' id='word_1_491' title='bbox 1946 916 2076 940; x_wconf 67' lang='lat' dir='ltr'>rogatorias.</span> 
     </span>
    </p>
   </div>
  </div>
 </body>
</html>
