2170 3147
1 238 51 266 An.
68 236 96 265 C.
118 237 186 265 ¹726

736 225 739 227 ’
782 237 976 262 Bannnic‘rus
1003 237 1059 261 xnt
1083 238 1132 261 1³1³.

146 314 148 317 ,
189 285 316 328 vilegia,
333 285 426 319 etiam
443 296 503 329 per
519 286 600 319 viam
616 286 924 319 communicationis

47 1195 180 1216 Confirmatio

10 1223 166 1248 praedictarum

0 1248 180 1275 indulgentiarum.

190 345 224 371 nt
247 339 429 383 praefertur
454 349 619 378 concessa,
638 344 669 371 et
690 339 860 381 utriusque
881 339 928 371 ln-

190 391 331 425 nocentii
372 398 615 424 antecessorum
649 397 836 424 nostrorum
870 391 924 423 lit-

191 450 276 478 teras
303 445 453 489 superius
478 450 688 484 memoratas,
714 450 809 487 atque
836 444 926 482 alias,

190 497 215 530 si
242 508 323 541 quae
360 504 451 537 sunt,
483 497 568 530 idcm
603 496 793 530 exercitium
819 496 926 538 respi-

190 550 333 591 cientes,
361 551 593 594 decretumque
632 561 649 583 a
687 549 928 582 venerabilibus

191 604 345 637 fratribus
383 605 414 637 S.
450 604 487 636 R.
522 604 556 636 E.
595 603 812 636 cardinalibus
852 603 929 634 olim

191 658 393 698 consectum,
433 668 470 690 ac
507 657 712 700 postmodnm
752 655 929 699 apostolica

191 712 379 744 auctoritate
416 710 663 750 confirmatum,
699 710 827 754 praevia
863 709 930 742 eius

191 764 413 797 declaratione
439 764 477 797 ad
504 764 663 797 tollendas
692 773 804 797 omnes
829 762 930 796 ambi-

190 817 328 860 guitates
355 827 453 860 super
477 817 545 850 eius
572 817 841 860 interpretatione
866 816 930 849 sor-

191 880 249 903 san
275 875 415 909 exortas
442 881 499 913 per
523 881 582 903 nos
608 875 639 903 et
656 870 772 903 Sedem
791 870 930 912 Aposto-

190 922 287 956 licam
314 923 488 966 approbari
514 929 545 956 et
569 922 750 956 confirmari
787 922 929 965 cupiant,

192 976 390 1018 easdemque
416 976 635 1018 indulgentias
657 982 688 1009 et
703 975 872 1019 privilegia
890 975 927 1007 ad

191 1039 416 1073 quoscumque
442 1028 670 1062 christifideles
687 1056 695 1069 ,
722 1029 817 1061 etiam
843 1028 929 1061 dicto

190 1082 338 1115 ministro
363 1082 506 1125 generali
533 1083 622 1116 nullo
641 1083 738 1116 modo
756 1082 928 1121 subiectos,

192 1136 322 1169 extendi
348 1146 383 1169 ex
411 1135 557 1179 ampliari
584 1135 678 1168 enixe
704 1136 900 1178 deposcant:

235 1189 250 1232 ᾗ
283 1188 313 1222 4.
339 1188 441 1228 Hinc,
466 1189 505 1221 ad
542 1189 615 1221 dicti
655 1188 762 1221 fratris
799 1188 928 1231 Iosephi

191 1240 309 1274 Mariae
335 1252 459 1285 preces,
485 1241 671 1284 praemissis
696 1241 846 1274 omnibus
873 1251 931 1283 op-

190 1300 332 1338 portune
357 1295 529 1338 providere
559 1295 746 1338 cupientes,
772 1305 847 1333 nos,
874 1294 928 1337 qui

192 1358 321 1380 omnem
362 1358 497 1390 operam
534 1348 674 1381 libenter
714 1347 930 1391 impendimus

190 1403 225 1430 ut
239 1408 350 1431 omnes
364 1398 545 1431 dominicae
560 1398 722 1431 Passionis
741 1399 929 1431 memoriam

191 1462 288 1495 saepe
309 1452 422 1485 animo·
433 1457 582 1495 repetant
600 1458 632 1485 et
649 1454 827 1497 salutarem
845 1452 930 1485 illins

191 1505 331 1538 fructum
355 1505 555 1548 percipiant,
582 1506 728 1539 eumdem
754 1506 929 1549 Iosephum

192 1557 390 1601 specialibus
416 1558 578 1590 favoribus
596 1563 627 1591 et
645 1558 756 1600 gratiis
780 1558 929 1601 prosequi

190 1611 349 1650 volentes,
377 1611 548 1655 ipsumque
575 1622 591 1644 a
616 1611 781 1654 quibusvis
806 1622 931 1644 excom-

191 1664 430 1705 municationis,
457 1665 681 1707 suspensionis
700 1670 732 1697 et
756 1664 930 1703 interdicti,

192 1717 328 1761 aliisque
343 1718 569 1751 ecclesiasticis
588 1718 768 1757 sententiis
783 1718 930 1750 censuris

193 1775 225 1804 et
248 1771 380 1814 poenis,
406 1771 431 1803 si
462 1771 579 1814 quibus
604 1771 853 1814 quomodolibet
876 1771 928 1804 in-

192 1824 330 1857 nodatus
353 1824 469 1864 existit,
487 1825 526 1857 ad
543 1823 690 1857 effectum
710 1825 930 1868 praesentium

193 1881 319 1910 tantum
343 1877 619 1920 consequendum,
639 1877 754 1910 harum
780 1878 863 1911 serie
882 1878 932 1910 ab·

193 1930 357 1964 solventes
383 1937 413 1963 et
438 1931 624 1963 absolutum
655 1932 724 1964 sore
751 1937 931 1970 censentes,

193 1984 379 2018 huiusmodi
398 1985 691 2029 supplicationibus
709 1985 865 2025 inclinati,
884 1985 932 2017 in·

194 2038 377 2081 dulgentias
395 2039 490 2071 etiam
508 2049 566 2082 pro
582 2038 750 2071 animabus
764 2038 794 2070 in
813 2038 931 2071 Christi

194 2092 352 2125 charitate
390 2091 617 2124 defunctorum
654 2091 876 2134 applicabileS,
902 2097 934 2124 ct

194 2145 363 2188 privilegia
399 2145 494 2177 etiam
521 2155 578 2187 per
603 2145 684 2176 viam
718 2144 932 2176 communica-

194 2197 293 2230 tionis
315 2207 470 2230 concessa
496 2198 526 2229 in
554 2197 669 2229 litteris
693 2199 862 2239 utriusque
884 2197 933 2229 Iu-

195 2249 350 2288 nocentii,
375 2250 408 2282 in
434 2248 513 2293 quo⁴
541 2250 672 2282 decreto
697 2250 932 2282 venerabilium

196 2303 332 2336 fratrum
359 2302 387 2335 S,
414 2302 450 2335 R.
478 2302 512 2335 E.
539 2302 751 2335 cardinalium
781 2313 934 2345 expressa

197 2361 230 2389 et
254 2356 428 2395 declarata,
454 2366 490 2388 ac
516 2356 773 2398 quibuscumque
799 2356 869 2388 aliis
886 2355 935 2388 lit—

196 2409 275 2442 teris
299 2409 490 2452 apostolicis
524 2409 609 2441 idem
646 2409 834 2442 exercitium
860 2408 933 2442 Viae

197 2461 305 2496 Crucis
331 2462 603 2505 respicientibus,
631 2462 669 2495 ad
702 2462 877 2496 tollendam
902 2472 932 2495 ov

197 2525 303 2549 mnem
328 2516 570 2558 ambiguitatem
595 2515 800 2558 alienamque
835 2515 935 2548 inter—

197 2570 413 2613 pretationem
444 2569 519 2602 inde
556 2569 860 2613 quomodocumque
886 2578 934 2602 or-

231 2632 244 2659 1
266 2631 360 2660 Potius
379 2632 439 2668 lege
458 2632 548 2667 inque
574 2640 622 2667 pro
642 2632 674 2660 in
696 2639 751 2666 quo
772 2630 810 2667 (a.
831 2632 881 2665 T.)-

1609 224 1670 259 341

972 291 1033 318 tam
1063 292 1118 318 aut
1155 285 1293 319 fortasse
1331 285 1503 325 orituram,
1526 287 1561 316 ut
1595 283 1706 316 fideles

972 348 1030 380 per
1069 338 1333 370 exercitationem
1373 338 1532 370 bonorum
1572 347 1710 379 operum

972 397 1195 423 sacrosanctos
1213 391 1374 424 Ecclesiae
1395 392 1566 423 thesauros
1589 391 1711 432 absque

972 444 1038 476 ulla
1063 444 1158 475 animi
1183 444 1394 476 haesitatione
1416 443 1645 486 adipiscantur,
1662 442 1713 475 de·

973 497 1142 536 claranum,
1164 497 1292 534 fratres,
1309 496 1466 530 moniales
1493 507 1528 529 ac
1554 505 1711 539 personas

973 548 1120 590 superius
1163 554 1375 588 memoratas,
1408 548 1596 581 exercitium
1636 547 1711 579 Viae

974 600 1083 633 Crucis
1110 601 1296 634 huiusmodi
1323 607 1526 644 peragenteS,
1553 601 1591 634 de
1617 600 1714 643 privi-

974 654 1067 696 legiis
1094 659 1126 686 et
1158 654 1368 695 indulgentiis
1402 655 1499 687 etiam
1532 653 1712 697 plenariis,

974 707 1033 740 sub
1065 707 1209 749 generali
1240 709 1352 739 mutua
1377 713 1408 740 et
1436 707 1604 749 reciproca
1629 717 1714 738 com-

974 760 1196 792 municatione
1236 770 1294 802 per
1336 759 1451 793 Sedem
1492 759 1713 803 Apostolicam

974 813 1157 852 concessis,
1188 824 1262 846 vere
1299 814 1539 846 communicare
1565 818 1597 845 et
1620 811 1715 856 parti-

973 868 1062 910 cipes
1085 866 1164 905 fieri,
1184 873 1423 909 proptereaque
1443 865 1502 898 frui
1521 871 1552 898 et
1571 865 1714 907 gaudere

974 920 1184 962 indulgentiis
1210 930 1247 952 ac
1272 919 1449 962 privilegiis
1470 929 1551 961 quae
1577 917 1715 950 Romani

973 972 1147 1006 Pontifices
1172 973 1251 1005 locis
1268 972 1385 1005 sanctis
1403 983 1440 1005 ac
1458 972 1586 1005 illorum
1605 971 1715 1004 statio-

975 1027 1070 1059 nibus
1097 1026 1181 1058 intra
1207 1032 1236 1058 et
1263 1032 1350 1059 extra
1372 1025 1574 1059 Hierusalem
1607 1024 1714 1067 largiti

975 1080 1114 1118 suerunt,
1141 1078 1276 1122 perinde
1301 1089 1338 1111 ac
1364 1078 1389 1111 si
1415 1078 1603 1111 exercitium
1622 1087 1716 1121 prae-

974 1133 1094 1166 dictum
1121 1132 1240 1166 ibidem
1259 1139 1475 1176 peragerent:
1497 1137 1593 1176 atque
1615 1132 1657 1165 ita
1674 1132 1713 1165 ab

975 1187 1126 1219 omnibus
1164 1186 1260 1219 asseri
1300 1191 1330 1218 et
1366 1186 1490 1219 censeri
1517 1185 1638 1218 debere
1662 1196 1717 1219 vo-

975 1240 1088 1278 lumus,
1115 1239 1255 1281 ideoque
1282 1249 1319 1271 ea
1344 1239 1453 1271 omnia
1478 1239 1636 1271 hactenus
1664 1248 1716 1271 re-

975 1291 1118 1331 censita,
1157 1291 1335 1334 apostolica
1371 1291 1574 1331 auctoritate,
1601 1296 1714 1324 tenore

975 1345 1214 1388 praesentium,
1240 1350 1400 1388 perpetuo
1427 1345 1656 1378 confirmamus
1683 1350 1716 1377 et

975 1399 1175 1435 innovamus,
1202 1404 1233 1431 et
1257 1404 1436 1442 perpetuae
1462 1409 1498 1431 ac
1516 1397 1714 1431 inviolabilis

975 1451 1170 1495 apostolicae
1196 1451 1357 1484 firmitatis
1382 1452 1484 1484 robur
1504 1451 1619 1484 iisdem
1637 1450 1716 1483 adii-

975 1505 1089 1544 cimus,
1117 1515 1296 1548 omnesque
1322 1509 1354 1537 et
1378 1505 1525 1547 singulos
1553 1510 1614 1537 tam
1636 1503 1715 1537 iuris

975 1568 1068 1600 quam
1096 1558 1168 1590 sacti
1196 1558 1353 1598 desectus,
1377 1557 1401 1589 si
1429 1557 1482 1600 qui
1509 1557 1541 1589 in
1568 1557 1613 1589 eis
1639 1567 1716 1600 quo-

975 1611 1157 1644 modolibet
1182 1611 1427 1649 intervenerint,
1452 1611 1657 1654 supplemus.

1018 1664 1089 1707 §5
1124 1664 1280 1706 Insuper,
1319 1674 1359 1696 ne
1396 1663 1428 1696 in
1464 1663 1714 1706 participatione

1720 233 1770 260 An.
1786 233 1816 260 C.
1837 233 1905 261 1726

1752 1673 1830 1695 Earum
1839 1675 1910 1695 exten-

1684 1716 1690 1722 .
1725 1702 1757 1721 sio
1773 1701 1800 1721 nd
1815 1701 1878 1722 alius.

974 1717 1132 1757 bonorum
1152 1717 1377 1760 spiritualium,
1400 1727 1482 1760 quac
1501 1717 1540 1749 ab
1559 1716 1714 1750 exercitio

974 1771 1048 1804 Viae
1075 1770 1182 1803 Crucis
1209 1771 1380 1813 provenire
1406 1780 1574 1813 speramus
1591 1797 1598 1810 ‚
1627 1770 1713 1803 ullus

974 1830 1146 1863 arceatur,
1171 1825 1210 1857 de
1246 1818 1480 1867 omnipotentis
1510 1823 1564 1856 Dei
1591 1823 1716 1856 miseri·

976 1878 1087 1910 cordia
1112 1888 1148 1910 ac
1174 1878 1341 1910 beatorum
1369 1876 1452 1909 Petri
1479 1882 1509 1909 et
1529 1876 1618 1909 Pauli
1637 1886 1715 1916 apo-

975 1932 1133 1964 stolorum
1173 1930 1241 1963 eius
1279 1930 1471 1963 auctoritate
1507 1929 1640 1971 confisi,
1667 1929 1716 1962 in·

975 1984 1158 2026 dulgentias
1194 1984 1290 2016 ctiam
1326 1983 1494 2016 animabus
1529 1983 1561 2015 in
1595 1982 1714 2016 Christi

975 2037 1132 2070 charitate
1169 2037 1393 2069 defunctorum
1433 2036 1645 2079 applicabiles
1683 2041 1715 2069 et

976 2090 1146 2133 privilegia
1171 2090 1320 2132 superius
1346 2100 1514 2132 expressa,
1542 2089 1638 2121 etiam
1655 2098 1716 2132 per

975 2144 1057 2176 viam
1095 2143 1400 2176 communicationis
1438 2142 1716 2184 indulgentiarum

978 2208 1059 2240 quae
1085 2197 1164 2230 locis
1196 2197 1313 2230 sanctis
1351 2196 1434 2228 intra
1459 2202 1490 2228 et
1514 2201 1603 2228 extra
1636 2195 1711 2229 Hie-

978 2251 1118 2282 rusalem
1156 2260 1330 2282 concessae
1367 2249 1515 2288 suerunt,
1551 2254 1606 2281 aut
1637 2248 1714 2281 alias

977 2302 1238 2345 quomodolibet,
1266 2301 1432 2341 fratribus,
1456 2301 1653 2334 monialibus
1677 2312 1715 2335 ac

977 2355 1127 2398 personis
1151 2355 1214 2387 iam
1242 2355 1356 2393 dictis,
1383 2365 1464 2397 quae
1494 2365 1553 2398 per
1577 2364 1636 2387 nos
1661 2364 1715 2398 ap-

978 2408 1159 2450 probantur
1177 2413 1208 2440 et
1225 2407 1470 2447 confirmantur,
1490 2407 1528 2440 ad
1548 2417 1715 2450 quoscum-

978 2472 1039 2504 que
1065 2461 1295 2494 christifideles
1332 2461 1497 2504 utriusque
1529 2471 1623 2494 sexus
1660 2461 1716 2494 mi-

979 2515 1078 2547 nistro
1103 2514 1248 2556 generali
1286 2515 1378 2547 nullo
1410 2514 1507 2547 modo
1532 2514 1712 2556 subiectos,

979 2567 1033 2611 qui
1059 2567 1249 2600 exercitium
1273 2566 1348 2600 Viae
1373 2567 1481 2601 Crucis
1502 2573 1533 2600 et
1549 2567 1611 2600 alia
1628 2568 1716 2601 chri-

978 2621 1101 2654 stianae
1126 2619 1256 2664 pietatis
1282 2630 1391 2664 opera,
1411 2620 1535 2655 eisdem
1559 2621 1657 2655 modo
1684 2625 1714 2655 ct
