2170 3147
259 252 313 276 Αη.
333 250 363 278 C.
382 250 451 277 1725

497 239 560 273 150

454 297 694 330 intorticiorum
731 302 762 328 et
798 296 1005 328 candelarum
1044 305 1126 337 quae
1165 294 1195 325 in

454 351 565 383 eadem
592 350 728 382 ecclesia
753 349 838 381 eirca
865 350 1004 381 cadaver
1029 349 1078 380 vel
1100 347 1196 380 etiam

453 404 484 435 in
511 403 667 436 altaribus
695 403 724 435 iu
752 402 802 435 die
823 402 945 434 funeris
963 401 1196 435 accendenti.u·.

454 457 475 489 A
503 457 668 500 praedicta
694 462 799 489 tamen
835 457 948 499 quarta
982 454 1120 487 funerali
1146 465 1199 487 ex-

453 516 565 553 ceptae
602 510 826 552 intelligantur
860 515 891 542 et
931 509 993 541 siut
1031 508 1196 544 candelae,

454 574 533 606 quas
549 564 744 603 sacerdotes
762 563 857 596 etiam
875 562 1116 605 regulares,vel
1134 562 1199 605 pia-

452 628 522 650 rum
548 617 754 650 sodalitatum
782 616 972 655 confratres,
996 616 1089 648 sunus
1116 626 1199 648 asso-

453 670 587 709 ciantes,
613 669 804 702 manualiter
837 679 898 712 per
932 669 1014 701 viam
1045 679 1198 701 accensas

454 722 614 755 deserent.
642 721 732 760 Quod
759 722 782 754 si
811 722 902 754 sunus
935 732 1001 754 non
1039 721 1133 755 fleret
1167 721 1198 753 iu

454 775 505 808 die
533 775 770 815 tumulationis,
798 775 851 807 scd
874 775 911 807 ad
932 775 1092 807 diversam
1115 774 1198 807 diem

454 829 503 862 vel
531 829 569 861 ad
596 829 683 862 aliud
711 829 840 870 longius
866 833 991 871 tempus
1021 826 1198 867 differetur,

453 883 600 925 parocho
627 883 844 916 nihilominus
875 882 1060 925 assignetur
1085 886 1199 925 quarta

453 946 527 979 pars
554 935 698 969 omnium
724 935 964 969 intorticiorum
991 941 1021 968 et
1046 935 1199 968 candela-

454 999 535 1029 rum,
561 1000 642 1032 quae
667 989 806 1033 ipsamet
831 988 953 1032 peracti
987 988 1111 1022 funeris
1146 989 1197 1022 die

454 1042 485 1075 in
511 1043 661 1083 eeclesia,
681 1043 734 1075 ubi
755 1043 926 1075 defunctus
952 1043 1104 1075 humatus
1131 1042 1197 1084 suit,

455 1096 540 1129 circa
566 1096 818 1139 coenotaphium
837 1107 891 1129 seu
911 1097 1070 1130 tumulum
1097 1096 1199 1129 hono-

455 1149 575 1181 rarium
595 1155 691 1192 atque
710 1150 804 1182 etiarn
825 1149 856 1182 in
875 1149 1031 1182 altaribus
1051 1149 1197 1181 ciusdem

455 1202 613 1235 ecclesiae
646 1212 781 1236 accensa
814 1202 943 1236 suerint.
978 1203 1063 1235 Haec
1099 1213 1199 1246 porro

455 1255 565 1287 omnia
592 1257 697 1289 locum
724 1256 868 1289 habeant
895 1262 926 1289 et
952 1262 1062 1289 exacte
1088 1256 1119 1288 in
1145 1267 1200 1299 po-

455 1314 574 1341 sterum
601 1309 823 1351 observentur,
850 1310 1118 1353 quotiescumque
1145 1310 1200 1343 de-

456 1362 584 1395 functus
609 1367 698 1396 extra
724 1374 813 1395 suam
839 1362 1066 1406 parochialem
1100 1363 1200 1396 eccle-

456 1416 532 1449 siam
560 1417 737 1450 tumuletur
757 1417 804 1450 vel
831 1423 1021 1461 exponatur,
1040 1418 1107 1450 sive
1125 1417 1200 1461 quia

456 1469 487 1503 in
517 1471 654 1504 ecclesia
681 1472 860 1504 tumulante
878 1472 925 1504 rel
945 1476 1130 1514 exponente
1149 1471 1201 1504 be-

456 1524 605 1557 neficium
642 1525 840 1565 obtinuerit,
868 1525 933 1557 sive
972 1524 1046 1568 quia
1079 1524 1198 1557 ibidem

457 1578 663 1621 sepulchrum
701 1577 855 1611 habuerit
887 1578 1104 1620 gentilitium,
1133 1578 1199 1611 sire

460 1631 586 1664 tandem
615 1631 690 1675 quia
706 1632 737 1664 in
757 1633 792 1664 ea
811 1631 1021 1674 sepulchrum
1050 1632 1199 1675 elegerit.

458 1683 607 1717 Ceterum
635 1685 692 1717 sub
718 1684 885 1727 praedicta
919 1687 1032 1727 quarta
1065 1685 1199 1718 sunerali

458 1737 694 1780 comprehendi
718 1748 783 1770 non
819 1738 1034 1777 intendimus,
1061 1737 1125 1770 imo
1151 1749 1202 1771 ex-

458 1800 567 1833 presse
587 1791 627 1823 ab
645 1792 681 1823 ea
700 1790 886 1833 excipimus,
905 1791 1013 1834 legata
1032 1791 1201 1824 missarum

459 1848 490 1876 et
514 1844 829 1884 anniversariorum,
857 1844 974 1887 hisque
1009 1844 1126 1877 similia
1151 1845 1202 1888 pia

458 1897 570 1930 relicta
595 1898 632 1930 ad
661 1898 796 1931 savorem
824 1899 980 1931 eeclesiae
1013 1898 1203 1932 tumulantis

460 1951 508 1983 vel
547 1951 740 1994 exponentis
777 1962 793 1983 a
830 1952 985 1984 defuncto
1018 1951 1201 1995 disposita;

459 2003 542 2036 circa
576 2014 681 2047 quac,
707 2015 742 2037 ae
767 2004 874 2037 omnia
900 2010 931 2037 et
956 2004 1085 2048 singula
1121 2004 1202 2045 alia,

459 2056 499 2088 de
541 2056 659 2099 quibus
701 2057 730 2089 in
769 2057 935 2100 praesenti
973 2057 1204 2092 constitutione

459 2110 581 2143 mentio
601 2111 682 2143 sacta
701 2121 764 2143 non
785 2110 888 2151 suerit,
908 2110 1091 2153 privilegia,
1112 2122 1206 2155 prae-

460 2163 553 2197 dictis
580 2164 784 2208 regularibus
801 2164 974 2197 Ordinibus
1000 2164 1040 2197 ab
1067 2165 1206 2208 Aposto-

461 2218 522 2251 tica
537 2218 618 2251 Sede
637 2229 802 2259 concessa,
824 2219 910 2252 salva
929 2229 1074 2261 prorsus,
1092 2219 1206 2252 illaesa

461 2282 496 2304 ac
522 2271 676 2305 inviolata
701 2278 859 2316 perpetuo
884 2283 1089 2316 permanere,
1112 2278 1142 2305 et
1167 2273 1205 2305 ab

461 2325 636 2365 omuibus,
665 2326 704 2359 ad
730 2336 809 2369 quos
836 2331 960 2369 spectat
985 2331 1016 2358 et
1040 2336 1100 2368 pro
1128 2330 1207 2358 tem-

462 2388 541 2420 pore
557 2379 829 2422 quandocumque
842 2378 1206 2421 spectabit‚inconcusse

462 2441 499 2463 ac
526 2431 794 2474 irrefragabiliter
812 2432 977 2465 observari
997 2432 1128 2472 debere,
1154 2443 1208 2465 vo-

463 2485 592 2524 lumus,
621 2484 828 2517 decernimus
854 2490 886 2518 et
917 2485 1118 2517 mandamus.
1147 2486 1205 2518 Ubi

464 2548 540 2571 vero
566 2538 817 2570 consuetudines
850 2538 1012 2580 legitimae
1039 2539 1205 2581 probatae,

464 2591 709 2631 conventiones,
731 2591 921 2624 concordiae
947 2593 996 2624 vel
1023 2597 1144 2625 statuta
1168 2591 1208 2623 vi-

466 2651 602 2690 gerent,
629 2655 708 2688 quae
736 2644 889 2688 praefatus
926 2645 1079 2687 parochis
1105 2644 1206 2687 magis

1047 244 1228 269 mrrmmrn
1252 244 1409 269 ROMANUM

1244 294 1407 335 faverent,
1435 294 1563 338 illisque
1589 294 1793 339 pinguiorem
1819 294 1985 339 praedicta

1243 349 1357 389 quarta
1381 349 1677 382 emolumentorum
1698 349 1891 382 funeralium
1913 359 1985 392 por·

1244 400 1363 433 tionem
1391 401 1608 444 assignarent,
1627 413 1663 435 ea
1685 403 1715 435 in
1744 402 1781 435 iis
1809 403 1840 436 in
1867 402 1985 445 quibus

1242 453 1354 496 vigent
1379 454 1457 487 loeis
1482 455 1677 488 inconcusse
1701 457 1739 488 ab
1763 455 1914 488 omnibus
1933 455 1985 488 ob-

1243 508 1376 548 servari,
1397 513 1496 548 motu,
1517 508 1653 541 scientia
1673 514 1704 541 et
1727 508 1899 552 potestatis
1917 509 1986 551 ple-

1244 560 1391 593 nitudine
1409 561 1553 605 paribus,
1572 562 1748 601 sancimus,
1768 561 1985 605 praecipimus

1244 618 1275 647 et
1300 614 1462 647 iubemus.

1288 668 1302 710 ξ
1328 667 1358 699 5.
1387 667 1606 700 Decernentes
1626 668 1764 714 pariter,
1791 672 1985 711 praesentes

1244 720 1369 753 litteras
1395 726 1425 753 et
1452 721 1483 754 in
1510 722 1554 754 eis
1576 725 1731 754 contenta
1749 732 1985 765 quaecumque,

1245 773 1339 806 etiam
1367 784 1404 806 ex
1431 784 1469 807 eo
1504 775 1590 818 quod
1615 775 1857 818 praedictorum
1893 774 1986 808 Ordi-

1244 838 1318 859 num
1358 828 1558 871 regularium
1595 828 1795 872 superiores,
1822 828 1870 861 vel
1908 827 1984 871 qui-

1243 891 1380 924 cumque
1402 881 1453 914 alii
1482 881 1513 914 in
1539 882 1724 925 praemissis
1750 881 1904 915 interesse
1932 881 1987 914 ha-

1242 933 1359 967 bentes
1384 945 1439 968 seu
1466 935 1588 968 habere
1615 935 1865 979 quomodolibet
1894 945 1987 978 prae-

1245 988 1428 1028 tendentes,
1447 988 1511 1021 illis
1530 999 1593 1022 non
1613 988 1846 1030 consenserint,
1866 998 1925 1021 nec
1947 988 1986 1021 ad

1244 1052 1280 1074 ea
1306 1042 1406 1075 vocati
1433 1047 1465 1075 et
1490 1042 1599 1083 auditi,
1619 1053 1676 1075 seu
1703 1052 1830 1082 causae,
1851 1047 1988 1085 propter

1244 1106 1323 1138 quas
1359 1101 1551 1139 praesentes
1587 1096 1781 1136 emanarint,
1819 1096 1986 1135 adductae,

1243 1148 1425 1182 verificatae
1446 1159 1502 1182 seu
1529 1150 1607 1182 alias
1634 1149 1824 1182 iustificatae
1842 1159 1907 1182 non
1926 1148 1989 1181 sue-

1245 1201 1317 1242 rint,
1343 1203 1392 1234 vel
1431 1204 1527 1235 etiam
1566 1202 1719 1243 enormis,
1744 1201 1987 1235 enormissimae

1244 1260 1274 1287 et
1293 1255 1400 1288 totalis
1418 1255 1583 1296 laesionis,
1603 1261 1658 1289 aut
1675 1255 1738 1289 alio
1757 1255 1871 1299 quovis
1897 1265 1990 1298 prae-

1246 1313 1344 1349 textu,
1370 1314 1400 1341 et
1425 1319 1460 1342 ex
1488 1319 1695 1352 quocumque
1733 1309 1850 1353 capite,
1876 1309 1987 1342 colore

1245 1368 1275 1395 et
1299 1365 1403 1402 causa,
1431 1363 1526 1395 etiam
1553 1363 1739 1396 necessario
1765 1362 1986 1406 exprimenda,

1245 1417 1283 1449 de
1302 1415 1525 1460 subreptionis
1543 1417 1592 1449 vel
1612 1415 1814 1460 obreptionis
1839 1425 1894 1449 seu
1921 1416 1991 1449 nul-

1245 1469 1342 1503 litatis
1368 1469 1458 1510 vitio,
1486 1475 1538 1502 aut
1568 1469 1757 1503 intentionis
1783 1474 1914 1503 nostrae
1938 1470 1988 1503 vel

1245 1524 1307 1557 alio
1334 1524 1489 1568 quopiam
1509 1523 1638 1557 defectu
1658 1523 1774 1565 notari,
1792 1523 1987 1567 impugnari,

1245 1577 1277 1610 in
1298 1583 1365 1611 toto
1387 1573 1438 1611 vel
1457 1577 1490 1610 in
1515 1582 1607 1621 parte
1634 1576 1785 1618 rescindi,
1810 1577 1990 1616 retraetari,

1245 1630 1426 1671 invalidari,
1451 1630 1483 1663 in
1511 1630 1557 1663 ius
1583 1632 1632 1664 vel
1658 1630 1913 1664 controversiam
1939 1640 1991 1664 re-

1245 1685 1364 1724 vocari,
1403 1685 1440 1717 ad
1479 1685 1632 1717 terminos
1672 1684 1750 1717 iuris
1783 1684 1907 1725 reduci,
1933 1694 1989 1719 seu

1247 1738 1402 1771 adversus
1428 1738 1499 1771 illas
1525 1737 1739 1771 restitutionis
1763 1738 1794 1770 in
1816 1737 1988 1781 integrum,

1247 1791 1438 1836 aperitionis
1464 1791 1536 1831 oris,
1564 1796 1616 1823 aut
1644 1791 1875 1835 quodcumque
1900 1790 1989 1824 aliud

1248 1846 1325 1879 iuris
1359 1846 1406 1878 vel
1434 1845 1516 1885 sacti,
1543 1845 1664 1887 gratiae
1689 1846 1738 1878 vel
1764 1844 1905 1878 iustitiae
1930 1855 1985 1878 re-

1989 247 2041 273 An.
2063 247 2094 275 C.
2109 247 2170 278 ¹⁷25

2023 682 2142 704 ctau-utau.

1249 1899 1388 1933 inedium
1427 1898 1611 1942 impetrari,
1647 1909 1701 1932 seu
1739 1909 1777 1931 eo
1814 1892 2020 1942 impetrato¹

1248 1962 1442 1997 quemquam
1468 1952 1514 1984 uti
1536 1962 1593 1985 seu
1620 1962 1653 1984 se
1680 1952 1789 1985 iuvare
1814 1951 1846 1984 iu
1869 1951 1989 1985 iudicio

1249 2007 1298 2040 vel
1318 2011 1406 2040 extra
1425 2006 1608 2038 nullatenus
1630 2014 1738 2048 posse3
1757 2005 1814 2038 sed
1834 2015 1888 2038 eas
1907 2015 1990 2038 sem-

1249 2071 1307 2104 per
1333 2059 1461 2099 validas,
1485 2058 1604 2099 firmas,
1624 2064 1656 2091 et
1681 2059 1828 2092 efficaces
1853 2058 1990 2092 existere

1251 2119 1282 2148 et
1306 2115 1387 2155 sore,
1415 2124 1555 2156 suosque
1581 2112 1747 2156 plenarios
1783 2117 1815 2145 et
1847 2112 1990 2155 integros

1250 2168 1382 2202 effectus
1404 2167 1513 2200 sortiri
1540 2177 1576 2199 ae
1597 2166 1759 2207 obtinere,
1777 2172 1809 2199 et
1826 2167 1865 2199 ab
1887 2166 1991 2200 omni-

1250 2221 1318 2261 bus,
1345 2221 1383 2253 ad
1410 2230 1490 2263 quos
1524 2225 1650 2263 spectat
1683 2225 1715 2252 et
1749 2230 1809 2262 pro
1843 2225 1988 2262 tempore

1251 2273 1524 2318 quandocumque
1556 2272 1732 2314 spectabit,
1759 2271 1991 2315 inviolabiliter

1252 2332 1282 2360 et
1307 2327 1500 2360 inconcusse
1526 2325 1691 2358 observari
1718 2326 1854 2365 debere,
1881 2325 1990 2369 sicque

1252 2385 1283 2413 et
1308 2390 1373 2413 uon
1399 2379 1494 2412 aliter
1526 2378 1557 2411 in
1591 2377 1778 2422 praemissis
1807 2389 1867 2421 per
1896 2388 1989 2422 quos-

1252 2443 1389 2475 cumque
1418 2432 1540 2465 iudices
1562 2431 1745 2464 ordinarios
1764 2435 1796 2464 et
1813 2431 1988 2474 delegatos,

1252 2486 1347 2518 etiam
1375 2495 1545 2518 causarum
1576 2484 1651 2516 dicti
1678 2484 1789 2527 palatii
1816 2483 1989 2527 apostolici

1252 2538 1415 2571 auditores
1441 2543 1471 2570 et
1496 2538 1527 2570 S.
1549 2537 1584 2569 R.
1605 2537 1639 2571 E.
1671 2537 1868 2578 cardinalcS,
1894 2536 1989 2570 etiam

1252 2591 1290 2623 de
1328 2591 1429 2623 latere
1465 2591 1588 2632 legatos
1614 2595 1645 2622 et
1666 2590 1871 2633 Apostolicae
1896 2589 1988 2633 Sedis

1253 2645 1401 2686 nuncios,
1436 2645 1560 2678 sublata
1586 2644 1631 2677 eis
1659 2649 1690 2676 ct
1715 2654 1827 2677 eorum
1859 2643 1990 2681 cuilibet
