2170 3147
223 208 272 232 An.
289 207 316 232 c.
343 206 409 233 1725
455 197 517 230 ¹190

300 1061 404 1087 Deinceps

220 1094 303 1113 semper
325 1088 392 1108 nidvc'

417 260 476 295 set,
498 254 779 297 archiepiscopus,
799 254 984 286 intermissa
1011 254 1159 286 intentati

418 307 525 339 indicii
545 306 786 350 prosecutione,
802 317 968 339 recursum
988 306 1102 339 habuit
1121 307 1158 339 ad

417 360 612 392 recolendae
646 359 822 392 memoriae
847 359 1068 392 Alexandrum
1100 359 1159 391 Pa-

416 422 488 454 pam
520 411 590 444 Yll'
624 412 912 455 praedecessorem
947 412 1072 455 pariter
1105 422 1161 445 no-

416 470 528 503 strum,
545 476 562 498 a
588 476 652 508 quo
678 465 811 498 rescribi
838 465 979 498 obtinuit
997 465 1160 509 praefatae

416 516 669 560 Congregationi
695 518 726 550 S.
743 518 781 551 R.
798 518 831 551 E.
854 518 1068 551 cardinalium
1093 517 1161 550 Tri-

416 569 540 603 dentini
554 570 688 604 Concilii
704 572 930 615 interpretum,
946 577 980 603 ut
994 572 1161 604 huiusmo-

416 623 446 655 di
463 634 591 656 causam
606 624 780 658 summarie
800 624 1159 667 etsinetig111·aiittlicii

416 683 510 720 prout
539 679 577 711 de.
604 678 673 711 iure
700 685 917 721 cognosceret
945 689 979 711 ae
1007 679 1160 711 termina-

416 736 476 762 ret.
511 731 681 775 Proposita
711 732 808 774 igitur
833 733 930 775 paulo
955 738 1029 776 post
1053 732 1084 764 in
1112 733 1160 764 ea-

417 783 488 816 dem
514 783 773 828 Congregatione
800 798 836 818 ac
863 791 988 818 mature
1015 785 1159 817 (tiscussa

415 837 559 881 praefata
596 838 839 877 controversia,
873 849 943 871 cum
980 840 1091 882 plures
1129 844 1160 872 et

413 901 528 934 graves
554 892 629 925 liinc
655 892 730 925 inde
758 893 897 926 fuissent
922 893 1077 926 excitatae
1105 893 1181 943 ‹tit-3

415 943 588 985 ficultates‚
622 945 753 978 definita
792 957 855 979 non
888 947 954 986 fuit,
989 952 1017 979 et
1052 946 1182 986 adbuc}

415 997 537 1031 ibidem
563 999 686 1042 pendet
711 999 868 1032 indecisa.

459 1053 474 1095 ἓ
498 1052 529 1085 5.
558 1053 683 1086 Interea
709 1064 803 1093 vero,
831 1053 889 1086 etsi
916 1054 1158 1098 archiepiscopi
1180 1042 1182 1068 l

390 1094 667 1147 ''Urbinatenscs‚
695 1118 734 1140 ne
771 1107 838 1140 suis
872 1107 996 1140 iuribus
1023 1108 1159 1142 cessisse

415 1158 614 1199 viderentur,
640 1160 882 1204 metropolitica
907 1162 1016 1193 omnia
1043 1160 1073 1193 in
1100 1161 1159 1193 Eu-

416 1212 555 1255 gubinos
581 1224 731 1246 exercere
758 1214 962 1254 studuerint,
991 1215 1022 1246 hi
1052 1220 1158 1247 tamen

414 1276 531 1309 parere
547 1277 678 1310 semper
693 1267 925 1299 detrectarunt.
939 1267 1158 1305 Quamobrem

415 1319 446 1351 in
480 1320 652 1352 novissima
688 1320 842 1354 ecclesiae
869 1321 1057 1364 Eugubinae
1092 1332 1161 1364 pro·

413 1373 576 1416 positione
608 1374 719 1407 habita
756 1374 786 1408 in
819 1375 1015 1408 consistorio
1054 1375 1105 1409 die
1129 1385 1160 1409 xl

414 1427 526 1470 aprilis
551 1437 685 1461 MDCCVH
711 1428 783 1471 piae
809 1429 985 1462 memoriae
1011 1428 1158 1462 Clemens

414 1479 473 1513 rt).
494 1480 539 1521 ,ΣΙ
566 1481 803 1524 praedecessor
828 1483 923 1515 etiam
951 1489 1080 1522 noster,
1108 1483 1158 1515 cni

415 1534 606 1578 ceteroquin
633 1534 871 1578 archiepiscopi
900 1535 1063 1569 frbinatis
1091 1536 1159 1569 iura

415 1587 490 1620 satis
515 1593 591 1620 nota
617 1593 713 1631 atque
741 1595 914 1631 conspecta
941 1595 1042 1628 eraut,
1061 1600 1100 1622 ne
1127 1590 1157 1622 iu

415 1640 552 1683 patriam
574 1641 797 1683 indulgentior
818 1641 994 1682 videretur,
1012 1653 1072 1686 pro
1099 1643 1161 1676 exi-

415 1694 477 1726 mia
510 1694 607 1727 animi
645 1695 692 1727 sui
731 1695 953 1728 moderatione
992 1697 1158 1729 enunciari

415 1747 565 1790 permisit
584 1747 781 1790 praedictam
805 1748 977 1781 ecclesiam
997 1760 1066 1782 esse
1084 1750 1157 1783 Sedi

415 1800 623 1843 Apostolicae
642 1800 827 1834 immediate
843 1801 1022 1834 subiectam
1039 1814 1045 1842 ;
1063 1803 1158 1837 simul

416 1861 523 1887 tamen
559 1855 697 1898 praefati
733 1854 959 1888 Urbinatensis
998 1856 1159 1900 archiepi-

416 1908 505 1951 scopi
526 1908 708 1941 rationibus
727 1909 915 1941 consultum
930 1909 1052 1949 volens,
1070 1920 1160 1953 aper<
1180 1900 1181 1938 f

417 1968 447 1995 te
484 1962 676 2003 declaravit,
703 1967 734 1994 ct
760 1961 789 1994 in
817 1962 934 1995 litteris
970 1963 1181 2006 apostolicis:

416 2015 550 2058 exprimi
570 2014 680 2054 voluit,
702 2026 736 2047 se
754 2025 812 2059 per
831 2015 894 2048 lioc
920 2025 985 2048 non
1009 2016 1159 2050 intende·
1180 2023 1181 2027 ’

416 2079 450 2101 re
477 2068 600 2101 iuribus
626 2068 783 2102 ccclesiae
810 2069 1084 2112 metropolitanae
1101 2070 1182 2117 L'r-¹t

415 2121 595 2155 binatensis
616 2122 700 2155 circa
726 2127 932 2165 praetensum
959 2121 1006 2155 ius
1039 2129 1160 2157 metro-

416 2175 584 2217 politicum
610 2175 859 2218 quomodolibet
896 2176 1182 2219 competentibus*

417 2228 448 2259 in
466 2227 576 2271 aliquo
594 2228 834 2271 praeiudicare,
854 2233 886 2261 et
903 2239 962 2262 nos
982 2228 1059 2272 ipsi,
1083 2230 1160 2264 huic

417 2280 628 2314 inhaerentes
655 2282 807 2325 exemplo
824 2309 831 2321 ,
859 2292 896 2315 ac
921 2282 1034 2316 eadem
1061 2285 1159 2327 plane
1180 2287 1182 2297 ¹

416 2340 549 2374 mente,
591 2335 810 2368 venerabilem
852 2335 985 2369 fratrem
1025 2337 1159 2370 Fabium

416 2387 609 2421 hodiernum
650 2387 841 2431 episcopum
877 2389 1082 2432 Eugubinum
1120 2392 1160 2424 ad

416 2439 595 2474 Concilium
622 2441 814 2481 Romanum,
840 2443 925 2485 quod
954 2454 1038 2476 nunc
1063 2445 1161 2477 maxi-

415 2505 477 2533 me,
515 2494 728 2526 benedicent-3
762 2495 908 2534 Domino,
945 2497 1159 2537 celebramus,

417 2553 579 2589 tamquam
607 2546 765 2579 ecclesiae
797 2547 827 2578 iu
862 2547 1005 2580 Romana
1030 2549 1160 2592 provin-

454 2611 464 2637 1
489 2608 554 2636 Male
574 2608 637 2636 edit.
660 2608 737 2635 Μαίη.
759 2609 822 2644 legit
848 2610 1015 2645 ῑ’111(ιι.τ.)Α

999 206 1181 229 ΒΗΗΛΠῘΓΜ
1207 206 1362 231 ΠΟΜᾹΝῊΜ

1203 254 1250 287 cia
1274 255 1468 291 constitutae
1492 256 1680 300 praesulem
1700 256 1840 297 evocari,
1861 257 1946 290 eius-

1204 318 1265 351 que
1291 309 1512 350 sessionibus,
1539 315 1634 354 atque
1657 310 1752 344 etiam
1770 321 1946 354 praesyno-

1204 361 1330 393 dalibus
1366 363 1678 405 congregationibus
1710 373 1817 396 coram
1852 362 1945 395 nobis

1203 414 1325 456 pluries
1365 415 1483 447 habitis
1520 416 1679 448 interesse
1719 415 1878 448 voluimus
1915 421 1945 448 et

1181 455 1439 509 ¹mandavimus,
1468 470 1592 502 tametsi
1626 480 1663 502 ex
1702 469 1739 502 iis
1778 479 1860 512 quae
1886 469 1946 501 hac

1204 521 1315 553 eadem
1353 522 1522 555 occasione
1549 527 1611 555 tam
1639 533 1697 565 pro
1723 527 1816 565 parte
1842 522 1947 555 archi-

1204 573 1349 617 episcopi
1376 575 1548 614 Urbinatis‚
1568 586 1663 618 quam
1682 586 1741 618 pro
1760 579 1851 618 parte
1877 575 1947 618 epi-

1205 628 1292 671 scopi
1318 628 1496 671 Eugubini‚
1523 629 1618 662 etiam
1656 629 1794 672 scripto,
1821 629 1946 672 prolixe

1181 693 1183 718 ῑ
1203 681 1296 714 nobis
1316 681 1457 725 exposita
1481 682 1625 723 fuerunt,
1641 681 1881 725 archiepiscopi
1901 682 1947 714 iu-

1203 745 1238 767 ra
1264 734 1389 778 potiora
1419 735 1696 779 solidioribusque
1731 734 1946 769 fundamentis

1180 807 1182 828 ,=
1204 787 1314 820 innixa
1335 787 1533 821 viderentur.

1247 841 1261 883 ἓ
1287 840 1318 873 (ἰ.
1346 841 1436 874 Nunc
1462 846 1585 882 autem,
1612 853 1672 886 pro
1698 843 1735 875 ea
1766 853 1860 886 quam
1893 853 1947 885 ge-

1203 894 1301 927 rimus
1327 895 1471 928 omnium
1489 895 1698 928 ecclesiarum
1716 895 1945 936 sollicitudine,

1202 953 1324 980 attente
1351 948 1597 982 considerantes
1630 948 1848 989 incommoda,
1874 959 1947 992 per-

1204 1001 1405 1034 turbationes
1430 1006 1525 1045 atque
1552 1002 1732 1045 dispendia,
1757 1008 1821 1034 tum
1848 1001 1943 1035 etiam

1202 1054 1400 1088 offensiones
1433 1060 1465 1088 et
1497 1057 1668 1094 seandala,
1697 1056 1944 1099 animarumque

1203 1108 1439 1151 pretiosissimo
1469 1108 1587 1142 Christi
1626 1109 1782 1151 sanguine
1821 1109 1946 1141 redem-

1202 1168 1329 1204 ptarum
1353 1162 1558 1202 detrimenta⁷
1585 1173 1667 1206 quae
1693 1163 1731 1195 ab
1757 1161 1946 1195 huiusmodi

1180 1216 1286 1254 {inter
1311 1226 1421 1249 sacros
1447 1216 1606 1249 antistites
1632 1216 1777 1249 excitatis
1807 1216 1946 1249 dissidiis

1181 1293 1182 1298 ,
1202 1280 1398 1313 promanare
1417 1271 1534 1310 solent,
1555 1270 1639 1302 inter
1657 1281 1738 1313 quos
1755 1269 1946 1313 ceteroquin

1203 1322 1290 1365 pacis
1311 1322 1591 1365 tranquillitatem,
1604 1322 1769 1355 charitatis
1788 1323 1946 1356 fervorem

1204 1381 1234 1408 et
1260 1375 1452 1408 concordiae
1488 1376 1629 1408 studium
1668 1376 1777 1419 rigere
1809 1376 1945 1408 maxime

1203 1430 1316 1470 decet,
1343 1440 1470 1463 necnon
1509 1431 1619 1463 animo
1657 1435 1845 1474 reputantes
1882 1440 1945 1464 non

1203 1484 1300 1517 modo
1327 1494 1524 1526 congruere,
1551 1494 1662 1517 verum
1688 1484 1782 1517 etiam
1809 1494 1949 1517 summo·

1204 1547 1281 1580 pere
1318 1547 1458 1580 aequum
1495 1536 1682 1580 iustumque
1708 1547 1799 1578 esse,
1826 1542 1862 1570 ut
1887 1548 1945 1577 ea,

1204 1600 1286 1633 quae
1324 1589 1364 1622 ab
1394 1589 1601 1633 Apostolieae
1628 1589 1718 1623 Sedis
1755 1589 1947 1623 auctoritate

1203 1654 1239 1675 ac
1260 1642 1474 1686 providentia,
1495 1648 1622 1676 maturo
1648 1643 1827 1687 seduloque
1852 1653 1948 1686 prae-

1204 1695 1299 1729 misso
1322 1696 1480 1735 examine,
1499 1697 1601 1729 semel
1624 1697 1748 1730 sancita
1773 1702 1804 1729 et
1828 1696 1947 1729 consti-

1180 1790 1181 1795 1
1204 1754 1270 1782 tuta
1296 1750 1435 1789 fuerunt,
1464 1750 1626 1792 integrum
1653 1749 1945 1794 omnimodumque

1180 1831 1181 1841 ,
1202 1808 1443 1845 consequantur
1468 1803 1634 1843 etl'ectum,
1661 1813 1697 1835 ac
1722 1803 1858 1846 insuper
1881 1813 1947 1836 am-

1179 1846 1181 1898 '3
1202 1855 1396 1898 plitudinem
1423 1861 1452 1888 et
1479 1856 1711 1899 praestantiam
1735 1855 1947 1899 respicientes

1203 1908 1383 1942 antedictae
1409 1908 1546 1941 civitatis
1564 1914 1693 1942 nostrae
1712 1907 1945 1949 Urbinatensis,

1203 1973 1295 2006 (suae,
1323 1968 1453 2005 praeter
1478 1962 1791 2006 arcl‘iicpiscopalem
1811 1973 1873 2007 qua
1899 1962 1947 1995 in-

1203 2016 1323 2059 signita
1348 2017 1488 2059 refulget
1513 2017 1725 2059 dignitatem,
1752 2017 1839 2050 omni
1866 2022 1946 2050 tem-

1204 2081 1282 2114 pore
1317 2069 1414 2103 totius
1439 2070 1659 2103 Urbinatensis
1693 2070 1827 2104 ducatus
1857 2070 1947 2115 prin-

1180 2119 1182 2146 t
1203 2133 1279 2166 ceps
1300 2127 1330 2156 et
1348 2128 1445 2166 caput
1470 2123 1584 2164 extitit,
1601 2124 1838 2168 illustriumque
1864 2124 1947 2159 viro-

1203 2187 1274 2209 rum
1313 2176 1407 2219 copia
1444 2182 1604 2221 perpetuo
1641 2177 1759 2217 floruit,
1797 2188 1945 2222 quaeque

1204 2230 1325 2263 nostris
1352 2230 1544 2273 praesertim
1579 2229 1695 2263 diebus
1731 2231 1864 2274 antiqua
1888 2241 1946 2264 sua

1204 2284 1323 2317 decora
1359 2289 1390 2316 et
1426 2283 1536 2316 laudes
1574 2283 1730 2316 maiorem
1756 2283 1787 2316 in
1813 2284 1946 2317 modum

1204 2337 1299 2378 auxit,
1318 2337 1416 2369 immo
1434 2336 1474 2369 ad
1492 2346 1653 2370 summum
1673 2337 1787 2370 extulit
1805 2338 1944 2378 culmen,

1204 2401 1275 2423 cum
1302 2389 1428 2423 felicem
1456 2390 1662 2434 faustumque
1688 2390 1816 2424 dederit
1839 2396 1944 2424 ortum

1204 2443 1365 2476 natalibus
1403 2443 1522 2476 nedum
1560 2443 1730 2476 memorati
1769 2443 1945 2477 Clementis

1204 2496 1477 2540 praedecessoris,
1493 2497 1546 2539 qui
1562 2496 1755 2529 catholicam
1766 2496 1946 2531 Ecclesiam

1204 2550 1256 2583 diu
1283 2556 1453 2593 persancte
1479 2550 1679 2593 gubernavit,
1711 2550 1768 2583 sed
1806 2550 1944 2584 duorum

1180 2629 1182 2643 ,
1204 2604 1298 2637 etiam
1319 2604 1404 2637 illius
1424 2615 1459 2637 ex
1478 2615 1634 2648 germano
1655 2604 1751 2637 fratre
1777 2609 1944 2652 nepotum²

1955 209 2006 236 An.
2020 209 2048 236 C.
2071 210 2133 239 ¹725

1984 851 2065 872 Causae
2080 857 2138 882 prae-

1957 881 2021 909 sentis
2041 882 2137 899 constitu-

1957 907 2028 925 ltunts.
