2170 3147
249 180 332 207 Aur.
371 180 435 206 1:⁵22
484 171 546 203 ata

273 1145 348 1164 Clausi:
352 1145 384 1164 ιιιιι
389 1161 393 1165 .

317 1251 338 1270 Ι).
349 1255 406 1274 rugai
414 1257 432 1271 ,ο

245 1280 411 1298 εοιιῐικιιπυιίιιιι.

445 228 510 261 lilio
537 229 696 261 moderno
733 228 836 271 priori
874 227 1017 271 generali
1055 227 1186 261 Ordinis

443 281 599 325 praedicti
620 281 758 314 similem
778 281 1000 314 consiliarium
1028 280 1186 314 enarratis

443 335 653 378 qualitatibus
672 333 882 377 praeditum',
898 335 985 367 iuxta
1000 335 1105 367 datam
1124 334 1185 367 sibi

443 400 459 421 a
485 389 623 421 Domino
642 389 855 431 prudentiam,
878 399 938 431 pro
959 388 1090 421 natione
1109 388 1186 421 Ger-

443 443 536 474 mana
561 441 714 474 similiter
740 442 870 474 creandi
898 447 929 474 et
954 441 1184 480 constituendi,

445 494 556 538 illique
594 494 753 527 moderno
791 499 823 528 et
854 505 913 538 pro
949 500 1097 538 [empore
1123 494 1186 528 exi-

442 548 541 580 stenti
567 547 667 591 priori
695 548 853 590 generali,
872 547 897 580 si
919 547 1037 591 aliquis
1053 559 1089 581 ex
1109 557 1187 591 qua-

443 606 514 634 tuor
538 601 735 634 consiliariis
761 613 778 634 a
804 601 908 642 nobis,
926 601 1008 634 sicut
1033 601 1187 644 praemit-

441 654 527 693 titur,
543 653 707 697 deputatis
726 653 867 687 osticium
887 654 1074 687 huiusmodi
1093 653 1185 686 obire

441 706 641 739 recusaverit
659 707 708 739 vel
728 706 928 749 nequiverit,
946 706 1044 739 alium
1066 707 1098 738 in
1117 706 1185 739 eius

441 760 547 792 locum
574 759 797 792 substituendi
824 770 859 792 ac
880 759 1095 802 subrogandi,
1117 769 1185 791 suc-

442 812 573 846 cessivis
598 823 673 846 vero
699 824 734 846 ac
759 813 927 856 perpetuis
959 813 1074 845 suturis
1107 817 1187 845 tem-

442 866 578 909 poribus
596 893 603 905 ‚
641 871 816 909 postquam
844 867 877 898 lii
903 867 1046 909 quinque
1080 865 1186 898 consi-

443 919 526 952 liarii
560 925 685 963 tempus
723 931 815 952 suum
852 920 1071 960 absolverint,
1106 919 1186 952 alios

442 984 458 1006 e
484 973 576 1007 dictis
603 973 788 1006 nationibus
815 973 1021 1007 consiliarios
1044 972 1185 1016 eligendi

442 1037 478 1059 ac
503 1026 712 1066 nominandi,
741 1026 924 1059 facultatem
951 1026 1124 1059 tribuimus
1156 1032 1185 1058 et

443 1080 658 1123 impertimur.

486 1136 500 1175 ξ
525 1134 556 1166 li.
584 1133 814 1173 Deeernentes,
836 1133 920 1176 ipsas
946 1133 1075 1166 easdem
1095 1143 1187 1177 prae-

443 1194 554 1221 sentes
580 1188 704 1221 litteras
732 1188 850 1226 sumas,
880 1187 958 1221 etc.q

488 1242 502 1284 ξ
527 1240 558 1274 5.
586 1241 655 1274 Non
681 1241 887 1276 obstantibus
919 1240 1124 1284 praemissis,
1152 1251 1187 1273 ac

443 1294 727 1327 constitutionibus
762 1299 793 1326 et
822 1293 1083 1326 ordinationibus
1109 1304 1187 1336 apo-

442 1346 583 1386 stolicis,
618 1357 769 1388 necnon,
808 1352 969 1390 qnatenus
1007 1357 1088 1389 opus
1124 1346 1185 1387 sit,

442 1400 620 1443 supradicti
645 1400 798 1439 Ordinis,
825 1400 938 1439 etiam,
964 1400 1042 1432 eles·

485 1454 601 1486 Datum
613 1454 747 1494 Romae,
759 1454 844 1497 apud
859 1454 890 1486 S.
908 1453 1050 1493 Petrum,
1063 1453 1122 1485 sub
1133 1463 1187 1485 an-

440 1508 519 1540 nulo
538 1507 721 1547 piscatoris,
740 1507 791 1540 die
809 1517 826 1539 v
846 1506 959 1550 aprilis
980 1516 1184 1547 nnecxxvni,

441 1560 647 1604 pontificatus
672 1560 776 1593 nostri
798 1571 885 1593 anno
912 1571 951 1592 lv.

480 1623 537 1649 nai.
561 1623 604 1650 die
625 1623 641 1649 5
661 1623 755 1658 aprilis
780 1623 863 1657 1728,
886 1622 985 1658 pontif.
1005 1631 1079 1648 anno
1096 1629 1132 1648 tv.

752 1766 880 1800 CCXIX.

442 1847 636 1880 Conceditur
675 1847 885 1890 inclulqentia
925 1847 1076 1890 plenaria
1118 1857 1187 1891 per-

484 1905 582 1943 petua
618 1900 819 1934 monialibus
844 1901 1034 1944 quorumvis
1061 1911 1186 1933 »zonas-

485 1953 642 1985 lcrz'orum
683 1954 719 1986 in
754 1953 900 1996 qualibet
940 1953 1058 1986 viandi
1095 1957 1188 1996 purte

486 2007 697 2039 twistentium
742 2006 793 2039 (lie
834 2017 945 2039 earam
990 2006 1185 2046 relationis,

488 2059 718 2092 benedictionis
744 2064 771 2092 et
796 2060 1046 2092 consecrationis
1062 2060 1082 2091 ⁵.

627 2140 808 2167 Benedictus
831 2140 911 2173 Papa
928 2140 1006 2171 xm,

568 2185 604 2210 ad
620 2187 799 2217 perpetuam
816 2184 861 2211 rei
882 2186 1066 2211 memoriam.

491 2254 521 2286 ln
544 2266 696 2297 supremo
716 2255 916 2298 apostolicae
936 2255 1103 2298 dignitatis
1122 2256 1188 2288 eul-

445 2307 539 2346 mine,
567 2308 688 2341 meritis
716 2310 790 2341 licet
817 2309 1008 2351 imparibus,
1033 2310 1190 2342 inscruta-

480 2404 490 2429 ‘l
515 2405 584 2430 Mate
606 2405 670 2431 edit.
693 2406 772 2431 lllain.
796 2406 858 2439 legit
878 2407 1062 2440 praedictum
1084 2408 1122 2437 (n.
1140 2408 1188 2438 Τ.).

481 2449 496 2473 2
518 2448 547 2473 tlt
569 2457 661 2483 snpra,
683 2457 742 2483 pag.
765 2450 811 2475 471
832 2459 849 2476 α
870 2451 906 2484 (a.
923 2452 972 2482 T.).

483 2492 498 2517 :3
520 2491 549 2517 t't
569 2500 662 2526 supra,
684 2502 744 2527 pag.
767 2494 812 2519 4ῖὶ
834 2504 850 2519 α
871 2501 907 2527 tlt.
925 2497 974 2528 Τ.).

483 2536 494 2560 Δἰ
520 2536 575 2561 att]
598 2536 676 2562 liuius
708 2538 844 2564 l‘pntiticis
871 2543 955 2565 ronst.
979 2539 1021 2566 ed.
1044 2547 1188 2574 nnucxxn,

448 2580 490 2605 tlte
508 2587 564 2603 xxii
584 2581 714 2613 -vptvnilnt
726 2590 743 2605 i<
774 2582 866 2615 pontit.
881 2589 901 2615 t,
921 2592 1063 2609 :oin-essa·-
1081 2586 1187 2611 suerunt

1031 178 1215 202 BUUARIUM
1239 178 1397 204 aethmun

1230 227 1285 261 bili
1312 229 1367 262 Dei
1394 229 1619 273 providentiae
1646 239 1766 263 arcano
1791 228 1970 267 constituti,

1230 283 1419 316 caelestium
1440 294 1608 317 munerum
1631 284 1811 324 thesauros
1834 292 1972 326 quorum

1231 335 1510 379 dispensationem
1548 336 1620 370 fidei
1662 341 1793 370 nostrae
1835 335 1975 369 credidit

1231 388 1427 429 Altissimus,
1454 389 1595 422 libenter
1624 400 1817 432 erogamus,
1845 399 1916 421 eum
1943 388 1974 421 id

1231 442 1268 475 ad
1296 443 1478 485 augendam
1504 453 1667 476 sacrarum
1695 443 1868 485 virginum,
1891 452 1975 485 quae

1230 495 1351 529 oblitae
1377 497 1533 540 populum
1559 507 1650 529 suum
1673 501 1704 529 et
1721 496 1851 529 domum
1873 494 1974 538 patris

1231 549 1279 582 sui
1306 549 1420 582 divinis
1440 549 1610 593 obsequiis
1635 560 1708 583 sese
1733 549 1791 583 sub
1817 548 1903 581 suavi
1929 558 1976 582 re-

1232 602 1363 646 ligionis
1389 604 1465 646 iugo
1488 603 1733 647 manciparunt,
1760 602 1976 646 religionem,

1233 657 1466 700 fovendamque
1492 657 1619 690 illarum
1645 656 1812 700 pietatem,
1840 655 1976 689 arbitra-

1232 720 1304 742 mur
1329 710 1360 742 in
1385 710 1521 743 Domino
1547 710 1768 753 profuturum.

1275 764 1290 806 ἓ
1315 763 1346 795 1.
1374 762 1449 797 Cum
1483 763 1593 806 itaque
1630 774 1691 797 nos
1717 761 1975 806 antiquissimam

1232 978 1399 1011 nonnullis
1440 977 1567 1012 dilectis
1607 978 1639 1011 in
1679 978 1808 1012 Christo
1848 976 1975 1011 filiabus

1233 1030 1428 1065 monialibus
1465 1031 1654 1064 monasterii
1679 1031 1710 1064 S.
1738 1030 1901 1064 Ambrosii
1937 1031 1976 1063 de

1232 1085 1317 1118 Utbe
1343 1084 1470 1118 Ordinis
1489 1084 1520 1118 S.
1540 1084 1708 1119 Benedicti
1730 1094 1859 1118 sacrum
1879 1083 1976 1117 hodie

1232 1139 1380 1171 velamen
1419 1148 1454 1170 ae
1494 1138 1760 1171 benedictionem
1794 1142 1826 1170 et
1863 1147 1978 1170 eonse-

1232 1191 1411 1224 crationem
1438 1191 1594 1234 impartiti
1619 1191 1776 1224 fuerimus
1802 1191 1977 1233 (memores

1232 1245 1267 1277 B.
1304 1245 1522 1277 Mareellinam
1561 1245 1703 1278 eiusdem
1739 1245 1770 1278 S.
1810 1244 1975 1277 Ambrosii

1231 1308 1390 1337 sororem,
1418 1304 1452 1330 ut
1478 1298 1546 1341 ipse
1573 1299 1604 1330 in
1631 1298 1696 1331 suis
1721 1298 1813 1331 libris
1838 1297 1884 1330 De
1913 1297 1978 1330 Vir-

1229 1351 1364 1395 qz'nibus
1392 1356 1542 1390 testatur,
1569 1362 1585 1384 a
1610 1351 1641 1384 S.
1680 1351 1808 1385 Liberio
1833 1351 1977 1384 Romano

1232 1404 1385 1438 Pontisice
1412 1405 1668 1448 praedecessore
1694 1409 1810 1438 nostro
1847 1414 1976 1437 sacrum

1232 1458 1343 1491 itidem
1372 1459 1479 1491 velum
1506 1458 1645 1491 solemni
1682 1458 1746 1490 ritu
1780 1457 1975 1501 accepisse),

1232 1512 1393 1555 dictisque
1420 1512 1620 1545 monialibus
1653 1511 1833 1555 plenariam
1864 1521 1978 1555 pecca-

1233 1572 1336 1599 torum
1362 1576 1494 1598 suorum
1530 1565 1766 1608 indulgentiam
1801 1569 1833 1598 et
1864 1564 1977 1597 remis-

1230 1619 1355 1652 sionem
1385 1618 1662 1659 concesserimus·,
1688 1623 1813 1652 ceteras
1846 1628 1976 1662 quoque

1230 1725 1452 1758 nedictioncm
1491 1730 1522 1757 et
1559 1725 1838 1758 consecrationem
1865 1724 1977 1757 huius-

1230 1778 1316 1811 modi
1333 1778 1505 1821 recipient,
1524 1778 1638 1811 eodem
1654 1778 1816 1822 spirituali
1831 1776 1976 1811 munere¹

1231 1834 1354 1865 donare
1382 1833 1551 1871 volentes,
1587 1833 1625 1865 de
1660 1832 1895 1876 omnipotentis
1922 1831 1977 1865 Dei

1232 1885 1459 1918 misericordia
1488 1891 1518 1917 et
1543 1886 1710 1919 beatorum
1732 1885 1817 1918 Petri
1838 1890 1868 1918 et
1886 1884 1976 1918 Pauli

1231 1940 1454 1982 apostolorum
1498 1939 1566 1971 eius
1604 1939 1796 1972 auctoritate
1837 1939 1974 1979 contisi,

1231 1992 1384 2025 omnibns
1404 1998 1433 2024 ct
1450 1992 1587 2035 singulis
1610 1992 1805 2025 monialibus
1825 2001 1975 2035 expresse

1232 2044 1388 2088 professis
1415 2046 1602 2087 quorumvis
1637 2045 1909 2079 monasteriorum
1943 2044 1974 2077 in

1233 2098 1378 2141 qualibet
1405 2097 1515 2129 mundi
1543 2103 1633 2141 parte
1660 2097 1883 2137 existentium,
1913 2103 1974 2130 tam

1234 2151 1392 2183 liaetenus
1418 2155 1596 2183 erectorum
1623 2161 1717 2194 qnam
1744 2150 1774 2182 in
1809 2155 1975 2193 posterum

1234 2203 1485 2247 erigemlorum‚
1524 2204 1756 2247 cuiuscumque
1792 2203 1922 2236 Ordinis
1959 2214 1975 2235 a

1233 2257 1314 2290 Sede
1343 2257 1528 2301 Apostolira
1550 2257 1732 2301 approbati,
1755 2268 1834 2300 quas
1859 2257 1898 2291 de
1924 2267 1976 2290 ce-

1236 2317 1322 2350 tero,
1350 2310 1435 2343 iuxta
1461 2320 1626 2343 sacrorum
1654 2320 1814 2343 canonum
1841 2310 1977 2353 disposi-

1234 2364 1355 2397 tionem
1391 2375 1427 2397 ae
1465 2364 1596 2397 sormam
1636 2365 1665 2396 in
1705 2363 1885 2407 pontificati
1925 2374 1976 2396 ro-

1233 2428 1328 2450 mano
1351 2417 1596 2461 praescriptam,
1624 2428 1639 2449 a
1666 2418 1799 2461 proprio
1820 2416 1975 2461 episcopo

1233 2497 1380 2524 nonnullae
1408 2497 1591 2532 indulgentiae
1621 2501 1769 2532 perpetuae
1797 2497 1975 2524 recitantibus

1233 2549 1360 2568 coronant
1382 2545 1485 2577 septem
1506 2542 1630 2568 dolorum
1653 2541 1679 2568 n.
1702 2541 1735 2568 Μ.
1755 2542 1786 2568 V.

1274 2590 1277 2611 l
1307 2586 1378 2612 Edit.
1400 2587 1480 2614 Maia.
1504 2587 1565 2619 legii
1590 2587 1705 2614 uulneri
1725 2586 1752 2620 (tt
1785 2587 1828 2620 Γ.)

1981 179 2034 207 An.
2049 179 2078 208 C.
2096 181 2162 211 1728

2041 774 2106 795 Antea
2138 775 2163 796 ab

1232 815 1412 849 catholicae
1454 816 1614 850 Ecclesiae
1652 817 1691 850 ad
1728 821 1838 849 nostra
1873 800 2165 859 ustpieiffiffimffii'iiiliiff

1234 875 1380 913 tempora
1418 870 1640 903 transmissam
1677 856 2164 912 consuetudinem‚itit-'‘s‘ssffit'lssssli

1233 923 1441 967 priscumque
1472 923 1519 956 Ss.
1555 924 1687 957 Patrum
1713 933 1834 957 morem
1859 921 1972 963 secuti,
1988 907 2096 956 ggssffm
2118 914 2164 930 ⁰⁰⁸*

2014 1626 2113 1647 Omnibus
2127 1631 2164 1647 nin-

1987 1653 2077 1674 nialibns
2095 1659 2164 1674 concc-

1231 1672 1408 1711 moniales‚
1436 1682 1519 1715 quae
1546 1671 1702 1715 deinceps
1727 1672 1894 1710 velamen,
1921 1671 2025 1704 be-rni.
