2170 3147
243 260 292 284 Ani
318 260 345 284 (ἶ.
367 258 433 284 ἱῗὲῖν

271 2336 301 2357 Da
317 2341 428 2356 conserva·

244 2363 428 2388 tlon-imprimati-

243 2389 295 2410 lium
308 2390 427 2410 eurumdem

244 2417 313 2442 dequo
341 2416 427 2437 fratrum
460 2438 464 2442 ¹

243 2442 325 2465 habitu.

481 250 544 282 “21³1ss

439 307 580 350 gationis
606 317 735 341 suorum
760 307 998 351 religiosorum,
1031 309 1086 352 qui
1119 309 1185 342 sin-

440 361 505 403 guli
533 367 691 393 testentur
715 372 789 394 cum
816 361 997 395 iuramento
1029 362 1184 406 expedire

440 413 506 446 fieri
534 415 733 457 emptionem
760 420 813 447 aut
838 416 1071 456 venditionem,
1091 420 1186 459 prout

439 466 554 509 petitio
581 467 725 509 priorum
755 479 814 511 pro
845 468 980 501 licentia
1005 469 1183 502 obtinenda

438 520 634 562 praesefert.
662 521 752 559 Quod
787 522 811 554 si
845 521 921 554 dicti
955 522 1082 565 priores
1109 533 1185 556 con-

439 575 605 606 ventuales
631 585 648 606 a
680 576 752 608 loco
788 575 842 607 ubi
869 576 997 618 priores
1023 576 1184 618 generalis

439 627 487 659 vel
525 627 736 669 provincialis
777 634 1022 661 commorantur
1057 629 1186 671 longius

439 679 571 719 distent,
591 685 622 713 et
646 681 777 713 occasio
796 681 884 714 utilis
904 692 938 714 se
964 692 997 715 se
1014 681 1130 715 oll'erat
1147 682 1185 714 ad

439 733 641 775 emptionem
667 745 723 767 seu
749 734 968 768 venditionem
986 736 1184 778 praedictam

439 785 646 826 deveniendi,
668 798 751 830 quae
777 798 837 830 per
862 799 985 821 meram
1004 789 1136 831 petendi
1156 794 1187 822 et

439 840 666 882 praestolandi
686 841 725 873 ab
740 841 786 874 eis
805 841 969 874 licentiam
983 842 1186 885 praedictam

440 892 538 925 dilabi
574 900 700 936 posset,
726 899 800 927 tunc
833 895 872 928 de
906 895 1046 928 consilio
1081 901 1113 928 et
1138 907 1186 928 as-

439 956 537 978 sensu
567 947 831 990 congregationis
856 958 986 981 suorum
1016 948 1187 991 religioso-

440 1008 512 1031 rum
540 999 578 1032 ad
605 1010 674 1032 eam
702 1001 883 1043 procedere
901 1003 1029 1034 valeant
1046 1012 1081 1034 ex
1101 1002 1186 1045 prio-

439 1062 509 1085 rum
528 1053 690 1094 generalis
712 1055 762 1086 vel
780 1054 990 1097 provincialis
1020 1065 1186 1098 praesum-

438 1108 494 1148 pta
528 1111 650 1138 tantum
684 1117 720 1139 ac
753 1107 847 1139 tacita
879 1108 1035 1147 lieentia,
1068 1108 1185 1151 quibus

438 1163 545 1191 tamen
573 1159 733 1192 rationem
759 1161 929 1193 confestim
955 1161 1095 1194 reddant
1120 1172 1187 1194 em-

438 1212 560 1255 ptionis
588 1223 644 1245 sen
671 1213 867 1245 venditionis
899 1224 959 1256 per
993 1224 1047 1246 eos
1075 1215 1184 1254 sactae,

438 1266 670 1299 subscribente
688 1277 759 1299 cum
779 1267 963 1300 iuramento
982 1269 1093 1301 eadem
1114 1278 1186 1301 con-

439 1319 629 1361 gregatione
645 1319 890 1363 religiosorum,
905 1331 971 1354 non
987 1322 1084 1355 modo
1099 1323 1184 1366 quod

438 1372 562 1405 utiliter
591 1384 627 1405 ac
660 1374 698 1406 de
732 1374 879 1416 ipsorum
914 1375 1052 1408 consilio
1078 1380 1110 1409 et
1135 1386 1185 1408 as-

439 1436 534 1458 sensn
557 1426 639 1458 sacta
665 1427 768 1466 suerit,
797 1432 831 1459 ut
855 1428 1046 1470 praefertur,
1073 1439 1183 1462 verum

440 1479 536 1512 etiam
563 1478 671 1522 quod¹
694 1490 850 1523 expressa
869 1481 1002 1514 licentia
1027 1492 1044 1514 a
1069 1482 1185 1525 priori-

439 1532 499 1565 bus
526 1533 671 1575 generali
696 1534 745 1566 vel
772 1533 962 1576 provinciali
994 1541 1089 1569 antea
1118 1535 1183 1578 peti

440 1591 471 1618 et
489 1586 628 1620 obtineri
651 1597 858 1631 nequaquam
883 1588 1037 1632 potuerit,
1057 1589 1119 1622 ne³
1136 1601 1185 1624 oc-

439 1639 526 1672 casio
562 1639 727 1683 proficua,
754 1652 836 1684 quae
870 1642 987 1685 raptim
1020 1643 1184 1686 prioribus

438 1693 599 1726 localibus
626 1700 776 1726 occurrat
789 1694 807 1734 ³,
826 1695 1038 1729 amitteretur.
1057 1697 1184 1731 Priores

438 1751 546 1779 autem
580 1753 808 1787 conventuum,
834 1748 958 1781 etiamsi
996 1749 1183 1784 immediate

438 1799 540 1842 priori
567 1801 714 1843 generali
741 1801 879 1841 subsint,
909 1803 993 1835 hanc
1018 1803 1185 1837 licentiam

439 1853 569 1885 nonnisi
596 1864 612 1886 a
639 1854 703 1886 suis
735 1854 900 1897 prioribus
933 1857 1185 1899 provincialibus

438 1906 535 1939 modo
561 1907 728 1949 praedicto
739 1907 920 1951 »exquirere
939 1914 1125 1951 teneantur,
1144 1917 1186 1943 at-

440 1970 501 2002 que
528 1960 732 2001 generalitor
757 1961 881 2004 priores
914 1973 1030 1996 omnes
1062 1965 1185 1997 locales

440 2012 524 2044 hanc
549 2013 739 2046 methodum
763 2020 893 2047 servent
917 2016 1186 2060 quotiescumque

440 2066 563 2109 aliquid
591 2068 623 2099 in
656 2067 850 2101 beneficium
883 2076 1099 2104 conventuum
1130 2082 1185 2104 seu

440 2119 662 2162 hospitalium,
683 2121 769 2164 quod
796 2123 906 2155 decem
933 2134 1105 2157 aureorum
1128 2124 1186 2157 im-

439 2182 573 2215 pensam
600 2175 748 2214 excedat,
771 2175 874 2208 facere
900 2177 1109 2210 meditantur.
1128 2177 1185 2216 Qui

440 2236 516 2258 vero
542 2227 717 2269 praemissa
755 2238 821 2260 non
859 2229 1127 2272 adimpleverint,
1154 2231 1184 2263 in

440 2285 636 2321 perpetuum
651 2290 729 2312 voce
744 2281 844 2313 activa
859 2287 889 2314 et
902 2282 1026 2325 passiva
1042 2289 1182 2317 careant.

485 2333 501 2373 Ξ
526 2331 579 2365 13.
608 2332 854 2367 Conservatmni
889 2346 1020 2378 quoque
1045 2338 1187 2379 supelle-

440 2384 564 2417 ctilium
598 2393 830 2427 conventuum,
867 2398 1048 2432 eorumque
1082 2400 1186 2422 sacra-

439 2449 573 2477 riorum,
594 2445 624 2471 ct
649 2440 858 2482 hospitalium
886 2442 1104 2483 intendentes,
1124 2449 1185 2476 tani

439 2491 662 2534 superioribus
688 2503 782 2535 quam
810 2505 920 2527 corum
947 2496 1086 2529 subditis
1113 2507 1187 2540 pro-

477 2572 487 2596 1
512 2570 581 2596 Edit.
605 2571 687 2596 Main.
711 2571 774 2605 legit
794 2580 850 2605 quo
871 2581 918 2607 pro
939 2575 1014 2609 quod
1030 2580 1066 2608 (n.
1084 2576 1132 2606 T.).

475 2613 491 2640 2
512 2614 582 2641 Edu.
606 2615 682 2640 main.
705 2615 770 2649 legit
789 2624 840 2643 ricc
860 2621 896 2649 (n.
912 2621 962 2651 Τ.).

474 2658 490 2687 3
511 2660 605 2694 Aptius
625 2659 767 2694 legendum
789 2662 915 2690 occurrit
933 2663 968 2697 (R.
985 2664 1034 2696 τ.)

1018 259 1201 284 BULLARIUM

1227 260 1382 285 ROMANUM

1228 309 1398 351 bibemus,
1425 320 1465 344 ne
1497 321 1723 355 quaecumque
1756 310 1974 354 supellectilia

1228 363 1414 397 huiusmodi
1441 365 1600 397 extraneis
1627 365 1844 402 commodent,
1873 364 1971 408 idque

1228 417 1287 449 sub
1314 420 1420 460 poena
1450 418 1644 461 privationis
1675 418 1762 451 vocis
1793 417 1915 451 activae
1941 423 1974 450 et

1228 470 1378 513 passivae
1403 472 1511 514 quoad
1537 471 1703 510 subditos,
1729 471 1754 503 si
1780 471 1811 504 id
1838 470 1973 504 fecerint

1229 523 1353 567 absque
1380 526 1533 567 expressa
1558 525 1764 567 superiorum
1789 535 1920 557 suorum
1939 523 1973 556 liu

1229 578 1359 617 centi1⁴1;
1388 578 1441 620 qui
1467 578 1570 610 sciant
1594 577 1723 610 vetitam
1748 577 1810 610 sibi
1837 589 1854 611 a
1879 577 1973 610 nobis

1230 641 1299 664 esse
1325 631 1356 663 in
1384 631 1444 664 hac
1469 631 1601 664 licentia
1626 631 1836 664 concedenda
1859 631 1973 664 incon-

1229 685 1348 717 sultam
1374 685 1543 718 nimiamve
1570 684 1770 718 facilitatem.
1788 684 1973 728 Stricteque

1230 738 1381 771 omnibns
1407 738 1606 780 iniungimus
1632 737 1870 771 observantiam
1896 748 1973 771 eon-

1229 791 1433 823 stitutionum
1470 791 1616 823 eiusdem
1651 790 1782 823 Ordinis
1817 795 1973 834 quantum

1229 844 1267 877 ad
1294 844 1453 877 humilem
1484 844 1730 887 simplicemque
1767 843 1914 877 habitum
1940 844 1972 876 in

1229 897 1315 930 dicto
1333 897 1452 930 Ordine
1478 897 1596 929 deferri
1618 896 1757 936 solitum,
1784 897 1838 940 qui
1863 897 1973 930 videli-

1230 958 1281 984 cet
1302 963 1319 984 a
1344 951 1503 984 saeculari
1530 951 1616 983 cultu
1643 956 1675 983 et
1697 950 1784 983 omni
1809 950 1974 983 mundana

1230 1005 1370 1038 vanitate
1397 1009 1429 1038 et
1453 1004 1594 1037 novitate
1628 1005 1724 1047 plane
1762 1004 1888 1037 alienus
1913 1004 1971 1044 sit,

1230 1060 1336 1101 poena
1353 1057 1544 1101 privationis
1571 1063 1602 1090 et
1626 1057 1843 1090 inhabilitatis
1870 1057 1908 1090 ad
1927 1057 1973 1090 os-

1230 1111 1302 1144 ticia
1327 1111 1429 1154 ipsius
1453 1110 1583 1144 Ordinis
1603 1121 1658 1143 eos
1675 1112 1877 1151 coercentes,
1904 1110 1970 1154 qui,

1230 1164 1338 1207 aliqua
1372 1175 1407 1197 ex
1441 1168 1535 1207 parte
1569 1164 1629 1196 hac
1654 1164 1686 1196 in
1711 1174 1745 1197 re
1771 1163 1971 1208 culpabiles,

1229 1228 1292 1250 non
1319 1227 1352 1250 se
1377 1217 1527 1261 protinus
1545 1217 1800 1257 emendaverint,
1819 1217 1972 1250 adversus

1229 1282 1309 1315 quos
1334 1270 1522 1314 superiores
1546 1271 1586 1303 ad
1612 1271 1691 1304 alias
1716 1271 1812 1304 etiam
1837 1281 1972 1314 poenas,

1229 1330 1389 1367 quatenus
1415 1334 1496 1367 opus
1520 1324 1571 1365 sit,
1590 1324 1772 1367 procedere
1789 1324 1918 1368 possint
1942 1331 1973 1359 et

1230 1378 1381 1411 debeant.
1770 1384 1772 1389 ·

1272 1432 1287 1475 ἓ
1312 1431 1367 1464 14.
1394 1430 1537 1474 Cumque
1563 1431 1765 1475 experientia
1790 1431 1861 1476 ipsa
1887 1442 1973 1466 com·
2022 1443 2052 1464 ne
2068 1443 2166 1474 robusta

1228 1490 1355 1528 pertum
1381 1484 1440 1524 sit,
1461 1484 1690 1518 oblocutiones
1715 1485 1749 1517 in
1774 1485 1971 1529 superiores,
1983 1471 2167 1527 ἓεῗ]ι“ἷῖψῖις,ᾚῗὲἶ

1228 1549 1338 1571 rerum
1371 1539 1404 1571 in
1429 1537 1549 1571 Ordine
1586 1538 1846 1581 contingentium
1884 1525 2168 1580 extrabffsskssriffss'il'gnlff

1229 1592 1369 1624 claustra
1410 1591 1592 1624 delationes
1632 1602 1688 1624 seu
1730 1577 2168 1635 evulgationes,iiiii=s·⁰⁵‘iii¹iii}2'ii-'

1229 1655 1357 1678 necnon
1382 1645 1589 1688 negotiorum
1610 1645 1642 1678 in
1664 1630 2022 1689 congi·egationibus⁶‘⁵‘

1229 1698 1451 1731 resolutorum
1476 1698 1696 1731 revelationes
1729 1699 1890 1742 imprimis
1916 1709 1974 1732 rio-

1228 1751 1295 1784 xias
1329 1762 1366 1784 ac
1392 1751 1595 1794 perniciosas
1627 1762 1722 1792 esse,
1745 1752 1865 1785 nedum
1898 1753 1973 1796 quia

1229 1810 1318 1838 recto
1345 1805 1506 1847 gubernio
1531 1805 1706 1848 plurimum
1735 1805 1895 1846 officiunt,
1922 1817 1974 1839 ve-

1229 1868 1299 1891 rum
1333 1858 1428 1891 etiam
1459 1858 1545 1901 quod
1578 1859 1676 1891 totius
1697 1858 1827 1892 Ordinis
1853 1859 1972 1892 honori

1231 1917 1263 1944 et
1287 1912 1397 1944 decori
1423 1921 1490 1944 non
1516 1922 1630 1954 parum
1648 1912 1841 1945 detrahunt:
1868 1913 1974 1956 priva-

1231 1964 1355 1997 tionem
1384 1964 1473 1997 vocis
1504 1964 1625 1997 activae
1658 1969 1689 1997 et
1720 1965 1868 2008 passivae
1903 1965 1973 2008 ipso

1231 2018 1313 2050 sacto
1340 2018 1572 2050 incurrendam
1597 2017 1771 2050 indicimus
1790 2018 1823 2050 in
1842 2029 1897 2051 eos
1919 2017 1974 2061 qui

1231 2071 1316 2114 apud
1342 2071 1528 2103 saeculares
1554 2071 1748 2114 praesertim
1775 2071 1918 2115 aliquem
1937 2082 1973 2104 cx
2012 2081 2026 2095 ¹

1231 2124 1390 2156 enarratis
1415 2123 1600 2156 excessibus
1627 2124 1831 2165 admiserint,
1852 2124 1920 2168 qui,
1947 2123 1974 2157 si

1231 2177 1424 2210 sufficientia
1459 2177 1616 2209 adversus
1641 2187 1696 2210 eos
1723 2177 1762 2210 de
1787 2176 1974 2220 praemissis

1231 2230 1353 2262 indicia
1377 2229 1585 2269 habeantur,
1611 2229 1708 2263 etiam
1742 2230 1776 2263 in
1813 2240 1976 2263 carcerem

1232 2283 1380 2323 detrudi,
1407 2288 1458 2322 et,
1484 2288 1645 2326 quatenus
1672 2283 1710 2316 de
1740 2283 1787 2316 eis
1819 2293 1972 2316 eorumve

1231 2337 1338 2379 aliquo
1357 2336 1498 2369 convicti
1520 2336 1649 2377 suerint,
1665 2342 1755 2369 extra
1772 2336 1972 2379 provinciam

1230 2400 1306 2422 suae
1333 2389 1547 2431 professionis
1572 2389 1713 2432 relegari
1737 2380 1874 2422 valeani.

1274 2443 1288 2486 ἓ
1311 2442 1363 2475 15.
1386 2443 1528 2482 Demuni,
1548 2453 1620 2475 cum
1648 2454 1712 2475 non
1738 2454 1811 2476 raro
1832 2443 1970 2484 eveniat,
1983 2449 2163 2499 &Reman->5¹22

1229 2496 1412 2538 religiosos,
1431 2493 1481 2528 ut*
1499 2496 1704 2539 superiorum
1731 2507 1861 2530 suorum
1889 2497 2056 2531 iudi-cursis·

1230 2549 1313 2581 cium
1335 2549 1491 2591 ell‘ugiant
1520 2549 1757 2592 melioremque
1773 2551 1971 2593 praetensio*

1231 2612 1308 2634 num
1346 2612 1474 2633 suarum
1514 2611 1699 2635 successum
1736 2603 1967 2646 experiantur,

1267 2666 1277 2689 1
1301 2663 1368 2691 Male
1388 2664 1452 2691 edit.
1474 2664 1553 2691 Μαίη.
1574 2663 1638 2699 legit
1657 2667 1681 2692 el
1701 2673 1749 2700 pro
1771 2667 1802 2693 ut
1816 2667 1855 2700 (ἢ.
1871 2669 1919 2701 Τ.).

1982 262 2030 289 An.
2047 261 2076 290 c.
2098 257 2164 293 ¹725
