2170 3147
0 195 49 225 An„
67 194 97 222 G.
115 193 184 222 1726

9 1715 118 1739 Quaedam
133 1720 170 1734 no-

2 1747 27 1763 ae
49 1744 170 1762 sanctiones

0 1768 82 1790 editae.

770 194 962 217 BENEDICTUS
989 194 1043 217 xm
1068 195 1118 218 PP.

191 240 342 270 movendis
361 240 511 270 habendus
534 245 588 275 est,
606 245 691 278 prout
714 241 852 270 statuitur
868 250 931 279 par-

190 294 215 318 te
238 298 245 319 1
270 289 392 324 Constat,
411 298 475 327 cap.
493 298 563 325 xxii,
589 299 617 317 n.
638 298 667 318 111
690 289 729 318 De
750 294 931 318 conventrano

187 337 359 366 ordinatione
372 349 381 371 ‚⁴
399 346 490 376 eoque
507 341 630 366 tractatu
649 337 820 375 praemisso,
838 336 932 365 nomi-

188 393 222 413 na
240 384 504 423 promovendorum
529 388 589 413 tuin
614 384 647 413 ad
671 383 798 420 ordines,
817 388 877 412 tum
895 383 929 412 ad

187 433 381 469 decanatum,
407 442 464 462 non
499 442 549 471 per
573 432 736 471 supplicem
760 431 892 460 libellum
915 441 928 460 a

187 480 390 520 superioribus
417 480 636 519 subscriptum,
662 480 710 509 sed
739 480 768 509 in
802 480 929 518 simplici

187 530 326 560 schedula
348 529 457 568 absque
481 529 538 559 ulla
561 529 775 567 subscriptione
799 528 931 567 patribus

189 577 390 607 visitatoribus
412 577 626 613 exhibeantur,
644 581 675 606 ut
694 576 748 615 ipsi
772 576 878 606 deinde
900 577 929 606 in

189 626 323 655 examine
352 626 387 654 de
421 626 602 663 singulorum
628 625 740 654 meritis
761 624 928 663 exquirant,

188 678 217 704 et
238 674 367 703 iuratum
393 674 592 703 testimonium
616 683 630 702 a
653 673 855 712 superioribus
870 673 930 703 exi-

185 727 255 760 gant
291 722 326 751 ad
365 722 488 751 sormam
524 722 553 751 in
587 722 687 751 eadem
719 721 929 751 constitutione

184 770 405 809 praescriptam.
430 769 483 804 Qui
517 779 585 799 vero
618 769 718 799 clerici
751 770 860 799 fuerint
895 770 928 799 ad

185 818 303 848 ordines
326 827 341 847 a
371 818 501 857 patribus
528 817 730 847 visitatoribus
763 817 928 856 approbati,

185 876 237 896 suo
260 875 377 905 quoque
399 870 529 904 tempore
552 875 626 895 novo
649 865 843 895 subiiciantur
864 875 930 895 exa-

185 914 268 952 mini,
287 918 315 943 et
338 913 415 943 circa
439 913 593 942 scientiam
615 917 644 943 et
666 913 742 942 circa
766 921 861 943 mores
883 923 929 943 eo-

185 972 247 991 ram
271 962 402 1001 praelato
434 965 462 990 et
494 961 628 1000 patribus
655 961 824 990 monasterii
846 961 930 991 insti-

186 1010 307 1047 tuendo,
332 1019 384 1049 per
406 1013 517 1040 secreta
541 1018 642 1039 eorum
665 1009 800 1047 suffragia
824 1018 929 1048 appro-

185 1058 275 1088 bandi
288 1058 332 1088 vel
350 1057 535 1097 reprobandi.
548 1075 580 1078 —
594 1067 643 1087 x11.
658 1057 699 1087 Ad
714 1057 927 1097 praescriptum

184 1106 295 1136 decreti
327 1106 505 1136 sanctissimi
539 1106 649 1135 domini
680 1106 773 1135 nostri
806 1106 929 1136 Benedi-

183 1155 223 1185 cti
244 1154 307 1185 XIII
340 1154 467 1184 emanati
494 1154 540 1183 die
571 1163 587 1183 v
616 1154 680 1184 iulii
707 1163 854 1184 MDCCxxlv
878 1164 928 1194 pro

183 1203 358 1234 reductione
376 1203 546 1240 missarum,
563 1203 695 1242 quolibet
713 1213 789 1232 anno
812 1204 840 1233 in
864 1213 928 1242 per—

185 1255 306 1292 petuum
330 1251 496 1281 celebretur
518 1261 576 1281 uno
610 1252 656 1281 (lie
689 1252 764 1281 infra
799 1256 926 1281 octavam

183 1298 475 1328 Commemorationis
501 1298 631 1327 omnium
654 1298 857 1327 defunctorum
879 1307 929 1327 an-

185 1345 382 1376 niversarium
405 1346 434 1375 in
457 1356 515 1375 uno
548 1347 727 1375 monasterio
749 1356 783 1375 ex
806 1347 928 1384 singulis

183 1399 295 1434 septem
320 1395 502 1434 provinciiS,
527 1404 579 1434 pro
602 1395 710 1434 quibus
742 1395 928 1425 destinantur

185 1444 363 1473 monasteria
398 1443 503 1473 Montis
532 1444 668 1481 Cassini,
693 1444 722 1473 S.
747 1444 864 1473 Martini
893 1444 927 1473 de

184 1492 342 1530 Panormo,
366 1492 394 1521 S.
419 1492 522 1521 Vitalis
544 1492 711 1530 Ravennae,
736 1496 763 1521 et
779 1493 806 1522 S.
822 1493 927 1522 Mariae

186 1541 220 1571 de
244 1541 406 1577 Florentia,
423 1550 536 1570 necnon
563 1542 773 1571 monasterium
796 1543 825 1571 S.
845 1542 928 1571 Iusti-

181 1598 236 1619 nae
259 1589 293 1619 de
317 1589 426 1626 Padua,
452 1590 481 1617 S.
501 1589 617 1619 loannis
641 1590 837 1628 evangelistae
860 1591 929 1622 Par-

181 1647 261 1677 mae,
285 1642 314 1668 et
336 1639 367 1667 S.
387 1637 561 1667 Catharinae
583 1638 618 1667 de
642 1638 742 1668 Ianua.

226 1701 400 1734 Praeterea
425 1701 584 1742 quaedam
610 1712 712 1735 norae
739 1703 924 1737 sanctiones

184 1763 246 1798 pro
272 1754 397 1787 salubri
423 1753 627 1797 providaque
660 1755 760 1797 ipsius
786 1756 926 1798 Congre-

186 1806 327 1850 gationis
353 1806 535 1839 directione
562 1807 593 1839 in
621 1817 748 1850 nupero
782 1809 925 1852 capitulo

183 1859 330 1903 generali
360 1859 529 1902 praedicto
548 1859 654 1892 editae
680 1861 811 1893 suerunt
837 1866 926 1895 teno-

183 1913 228 1946 ris
254 1913 307 1956 qui
334 1912 491 1957 sequitur,
517 1912 695 1945 nimirum:

220 1989 239 2010 1.
255 1979 456 2009 Excludantur
471 1988 484 2007 a
501 1979 630 2018 capitulo
645 1980 775 2017 generali
792 1980 923 2019 abbates,

180 2029 230 2068 qui
253 2033 334 2058 taxas
357 2031 386 2057 et
407 2036 521 2056 annuas
544 2027 792 2066 quindenniorum
817 2030 923 2068 portio-

181 2086 233 2107 nes
265 2085 323 2105 non
348 2075 564 2115 persolverint,
589 2084 647 2105 non
679 2076 773 2105 solum
807 2078 923 2115 quando

180 2124 359 2155 monasterio
381 2123 506 2153 debitori
530 2128 688 2162 praesunt,
712 2124 762 2154 sed
792 2125 879 2154 etiam
907 2135 921 2155 a

180 2173 275 2213 primo
314 2171 444 2210 generali
485 2171 612 2210 capitulo
651 2172 726 2210 quod
766 2172 922 2203 habebitur

181 2225 334 2262 postquam
367 2220 402 2250 ad
435 2220 556 2250 alterius
588 2221 757 2250 monasterii
791 2221 920 2259 regimen

180 2269 313 2301 translati
338 2269 470 2305 suerint,
494 2269 540 2298 cui
564 2272 661 2298 tamen
685 2270 826 2299 interesse
842 2275 922 2309 pote-

180 2319 220 2349 rit
242 2318 331 2348 abbas
346 2318 376 2347 in
391 2317 487 2347 diaeta
506 2317 693 2356 praecedenti
709 2318 872 2348 destinatus
887 2319 921 2348 ad

180 2367 313 2405 regimen
329 2365 471 2406 praedicti
488 2366 657 2395 monasterii
673 2365 826 2404 debitoris,
840 2367 923 2397 dum-

181 2415 268 2445 modo
283 2413 479 2444 solutionibus
495 2422 528 2443 eo
545 2422 620 2443 anno
635 2413 740 2444 debitis
756 2423 789 2444 ex
806 2415 921 2453 integro

182 2463 368 2501 satisfecerit,
386 2471 443 2492 non
460 2466 559 2491 tamen
575 2462 624 2501 qui
641 2471 691 2501 per
713 2462 830 2501 longius
852 2468 922 2494 tem-

181 2522 235 2553 pus
252 2512 293 2542 illi
317 2510 485 2551 praefuerit,
503 2514 530 2540 et
546 2510 648 2540 saltem
665 2513 777 2549 partem
793 2511 921 2551 aliquam

182 2560 274 2592 debiti
301 2569 316 2590 a
347 2569 400 2590 suo
433 2559 655 2599 praedecessore
688 2560 831 2591 contracti
863 2569 921 2591 non

285 2616 365 2645 Butt.
387 2616 471 2645 Rom.
495 2631 527 2637 —
550 2617 609 2644 Vol.
630 2615 722 2645 XXII.
866 2617 901 2645 60

975 241 1159 279 persolverit.
1176 258 1210 263 —
1227 250 1257 271 11.
1271 241 1372 271 Patres
1388 241 1565 276 visitatores,
1583 241 1716 270 dummo-

976 289 1100 317 nasteria
1125 289 1255 327 visitant,
1280 289 1441 325 studentes,
1459 298 1531 328 quos
1554 289 1582 318 in
1606 289 1647 317 eis
1671 297 1715 318 re-

975 337 1116 374 pererint,
1133 337 1290 375 diligenter
1305 337 1485 372 examinent,
1503 341 1533 366 ut
1549 336 1714 366 definitorio

975 393 1044 413 voce
1067 385 1111 413 vel
1139 385 1249 423 scripto
1272 385 1472 415 testimonium
1497 385 1626 423 proferre
1649 394 1716 424 pos-

974 432 1032 461 sint
1064 433 1098 462 de
1131 433 1290 463 idoneitate
1329 434 1373 463 vel
1411 433 1587 463 sufficientia
1613 443 1714 463 eorum

974 480 1023 518 qui
1046 481 1080 510 ad
1104 481 1259 520 collegium
1283 482 1446 512 Romanum
1465 483 1493 511 S.
1513 483 1643 512 Anselmi
1667 483 1716 512 ad-

975 528 1048 557 mitti
1072 533 1285 567 proponuntnr.
1303 546 1337 552 -
1356 540 1396 560 111.
1417 531 1489 561 Dum
1513 539 1586 560 nova
1610 530 1715 560 confici

973 575 1212 614 congregationis
1234 582 1349 608 nostrae
1367 579 1480 618 publica
1506 582 1618 617 regesta
1643 588 1715 617 opus

974 624 1073 661 suerit,
1097 630 1195 654 vetera
1212 626 1332 655 Romam
1358 628 1603 663 transmittantur,
1623 635 1716 655 asser-

973 670 1065 699 vanda
1099 680 1163 699 cum
1196 671 1261 700 aliis
1284 672 1313 701 in
1336 673 1465 702 archivio
1499 672 1715 712 procuratoriae

973 716 1129 752 generalis.

1017 764 1031 805 ξ
1056 764 1086 796 02.
1115 765 1192 798 Cum
1217 771 1333 806 autem,
1360 767 1442 799 sicut
1467 769 1581 800 eadem
1615 777 1713 810 expo-

973 817 1046 850 sitio
1071 818 1305 861 subiungebat‚
1328 819 1389 861 ipsi
1407 819 1591 863 Serapliino
1613 831 1629 852 a
1647 830 1713 852 me-

974 874 1100 902 morato
1118 871 1259 913 capitulo
1277 873 1422 913 generali
1443 873 1627 905 iniunctum
1648 873 1715 905 sue-

973 923 1033 961 rit,
1061 929 1095 954 ut
1120 923 1374 956 declarationum
1407 925 1569 958 eiusmodi
1595 925 1716 958 consti-

973 975 1133 1007 tutionum
1152 986 1376 1019 novarumque
1402 979 1609 1010 sanctionum
1633 978 1716 1010 sicut

972 1027 1193 1069 praemittitur
1218 1028 1388 1068 editarum,
1412 1040 1475 1072 quo
1497 1029 1620 1062 firmius
1639 1030 1715 1063 sub-

972 1079 1088 1112 sistant
1120 1085 1151 1112 et
1176 1085 1347 1113 serventur
1372 1081 1529 1123 exactius,
1556 1082 1716 1125 approba-

973 1131 1093 1165 tionem
1117 1138 1147 1166 et
1173 1133 1453 1168 confirmationem
1472 1146 1488 1168 a
1503 1135 1596 1168 nobis
1613 1135 1715 1178 impe-

973 1189 1058 1217 trare
1073 1191 1273 1228 procuraret,
1289 1187 1451 1230 simulque
1466 1188 1596 1221 nomine
1612 1187 1713 1230 ipsius

972 1237 1102 1279 capituli
1118 1238 1280 1279 generalis
1294 1239 1387 1272 enixe
1402 1244 1540 1282 peteret,
1556 1245 1713 1283 quatenus

973 1290 1172 1322 monasteria
1209 1290 1481 1333 Congregationis
1507 1303 1523 1324 a
1548 1293 1712 1325 solutione

972 1341 1111 1384 depositi
1134 1343 1332 1385 capitularis,
1359 1349 1393 1375 ut
1417 1350 1542 1384 vocant,
1562 1345 1613 1377 cui
1639 1355 1713 1388 pro-

972 1399 1043 1437 pter
1068 1395 1293 1429 reductionem
1318 1397 1405 1430 illins
1425 1398 1643 1440 capitulorum
1659 1409 1713 1440 ge-

971 1448 1132 1480 neralium
1164 1459 1199 1481 ac
1232 1449 1410 1482 diaetarum
1443 1450 1711 1484 intermediarum

972 1501 1010 1532 de
1037 1500 1169 1534 biennio
1195 1502 1232 1533 ad
1261 1503 1436 1535 triennium
1466 1502 1543 1536 alias
1569 1504 1684 1536 factam
1701 1531 1708 1545 ,

971 1553 1058 1585 iuxta
1083 1554 1238 1597 quasdam
1273 1555 1374 1588 felicis
1400 1556 1637 1589 recordationis
1663 1557 1712 1590 ln—

970 1606 1112 1638 nocentii
1138 1606 1225 1650 Papa
1249 1607 1288 1640 XI
1314 1608 1576 1651 praedecessoris
1608 1610 1710 1642 nostri

971 1658 1003 1690 in
1028 1658 1125 1691 simili
1158 1660 1260 1693 forma
1296 1661 1405 1694 Brevis
1432 1661 1483 1694 die
1508 1672 1579 1695 xxvi
1604 1662 1710 1695 martii

969 1721 1128 1745 MneLxxxt
1148 1713 1287 1756 desuper
1302 1714 1468 1756 expeditas
1494 1714 1632 1755 litteras,
1653 1715 1710 1748 ob-

969 1765 1065 1797 noxia
1101 1766 1333 1809 reperiuntur,
1366 1766 1608 1806 eximeremus,
1634 1779 1709 1801 cum

970 1819 1067 1851 modo
1093 1818 1155 1851 alia
1185 1824 1361 1862 suppetant
1396 1830 1541 1862 congrua
1565 1821 1710 1855 remedia

969 1871 1163 1905 sublevandi
1197 1871 1315 1904 dictam
1348 1872 1643 1915 Congregationem
1669 1875 1708 1906 ab

968 1934 1044 1957 aere
1069 1924 1175 1957 alieno
1201 1934 1264 1967 quo
1281 1924 1452 1967 premitur,
1476 1925 1553 1967 quin
1579 1936 1709 1960 monas-

970 1977 1058 2009 teriis
1084 1977 1268 2019 praedictis,
1291 1977 1425 2009 decimis
1443 1978 1709 2012 extraordinariis

968 2030 1031 2063 iam
1056 2030 1206 2072 gravatis,
1224 2030 1286 2062 alia
1304 2040 1405 2063 onera
1430 2030 1600 2074 imponere
1625 2043 1707 2075 opus

967 2083 1027 2115 sit:
1055 2093 1154 2125 quare
1180 2082 1381 2125 Seraphinus
1415 2084 1580 2126 praefatus
1612 2085 1707 2118 nobis

966 2135 1135 2168 humiliter
1167 2135 1343 2178 supplicari
1373 2135 1448 2168 fecit
1481 2141 1517 2168 ut
1549 2136 1581 2169 in
1614 2148 1708 2180 prae-

965 2187 1069 2220 missis
1094 2192 1280 2230 opportune
1311 2188 1485 2230 providere
1510 2194 1541 2221 et
1564 2194 1599 2221 ut
1623 2190 1708 2223 infra

964 2240 1136 2282 indulgere
1161 2240 1201 2272 de
1226 2240 1430 2283 benignitate
1454 2242 1635 2284 apostolica
1659 2243 1707 2276 di-

965 2304 1162 2336 gnaremur:
1181 2304 1240 2326 nos
1259 2293 1369 2336 igitur,
1389 2295 1548 2337 praedicti
1571 2296 1705 2340 capituli

965 2345 1126 2388 generalis
1153 2346 1236 2378 votis
1260 2346 1322 2379 hac
1340 2346 1372 2379 in
1392 2357 1438 2387 re,
1455 2353 1612 2390 quantum
1634 2359 1706 2383 cum

964 2398 1101 2431 Domino
1116 2408 1301 2440 possumus,
1316 2399 1539 2433 favorabiliter
1548 2411 1705 2442 annuere,

964 2451 1139 2494 ipsumque
1165 2450 1381 2494 Seraphinum
1400 2453 1597 2495 specialibus
1618 2454 1706 2488 savo-

964 2504 1052 2537 ribus
1071 2508 1103 2536 et
1127 2503 1239 2546 gratiis
1263 2506 1421 2549 prosequi
1446 2508 1608 2548 volentes,
1630 2513 1663 2540 et
1687 2518 1705 2541 a

964 2556 1132 2601 quibusvis
1148 2558 1504 2603 excommunicationis,
1520 2560 1707 2604 suspensio-

1609 183 1673 216 473
1721 192 1770 219 An.
1792 192 1820 218 c.
1841 192 1908 218 1726

1726 803 1799 822 relata*
1808 808 1840 821 nni
1872 802 1909 821 de-

1726 829 1863 848 clarationum
1889 830 1910 848 et

1726 857 1865 875 sanctionum.
