2170 3147
181 227 236 255 An.
255 219 283 253 c.
303 226 373 254 «ηδ
418 216 484 250 354

209 398 332 420 Ctausutae.

218 2203 332 2222 convento
348 2202 352 2220 i
364 2211 378 2219 ,-

199 2229 353 2253 diriguntur-unu
364 2244 368 2251 ,

191 2259 214 2276 ut
230 2262 249 2275 in
265 2257 358 2276 rubrica.

961 221 1142 245 BULLAnlt'M

377 285 436 317 per
460 283 655 307 coneursum
682 276 711 304 et
737 282 797 315 per
821 276 947 304 secreta
970 269 1122 312 suffragia
1143 271 1145 280 '

379 327 567 370 procedant.

423 380 436 423 ξ
462 379 493 412 2.
522 378 591 411 Non
619 377 823 411 obstantibus
850 376 952 409 felleis
978 375 1121 408 recorda-

381 433 478 465 tionis
503 431 580 464 Sixti
607 431 629 461 Y
655 437 686 463 et
710 429 884 463 Clementis
917 429 980 461 Vlll
1010 428 1146 461 Roma—x

379 496 495 519 nerum
516 484 708 517 Pontificum
720 484 816 516 etiam
832 482 1123 526 praedecessorum

379 544 569 571 nostrorum
598 537 637 570 de
663 537 790 569 senario
816 536 1048 578 magistrorum
1067 545 1124 567 nu-

378 602 478 631 mero,
506 591 646 634 aliisque
672 589 964 623 constitutionibus
990 595 1022 621 et
1039 587 1125 621 ordi-

380 646 566 678 nationibus
593 643 793 687 apostolicis‚
821 653 857 675 ac
882 642 957 674 dleti
984 641 1124 682 Ordinis,

380 699 477 731 etiam
517 698 728 736 iuramento,
763 695 1010 728 confirmatione
1052 705 1125 738 apo-

380 751 510 789 stolica,
538 751 588 783 vel
615 749 726 793 quavis
752 748 904 781 firmitate
930 748 992 781 alia
1028 747 1148 780 robo-=

380 805 474 844 ratis,
501 804 631 837 statutiS
651 809 682 836 et
698 802 1011 842 consuetudinibus,
1029 801 1126 844 privi-

380 858 475 900 legiis
502 868 652 901 quoque,
678 856 815 888 indultis
842 861 875 888 et
898 855 1017 888 litteris
1050 865 1127 898 apo-

381 912 504 945 stolicis
547 912 577 943 In
620 911 825 944 contrarium
872 909 1126 954 praemissorum

381 965 629 1009 quomodolibet
655 964 838 1003 concessis,
865 963 1064 997 confirmatis
1097 969 1127 996 et

381 1019 567 1059 innovatis;
595 1019 713 1062 quibus
740 1018 893 1051 omnihus
918 1024 949 1051 et
969 1017 1126 1060 singulis,

381 1074 512 1106 illorum
539 1079 670 1105 tenores
698 1071 925 1115 praesentibus
952 1081 1010 1114 pro
1028 1072 1126 1114 plene

382 1132 414 1159 et
433 1126 632 1159 sufficienter
650 1125 811 1168 expressis
836 1135 872 1157 ac
895 1125 933 1157 de
961 1125 1061 1157 verbo
1088 1124 1126 1156 ad

381 1180 518 1213 verbum
555 1179 687 1211 insertis
729 1178 910 1218 habentes,
944 1177 1007 1210 illis
1049 1177 1128 1210 alias

383 1234 414 1266 in
452 1244 509 1266 suo
544 1233 664 1265 robore
701 1231 942 1275 permansuris,
971 1232 1008 1264 ad
1036 1241 1129 1274 prae-

383 1286 558 1320 missorum
584 1284 741 1324 effectum,
771 1285 830 1317 hac
850 1285 919 1317 vice
945 1284 1151 1324 dumtaxat„

381 1339 568 1383 specialiter
594 1344 626 1371 et
652 1348 805 1381 expresse
833 1338 1050 1380 derogamus;
1077 1348 1128 1371 ce-

383 1395 526 1436 terisque
552 1393 721 1426 contrariis
748 1392 1021 1435 quibuscumque.

426 1447 540 1480 Datum
567 1446 701 1486 Romae,
727 1445 814 1489 apud
840 1445 871 1478 S.
899 1445 1042 1485 Petrum,
1069 1445 1127 1478 suh
1149 1459 1151 1484 ς

383 1502 506 1534 annulo
522 1499 710 1539 piscatoris,
738 1499 789 1532 die
808 1509 840 1532 vt
859 1499 933 1532 maii
953 1508 1126 1539 unccvxvl,

383 1553 594 1599 pontificatus
613 1553 719 1587 nostri
741 1564 826 1586 anno
851 1563 886 1587 11.
1149 1575 1150 1589 i

422 1616 480 1644 Dat.
503 1616 546 1644 die
567 1616 583 1643 6
603 1615 666 1642 maIi
689 1615 771 1649 172⁸,
792 1614 890 1651 pontif.
913 1623 983 1642 anno
1004 1621 1031 1642 11.

702 1741 833 1774 CXXIII.

386 1813 613 1849 Conceduntur
637 1812 799 1856 quaedam
835 1811 1063 1855 indulyenliae
1094 1812 1151 1843 ini

429 1866 569 1899 ecclesiis
583 1866 795 1898 eremilcu‘unz
812 1865 844 1898 S.
865 1865 1050 1908 Augyustini
1068 1865 1130 1897 Ex—

429 1921 645 1953 calceacorum
671 1921 705 1952 in
730 1929 828 1963 reyno
857 1917 1038 1952 Tmzkini¹.

563 1992 746 2019 Benedictus
768 1992 848 2025 Papa
867 1991 952 2024 xm,

385 2041 537 2069 universis
565 2040 817 2069 christifidelibus
843 2041 1022 2073 praesentes
1048 2039 1131 2066 litte-

419 2094 505 2113 raras
525 2086 721 2120 inspecturis,
739 2086 869 2112 salutem
889 2087 919 2112 et
934 2084 1131 2118 apostolicam

420 2131 673 2159 benedictionem.

433 2195 447 2238 g
472 2194 502 2226 ¹1.
532 2193 578 2226 Ad
606 2193 790 2235 augendam
827 2191 973 2225 fidelium
1001 2191 1131 2234 religio·

388 2259 461 2280 nem
487 2253 519 2280 et
544 2247 726 2279 animarum
763 2247 900 2279 salutem
938 2246 1132 2279 caelestibus

387 2299 549 2332 EcclesIae
572 2298 732 2331 thesauris
754 2297 806 2341 pia
825 2297 984 2330 charitate
1003 2296 1132 2336 intenti,

389 2353 542 2386 omnibus
582 2358 613 2384 et
653 2351 788 2395 singulis
830 2351 1000 2394 utriusque
1040 2361 1134 2383 sexus

389 2404 659 2439 christifidelibus
698 2415 773 2437 vere
810 2403 1063 2448 poenitentibus
1103 2409 1134 2436 et

428 2497 436 2519 1
462 2494 515 2520 Pro
535 2493 662 2519 omnihus
678 2493 800 2519 ecclesiis
816 2493 925 2519 Ordinis
940 2501 1070 2519 concessa
1085 2493 1135 2519 suit
1155 2483 1158 2530 Ι

390 2538 424 2565 ab
446 2539 596 2564 Alexandro
621 2538 677 2563 thl
708 2543 794 2563 const.
821 2537 887 2564 edit.
909 2544 1015 2569 mucxc,
1037 2537 1080 2564 die
1102 2541 1135 2563 29

389 2582 556 2615 novembris,
579 2582 675 2616 pontif.
699 2588 728 2611 ιι,
750 2581 917 2617 indulgentia
938 2582 1057 2616 plenaria
1072 2591 1135 2617 per·-

389 2632 469 2664 pctua
490 2627 515 2653 Iu
535 2627 602 2654 testo
623 2626 648 2654 S.
671 2626 781 2653 loannis
801 2634 816 2653 a
836 2627 861 2654 S.
884 2626 1024 2654 Facundo.

1167 220 1324 244 Romanum

1166 269 1333 309 confessis,
1353 280 1389 302 ac
1407 272 1498 303 saera
1515 270 1747 304 communione
1767 269 1910 310 resectis,

1144 331 1145 336 ¹
1167 322 1222 366 qui
1249 322 1390 366 aliquam
1417 334 1452 356 ex
1480 323 1625 356 ecclesiis
1662 323 1795 356 fratrum
1821 322 1912 355 Ordi-

1169 377 1216 409 nis
1242 377 1451 410 eremitarum
1476 377 1507 410 S.
1537 377 1705 420 Augustini
1739 377 1911 410 Excalcea-

1169 434 1276 462 torum
1303 436 1563 474 nuncupatorum
1590 430 1620 462 in
1647 440 1749 472 regno
1770 429 1910 462 Tunkini

1168 483 1372 516 existentium
1399 484 1449 517 die
1476 485 1557 517 sesto
1584 482 1703 516 tiflilari
1729 483 1911 526 respective

1169 537 1356 569 earumdem
1372 537 1580 570 eeclesiarum
1602 548 1617 569 a
1639 536 1753 580 primis
1769 535 1912 579 vesperis

1169 599 1269 632 usque
1296 590 1335 622 ad
1362 600 1514 623 occasum
1540 589 1618 622 solis
1638 589 1700 622 diei
1722 588 1911 623 huiusmodi

1171 643 1352 686 respective
1379 643 1517 686 singulis
1543 642 1635 675 anuis
1661 643 1778 675 devote
1803 642 1912 675 visita-

1170 695 1289 736 verint,
1316 701 1347 729 et
1372 696 1415 728 ihi
1442 707 1502 740 pro
1522 695 1775 728 christianorum
1796 694 1914 738 princi-

1171 758 1245 791 pum
1263 748 1458 788 concordhi,
1479 749 1652 781 haeresum
1681 747 1910 791 extirpatione,

1171 812 1206 834 ac
1231 807 1361 834 sanctae
1387 801 1500 834 matris
1526 801 1689 834 Ecclesiae
1717 801 1913 835 exaltatione

1172 854 1240 897 pias
1267 854 1306 887 ad
1333 854 1432 887 Deum
1458 865 1574 898 preces
1596 853 1780 893 effuderint,
1802 855 1915 897 plena-

1172 907 1250 940 riam
1281 908 1428 940 omnium
1464 913 1671 951 peccatorum
1703 918 1835 941 suorum
1866 907 1916 940 in-

1173 961 1372 1004 dulgentiam
1408 966 1440 994 et
1472 961 1702 995 remissionem
1729 961 1916 995 misericor-

1173 1016 1258 1048 diter
1284 1015 1314 1047 in
1342 1015 1478 1048 Domino
1507 1015 1730 1055 concedimus3
1757 1015 1796 1047 iis
1822 1025 1915 1057 vero,

1149 1095 1150 1111 ἶ
1172 1069 1226 1112 qui
1252 1068 1372 1101 litaniis
1399 1069 1434 1101 B.
1462 1068 1498 1100 M.
1520 1067 1554 1101 V.
1574 1069 1606 1101 in
1629 1068 1738 1112 aliqua
1764 1079 1800 1101 ex
1823 1068 1916 1102 dietis

1173 1122 1319 1155 ecclesiis
1338 1127 1369 1154 et
1387 1122 1539 1155 oratoriis
1562 1123 1753 1157 eorumdem
1782 1122 1916 1155 fratrum

1174 1175 1205 1207 in
1232 1175 1319 1208 dicto
1337 1186 1439 1218 regno
1456 1175 1669 1208 existentibus
1689 1175 1825 1218 singulis
1845 1175 1918 1208 sab-

1174 1228 1257 1261 batis
1283 1229 1486 1271 singulisque
1512 1228 1659 1261 eiusdem
1684 1229 1719 1261 B.
1740 1228 1777 1261 M.
1802 1229 1837 1262 V.
1857 1228 1917 1262 Im-

1174 1282 1352 1314 maculatae
1370 1280 1482 1314 sestis*
1501 1282 1613 1315 diebus
1631 1282 1844 1315 decantandis
1861 1292 1917 1315 seu

1175 1335 1350 1367 recitandis
1386 1336 1502 1368 devote
1537 1335 1764 1376 interfuerint,
1798 1341 1829 1368 et
1853 1335 1916 1377 ibi,

1174 1393 1207 1419 ut
1232 1398 1338 1431 supra,
1365 1388 1539 1429 oraverint,
1566 1399 1628 1432 qua
1650 1389 1718 1422 vice
1735 1389 1919 1432 praedicta-

1173 1451 1243 1473 rum
1269 1441 1299 1473 id
1327 1442 1467 1484 egerint,
1495 1448 1626 1475 eentum
1653 1442 1723 1475 dies
1750 1442 1790 1475 de
1807 1442 1918 1475 iniun-

1149 1529 1150 1532 ,
1173 1494 1233 1527 ctis
1260 1495 1305 1527 eis
1331 1505 1386 1528 seu
1413 1495 1493 1528 alias
1527 1495 1775 1539 quomodolibet
1800 1495 1918 1530 debitis

1172 1548 1385 1590 poenitentiis
1405 1549 1436 1581 in
1459 1549 1561 1582 forma
1580 1549 1742 1583 Ecclesiae
1764 1551 1919 1583 consueta

1173 1603 1367 1635 relaxamus.
1396 1602 1628 1635 Praesentibus
1660 1603 1829 1647 perpetuis
1862 1603 1915 1636 su-

1172 1655 1251 1688 turis
1278 1655 1482 1697 temporibus
1508 1655 1666 1688 valituris.

1216 1709 1230 1752 g
1256 1708 1286 1741 ΕΞ.
1314 1708 1467 1741 Volumus
1492 1714 1621 1749 autem,
1658 1714 1692 1742 ut
1729 1712 1918 1743 earumdem
1939 1714 2114 1737 Fidoshabenda

1149 1777 1151 1788 ·
1173 1762 1393 1806 praesentium
1408 1762 1587 1795 litterarum
1604 1763 1823 1806 transumptis
1839 1763 1917 1796 etc².

1217 1815 1333 1848 Datum
1360 1815 1493 1856 Rornae,
1521 1816 1608 1859 apud
1630 1815 1662 1849 S.
1683 1815 1812 1849 Petrum
1828 1843 1835 1857 ,
1860 1816 1920 1850 suh

1174 1870 1295 1902 annulo
1311 1868 1499 1909 piscatoris,
1521 1869 1573 1902 die
1586 1879 1643 1903 xm
1658 1869 1732 1902 maii
1748 1879 1919 1910 iinccxxvl,

1176 1921 1383 1965 pontificatus
1418 1922 1521 1956 nostri
1549 1933 1634 1956 anno
1660 1934 1696 1956 n.

1210 1983 1268 2011 Dat,
1293 1984 1337 2012 die
1360 1984 1391 2012 13
1413 1984 1475 2011 maii
1498 1984 1583 2019 1726,
1607 1985 1706 2020 pontif.
1729 1993 1802 2012 anno
1819 1991 1848 2012 11.

1493 2119 1622 2152 CXXIV.

1177 2191 1345 2225 Statuitur
1359 2201 1398 2224 ne
1410 2191 1527 2234 fratres
1543 2189 1811 2234 Conqreqotz'onis
1823 2189 1856 2224 S.
1873 2189 1923 2223 Io-

1221 2245 1319 2277 annis
1354 2244 1391 2277 cle
1417 2244 1621 2278 Carbonaria
1648 2243 1783 2277 Ordinis
1808 2242 1923 2276 eremi-

1223 2303 1333 2331 tarum
1369 2298 1402 2331 S.
1429 2297 1615 2341 Auyustini
1654 2296 1696 2329 acl
1731 2296 1816 2329 alias
1850 2306 1923 2340 pro-

1222 2352 1348 2385 vincias
1389 2362 1443 2384 seu
1479 2351 1740 2394 conqreyationes
1781 2349 1922 2383 transire

1222 2405 1349 2448 possint
1365 2403 1385 2437 ⁸.

1217 2496 1224 2519 1
1251 2493 1320 2519 Edit.
1343 2493 1422 2519 tttain.
1446 2492 1510 2527 legit
1529 2493 1598 2527 festi
1617 2499 1656 2517 in.
1679 2492 1728 2519 τ.).

1212 2538 1229 2564 2
1252 2538 1364 2571 lteliqua
1385 2541 1414 2563 ut
1432 2545 1513 2571 supra
1535 2545 1594 2571 pag.
1617 2537 1650 2562 59
1666 2536 1680 2561 b
1699 2540 1740 2568 (n.
1755 2535 1803 2567 Τ.).

1214 2582 1229 2609 3
1251 2582 1363 2608 Ratione
1380 2581 1516 2616 perfectae
1532 2582 1600 2607 vitae
1621 2578 1773 2607 communis
1794 2585 1864 2613 quae
1884 2577 1922 2606 ibi

1179 2634 1242 2663 prae
1263 2625 1360 2653 ceteris
1381 2625 1463 2660 viget.

1917 221 1968 249 An.
1990 220 2020 249 C.
2037 221 2105 251 ¹726

1928 1743 2074 1769 transumptis.
