2170 3147
12 205 61 232 An.
79 204 107 230 C.
132 203 198 232 1725

41 743 136 764 AEmilius
151 743 192 764 La-

9 770 64 790 mius
83 770 192 796 presbyter

10 797 67 822 prior
81 796 143 816 huius
157 802 182 816 no

10 824 30 842 vi
80 822 191 848 hospitalis

9 849 124 873 deputatur
172 851 192 870 et

9 875 93 900 agenda
113 876 142 896 itti
162 876 192 896 in·

11 901 131 927 iunguntur.

22 2224 192 2249 Mendicantibns

26 2260 47 2274 er
62 2253 138 2274 Urbem
155 2252 191 2277 hy-

26 2285 75 2301 erno
97 2282 190 2304 tempore

127 2309 190 2331 atque
223 2315 229 2320 ·

9 2333 65 2359 ligna
100 2334 120 2352 in
146 2320 325 2352 10.:0vlentes

11 2365 65 2379 novo
81 2359 191 2384 honpitatts

11 2388 118 2411 parantur.

11 2309 88 2327 tectum

805 204 998 230 BENEDIC'I'US
1023 205 1079 229 xm
1105 206 1154 230 1¹1³.

204 262 268 286 non
285 253 373 292 alias,
390 253 610 286 transmittere
624 254 788 287 ullatenus
803 254 943 286 audeant

204 317 259 339 seu
287 311 506 349 praesumant,
524 307 578 339 sed
600 317 653 339 eas
671 306 703 338 in
723 306 942 349 hospitalibus

203 358 348 401 locisque
373 358 435 402 piis
461 359 624 401 praefatis,
651 359 757 391 donec
774 364 804 391 et
826 370 943 401 quous-

203 421 266 454 que
293 412 383 444 locus
409 411 574 453 praefatus
600 410 645 443 eis
671 417 724 444 aut
749 421 860 443 earum
886 411 944 443 ali-

203 464 253 496 cui
280 470 314 496 ut
338 464 526 507 praefertur
551 463 651 496 sactus
677 464 783 503 suerit,
803 469 837 495 ut
855 464 943 506 prius

205 516 346 549 retinere
372 521 624 560 prosequantur,
652 516 793 549 debeant
829 521 860 548 et
897 521 945 548 te-

203 575 354 608 neantur,
372 580 595 613 personasque
613 570 699 612 ipsas
718 569 833 601 Urbem
853 578 945 611 prae-

202 624 298 655 fatam
323 622 355 654 in
381 622 497 654 civium
523 632 678 654 nauseam
697 627 729 654 et
749 622 940 654 scandalum

202 675 431 717 circumvagari
458 675 549 707 nullo
574 675 672 707 modo
696 674 900 717 permittant.

246 729 260 772 ἓ
285 727 316 761 9.
344 728 449 771 Ipsum
476 734 581 761 autem
613 728 774 760 AEmilium
800 727 943 759 Lamium

203 781 429 825 presbyterum
451 781 482 814 in
500 781 658 825 praedicti
678 780 751 813 novi
771 779 943 823 hospitalis

203 846 220 868 a
244 834 338 867 nobis
373 834 474 867 erecti
512 834 655 875 priorem
683 834 722 866 ad
755 833 823 866 eius
849 834 942 865 vitam

203 898 262 931 per
287 892 476 930 praesentes
501 886 726 919 constituimus
752 891 783 919 et
808 887 944 929 deputa-

202 952 292 981 mus,
318 941 463 974 volentes
499 945 534 973 ut
573 940 750 973 laudabilia
777 939 942 979 instituta,

205 1005 263 1038 per
298 1005 371 1027 eum
409 999 483 1026 ante
521 994 602 1026 duos
625 993 759 1026 circiter
783 1003 885 1025 annos
910 992 943 1024 in

204 1047 351 1085 domum,
385 1057 480 1089 quam
506 1046 545 1079 de
571 1046 737 1089 praesenti
764 1045 941 1085 inhabitat,

203 1099 337 1139 invecta,
356 1110 472 1142 nempe
491 1099 649 1132 enarratis
665 1098 787 1132 morbis
813 1098 942 1131 affectas

203 1151 370 1185 doctrinae
388 1152 586 1184 christianae
604 1151 789 1190 rudimenta
806 1151 943 1184 edocen-

204 1204 255 1244 di,
282 1209 313 1236 et
336 1204 534 1246 advigilandi
562 1209 597 1236 ut
633 1203 855 1236 sanctissimae
882 1203 943 1235 Eu-

203 1257 374 1290 charistiae
415 1262 447 1289 et
481 1256 703 1290 Poenitentiae
743 1262 943 1289 sacramenta

204 1309 393 1352 frequenter
418 1316 448 1342 et
474 1310 587 1343 devote
613 1309 798 1353 suscipiant,
824 1309 944 1352 iugiter

203 1362 235 1395 in
260 1372 342 1395 novo
366 1362 521 1405 hospitali
554 1361 741 1395 huiusmodi
776 1367 945 1395 serventur

203 1421 235 1449 et
259 1421 364 1449 exacte
389 1415 624 1455 custodiantur,
651 1420 750 1456 utque
786 1414 819 1447 in
855 1424 944 1447 man-

203 1469 349 1502 sionibus
376 1474 440 1501 tum
473 1468 550 1500 viris
579 1474 644 1500 tum
676 1467 870 1501 mulieribus
895 1478 944 1500 as-

204 1522 339 1565 signatis
358 1521 597 1554 medicabulum
616 1532 669 1554 seu
685 1522 774 1554 locus
792 1521 942 1554 medendi

204 1574 394 1615 destinetur,
413 1574 444 1606 in
470 1585 534 1617 quo
560 1580 716 1606 curentur
741 1584 855 1607 omnes
871 1584 945 1617 pau-

202 1637 298 1670 peres
324 1627 494 1669 utriusque
521 1637 612 1659 sexus
638 1626 794 1666 scabiosi,
819 1632 871 1658 aut
896 1627 941 1658 ul-

202 1680 334 1712 cuscula
359 1679 391 1711 in
423 1679 573 1712 cruribus
609 1684 664 1711 aut
699 1679 761 1712 alia
794 1678 943 1720 corporis

202 1738 294 1775 parte
320 1742 356 1764 ex
383 1731 542 1765 eiusmodi
577 1731 698 1764 morbis
730 1730 943 1774 procedentia

203 1785 371 1825 habentes,
397 1786 472 1818 licet
496 1784 606 1817 scabie
639 1785 671 1817 in
699 1784 805 1827 capite
831 1783 942 1817 insecti

202 1848 266 1872 non
293 1839 365 1879 sint,
392 1838 445 1882 qui
472 1838 626 1881 deinceps
662 1838 701 1870 ad
739 1838 859 1870 dictum
885 1838 943 1870 ho-

202 1891 318 1935 spitale
343 1891 381 1924 ad
416 1901 504 1924 suam
536 1890 737 1924 curationem
763 1900 943 1934 procuran-

203 1945 276 1978 dam
300 1950 481 1984 recurrent‚
510 1944 636 1977 tametsi
668 1944 700 1976 in
730 1943 884 1986 hospitali
912 1948 944 1975 et

202 1997 296 2030 lectis
314 1997 466 2040 praefatis
482 2007 546 2030 non
561 1997 764 2034 decumbant,
779 2006 838 2029 nec
856 1996 942 2028 aliud

203 2049 242 2083 ab
268 2050 381 2083 eodem
409 2049 564 2092 hospitali
601 2060 696 2092 quam
722 2054 889 2091 unguenta
913 2053 943 2082 et

203 2103 444 2142 medicamenta,
459 2102 574 2145 quibus
589 2107 755 2141 curentur,
773 2101 940 2145 accipiant,

205 2162 236 2190 et
258 2156 399 2200 propriis
425 2156 572 2189 domibus
597 2156 753 2189 habitent.

247 2209 261 2252 ἓ
277 2207 331 2241 10.
353 2208 391 2241 Et
412 2208 486 2251 quia
505 2208 598 2241 dictis
615 2208 739 2241 morbis
756 2207 942 2241 laborantes

201 2262 342 2295 brumali
378 2261 574 2304 praesertim
614 2268 760 2305 tempore
797 2260 837 2294 ob
877 2271 943 2293 sae-

351 2315 482 2357 algores
518 2314 657 2347 maxime
687 2312 869 2356 periclitari
895 2322 943 2345 so-

202 2369 279 2408 lent,
295 2367 498 2410 potissimum
517 2377 593 2400 vero
608 2366 762 2406 mendici,
783 2365 849 2409 qui,
863 2375 942 2408 prae

204 2420 364 2455 aerumnis
389 2431 425 2453 ac
449 2421 638 2454 morborum
666 2418 851 2453 huiusmodi
872 2428 943 2462 per-

204 2475 322 2507 tinacia
346 2474 469 2507 viribus
494 2473 655 2513 exhausti,
682 2478 855 2516 postquam
877 2472 943 2504 tota

203 2527 255 2561 die
266 2528 384 2560 victum
399 2538 458 2571 per
474 2527 592 2560 Urbem
610 2527 829 2560 mendicatum
844 2534 942 2570 quae-

203 2581 330 2615 ritando
356 2581 473 2615 defessi
499 2585 590 2622 sunt,
610 2580 669 2614 sub
691 2580 744 2615 dio
770 2591 807 2615 ac
831 2582 940 2625 gelido

986 255 1077 288 caelo
1096 255 1229 288 miseras
1244 254 1460 297 dolentesque
1475 259 1588 287 noctes
1607 253 1728 286 ducere

986 313 1168 349 eoguntur;
1184 318 1254 346 nOS,
1272 308 1310 341 ad
1330 318 1385 341 eos
1404 308 1500 340 etiam
1517 307 1569 350 qui
1590 308 1620 340 in
1641 307 1728 340 dicto

988 360 1140 403 hospitali
1173 360 1275 404 recipi
1310 367 1497 404 nequeunt,
1530 360 1660 404 pietatis
1691 371 1728 393 ac

988 413 1190 445 liberalitatis
1207 420 1337 446 nostrae
1354 415 1520 447 dexteram
1534 413 1725 453 extendere,

987 465 1117 508 illisque
1138 467 1246 509 aliqua
1271 467 1396 500 ratione
1418 467 1571 510 opitulari
1594 467 1729 510 cupien-

988 523 1045 557 tes,
1072 519 1233 561 amplam¹
1261 524 1293 552 et
1319 520 1533 562 quadraginta
1558 520 1728 553 miserabi-

988 570 1066 603 lium
1096 581 1312 613 personarum
1349 573 1537 606 huiusmodi
1575 583 1726 616 capacem

987 633 1090 665 prope
1129 623 1290 665 hospitale
1327 624 1532 667 praedictum
1565 635 1726 657 cameram

987 685 1043 708 seu
1064 675 1312 715 habitationem,
1332 677 1397 719 quo
1417 683 1463 710 tot
1488 688 1524 710 ex
1544 678 1636 710 dictis
1654 688 1727 720 per-

988 728 1089 767 sonis,
1112 738 1195 771 quac
1222 728 1253 760 in
1280 729 1366 761 dicto
1391 729 1544 772 hospitali
1571 730 1612 762 ob
1638 741 1728 773 prae-

987 786 1144 824 occupata
1174 782 1213 814 ab
1246 782 1317 814 aliis
1347 781 1468 815 cubilia
1499 782 1626 815 admitti
1660 793 1726 815 nou

987 839 1158 877 poterunt,
1176 844 1246 867 sese
1271 834 1436 877 recipere,
1462 834 1573 878 ibique
1598 841 1727 868 noctem

988 887 1166 929 transigere
1192 887 1331 925 valeant,
1357 887 1555 919 extruximus
1577 893 1608 920 et
1634 898 1727 931 para-

986 940 1097 979 vimus,
1117 940 1290 983 ignemque
1308 940 1346 973 ad
1366 951 1419 973 eas
1441 941 1676 973 calefaciendas
1696 946 1727 973 et

988 992 1216 1025 refocillandas
1242 993 1375 1025 accendi
1402 1004 1439 1026 ac
1464 992 1569 1025 teneri
1594 993 1726 1025 manda-

987 1056 1067 1085 mus,
1086 1045 1129 1077 ita
1157 1050 1264 1078 tamen
1280 1072 1287 1085 ,
1313 1051 1356 1084 ut,
1382 1050 1555 1088 antequam
1581 1045 1726 1077 cubitum

987 1102 1080 1138 eant,
1100 1097 1218 1141 aliquis
1238 1098 1276 1130 ad
1296 1099 1368 1131 illas
1386 1098 1424 1130 de
1444 1097 1558 1130 divinis
1578 1098 1676 1130 rebus
1695 1102 1727 1130 et

986 1151 1024 1183 ad
1038 1156 1204 1183 aeternam
1219 1152 1355 1184 salutem
1370 1151 1592 1194 spectantibus
1615 1161 1725 1184 sermo

987 1203 1166 1244 habeatur,
1197 1214 1233 1236 ac
1258 1204 1291 1236 in
1328 1204 1437 1247 aliquo
1471 1203 1599 1247 pietatis
1625 1215 1726 1247 opere

986 1265 1131 1298 congruo
1159 1256 1315 1298 temporis
1340 1255 1443 1298 spatio
1470 1262 1693 1289 exerceantur.

1030 1310 1044 1353 ξ
1069 1309 1123 1342 Μ.
1153 1310 1199 1342 Ad
1226 1310 1323 1349 haec,
1345 1320 1417 1342 cum
1437 1310 1542 1343 eidem
1568 1310 1723 1353 hospitali

1697 1363 1702 1368 ,
1736 1351 1790 1365 novo
1819 1346 1919 1371 hospitali

986 1362 1032 1395 sic
1057 1368 1180 1402 erecto,
1199 1372 1257 1405 pro
1276 1362 1345 1395 eius
1363 1363 1438 1395 dote
1461 1373 1496 1395 ac
1516 1363 1724 1395 subsistentia
1736 1372 1858 1396 misiam-nur
1881 1377 1918 1397 rm

1701 1415 1706 1421 ,
1736 1405 1781 1418 utus
1800 1399 1919 1419 substenta-

986 1420 1258 1458 aegrotorumque
1285 1415 1363 1448 inibi
1397 1426 1457 1458 pro
1483 1421 1631 1459 tempore
1659 1427 1800 1449 ext-mma.

986 1468 1139 1501 stentium
1159 1467 1227 1501 sex⁹
1241 1469 1469 1508 curandorum,
1489 1479 1616 1501 necnon
1636 1469 1724 1502 illius

986 1521 1119 1563 prioris,
1153 1520 1338 1553 officialium
1376 1527 1407 1553 et
1444 1521 1669 1554 ministrorum
1695 1522 1724 1555 ei

987 1573 1232 1606 inservientium
1268 1572 1421 1606 alimonia
1453 1579 1484 1606 et
1518 1574 1726 1608 sustentatio-

987 1637 1038 1667 ne,
1061 1627 1265 1670 aliorumque
1291 1637 1426 1659 onerum
1453 1632 1485 1660 et
1509 1638 1725 1670 expensarum

985 1678 1066 1722 ipsis
1083 1678 1339 1712 incumbentium
1359 1679 1618 1723 supportatione,
1634 1690 1727 1723 prae-

987 1737 1036 1765 ter
1076 1738 1108 1764 et
1146 1733 1230 1765 ultra
1268 1733 1504 1766 haereditatem
1551 1734 1725 1776 supradicti

986 1784 1114 1818 Ioannis
1141 1785 1259 1819 Mariae
1297 1786 1436 1819 Lancisii
1471 1786 1497 1819 ei
1524 1786 1609 1819 sicut
1632 1796 1726 1829 prae-

985 1838 1122 1871 mittitur
1146 1849 1163 1871 a
1181 1839 1276 1871 nobis
1295 1838 1502 1882 applicatam,
1521 1839 1726 1882 infrascripta

985 1892 1046 1924 alia
1072 1902 1122 1924 res
1149 1897 1179 1924 et
1204 1893 1289 1925 bona
1324 1892 1436 1925 itidem
1463 1898 1621 1936 perpetuo
1646 1892 1726 1926 assi-

986 1945 1199 1987 gnaverimus,
1227 1946 1455 1978 donaverimus
1475 1951 1572 1989 atque
1591 1956 1726 1980 conces-

985 1999 1123 2030 serimus
1148 1998 1326 2041 (nimirum
1361 2009 1460 2031 unum
1492 1998 1637 2032 vacabile
1675 2010 1725 2032 se-

984 2050 1202 2083 neschallatus
1228 2056 1451 2093 nuncupatum
1485 2062 1539 2084 seu
1558 2052 1724 2085 custodiae

985 2102 1202 2136 Cancellariae
1228 2109 1358 2137 nostrae
1384 2104 1609 2147 Apostolicae,
1637 2106 1724 2148 quod

986 2156 1122 2189 dilectus
1147 2155 1231 2189 silius
1255 2157 1376 2189 nobilis
1398 2158 1523 2190 iuvenis
1539 2158 1724 2200 Stephanus

986 2209 1024 2242 dc
1049 2209 1237 2251 Comitibus‚
1264 2215 1369 2243 terrae
1387 2210 1588 2253 Guadagnoli
1610 2211 1724 2245 Tibur-

987 2262 1071 2295 tinae
1097 2263 1256 2296 dioecesis
1282 2264 1357 2304 dux,
1385 2274 1421 2296 ex
1448 2264 1659 2298 concessione
1684 2265 1723 2298 ab

985 2314 1057 2357 ipso
1083 2315 1276 2348 Innocentio
1313 2317 1566 2359 praedecessore
1595 2317 1656 2350 sibi
1682 2317 1722 2351 de

985 2378 1024 2400 eo
1061 2368 1099 2400 ad
1132 2369 1180 2400 sui
1216 2369 1312 2401 vitam
1351 2369 1454 2409 saeta,
1492 2370 1662 2403 obtinebat
1686 2381 1722 2403 ac

985 2422 1081 2454 etiam
1107 2431 1192 2454 nunc
1216 2422 1351 2463 obtinet,
1378 2433 1415 2456 ex
1441 2427 1518 2456 tunc
1546 2429 1720 2467 postquam

983 2474 1062 2508 illud
1098 2485 1157 2518 per
1191 2485 1317 2508 cessum
1350 2475 1397 2508 vel
1434 2475 1627 2517 decessum,
1663 2486 1721 2510 seu

1019 2547 1028 2570 1
1053 2544 1125 2572 Edit.
1146 2545 1229 2582 Main.
1250 2545 1314 2580 legit
1332 2546 1465 2580 amplum
1485 2547 1520 2580 (a.
1539 2546 1586 2581 τ.).

1016 2589 1032 2616 2
1044 2589 1153 2625 Locum,
1165 2589 1187 2615 si
1198 2597 1265 2625 opus
1276 2593 1326 2625 est,
1338 2590 1455 2625 corrigat
1465 2590 1550 2618 lector
1560 2590 1717 2625 sciusms).

1617 195 1682 228 445
1733 203 1783 230 An.
1802 204 1830 231 c.
1851 205 1920 233 1726

1789 1318 1830 1339 Dos
1850 1319 1918 1338 etitem
