<?xml version="1.0" encoding="UTF-8"?>
<!DOCTYPE html PUBLIC "-//W3C//DTD XHTML 1.0 Transitional//EN"
    "http://www.w3.org/TR/xhtml1/DTD/xhtml1-transitional.dtd">
<html xmlns="http://www.w3.org/1999/xhtml" xml:lang="en" lang="en">
 <head>
  <title>
</title>
<meta http-equiv="Content-Type" content="text/html;charset=utf-8" />
  <meta name='ocr-system' content='tesseract 3.04.00' />
  <meta name='ocr-capabilities' content='ocr_page ocr_carea ocr_par ocr_line ocrx_word'/>
</head>
<body>
  <div class='ocr_page' id='page_1' title='image "./bullarumdiplomat22cath_0567.png"; bbox 0 0 2170 3147; ppageno 0'>
   <div class='ocr_carea' id='block_1_1' title="bbox 0 224 173 252">
    <p class='ocr_par' dir='ltr' id='par_1_1' title="bbox 0 224 173 252">
     <span class='ocr_line' id='line_1_1' title="bbox 0 224 173 252; baseline -0.012 0"><span class='ocrx_word' id='word_1_1' title='bbox 0 233 37 252; x_wconf 79' lang='lat' dir='ltr'>tn.</span> <span class='ocrx_word' id='word_1_2' title='bbox 54 226 84 252; x_wconf 71' lang='grc' dir='ltr'>(Σ.</span> <span class='ocrx_word' id='word_1_3' title='bbox 107 224 173 251; x_wconf 68' lang='lat' dir='ltr'>t727</span> 
     </span>
    </p>
   </div>
   <div class='ocr_carea' id='block_1_2' title="bbox 0 1072 166 1199">
    <p class='ocr_par' dir='ltr' id='par_1_2' title="bbox 0 1072 166 1199">
     <span class='ocr_line' id='line_1_2' title="bbox 22 1072 165 1093; baseline -0.014 0"><span class='ocrx_word' id='word_1_4' title='bbox 22 1073 72 1093; x_wconf 72' lang='lat' dir='ltr'>Item</span> <span class='ocrx_word' id='word_1_5' title='bbox 99 1072 165 1092; x_wconf 81' lang='lat' dir='ltr'>indul-</span> 
     </span>
     <span class='ocr_line' id='line_1_3' title="bbox 0 1099 165 1120; baseline -0.012 -1"><span class='ocrx_word' id='word_1_6' title='bbox 0 1099 68 1120; x_wconf 74' lang='lat' dir='ltr'>entiae</span> <span class='ocrx_word' id='word_1_7' title='bbox 77 1099 122 1119; x_wconf 83' lang='lat' dir='ltr'>aliis</span> <span class='ocrx_word' id='word_1_8' title='bbox 133 1105 165 1118; x_wconf 60' lang='lat' dir='ltr'>st»-</span> 
     </span>
     <span class='ocr_line' id='line_1_4' title="bbox 0 1125 166 1146; baseline -0.006 -1"><span class='ocrx_word' id='word_1_9' title='bbox 0 1125 97 1146; x_wconf 77' lang='lat' dir='ltr'>tetatibus</span> <span class='ocrx_word' id='word_1_10' title='bbox 106 1127 124 1144; x_wconf 79' lang='lat' dir='ltr'>et</span> <span class='ocrx_word' id='word_1_11' title='bbox 134 1132 166 1144; x_wconf 65' lang='lat' dir='ltr'>tw·</span> 
     </span>
     <span class='ocr_line' id='line_1_5' title="bbox 0 1151 164 1172; baseline 0 -1"><span class='ocrx_word' id='word_1_12' title='bbox 0 1151 54 1172; x_wconf 83' lang='lat' dir='ltr'>lesiis</span> <span class='ocrx_word' id='word_1_13' title='bbox 81 1152 164 1172; x_wconf 70' lang='lat' dir='ltr'>Orduns</span> 
     </span>
     <span class='ocr_line' id='line_1_6' title="bbox 0 1183 105 1199; baseline 0 -1"><span class='ocrx_word' id='word_1_14' title='bbox 0 1183 105 1199; x_wconf 79' lang='lat' dir='ltr'>oncessae.</span> 
     </span>
    </p>
   </div>
   <div class='ocr_carea' id='block_1_3' title="bbox 0 1651 167 1862">
    <p class='ocr_par' dir='ltr' id='par_1_3' title="bbox 0 1651 167 1829">
     <span class='ocr_line' id='line_1_7' title="bbox 4 1651 164 1677; baseline -0.006 -5"><span class='ocrx_word' id='word_1_15' title='bbox 4 1651 61 1672; x_wconf 75' lang='lat' dir='ltr'>Bona</span> <span class='ocrx_word' id='word_1_16' title='bbox 73 1652 164 1677; x_wconf 80' lang='lat' dir='ltr'>ipsarum</span> 
     </span>
     <span class='ocr_line' id='line_1_8' title="bbox 0 1679 164 1698; baseline -0.006 -1"><span class='ocrx_word' id='word_1_17' title='bbox 0 1680 108 1698; x_wconf 71' lang='lat' dir='ltr'>metatum</span> <span class='ocrx_word' id='word_1_18' title='bbox 139 1679 164 1697; x_wconf 70' lang='lat' dir='ltr'>aut</span> 
     </span>
     <span class='ocr_line' id='line_1_9' title="bbox 0 1704 165 1730; baseline -0.006 -6"><span class='ocrx_word' id='word_1_19' title='bbox 0 1704 84 1724; x_wconf 74' lang='lat' dir='ltr'>*rdmem</span> <span class='ocrx_word' id='word_1_20' title='bbox 101 1705 165 1730; x_wconf 78' lang='lat' dir='ltr'>pet-ti-</span> 
     </span>
     <span class='ocr_line' id='line_1_10' title="bbox 0 1733 165 1753; baseline 0 -3"><span class='ocrx_word' id='word_1_21' title='bbox 0 1733 60 1753; x_wconf 80' lang='lat' dir='ltr'>eant.</span> <span class='ocrx_word' id='word_1_22' title='bbox 80 1734 100 1750; x_wconf 80' lang='lat' dir='ltr'>et</span> <span class='ocrx_word' id='word_1_23' title='bbox 117 1737 165 1750; x_wconf 77' lang='lat' dir='ltr'>cnu-</span> 
     </span>
     <span class='ocr_line' id='line_1_11' title="bbox 0 1757 167 1781; baseline -0.006 -5"><span class='ocrx_word' id='word_1_24' title='bbox 0 1757 167 1781; x_wconf 50' lang='lat' dir='ltr'>rogationessav-</span> 
     </span>
     <span class='ocr_line' id='line_1_12' title="bbox 0 1782 166 1809; baseline 0 -6"><span class='ocrx_word' id='word_1_25' title='bbox 0 1782 66 1803; x_wconf 68' lang='lat' dir='ltr'>alares</span> <span class='ocrx_word' id='word_1_26' title='bbox 74 1783 118 1809; x_wconf 76' lang='lat' dir='ltr'>ipsa</span> <span class='ocrx_word' id='word_1_27' title='bbox 130 1784 166 1803; x_wconf 65' lang='lat' dir='ltr'>:ul-</span> 
     </span>
     <span class='ocr_line' id='line_1_13' title="bbox 7 1810 147 1829; baseline 0 0"><span class='ocrx_word' id='word_1_28' title='bbox 7 1810 147 1829; x_wconf 73' lang='lat' dir='ltr'>ministrantes</span> 
     </span>
    </p>

    <p class='ocr_par' dir='ltr' id='par_1_4' title="bbox 0 1839 152 1862">
     <span class='ocr_line' id='line_1_14' title="bbox 0 1839 152 1862; baseline 0 -6"><span class='ocrx_word' id='word_1_29' title='bbox 0 1839 152 1862; x_wconf 75' lang='lat' dir='ltr'>ompescuutur.</span> 
     </span>
    </p>
   </div>
   <div class='ocr_carea' id='block_1_4' title="bbox 777 226 1127 250">
    <p class='ocr_par' dir='ltr' id='par_1_5' title="bbox 777 226 1127 250">
     <span class='ocr_line' id='line_1_15' title="bbox 777 226 1127 250; baseline 0 -1"><span class='ocrx_word' id='word_1_30' title='bbox 777 226 972 250; x_wconf 82' lang='lat' dir='ltr'>BENEDICTUS</span> <span class='ocrx_word' id='word_1_31' title='bbox 997 227 1051 249; x_wconf 82' lang='lat' dir='ltr'>xttt</span> <span class='ocrx_word' id='word_1_32' title='bbox 1078 227 1127 250; x_wconf 70' lang='lat'>1³1⁹.</span> 
     </span>
    </p>
   </div>
   <div class='ocr_carea' id='block_1_5' title="bbox 176 274 917 894">
    <p class='ocr_par' dir='ltr' id='par_1_6' title="bbox 176 274 917 894">
     <span class='ocr_line' id='line_1_16' title="bbox 180 274 917 316; baseline 0 -11"><span class='ocrx_word' id='word_1_33' title='bbox 180 274 226 307; x_wconf 91' lang='lat' dir='ltr'>illi</span> <span class='ocrx_word' id='word_1_34' title='bbox 251 279 346 306; x_wconf 82' lang='lat' dir='ltr'>antea</span> <span class='ocrx_word' id='word_1_35' title='bbox 370 284 406 306; x_wconf 85' lang='lat' dir='ltr'>ex</span> <span class='ocrx_word' id='word_1_36' title='bbox 428 274 500 306; x_wconf 83' lang='lat' dir='ltr'>aliis</span> <span class='ocrx_word' id='word_1_37' title='bbox 526 274 700 316; x_wconf 83' lang='lat' dir='ltr'>praedictis</span> <span class='ocrx_word' id='word_1_38' title='bbox 726 274 917 315; x_wconf 80' lang='lat' dir='ltr'>apostolicis</span> 
     </span>
     <span class='ocr_line' id='line_1_17' title="bbox 180 326 917 368; baseline -0.001 -10"><span class='ocrx_word' id='word_1_39' title='bbox 180 326 313 359; x_wconf 89' lang='lat' dir='ltr'>indultis</span> <span class='ocrx_word' id='word_1_40' title='bbox 329 336 392 358; x_wconf 89' lang='lat' dir='ltr'>non</span> <span class='ocrx_word' id='word_1_41' title='bbox 409 326 654 365; x_wconf 86' lang='lat' dir='ltr'>convenientes,</span> <span class='ocrx_word' id='word_1_42' title='bbox 670 337 706 358; x_wconf 85' lang='lat' dir='ltr'>ac</span> <span class='ocrx_word' id='word_1_43' title='bbox 722 336 871 368; x_wconf 79' lang='lat' dir='ltr'>expresse</span> <span class='ocrx_word' id='word_1_44' title='bbox 886 332 917 358; x_wconf 89' lang='lat' dir='ltr'>et</span> 
     </span>
     <span class='ocr_line' id='line_1_18' title="bbox 178 378 915 421; baseline -0.003 -10"><span class='ocrx_word' id='word_1_45' title='bbox 178 380 348 421; x_wconf 71' lang='lat' dir='ltr'>signanter</span> <span class='ocrx_word' id='word_1_46' title='bbox 364 378 451 411; x_wconf 88' lang='lat' dir='ltr'>illam</span> <span class='ocrx_word' id='word_1_47' title='bbox 470 378 638 420; x_wconf 53' lang='lat' dir='ltr'>sexaginta</span> <span class='ocrx_word' id='word_1_48' title='bbox 656 378 782 410; x_wconf 86' lang='lat' dir='ltr'>dierum</span> <span class='ocrx_word' id='word_1_49' title='bbox 801 389 859 420; x_wconf 87' lang='lat' dir='ltr'>pro</span> <span class='ocrx_word' id='word_1_50' title='bbox 878 378 915 410; x_wconf 87' lang='lat' dir='ltr'>iis</span> 
     </span>
     <span class='ocr_line' id='line_1_19' title="bbox 178 431 914 474; baseline -0.001 -11"><span class='ocrx_word' id='word_1_51' title='bbox 178 431 232 474; x_wconf 88' lang='lat' dir='ltr'>qui</span> <span class='ocrx_word' id='word_1_52' title='bbox 258 442 294 464; x_wconf 79' lang='lat' dir='ltr'>ex</span> <span class='ocrx_word' id='word_1_53' title='bbox 321 432 435 464; x_wconf 74' lang='lat' dir='ltr'>eadem</span> <span class='ocrx_word' id='word_1_54' title='bbox 461 431 616 464; x_wconf 82' lang='lat' dir='ltr'>societate</span> <span class='ocrx_word' id='word_1_55' title='bbox 649 431 914 463; x_wconf 76' lang='lat' dir='ltr'>conclusionibus</span> 
     </span>
     <span class='ocr_line' id='line_1_20' title="bbox 177 483 915 526; baseline -0.003 -10"><span class='ocrx_word' id='word_1_56' title='bbox 177 490 210 516; x_wconf 93' lang='lat' dir='ltr'>et</span> <span class='ocrx_word' id='word_1_57' title='bbox 223 484 494 526; x_wconf 71' lang='lat' dir='ltr'>disputationibus</span> <span class='ocrx_word' id='word_1_58' title='bbox 510 483 753 525; x_wconf 78' lang='lat' dir='ltr'>theologalibus</span> <span class='ocrx_word' id='word_1_59' title='bbox 771 483 915 515; x_wconf 77' lang='lat' dir='ltr'>eiusdem</span> 
     </span>
     <span class='ocr_line' id='line_1_21' title="bbox 177 536 915 578; baseline -0.003 -10"><span class='ocrx_word' id='word_1_60' title='bbox 177 536 340 569; x_wconf 88' lang='lat' dir='ltr'>societatis</span> <span class='ocrx_word' id='word_1_61' title='bbox 366 536 590 575; x_wconf 70' lang='lat' dir='ltr'>interfuerint,</span> <span class='ocrx_word' id='word_1_62' title='bbox 617 547 681 578; x_wconf 85' lang='lat' dir='ltr'>quo</span> <span class='ocrx_word' id='word_1_63' title='bbox 703 536 749 568; x_wconf 82' lang='lat' dir='ltr'>sic</span> <span class='ocrx_word' id='word_1_64' title='bbox 769 536 915 577; x_wconf 67' lang='lat' dir='ltr'>angelico</span> 
     </span>
     <span class='ocr_line' id='line_1_22' title="bbox 177 588 917 631; baseline -0.001 -11"><span class='ocrx_word' id='word_1_65' title='bbox 177 589 209 621; x_wconf 81' lang='lat' dir='ltr'>S.</span> <span class='ocrx_word' id='word_1_66' title='bbox 243 588 387 621; x_wconf 82' lang='lat' dir='ltr'>Tbomae</span> <span class='ocrx_word' id='word_1_67' title='bbox 421 590 502 621; x_wconf 85' lang='lat' dir='ltr'>lacte</span> <span class='ocrx_word' id='word_1_68' title='bbox 538 589 618 631; x_wconf 88' lang='lat' dir='ltr'>pasti</span> <span class='ocrx_word' id='word_1_69' title='bbox 643 600 680 621; x_wconf 88' lang='lat' dir='ltr'>ac</span> <span class='ocrx_word' id='word_1_70' title='bbox 706 589 817 620; x_wconf 89' lang='lat' dir='ltr'>nutriti</span> <span class='ocrx_word' id='word_1_71' title='bbox 844 599 917 620; x_wconf 75' lang='lat' dir='ltr'>ron-</span> 
     </span>
     <span class='ocr_line' id='line_1_23' title="bbox 179 641 915 680; baseline 0 -8"><span class='ocrx_word' id='word_1_72' title='bbox 179 642 292 673; x_wconf 82' lang='lat' dir='ltr'>t&#39;ratres</span> <span class='ocrx_word' id='word_1_73' title='bbox 317 647 347 673; x_wconf 88' lang='lat' dir='ltr'>et</span> <span class='ocrx_word' id='word_1_74' title='bbox 371 652 583 680; x_wconf 73' lang='lat' dir='ltr'>consorores,</span> <span class='ocrx_word' id='word_1_75' title='bbox 610 641 767 673; x_wconf 86' lang='lat' dir='ltr'>castitatis</span> <span class='ocrx_word' id='word_1_76' title='bbox 795 642 915 673; x_wconf 88' lang='lat' dir='ltr'>donum</span> 
     </span>
     <span class='ocr_line' id='line_1_24' title="bbox 176 693 917 733; baseline -0.001 -8"><span class='ocrx_word' id='word_1_77' title='bbox 176 693 242 725; x_wconf 84' lang='lat' dir='ltr'>Deo</span> <span class='ocrx_word' id='word_1_78' title='bbox 267 694 362 726; x_wconf 88' lang='lat' dir='ltr'>dante</span> <span class='ocrx_word' id='word_1_79' title='bbox 389 694 514 726; x_wconf 74' lang='lat' dir='ltr'>felicius</span> <span class='ocrx_word' id='word_1_80' title='bbox 540 700 701 733; x_wconf 83' lang='lat' dir='ltr'>tueantur,</span> <span class='ocrx_word' id='word_1_81' title='bbox 727 699 780 725; x_wconf 90' lang='lat' dir='ltr'>aut</span> <span class='ocrx_word' id='word_1_82' title='bbox 805 704 917 725; x_wconf 81' lang='lat' dir='ltr'>couse-</span> 
     </span>
     <span class='ocr_line' id='line_1_25' title="bbox 178 747 917 789; baseline 0.003 -13"><span class='ocrx_word' id='word_1_83' title='bbox 178 751 318 789; x_wconf 88' lang='lat' dir='ltr'>quantur</span> <span class='ocrx_word' id='word_1_84' title='bbox 363 748 532 785; x_wconf 82' lang='lat' dir='ltr'>amissum,</span> <span class='ocrx_word' id='word_1_85' title='bbox 571 749 683 779; x_wconf 77' lang='lat' dir='ltr'>eadem</span> <span class='ocrx_word' id='word_1_86' title='bbox 725 747 917 779; x_wconf 85' lang='lat' dir='ltr'>auctoritate</span> 
     </span>
     <span class='ocr_line' id='line_1_26' title="bbox 178 799 917 841; baseline 0 -11"><span class='ocrx_word' id='word_1_87' title='bbox 178 799 355 840; x_wconf 64' lang='lat' dir='ltr'>apostolita‘i</span> <span class='ocrx_word' id='word_1_88' title='bbox 374 800 536 841; x_wconf 58' lang='lat' dir='ltr'>funesatas</span> <span class='ocrx_word' id='word_1_89' title='bbox 558 799 844 831; x_wconf 77' lang='lat' dir='ltr'>confraternitates</span> <span class='ocrx_word' id='word_1_90' title='bbox 860 799 917 830; x_wconf 88' lang='lat' dir='ltr'>eri-</span> 
     </span>
     <span class='ocr_line' id='line_1_27' title="bbox 177 851 913 894; baseline 0 -11"><span class='ocrx_word' id='word_1_91' title='bbox 177 851 274 893; x_wconf 74' lang='lat' dir='ltr'>gendi</span> <span class='ocrx_word' id='word_1_92' title='bbox 301 856 332 884; x_wconf 89' lang='lat' dir='ltr'>et</span> <span class='ocrx_word' id='word_1_93' title='bbox 357 851 545 883; x_wconf 83' lang='lat' dir='ltr'>instituendi</span> <span class='ocrx_word' id='word_1_94' title='bbox 572 852 691 894; x_wconf 81' lang='lat' dir='ltr'>ubique</span> <span class='ocrx_word' id='word_1_95' title='bbox 719 852 913 891; x_wconf 76' lang='lat' dir='ltr'>facultatem,</span> 
     </span>
    </p>
   </div>
   <div class='ocr_carea' id='block_1_6' title="bbox 177 903 937 949">
    <p class='ocr_par' dir='ltr' id='par_1_7' title="bbox 177 903 937 949">
     <span class='ocr_line' id='line_1_28' title="bbox 177 903 937 949; baseline 0.003 -15"><span class='ocrx_word' id='word_1_96' title='bbox 177 909 209 935; x_wconf 88' lang='lat' dir='ltr'>et</span> <span class='ocrx_word' id='word_1_97' title='bbox 234 903 364 946; x_wconf 87' lang='lat' dir='ltr'>quidem</span> <span class='ocrx_word' id='word_1_98' title='bbox 390 904 590 946; x_wconf 66' lang='lat' dir='ltr'>privativam,</span> <span class='ocrx_word' id='word_1_99' title='bbox 610 905 826 937; x_wconf 72' lang='lat' dir='ltr'>concedentes</span> <span class='ocrx_word' id='word_1_100' title='bbox 853 915 937 949; x_wconf 44' lang='lat' dir='ltr'>uia-¹</span> 
     </span>
    </p>
   </div>
   <div class='ocr_carea' id='block_1_7' title="bbox 177 956 915 1157">
    <p class='ocr_par' dir='ltr' id='par_1_8' title="bbox 177 956 915 1051">
     <span class='ocr_line' id='line_1_29' title="bbox 177 956 915 1000; baseline 0 -13"><span class='ocrx_word' id='word_1_101' title='bbox 177 956 277 998; x_wconf 82' lang='lat' dir='ltr'>gistro</span> <span class='ocrx_word' id='word_1_102' title='bbox 302 956 432 988; x_wconf 86' lang='lat' dir='ltr'>Ordinis</span> <span class='ocrx_word' id='word_1_103' title='bbox 457 968 492 989; x_wconf 79' lang='lat' dir='ltr'>ac</span> <span class='ocrx_word' id='word_1_104' title='bbox 526 957 643 989; x_wconf 70' lang='lat' dir='ltr'>vicario</span> <span class='ocrx_word' id='word_1_105' title='bbox 676 958 822 1000; x_wconf 75' lang='lat' dir='ltr'>generali</span> <span class='ocrx_word' id='word_1_106' title='bbox 856 968 915 999; x_wconf 82' lang='lat' dir='ltr'>pro</span> 
     </span>
     <span class='ocr_line' id='line_1_30' title="bbox 179 1014 338 1051; baseline -0.006 -11"><span class='ocrx_word' id='word_1_107' title='bbox 179 1014 338 1051; x_wconf 86' lang='lat' dir='ltr'>tempore.</span> 
     </span>
    </p>

    <p class='ocr_par' dir='ltr' id='par_1_9' title="bbox 177 1060 915 1157">
     <span class='ocr_line' id='line_1_31' title="bbox 221 1060 914 1106; baseline 0.003 -13"><span class='ocrx_word' id='word_1_108' title='bbox 221 1062 235 1103; x_wconf 58' lang='grc' dir='ltr'><strong>ἓ</strong></span> <span class='ocrx_word' id='word_1_109' title='bbox 261 1060 314 1093; x_wconf 82' lang='lat'>¹10.</span> <span class='ocrx_word' id='word_1_110' title='bbox 343 1062 476 1094; x_wconf 89' lang='lat' dir='ltr'>Demum</span> <span class='ocrx_word' id='word_1_111' title='bbox 513 1063 731 1104; x_wconf 81' lang='lat' dir='ltr'>indulgentias</span> <span class='ocrx_word' id='word_1_112' title='bbox 765 1075 914 1106; x_wconf 78' lang='lat' dir='ltr'>quarum-</span> 
     </span>
     <span class='ocr_line' id='line_1_32' title="bbox 177 1116 915 1157; baseline 0.001 -11"><span class='ocrx_word' id='word_1_113' title='bbox 177 1124 314 1157; x_wconf 77' lang='lat' dir='ltr'>cumque</span> <span class='ocrx_word' id='word_1_114' title='bbox 337 1116 471 1148; x_wconf 86' lang='lat' dir='ltr'>aliarum</span> <span class='ocrx_word' id='word_1_115' title='bbox 490 1116 695 1154; x_wconf 79' lang='lat' dir='ltr'>societatum,</span> <span class='ocrx_word' id='word_1_116' title='bbox 714 1117 745 1149; x_wconf 89' lang='lat' dir='ltr'>in</span> <span class='ocrx_word' id='word_1_117' title='bbox 769 1117 915 1149; x_wconf 72' lang='lat' dir='ltr'>ecclesiis</span> 
     </span>
    </p>
   </div>
   <div class='ocr_carea' id='block_1_8' title="bbox 177 1168 937 1212">
    <p class='ocr_par' dir='ltr' id='par_1_10' title="bbox 177 1168 937 1212">
     <span class='ocr_line' id='line_1_33' title="bbox 177 1168 937 1212; baseline 0.004 -14"><span class='ocrx_word' id='word_1_118' title='bbox 177 1168 343 1209; x_wconf 63' lang='lat' dir='ltr'>quibusvis</span> <span class='ocrx_word' id='word_1_119' title='bbox 384 1168 513 1201; x_wconf 80' lang='lat' dir='ltr'>Ordinis</span> <span class='ocrx_word' id='word_1_120' title='bbox 559 1169 715 1212; x_wconf 86' lang='lat' dir='ltr'>praedicti</span> <span class='ocrx_word' id='word_1_121' title='bbox 761 1171 937 1202; x_wconf 50' lang='lat' dir='ltr'>canonice¹</span> 
     </span>
    </p>
   </div>
   <div class='ocr_carea' id='block_1_9' title="bbox 176 1220 920 2523">
    <p class='ocr_par' dir='ltr' id='par_1_11' title="bbox 176 1220 916 1624">
     <span class='ocr_line' id='line_1_34' title="bbox 178 1220 916 1264; baseline 0.004 -13"><span class='ocrx_word' id='word_1_122' title='bbox 178 1226 357 1252; x_wconf 84' lang='lat' dir='ltr'>erectarum</span> <span class='ocrx_word' id='word_1_123' title='bbox 388 1220 510 1253; x_wconf 78' lang='lat' dir='ltr'>eisdem</span> <span class='ocrx_word' id='word_1_124' title='bbox 528 1232 544 1253; x_wconf 83' lang='lat' dir='ltr'>a</span> <span class='ocrx_word' id='word_1_125' title='bbox 566 1222 729 1264; x_wconf 78' lang='lat' dir='ltr'>praedicta</span> <span class='ocrx_word' id='word_1_126' title='bbox 744 1222 826 1254; x_wconf 82' lang='lat' dir='ltr'>Sede</span> <span class='ocrx_word' id='word_1_127' title='bbox 841 1234 916 1254; x_wconf 81' lang='lat' dir='ltr'>eou-</span> 
     </span>
     <span class='ocr_line' id='line_1_35' title="bbox 177 1273 915 1315; baseline 0.007 -13"><span class='ocrx_word' id='word_1_128' title='bbox 177 1274 318 1311; x_wconf 46' lang='lat' dir='ltr'>eessasfi</span> <span class='ocrx_word' id='word_1_129' title='bbox 337 1273 427 1304; x_wconf 78' lang='lat' dir='ltr'>sicuti</span> <span class='ocrx_word' id='word_1_130' title='bbox 456 1279 486 1305; x_wconf 82' lang='lat' dir='ltr'>et</span> <span class='ocrx_word' id='word_1_131' title='bbox 512 1274 673 1315; x_wconf 75' lang='lat' dir='ltr'>‹piaslibet</span> <span class='ocrx_word' id='word_1_132' title='bbox 695 1274 915 1315; x_wconf 56' lang='lat' dir='ltr'>indutgvniius</span> 
     </span>
     <span class='ocr_line' id='line_1_36' title="bbox 176 1324 916 1370; baseline 0.005 -14"><span class='ocrx_word' id='word_1_133' title='bbox 176 1324 305 1357; x_wconf 78' lang='lat' dir='ltr'>Ordinis</span> <span class='ocrx_word' id='word_1_134' title='bbox 331 1327 487 1358; x_wconf 73' lang='lat' dir='ltr'>ecelesias</span> <span class='ocrx_word' id='word_1_135' title='bbox 513 1326 770 1359; x_wconf 68' lang='lat' dir='ltr'>visitationibus²</span> <span class='ocrx_word' id='word_1_136' title='bbox 795 1340 811 1359; x_wconf 76' lang='lat' dir='ltr'>a</span> <span class='ocrx_word' id='word_1_137' title='bbox 838 1339 916 1370; x_wconf 70' lang='lat' dir='ltr'>‹pio-</span> 
     </span>
     <span class='ocr_line' id='line_1_37' title="bbox 177 1380 915 1422; baseline 0.004 -13"><span class='ocrx_word' id='word_1_138' title='bbox 177 1389 316 1420; x_wconf 81' lang='lat' dir='ltr'>cumque</span> <span class='ocrx_word' id='word_1_139' title='bbox 341 1389 530 1415; x_wconf 70' lang='lat' dir='ltr'>concessas:</span> <span class='ocrx_word' id='word_1_140' title='bbox 559 1380 660 1422; x_wconf 83' lang='lat' dir='ltr'>iisque</span> <span class='ocrx_word' id='word_1_141' title='bbox 693 1380 841 1412; x_wconf 75' lang='lat' dir='ltr'>addimus</span> <span class='ocrx_word' id='word_1_142' title='bbox 869 1382 915 1412; x_wconf 89' lang='lat' dir='ltr'>iu-</span> 
     </span>
     <span class='ocr_line' id='line_1_38' title="bbox 178 1433 916 1476; baseline 0.007 -14"><span class='ocrx_word' id='word_1_143' title='bbox 178 1433 379 1474; x_wconf 79' lang='lat' dir='ltr'>‹lulgentiam</span> <span class='ocrx_word' id='word_1_144' title='bbox 407 1434 551 1476; x_wconf 18' lang='lat' dir='ltr'>‹rpiinque</span> <span class='ocrx_word' id='word_1_145' title='bbox 578 1445 736 1466; x_wconf 85' lang='lat' dir='ltr'>annorum</span> <span class='ocrx_word' id='word_1_146' title='bbox 768 1435 916 1467; x_wconf 85' lang='lat' dir='ltr'>totidem-</span> 
     </span>
     <span class='ocr_line' id='line_1_39' title="bbox 178 1486 915 1527; baseline 0.005 -12"><span class='ocrx_word' id='word_1_147' title='bbox 178 1495 241 1526; x_wconf 83' lang='lat' dir='ltr'>que</span> <span class='ocrx_word' id='word_1_148' title='bbox 286 1486 570 1527; x_wconf 62' lang='lat' dir='ltr'>quadrugenarum</span> <span class='ocrx_word' id='word_1_149' title='bbox 612 1486 750 1527; x_wconf 79' lang='lat' dir='ltr'>singulis</span> <span class='ocrx_word' id='word_1_150' title='bbox 800 1488 915 1519; x_wconf 73' lang='lat' dir='ltr'>devote</span> 
     </span>
     <span class='ocr_line' id='line_1_40' title="bbox 178 1538 916 1580; baseline 0.007 -12"><span class='ocrx_word' id='word_1_151' title='bbox 178 1538 444 1570; x_wconf 80' lang='lat' dir='ltr'>deosculantibus</span> <span class='ocrx_word' id='word_1_152' title='bbox 471 1539 661 1580; x_wconf 67' lang='lat' dir='ltr'>religiosum</span> <span class='ocrx_word' id='word_1_153' title='bbox 690 1539 834 1572; x_wconf 87' lang='lat' dir='ltr'>babitnm</span> <span class='ocrx_word' id='word_1_154' title='bbox 859 1540 916 1573; x_wconf 89' lang='lat' dir='ltr'>Or-</span> 
     </span>
     <span class='ocr_line' id='line_1_41' title="bbox 178 1590 507 1624; baseline 0.006 -3"><span class='ocrx_word' id='word_1_155' title='bbox 178 1590 262 1622; x_wconf 83' lang='lat' dir='ltr'>dinis</span> <span class='ocrx_word' id='word_1_156' title='bbox 288 1590 507 1624; x_wconf 83' lang='lat' dir='ltr'>benedictum.</span> 
     </span>
    </p>

    <p class='ocr_par' dir='ltr' id='par_1_12' title="bbox 177 1643 920 2523">
     <span class='ocr_line' id='line_1_42' title="bbox 221 1643 914 1688; baseline 0.004 -14"><span class='ocrx_word' id='word_1_157' title='bbox 221 1644 236 1684; x_wconf 60' lang='grc' dir='ltr'><strong>ξ</strong></span> <span class='ocrx_word' id='word_1_158' title='bbox 272 1643 326 1675; x_wconf 78' lang='grc'>11.</span> <span class='ocrx_word' id='word_1_159' title='bbox 363 1644 464 1681; x_wconf 84' lang='lat' dir='ltr'>Quum</span> <span class='ocrx_word' id='word_1_160' title='bbox 503 1655 579 1676; x_wconf 77' lang='lat' dir='ltr'>vero</span> <span class='ocrx_word' id='word_1_161' title='bbox 617 1645 708 1677; x_wconf 87' lang='lat' dir='ltr'>nobis</span> <span class='ocrx_word' id='word_1_162' title='bbox 744 1646 914 1688; x_wconf 83' lang='lat' dir='ltr'>multiplici</span> 
     </span>
     <span class='ocr_line' id='line_1_43' title="bbox 177 1696 916 1739; baseline 0.004 -12"><span class='ocrx_word' id='word_1_163' title='bbox 177 1700 303 1728; x_wconf 82' lang='lat' dir='ltr'>constet.</span> <span class='ocrx_word' id='word_1_164' title='bbox 328 1696 561 1738; x_wconf 77' lang='lat' dir='ltr'>experimento,</span> <span class='ocrx_word' id='word_1_165' title='bbox 584 1699 852 1739; x_wconf 61' lang='lat' dir='ltr'>tongregationcs</span> <span class='ocrx_word' id='word_1_166' title='bbox 878 1700 916 1730; x_wconf 83' lang='lat' dir='ltr'>ab</span> 
     </span>
     <span class='ocr_line' id='line_1_44' title="bbox 177 1749 914 1793; baseline 0.007 -15"><span class='ocrx_word' id='word_1_167' title='bbox 177 1758 236 1780; x_wconf 90' lang='lat' dir='ltr'>usu</span> <span class='ocrx_word' id='word_1_168' title='bbox 275 1749 322 1780; x_wconf 78' lang='lat' dir='ltr'>rel</span> <span class='ocrx_word' id='word_1_169' title='bbox 361 1759 423 1780; x_wconf 89' lang='lat' dir='ltr'>uon</span> <span class='ocrx_word' id='word_1_170' title='bbox 451 1760 507 1780; x_wconf 89' lang='lat' dir='ltr'>usu</span> <span class='ocrx_word' id='word_1_171' title='bbox 544 1761 665 1792; x_wconf 76' lang='lat' dir='ltr'>cappae</span> <span class='ocrx_word' id='word_1_172' title='bbox 699 1755 852 1793; x_wconf 71' lang='lat' dir='ltr'>cappatus</span> <span class='ocrx_word' id='word_1_173' title='bbox 886 1758 914 1784; x_wconf 83' lang='lat' dir='ltr'>et</span> 
     </span>
     <span class='ocr_line' id='line_1_45' title="bbox 179 1801 917 1846; baseline 0.007 -14"><span class='ocrx_word' id='word_1_174' title='bbox 179 1801 357 1843; x_wconf 69' lang='lat' dir='ltr'>respective</span> <span class='ocrx_word' id='word_1_175' title='bbox 384 1812 448 1834; x_wconf 78' lang='lat' dir='ltr'>uon</span> <span class='ocrx_word' id='word_1_176' title='bbox 478 1808 650 1846; x_wconf 56' lang='lat' dir='ltr'>capparum,</span> <span class='ocrx_word' id='word_1_177' title='bbox 677 1811 731 1836; x_wconf 82' lang='lat' dir='ltr'>aut</span> <span class='ocrx_word' id='word_1_178' title='bbox 765 1816 917 1846; x_wconf 81' lang='lat' dir='ltr'>quocum-</span> 
     </span>
     <span class='ocr_line' id='line_1_46' title="bbox 179 1855 916 1897; baseline 0.007 -12"><span class='ocrx_word' id='word_1_179' title='bbox 179 1864 241 1896; x_wconf 90' lang='lat' dir='ltr'>que</span> <span class='ocrx_word' id='word_1_180' title='bbox 260 1855 392 1886; x_wconf 87' lang='lat' dir='ltr'>nominc</span> <span class='ocrx_word' id='word_1_181' title='bbox 411 1856 591 1897; x_wconf 73' lang='lat' dir='ltr'>appellatas</span> <span class='ocrx_word' id='word_1_182' title='bbox 611 1856 747 1889; x_wconf 80' lang='lat' dir='ltr'>uniones</span> <span class='ocrx_word' id='word_1_183' title='bbox 772 1859 916 1890; x_wconf 63' lang='lat' dir='ltr'>saccula&gt;</span> 
     </span>
     <span class='ocr_line' id='line_1_47' title="bbox 178 1907 915 1953; baseline 0.008 -16"><span class='ocrx_word' id='word_1_184' title='bbox 178 1907 259 1938; x_wconf 86' lang='lat' dir='ltr'>rium</span> <span class='ocrx_word' id='word_1_185' title='bbox 286 1907 582 1940; x_wconf 79' lang='lat' dir='ltr'>administrantium</span> <span class='ocrx_word' id='word_1_186' title='bbox 609 1911 800 1953; x_wconf 76' lang='lat' dir='ltr'>temporalia</span> <span class='ocrx_word' id='word_1_187' title='bbox 832 1912 915 1943; x_wconf 81' lang='lat' dir='ltr'>bona</span> 
     </span>
     <span class='ocr_line' id='line_1_48' title="bbox 179 1959 917 2001; baseline 0.007 -12"><span class='ocrx_word' id='word_1_188' title='bbox 179 1959 217 1991; x_wconf 82' lang='lat' dir='ltr'>ad</span> <span class='ocrx_word' id='word_1_189' title='bbox 244 1960 426 2001; x_wconf 78' lang='lat' dir='ltr'>praedictas</span> <span class='ocrx_word' id='word_1_190' title='bbox 451 1960 597 1992; x_wconf 76' lang='lat' dir='ltr'>Nominis</span> <span class='ocrx_word' id='word_1_191' title='bbox 624 1962 705 2000; x_wconf 79' lang='lat' dir='ltr'>lesu,</span> <span class='ocrx_word' id='word_1_192' title='bbox 732 1962 865 1999; x_wconf 75' lang='lat' dir='ltr'>Rosarii‚</span> <span class='ocrx_word' id='word_1_193' title='bbox 885 1976 917 1994; x_wconf 78' lang='lat' dir='ltr'>a-</span> 
     </span>
     <span class='ocr_line' id='line_1_49' title="bbox 180 2011 917 2054; baseline 0.005 -11"><span class='ocrx_word' id='word_1_194' title='bbox 180 2011 302 2054; x_wconf 86' lang='lat' dir='ltr'>liasque</span> <span class='ocrx_word' id='word_1_195' title='bbox 328 2012 498 2044; x_wconf 73' lang='lat' dir='ltr'>societates</span> <span class='ocrx_word' id='word_1_196' title='bbox 517 2015 701 2046; x_wconf 75' lang='lat' dir='ltr'>saeculares</span> <span class='ocrx_word' id='word_1_197' title='bbox 721 2015 753 2046; x_wconf 91' lang='lat' dir='ltr'>in</span> <span class='ocrx_word' id='word_1_198' title='bbox 772 2016 917 2047; x_wconf 73' lang='lat' dir='ltr'>ecclesiis</span> 
     </span>
     <span class='ocr_line' id='line_1_50' title="bbox 180 2063 914 2109; baseline 0.01 -16"><span class='ocrx_word' id='word_1_199' title='bbox 180 2063 315 2104; x_wconf 79' lang='lat' dir='ltr'>praefati</span> <span class='ocrx_word' id='word_1_200' title='bbox 355 2064 483 2096; x_wconf 84' lang='lat' dir='ltr'>Ordinis</span> <span class='ocrx_word' id='word_1_201' title='bbox 526 2066 674 2097; x_wconf 72' lang='lat' dir='ltr'>fundatas</span> <span class='ocrx_word' id='word_1_202' title='bbox 714 2068 914 2109; x_wconf 74' lang='lat' dir='ltr'>spectantia,</span> 
     </span>
     <span class='ocr_line' id='line_1_51' title="bbox 180 2116 919 2161; baseline 0.004 -15"><span class='ocrx_word' id='word_1_203' title='bbox 180 2126 329 2157; x_wconf 83' lang='lat' dir='ltr'>quaeque</span> <span class='ocrx_word' id='word_1_204' title='bbox 355 2117 395 2148; x_wconf 88' lang='lat' dir='ltr'>de</span> <span class='ocrx_word' id='word_1_205' title='bbox 431 2116 553 2149; x_wconf 85' lang='lat' dir='ltr'>directo</span> <span class='ocrx_word' id='word_1_206' title='bbox 589 2119 732 2150; x_wconf 88' lang='lat' dir='ltr'>dominio</span> <span class='ocrx_word' id='word_1_207' title='bbox 759 2120 919 2161; x_wconf 77' lang='lat' dir='ltr'>praefato-</span> 
     </span>
     <span class='ocr_line' id='line_1_52' title="bbox 183 2169 918 2204; baseline 0.008 -6"><span class='ocrx_word' id='word_1_208' title='bbox 183 2178 253 2199; x_wconf 86' lang='lat' dir='ltr'>rum</span> <span class='ocrx_word' id='word_1_209' title='bbox 290 2169 424 2200; x_wconf 75' lang='lat' dir='ltr'>fratrum</span> <span class='ocrx_word' id='word_1_210' title='bbox 464 2169 528 2201; x_wconf 77' lang='lat' dir='ltr'>sive</span> <span class='ocrx_word' id='word_1_211' title='bbox 558 2181 670 2203; x_wconf 89' lang='lat' dir='ltr'>eorum</span> <span class='ocrx_word' id='word_1_212' title='bbox 703 2178 918 2204; x_wconf 76' lang='lat' dir='ltr'>conventuum</span> 
     </span>
     <span class='ocr_line' id='line_1_53' title="bbox 182 2221 917 2265; baseline 0.007 -14"><span class='ocrx_word' id='word_1_213' title='bbox 182 2226 234 2252; x_wconf 84' lang='lat' dir='ltr'>aut</span> <span class='ocrx_word' id='word_1_214' title='bbox 259 2221 487 2261; x_wconf 74' lang='lat' dir='ltr'>ecclesiarum,</span> <span class='ocrx_word' id='word_1_215' title='bbox 521 2222 553 2254; x_wconf 91' lang='lat' dir='ltr'>in</span> <span class='ocrx_word' id='word_1_216' title='bbox 589 2233 670 2265; x_wconf 88' lang='lat' dir='ltr'>opus</span> <span class='ocrx_word' id='word_1_217' title='bbox 695 2223 783 2265; x_wconf 85' lang='lat' dir='ltr'>pium</span> <span class='ocrx_word' id='word_1_218' title='bbox 823 2225 917 2256; x_wconf 88' lang='lat' dir='ltr'>etiam</span> 
     </span>
     <span class='ocr_line' id='line_1_54' title="bbox 182 2273 920 2314; baseline 0.008 -11"><span class='ocrx_word' id='word_1_219' title='bbox 182 2273 432 2305; x_wconf 84' lang='lat' dir='ltr'>determinatum</span> <span class='ocrx_word' id='word_1_220' title='bbox 460 2276 686 2314; x_wconf 79' lang='lat' dir='ltr'>convertenda,</span> <span class='ocrx_word' id='word_1_221' title='bbox 711 2287 783 2308; x_wconf 82' lang='lat' dir='ltr'>rere</span> <span class='ocrx_word' id='word_1_222' title='bbox 801 2283 832 2308; x_wconf 87' lang='lat' dir='ltr'>et</span> <span class='ocrx_word' id='word_1_223' title='bbox 852 2288 920 2309; x_wconf 87' lang='lat' dir='ltr'>rea-</span> 
     </span>
     <span class='ocr_line' id='line_1_55' title="bbox 181 2325 918 2370; baseline 0.005 -13"><span class='ocrx_word' id='word_1_224' title='bbox 181 2325 256 2357; x_wconf 85' lang='lat' dir='ltr'>liter</span> <span class='ocrx_word' id='word_1_225' title='bbox 280 2331 369 2364; x_wconf 85' lang='lat' dir='ltr'>sunt,</span> <span class='ocrx_word' id='word_1_226' title='bbox 397 2331 448 2365; x_wconf 86' lang='lat' dir='ltr'>et,</span> <span class='ocrx_word' id='word_1_227' title='bbox 476 2333 635 2368; x_wconf 81' lang='lat' dir='ltr'>quatenus</span> <span class='ocrx_word' id='word_1_228' title='bbox 661 2338 742 2370; x_wconf 88' lang='lat' dir='ltr'>opus</span> <span class='ocrx_word' id='word_1_229' title='bbox 766 2328 820 2368; x_wconf 85' lang='lat' dir='ltr'>sit,</span> <span class='ocrx_word' id='word_1_230' title='bbox 846 2339 918 2361; x_wconf 84' lang='lat' dir='ltr'>vere</span> 
     </span>
     <span class='ocr_line' id='line_1_56' title="bbox 181 2377 918 2422; baseline 0.008 -14"><span class='ocrx_word' id='word_1_231' title='bbox 181 2382 214 2409; x_wconf 90' lang='lat' dir='ltr'>et</span> <span class='ocrx_word' id='word_1_232' title='bbox 239 2377 371 2409; x_wconf 76' lang='lat' dir='ltr'>realiter</span> <span class='ocrx_word' id='word_1_233' title='bbox 390 2388 459 2409; x_wconf 84' lang='lat' dir='ltr'>esse</span> <span class='ocrx_word' id='word_1_234' title='bbox 485 2389 521 2410; x_wconf 86' lang='lat' dir='ltr'>ac</span> <span class='ocrx_word' id='word_1_235' title='bbox 546 2379 613 2411; x_wconf 78' lang='lat' dir='ltr'>sore</span> <span class='ocrx_word' id='word_1_236' title='bbox 633 2380 918 2422; x_wconf 76' lang='lat' dir='ltr'>quandocumque,</span> 
     </span>
     <span class='ocr_line' id='line_1_57' title="bbox 182 2431 916 2475; baseline 0.003 -13"><span class='ocrx_word' id='word_1_237' title='bbox 182 2436 280 2470; x_wconf 87' lang='lat' dir='ltr'>motu,</span> <span class='ocrx_word' id='word_1_238' title='bbox 298 2431 433 2463; x_wconf 62' lang='lat' dir='ltr'>scientia</span> <span class='ocrx_word' id='word_1_239' title='bbox 458 2435 489 2464; x_wconf 83' lang='lat' dir='ltr'>et</span> <span class='ocrx_word' id='word_1_240' title='bbox 514 2432 708 2464; x_wconf 87' lang='lat' dir='ltr'>auctoritate</span> <span class='ocrx_word' id='word_1_241' title='bbox 726 2433 916 2475; x_wconf 69' lang='lat' dir='ltr'>praedictis„</span> 
     </span>
     <span class='ocr_line' id='line_1_58' title="bbox 184 2483 919 2523; baseline 0.003 -8"><span class='ocrx_word' id='word_1_242' title='bbox 184 2483 388 2516; x_wconf 80' lang='lat' dir='ltr'>declaramus</span> <span class='ocrx_word' id='word_1_243' title='bbox 429 2490 460 2516; x_wconf 88' lang='lat' dir='ltr'>et</span> <span class='ocrx_word' id='word_1_244' title='bbox 490 2484 668 2523; x_wconf 84' lang='lat' dir='ltr'>sancimus,</span> <span class='ocrx_word' id='word_1_245' title='bbox 695 2485 761 2517; x_wconf 85' lang='lat' dir='ltr'>sive</span> <span class='ocrx_word' id='word_1_246' title='bbox 792 2485 830 2517; x_wconf 84' lang='lat' dir='ltr'>ad</span> <span class='ocrx_word' id='word_1_247' title='bbox 862 2486 919 2517; x_wconf 91' lang='lat' dir='ltr'>ali-</span> 
     </span>
    </p>
   </div>
   <div class='ocr_carea' id='block_1_10' title="bbox 218 2553 891 2633">
    <p class='ocr_par' dir='ltr' id='par_1_13' title="bbox 218 2553 891 2633">
     <span class='ocr_line' id='line_1_59' title="bbox 220 2553 891 2596; baseline 0.001 -17"><span class='ocrx_word' id='word_1_248' title='bbox 220 2555 231 2579; x_wconf 87' lang='lat'>1</span> <span class='ocrx_word' id='word_1_249' title='bbox 254 2553 325 2580; x_wconf 86' lang='lat' dir='ltr'>Edit.</span> <span class='ocrx_word' id='word_1_250' title='bbox 346 2554 429 2580; x_wconf 84' lang='lat' dir='ltr'>Main.</span> <span class='ocrx_word' id='word_1_251' title='bbox 451 2554 516 2587; x_wconf 82' lang='lat' dir='ltr'>legit</span> <span class='ocrx_word' id='word_1_252' title='bbox 535 2562 665 2581; x_wconf 82' lang='lat' dir='ltr'>concessa</span> <span class='ocrx_word' id='word_1_253' title='bbox 683 2556 722 2586; x_wconf 80' lang='lat' dir='ltr'>(n.</span> <span class='ocrx_word' id='word_1_254' title='bbox 738 2555 787 2588; x_wconf 85' lang='lat' dir='ltr'>T.).</span> <span class='ocrx_word' id='word_1_255' title='bbox 888 2592 891 2596; x_wconf 17' lang='grc' dir='ltr'><strong>ἢ</strong></span> 
     </span>
     <span class='ocr_line' id='line_1_60' title="bbox 218 2597 861 2633; baseline 0.003 -10"><span class='ocrx_word' id='word_1_256' title='bbox 218 2597 234 2623; x_wconf 80' lang='lat'>‘2</span> <span class='ocrx_word' id='word_1_257' title='bbox 255 2597 367 2624; x_wconf 85' lang='lat' dir='ltr'>Videtur</span> <span class='ocrx_word' id='word_1_258' title='bbox 387 2598 533 2633; x_wconf 82' lang='lat' dir='ltr'>legendum</span> <span class='ocrx_word' id='word_1_259' title='bbox 553 2598 738 2625; x_wconf 78' lang='lat' dir='ltr'>visitantibus</span> <span class='ocrx_word' id='word_1_260' title='bbox 757 2600 796 2632; x_wconf 81' lang='lat' dir='ltr'>(tt.</span> <span class='ocrx_word' id='word_1_261' title='bbox 812 2601 861 2631; x_wconf 83' lang='lat'>·1·.).</span> 
     </span>
    </p>
   </div>
   <div class='ocr_carea' id='block_1_11' title="bbox 936 537 941 2428">
    <p class='ocr_par' dir='ltr' id='par_1_14' title="bbox 936 537 941 2428">
     <span class='ocr_line' id='line_1_61' title="bbox 936 537 941 2428; baseline 0 0"><span class='ocrx_word' id='word_1_262' title='bbox 936 537 941 2428; x_wconf 95' lang='lat' dir='ltr'> </span> 
     </span>
    </p>
   </div>
   <div class='ocr_carea' id='block_1_12' title="bbox 958 272 1702 2634">
    <p class='ocr_par' dir='ltr' id='par_1_15' title="bbox 958 272 1702 2634">
     <span class='ocr_line' id='line_1_62' title="bbox 958 272 1696 317; baseline -0.001 -12"><span class='ocrx_word' id='word_1_263' title='bbox 958 275 1045 316; x_wconf 87' lang='lat' dir='ltr'>qnod</span> <span class='ocrx_word' id='word_1_264' title='bbox 1070 274 1201 317; x_wconf 81' lang='lat' dir='ltr'>pietatis</span> <span class='ocrx_word' id='word_1_265' title='bbox 1228 284 1311 317; x_wconf 87' lang='lat' dir='ltr'>opus</span> <span class='ocrx_word' id='word_1_266' title='bbox 1336 275 1385 307; x_wconf 89' lang='lat' dir='ltr'>vel</span> <span class='ocrx_word' id='word_1_267' title='bbox 1411 273 1615 306; x_wconf 86' lang='lat' dir='ltr'>devotionem</span> <span class='ocrx_word' id='word_1_268' title='bbox 1641 272 1696 305; x_wconf 88' lang='lat' dir='ltr'>ali-</span> 
     </span>
     <span class='ocr_line' id='line_1_63' title="bbox 959 325 1696 369; baseline -0.001 -11"><span class='ocrx_word' id='word_1_269' title='bbox 959 337 1054 368; x_wconf 87' lang='lat' dir='ltr'>quam</span> <span class='ocrx_word' id='word_1_270' title='bbox 1086 328 1305 369; x_wconf 79' lang='lat' dir='ltr'>peragendam</span> <span class='ocrx_word' id='word_1_271' title='bbox 1332 328 1365 360; x_wconf 90' lang='lat' dir='ltr'>in</span> <span class='ocrx_word' id='word_1_272' title='bbox 1396 327 1517 360; x_wconf 84' lang='lat' dir='ltr'>eisdem</span> <span class='ocrx_word' id='word_1_273' title='bbox 1548 325 1696 359; x_wconf 87' lang='lat' dir='ltr'>ecclesiis</span> 
     </span>
     <span class='ocr_line' id='line_1_64' title="bbox 959 379 1697 423; baseline 0 -14"><span class='ocrx_word' id='word_1_274' title='bbox 959 385 1013 410; x_wconf 82' lang='lat' dir='ltr'>aut</span> <span class='ocrx_word' id='word_1_275' title='bbox 1048 379 1079 411; x_wconf 91' lang='lat' dir='ltr'>in</span> <span class='ocrx_word' id='word_1_276' title='bbox 1114 380 1224 423; x_wconf 85' lang='lat' dir='ltr'>aliquo</span> <span class='ocrx_word' id='word_1_277' title='bbox 1256 381 1397 413; x_wconf 86' lang='lat' dir='ltr'>oratorio</span> <span class='ocrx_word' id='word_1_278' title='bbox 1423 380 1462 412; x_wconf 85' lang='lat' dir='ltr'>ad</span> <span class='ocrx_word' id='word_1_279' title='bbox 1495 379 1697 422; x_wconf 84' lang='lat' dir='ltr'>praedictum</span> 
     </span>
     <span class='ocr_line' id='line_1_65' title="bbox 958 431 1697 475; baseline 0.004 -13"><span class='ocrx_word' id='word_1_280' title='bbox 958 431 1112 463; x_wconf 81' lang='lat' dir='ltr'>Ordinem</span> <span class='ocrx_word' id='word_1_281' title='bbox 1151 443 1281 474; x_wconf 81' lang='lat' dir='ltr'>quoque</span> <span class='ocrx_word' id='word_1_282' title='bbox 1317 438 1484 475; x_wconf 78' lang='lat' dir='ltr'>spectante</span> <span class='ocrx_word' id='word_1_283' title='bbox 1517 431 1697 474; x_wconf 68' lang='lat' dir='ltr'>quomodo-⁴</span> 
     </span>
     <span class='ocr_line' id='line_1_66' title="bbox 958 484 1699 526; baseline 0.003 -13"><span class='ocrx_word' id='word_1_284' title='bbox 958 493 1097 526; x_wconf 88' lang='lat' dir='ltr'>cumque</span> <span class='ocrx_word' id='word_1_285' title='bbox 1121 484 1337 524; x_wconf 83' lang='lat' dir='ltr'>introductas,</span> <span class='ocrx_word' id='word_1_286' title='bbox 1365 491 1477 517; x_wconf 85' lang='lat' dir='ltr'>contra</span> <span class='ocrx_word' id='word_1_287' title='bbox 1502 495 1591 517; x_wconf 83' lang='lat' dir='ltr'>suam</span> <span class='ocrx_word' id='word_1_288' title='bbox 1617 484 1699 526; x_wconf 86' lang='lat' dir='ltr'>ipsa-</span> 
     </span>
     <span class='ocr_line' id='line_1_67' title="bbox 960 536 1697 580; baseline 0.003 -14"><span class='ocrx_word' id='word_1_289' title='bbox 960 546 1029 567; x_wconf 88' lang='lat' dir='ltr'>rum</span> <span class='ocrx_word' id='word_1_290' title='bbox 1066 536 1319 576; x_wconf 85' lang='lat' dir='ltr'>institutionem‚</span> <span class='ocrx_word' id='word_1_291' title='bbox 1362 538 1393 570; x_wconf 87' lang='lat' dir='ltr'>in</span> <span class='ocrx_word' id='word_1_292' title='bbox 1434 541 1578 580; x_wconf 85' lang='lat' dir='ltr'>apertam</span> <span class='ocrx_word' id='word_1_293' title='bbox 1620 536 1697 576; x_wconf 86' lang='lat' dir='ltr'>Dei,</span> 
     </span>
     <span class='ocr_line' id='line_1_68' title="bbox 960 588 1700 632; baseline 0.004 -13"><span class='ocrx_word' id='word_1_294' title='bbox 960 588 994 619; x_wconf 91' lang='lat' dir='ltr'>B.</span> <span class='ocrx_word' id='word_1_295' title='bbox 1015 588 1054 619; x_wconf 88' lang='lat' dir='ltr'>M.</span> <span class='ocrx_word' id='word_1_296' title='bbox 1075 588 1123 627; x_wconf 61' lang='lat' dir='ltr'>tl,</span> <span class='ocrx_word' id='word_1_297' title='bbox 1149 595 1396 632; x_wconf 83' lang='lat' dir='ltr'>sanctorumque</span> <span class='ocrx_word' id='word_1_298' title='bbox 1418 591 1477 623; x_wconf 88' lang='lat' dir='ltr'>sub</span> <span class='ocrx_word' id='word_1_299' title='bbox 1496 601 1635 632; x_wconf 83' lang='lat' dir='ltr'>quorum</span> <span class='ocrx_word' id='word_1_300' title='bbox 1654 590 1700 622; x_wconf 84' lang='lat' dir='ltr'>in-</span> 
     </span>
     <span class='ocr_line' id='line_1_69' title="bbox 959 639 1696 681; baseline 0.005 -11"><span class='ocrx_word' id='word_1_301' title='bbox 959 639 1126 672; x_wconf 81' lang='lat' dir='ltr'>vocatione</span> <span class='ocrx_word' id='word_1_302' title='bbox 1153 646 1280 673; x_wconf 80' lang='lat' dir='ltr'>erectae</span> <span class='ocrx_word' id='word_1_303' title='bbox 1319 642 1445 674; x_wconf 75' lang='lat' dir='ltr'>fuerant</span> <span class='ocrx_word' id='word_1_304' title='bbox 1469 653 1504 674; x_wconf 85' lang='lat' dir='ltr'>ac</span> <span class='ocrx_word' id='word_1_305' title='bbox 1531 642 1696 681; x_wconf 78' lang='lat' dir='ltr'>fundatae,</span> 
     </span>
     <span class='ocr_line' id='line_1_70' title="bbox 960 694 1700 735; baseline 0.005 -12"><span class='ocrx_word' id='word_1_306' title='bbox 960 703 1157 735; x_wconf 68' lang='lat' dir='ltr'>gravemque</span> <span class='ocrx_word' id='word_1_307' title='bbox 1190 694 1361 731; x_wconf 87' lang='lat' dir='ltr'>iniuriam,</span> <span class='ocrx_word' id='word_1_308' title='bbox 1395 695 1540 727; x_wconf 73' lang='lat' dir='ltr'>fidelium</span> <span class='ocrx_word' id='word_1_309' title='bbox 1567 695 1700 727; x_wconf 86' lang='lat' dir='ltr'>scanda-</span> 
     </span>
     <span class='ocr_line' id='line_1_71' title="bbox 960 745 1700 790; baseline 0.005 -14"><span class='ocrx_word' id='word_1_310' title='bbox 960 745 1046 784; x_wconf 83' lang='lat' dir='ltr'>lum,</span> <span class='ocrx_word' id='word_1_311' title='bbox 1073 751 1103 778; x_wconf 90' lang='lat' dir='ltr'>et</span> <span class='ocrx_word' id='word_1_312' title='bbox 1130 747 1286 788; x_wconf 74' lang='lat' dir='ltr'>praedicti</span> <span class='ocrx_word' id='word_1_313' title='bbox 1311 748 1440 780; x_wconf 82' lang='lat' dir='ltr'>Ordinis</span> <span class='ocrx_word' id='word_1_314' title='bbox 1467 750 1599 780; x_wconf 85' lang='lat' dir='ltr'>l&#39;ratrum</span> <span class='ocrx_word' id='word_1_315' title='bbox 1624 758 1700 790; x_wconf 89' lang='lat' dir='ltr'>per-</span> 
     </span>
     <span class='ocr_line' id='line_1_72' title="bbox 962 798 1698 843; baseline 0.004 -15"><span class='ocrx_word' id='word_1_316' title='bbox 962 798 1179 830; x_wconf 83' lang='lat' dir='ltr'>turbationem</span> <span class='ocrx_word' id='word_1_317' title='bbox 1216 810 1251 830; x_wconf 83' lang='lat' dir='ltr'>ac</span> <span class='ocrx_word' id='word_1_318' title='bbox 1286 800 1539 841; x_wconf 67' lang='lat' dir='ltr'>rnaeiudicium,</span> <span class='ocrx_word' id='word_1_319' title='bbox 1578 800 1698 843; x_wconf 83' lang='lat' dir='ltr'>passim</span> 
     </span>
     <span class='ocr_line' id='line_1_73' title="bbox 960 851 1701 894; baseline 0.005 -13"><span class='ocrx_word' id='word_1_320' title='bbox 960 856 1073 882; x_wconf 86' lang='lat' dir='ltr'>contra</span> <span class='ocrx_word' id='word_1_321' title='bbox 1099 851 1245 892; x_wconf 88' lang='lat' dir='ltr'>ipsorum</span> <span class='ocrx_word' id='word_1_322' title='bbox 1263 853 1468 894; x_wconf 82' lang='lat' dir='ltr'>superiorum</span> <span class='ocrx_word' id='word_1_323' title='bbox 1484 853 1629 885; x_wconf 89' lang='lat' dir='ltr'>eiusdem</span> <span class='ocrx_word' id='word_1_324' title='bbox 1644 853 1701 885; x_wconf 89' lang='lat' dir='ltr'>Or-</span> 
     </span>
     <span class='ocr_line' id='line_1_74' title="bbox 960 902 1700 947; baseline 0.004 -13"><span class='ocrx_word' id='word_1_325' title='bbox 960 902 1045 934; x_wconf 87' lang='lat' dir='ltr'>dinis</span> <span class='ocrx_word' id='word_1_326' title='bbox 1072 903 1296 936; x_wconf 85' lang='lat' dir='ltr'>auetoritatem</span> <span class='ocrx_word' id='word_1_327' title='bbox 1322 916 1380 946; x_wconf 78' lang='lat' dir='ltr'>per</span> <span class='ocrx_word' id='word_1_328' title='bbox 1406 906 1602 947; x_wconf 82' lang='lat' dir='ltr'>despoticam</span> <span class='ocrx_word' id='word_1_329' title='bbox 1640 906 1700 937; x_wconf 85' lang='lat' dir='ltr'>bo-</span> 
     </span>
     <span class='ocr_line' id='line_1_75' title="bbox 959 956 1698 998; baseline 0.004 -12"><span class='ocrx_word' id='word_1_330' title='bbox 959 965 1072 987; x_wconf 89' lang='lat' dir='ltr'>norum</span> <span class='ocrx_word' id='word_1_331' title='bbox 1107 956 1352 998; x_wconf 87' lang='lat' dir='ltr'>praedictorum</span> <span class='ocrx_word' id='word_1_332' title='bbox 1384 958 1698 990; x_wconf 84' lang='lat' dir='ltr'>administrationem</span> 
     </span>
     <span class='ocr_line' id='line_1_76' title="bbox 960 1008 1699 1049; baseline 0.007 -11"><span class='ocrx_word' id='word_1_333' title='bbox 960 1018 1018 1049; x_wconf 87' lang='lat' dir='ltr'>per</span> <span class='ocrx_word' id='word_1_334' title='bbox 1042 1008 1115 1040; x_wconf 87' lang='lat' dir='ltr'>lites</span> <span class='ocrx_word' id='word_1_335' title='bbox 1142 1009 1317 1041; x_wconf 84' lang='lat' dir='ltr'>acerrimas</span> <span class='ocrx_word' id='word_1_336' title='bbox 1346 1011 1497 1043; x_wconf 74' lang='lat' dir='ltr'>tratribus</span> <span class='ocrx_word' id='word_1_337' title='bbox 1523 1011 1699 1043; x_wconf 84' lang='lat' dir='ltr'>intentatas</span> 
     </span>
     <span class='ocr_line' id='line_1_77' title="bbox 959 1060 1698 1105; baseline 0.005 -14"><span class='ocrx_word' id='word_1_338' title='bbox 959 1072 995 1092; x_wconf 78' lang='lat' dir='ltr'>ae</span> <span class='ocrx_word' id='word_1_339' title='bbox 1022 1060 1153 1093; x_wconf 87' lang='lat' dir='ltr'>nonnisi</span> <span class='ocrx_word' id='word_1_340' title='bbox 1180 1062 1330 1104; x_wconf 61' lang='lat' dir='ltr'>expensis</span> <span class='ocrx_word' id='word_1_341' title='bbox 1356 1062 1547 1095; x_wconf 79' lang='lat' dir='ltr'>societatum</span> <span class='ocrx_word' id='word_1_342' title='bbox 1574 1064 1698 1105; x_wconf 72' lang='lat' dir='ltr'>praesa-</span> 
     </span>
     <span class='ocr_line' id='line_1_78' title="bbox 961 1115 1700 1157; baseline 0.008 -14"><span class='ocrx_word' id='word_1_343' title='bbox 961 1120 1062 1145; x_wconf 79' lang='lat' dir='ltr'>tarutu</span> <span class='ocrx_word' id='word_1_344' title='bbox 1091 1115 1121 1145; x_wconf 89' lang='lat' dir='ltr'>in</span> <span class='ocrx_word' id='word_1_345' title='bbox 1148 1121 1394 1157; x_wconf 83' lang='lat' dir='ltr'>praeposterum</span> <span class='ocrx_word' id='word_1_346' title='bbox 1416 1127 1508 1148; x_wconf 88' lang='lat' dir='ltr'>usum</span> <span class='ocrx_word' id='word_1_347' title='bbox 1535 1116 1700 1149; x_wconf 80' lang='lat' dir='ltr'>conversis</span> 
     </span>
     <span class='ocr_line' id='line_1_79' title="bbox 962 1167 1699 1212; baseline 0.005 -15"><span class='ocrx_word' id='word_1_348' title='bbox 962 1167 1164 1199; x_wconf 84' lang='lat' dir='ltr'>introductas</span> <span class='ocrx_word' id='word_1_349' title='bbox 1192 1179 1227 1199; x_wconf 81' lang='lat' dir='ltr'>ae</span> <span class='ocrx_word' id='word_1_350' title='bbox 1255 1169 1453 1208; x_wconf 71' lang='lat' dir='ltr'>terminatas,</span> <span class='ocrx_word' id='word_1_351' title='bbox 1474 1180 1533 1212; x_wconf 76' lang='lat' dir='ltr'>per</span> <span class='ocrx_word' id='word_1_352' title='bbox 1550 1175 1699 1212; x_wconf 86' lang='lat' dir='ltr'>apertum</span> 
     </span>
     <span class='ocr_line' id='line_1_80' title="bbox 960 1220 1697 1264; baseline 0.004 -14"><span class='ocrx_word' id='word_1_353' title='bbox 960 1225 1200 1262; x_wconf 66' lang='lat' dir='ltr'>tontemptum‚</span> <span class='ocrx_word' id='word_1_354' title='bbox 1235 1220 1333 1253; x_wconf 90' lang='lat' dir='ltr'>iuuuo</span> <span class='ocrx_word' id='word_1_355' title='bbox 1367 1222 1579 1264; x_wconf 78' lang='lat' dir='ltr'>quandoque,</span> <span class='ocrx_word' id='word_1_356' title='bbox 1611 1223 1697 1264; x_wconf 86' lang='lat' dir='ltr'>quod</span> 
     </span>
     <span class='ocr_line' id='line_1_81' title="bbox 961 1272 1698 1317; baseline 0.005 -14"><span class='ocrx_word' id='word_1_357' title='bbox 961 1272 1056 1313; x_wconf 66' lang='lat' dir='ltr'>louge</span> <span class='ocrx_word' id='word_1_358' title='bbox 1083 1273 1322 1306; x_wconf 76' lang='lat' dir='ltr'>intolerabilius</span> <span class='ocrx_word' id='word_1_359' title='bbox 1349 1280 1413 1311; x_wconf 70' lang='lat' dir='ltr'>est,</span> <span class='ocrx_word' id='word_1_360' title='bbox 1439 1285 1497 1317; x_wconf 79' lang='lat' dir='ltr'>per</span> <span class='ocrx_word' id='word_1_361' title='bbox 1523 1275 1698 1307; x_wconf 78' lang='lat' dir='ltr'>violentam</span> 
     </span>
     <span class='ocr_line' id='line_1_82' title="bbox 960 1325 1700 1367; baseline 0.007 -11"><span class='ocrx_word' id='word_1_362' title='bbox 960 1326 1008 1357; x_wconf 81' lang='lat' dir='ltr'>sui</span> <span class='ocrx_word' id='word_1_363' title='bbox 1036 1325 1183 1367; x_wconf 68' lang='lat' dir='ltr'>ipsorum</span> <span class='ocrx_word' id='word_1_364' title='bbox 1206 1327 1482 1360; x_wconf 84' lang='lat' dir='ltr'>introductionem</span> <span class='ocrx_word' id='word_1_365' title='bbox 1502 1329 1533 1360; x_wconf 90' lang='lat' dir='ltr'>in</span> <span class='ocrx_word' id='word_1_366' title='bbox 1552 1336 1700 1361; x_wconf 75' lang='lat' dir='ltr'>sanctita</span> 
     </span>
     <span class='ocr_line' id='line_1_83' title="bbox 960 1378 1699 1424; baseline 0.007 -15"><span class='ocrx_word' id='word_1_367' title='bbox 960 1378 1053 1415; x_wconf 75' lang='lat' dir='ltr'>rium,</span> <span class='ocrx_word' id='word_1_368' title='bbox 1082 1379 1148 1410; x_wconf 79' lang='lat' dir='ltr'>sire</span> <span class='ocrx_word' id='word_1_369' title='bbox 1177 1380 1205 1411; x_wconf 88' lang='lat' dir='ltr'>in</span> <span class='ocrx_word' id='word_1_370' title='bbox 1233 1390 1280 1419; x_wconf 83' lang='lat' dir='ltr'>ca,</span> <span class='ocrx_word' id='word_1_371' title='bbox 1303 1391 1386 1422; x_wconf 76' lang='lat' dir='ltr'>(piae</span> <span class='ocrx_word' id='word_1_372' title='bbox 1409 1391 1496 1413; x_wconf 87' lang='lat' dir='ltr'>mere</span> <span class='ocrx_word' id='word_1_373' title='bbox 1518 1381 1699 1424; x_wconf 75' lang='lat' dir='ltr'>spiritualia</span> 
     </span>
     <span class='ocr_line' id='line_1_84' title="bbox 960 1431 1698 1473; baseline 0.007 -12"><span class='ocrx_word' id='word_1_374' title='bbox 960 1437 1014 1461; x_wconf 75' lang='lat' dir='ltr'>:tut</span> <span class='ocrx_word' id='word_1_375' title='bbox 1039 1431 1265 1473; x_wconf 72' lang='lat' dir='ltr'>spiritualibus</span> <span class='ocrx_word' id='word_1_376' title='bbox 1298 1434 1423 1465; x_wconf 78' lang='lat' dir='ltr'>adnexa</span> <span class='ocrx_word' id='word_1_377' title='bbox 1448 1440 1542 1473; x_wconf 88' lang='lat' dir='ltr'>sunt,</span> <span class='ocrx_word' id='word_1_378' title='bbox 1569 1445 1698 1467; x_wconf 85' lang='lat' dir='ltr'>necnon</span> 
     </span>
     <span class='ocr_line' id='line_1_85' title="bbox 960 1486 1698 1529; baseline 0.005 -14"><span class='ocrx_word' id='word_1_379' title='bbox 960 1494 1018 1527; x_wconf 83' lang='lat' dir='ltr'>per</span> <span class='ocrx_word' id='word_1_380' title='bbox 1043 1486 1152 1526; x_wconf 84' lang='lat' dir='ltr'>plures</span> <span class='ocrx_word' id='word_1_381' title='bbox 1178 1486 1257 1517; x_wconf 70' lang='lat' dir='ltr'>alios</span> <span class='ocrx_word' id='word_1_382' title='bbox 1276 1486 1420 1518; x_wconf 82' lang='lat' dir='ltr'>diversos</span> <span class='ocrx_word' id='word_1_383' title='bbox 1437 1487 1566 1525; x_wconf 87' lang='lat' dir='ltr'>modos,</span> <span class='ocrx_word' id='word_1_384' title='bbox 1586 1488 1698 1529; x_wconf 85' lang='lat' dir='ltr'>utique</span> 
     </span>
     <span class='ocr_line' id='line_1_86' title="bbox 960 1537 1700 1581; baseline 0.004 -12"><span class='ocrx_word' id='word_1_385' title='bbox 960 1537 1183 1575; x_wconf 83' lang='lat' dir='ltr'>damnandos,</span> <span class='ocrx_word' id='word_1_386' title='bbox 1210 1549 1281 1570; x_wconf 80' lang='lat' dir='ltr'>sese</span> <span class='ocrx_word' id='word_1_387' title='bbox 1307 1538 1433 1581; x_wconf 79' lang='lat' dir='ltr'>erigere</span> <span class='ocrx_word' id='word_1_388' title='bbox 1464 1545 1559 1581; x_wconf 79' lang='lat' dir='ltr'>atque</span> <span class='ocrx_word' id='word_1_389' title='bbox 1596 1539 1700 1572; x_wconf 91' lang='lat' dir='ltr'>intro-</span> 
     </span>
     <span class='ocr_line' id='line_1_87' title="bbox 960 1589 1701 1625; baseline 0.005 -5"><span class='ocrx_word' id='word_1_390' title='bbox 960 1589 1106 1622; x_wconf 76' lang='lat' dir='ltr'>mittere:</span> <span class='ocrx_word' id='word_1_391' title='bbox 1129 1591 1217 1625; x_wconf 70' lang='lat' dir='ltr'>binc.</span> <span class='ocrx_word' id='word_1_392' title='bbox 1236 1591 1274 1623; x_wconf 83' lang='lat' dir='ltr'>ad</span> <span class='ocrx_word' id='word_1_393' title='bbox 1295 1597 1416 1623; x_wconf 84' lang='lat' dir='ltr'>tantum</span> <span class='ocrx_word' id='word_1_394' title='bbox 1442 1593 1561 1624; x_wconf 85' lang='lat' dir='ltr'>malum</span> <span class='ocrx_word' id='word_1_395' title='bbox 1583 1594 1701 1625; x_wconf 87' lang='lat' dir='ltr'>tollen-</span> 
     </span>
     <span class='ocr_line' id='line_1_88' title="bbox 961 1642 1701 1687; baseline 0.007 -15"><span class='ocrx_word' id='word_1_396' title='bbox 961 1642 1048 1679; x_wconf 87' lang='lat' dir='ltr'>dum,</span> <span class='ocrx_word' id='word_1_397' title='bbox 1073 1653 1133 1684; x_wconf 86' lang='lat' dir='ltr'>per</span> <span class='ocrx_word' id='word_1_398' title='bbox 1158 1643 1367 1676; x_wconf 84' lang='lat' dir='ltr'>novissimum</span> <span class='ocrx_word' id='word_1_399' title='bbox 1399 1646 1578 1687; x_wconf 84' lang='lat' dir='ltr'>capitulum</span> <span class='ocrx_word' id='word_1_400' title='bbox 1605 1656 1701 1687; x_wconf 70' lang='lat' dir='ltr'>gene-</span> 
     </span>
     <span class='ocr_line' id='line_1_89' title="bbox 961 1696 1701 1732; baseline 0.007 -5"><span class='ocrx_word' id='word_1_401' title='bbox 961 1696 1027 1727; x_wconf 81' lang='lat' dir='ltr'>rale</span> <span class='ocrx_word' id='word_1_402' title='bbox 1048 1696 1177 1727; x_wconf 69' lang='lat' dir='ltr'>Ordinis</span> <span class='ocrx_word' id='word_1_403' title='bbox 1198 1697 1363 1729; x_wconf 75' lang='lat' dir='ltr'>Bononiae</span> <span class='ocrx_word' id='word_1_404' title='bbox 1383 1698 1529 1730; x_wconf 84' lang='lat' dir='ltr'>habitum</span> <span class='ocrx_word' id='word_1_405' title='bbox 1555 1709 1701 1732; x_wconf 75' lang='lat' dir='ltr'>mnccxxv</span> 
     </span>
     <span class='ocr_line' id='line_1_90' title="bbox 961 1747 1702 1790; baseline 0.007 -11"><span class='ocrx_word' id='word_1_406' title='bbox 961 1747 991 1779; x_wconf 91' lang='lat' dir='ltr'>iu</span> <span class='ocrx_word' id='word_1_407' title='bbox 1030 1749 1256 1782; x_wconf 83' lang='lat' dir='ltr'>commissione</span> <span class='ocrx_word' id='word_1_408' title='bbox 1282 1760 1304 1782; x_wconf 82' lang='lat' dir='ltr'>tt</span> <span class='ocrx_word' id='word_1_409' title='bbox 1336 1750 1374 1782; x_wconf 86' lang='lat' dir='ltr'>ad</span> <span class='ocrx_word' id='word_1_410' title='bbox 1400 1761 1459 1783; x_wconf 89' lang='lat' dir='ltr'>nos</span> <span class='ocrx_word' id='word_1_411' title='bbox 1485 1752 1642 1790; x_wconf 79' lang='lat' dir='ltr'>delatum,</span> <span class='ocrx_word' id='word_1_412' title='bbox 1671 1758 1702 1784; x_wconf 86' lang='lat' dir='ltr'>et</span> 
     </span>
     <span class='ocr_line' id='line_1_91' title="bbox 961 1801 1701 1842; baseline 0.008 -12"><span class='ocrx_word' id='word_1_413' title='bbox 961 1801 998 1831; x_wconf 84' lang='lat' dir='ltr'>:ul</span> <span class='ocrx_word' id='word_1_414' title='bbox 1025 1802 1261 1833; x_wconf 79' lang='lat' dir='ltr'>consulendum</span> <span class='ocrx_word' id='word_1_415' title='bbox 1280 1802 1351 1841; x_wconf 82' lang='lat' dir='ltr'>Dei,</span> <span class='ocrx_word' id='word_1_416' title='bbox 1380 1803 1414 1835; x_wconf 86' lang='lat' dir='ltr'>B.</span> <span class='ocrx_word' id='word_1_417' title='bbox 1435 1803 1473 1835; x_wconf 82' lang='lat' dir='ltr'>M.</span> <span class='ocrx_word' id='word_1_418' title='bbox 1495 1803 1544 1842; x_wconf 57' lang='lat' dir='ltr'>V„</span> <span class='ocrx_word' id='word_1_419' title='bbox 1572 1810 1604 1835; x_wconf 88' lang='lat' dir='ltr'>ct</span> <span class='ocrx_word' id='word_1_420' title='bbox 1628 1815 1701 1836; x_wconf 89' lang='lat' dir='ltr'>san-</span> 
     </span>
     <span class='ocr_line' id='line_1_92' title="bbox 961 1854 1700 1895; baseline 0.005 -11"><span class='ocrx_word' id='word_1_421' title='bbox 961 1858 1085 1885; x_wconf 78' lang='lat' dir='ltr'>ctorum</span> <span class='ocrx_word' id='word_1_422' title='bbox 1114 1854 1297 1893; x_wconf 82' lang='lat' dir='ltr'>sanmlatui,</span> <span class='ocrx_word' id='word_1_423' title='bbox 1324 1855 1537 1887; x_wconf 85' lang='lat' dir='ltr'>ecclesiarum</span> <span class='ocrx_word' id='word_1_424' title='bbox 1570 1857 1700 1895; x_wconf 86' lang='lat' dir='ltr'>decori,</span> 
     </span>
     <span class='ocr_line' id='line_1_93' title="bbox 962 1907 1699 1951; baseline 0.007 -14"><span class='ocrx_word' id='word_1_425' title='bbox 962 1918 997 1937; x_wconf 86' lang='lat' dir='ltr'>ac</span> <span class='ocrx_word' id='word_1_426' title='bbox 1024 1908 1157 1938; x_wconf 84' lang='lat' dir='ltr'>l&#39;ratrum</span> <span class='ocrx_word' id='word_1_427' title='bbox 1185 1907 1446 1939; x_wconf 75' lang='lat' dir='ltr'>Praedicatorum</span> <span class='ocrx_word' id='word_1_428' title='bbox 1481 1909 1596 1951; x_wconf 85' lang='lat' dir='ltr'>quieti,</span> <span class='ocrx_word' id='word_1_429' title='bbox 1633 1920 1699 1942; x_wconf 89' lang='lat' dir='ltr'>nou</span> 
     </span>
     <span class='ocr_line' id='line_1_94' title="bbox 961 1960 1701 2002; baseline 0.008 -13"><span class='ocrx_word' id='word_1_430' title='bbox 961 1961 1066 1991; x_wconf 80' lang='lat' dir='ltr'>solum</span> <span class='ocrx_word' id='word_1_431' title='bbox 1092 1960 1250 1992; x_wconf 84' lang='lat' dir='ltr'>hacteuus</span> <span class='ocrx_word' id='word_1_432' title='bbox 1276 1961 1400 2002; x_wconf 82' lang='lat' dir='ltr'>aliquas</span> <span class='ocrx_word' id='word_1_433' title='bbox 1434 1961 1632 1994; x_wconf 86' lang='lat' dir='ltr'>eiuscemodi</span> <span class='ocrx_word' id='word_1_434' title='bbox 1654 1962 1701 1995; x_wconf 77' lang='lat' dir='ltr'>es-</span> 
     </span>
     <span class='ocr_line' id='line_1_95' title="bbox 963 2012 1699 2056; baseline 0.005 -13"><span class='ocrx_word' id='word_1_435' title='bbox 963 2012 1090 2043; x_wconf 79' lang='lat' dir='ltr'>sraenes</span> <span class='ocrx_word' id='word_1_436' title='bbox 1116 2012 1388 2053; x_wconf 66' lang='lat' dir='ltr'>congregationes</span> <span class='ocrx_word' id='word_1_437' title='bbox 1417 2023 1475 2054; x_wconf 86' lang='lat' dir='ltr'>per</span> <span class='ocrx_word' id='word_1_438' title='bbox 1503 2015 1699 2056; x_wconf 86' lang='lat' dir='ltr'>apostolicas</span> 
     </span>
     <span class='ocr_line' id='line_1_96' title="bbox 963 2064 1702 2110; baseline 0.007 -15"><span class='ocrx_word' id='word_1_439' title='bbox 963 2064 1085 2095; x_wconf 82' lang='lat' dir='ltr'>litteras</span> <span class='ocrx_word' id='word_1_440' title='bbox 1119 2064 1378 2106; x_wconf 79' lang='lat' dir='ltr'>suppressimus,</span> <span class='ocrx_word' id='word_1_441' title='bbox 1404 2075 1531 2105; x_wconf 77' lang='lat' dir='ltr'>verum,</span> <span class='ocrx_word' id='word_1_442' title='bbox 1559 2071 1593 2098; x_wconf 87' lang='lat' dir='ltr'>ut</span> <span class='ocrx_word' id='word_1_443' title='bbox 1625 2077 1702 2110; x_wconf 83' lang='lat' dir='ltr'>apo-</span> 
     </span>
     <span class='ocr_line' id='line_1_97' title="bbox 962 2117 1701 2161; baseline 0.008 -16"><span class='ocrx_word' id='word_1_444' title='bbox 962 2117 1075 2148; x_wconf 75' lang='lat' dir='ltr'>stolica</span> <span class='ocrx_word' id='word_1_445' title='bbox 1100 2117 1303 2159; x_wconf 83' lang='lat' dir='ltr'>providentia</span> <span class='ocrx_word' id='word_1_446' title='bbox 1321 2123 1432 2150; x_wconf 83' lang='lat' dir='ltr'>nostra</span> <span class='ocrx_word' id='word_1_447' title='bbox 1450 2118 1488 2150; x_wconf 91' lang='lat' dir='ltr'>ad</span> <span class='ocrx_word' id='word_1_448' title='bbox 1512 2123 1612 2150; x_wconf 89' lang='lat' dir='ltr'>totum</span> <span class='ocrx_word' id='word_1_449' title='bbox 1630 2129 1701 2161; x_wconf 87' lang='lat' dir='ltr'>spe-</span> 
     </span>
     <span class='ocr_line' id='line_1_98' title="bbox 962 2168 1700 2213; baseline 0.005 -14"><span class='ocrx_word' id='word_1_450' title='bbox 962 2168 1173 2209; x_wconf 78' lang='lat' dir='ltr'>ctatissimtuu</span> <span class='ocrx_word' id='word_1_451' title='bbox 1200 2169 1354 2202; x_wconf 87' lang='lat' dir='ltr'>Ordinem</span> <span class='ocrx_word' id='word_1_452' title='bbox 1380 2169 1412 2201; x_wconf 88' lang='lat' dir='ltr'>in</span> <span class='ocrx_word' id='word_1_453' title='bbox 1439 2170 1497 2201; x_wconf 89' lang='lat' dir='ltr'>boc</span> <span class='ocrx_word' id='word_1_454' title='bbox 1524 2170 1594 2212; x_wconf 85' lang='lat' dir='ltr'>ipso</span> <span class='ocrx_word' id='word_1_455' title='bbox 1620 2181 1700 2213; x_wconf 80' lang='lat' dir='ltr'>quo-</span> 
     </span>
     <span class='ocr_line' id='line_1_99' title="bbox 963 2223 1700 2263; baseline 0.007 -12"><span class='ocrx_word' id='word_1_456' title='bbox 963 2231 1024 2263; x_wconf 81' lang='lat' dir='ltr'>que</span> <span class='ocrx_word' id='word_1_457' title='bbox 1050 2232 1119 2253; x_wconf 83' lang='lat' dir='ltr'>sese</span> <span class='ocrx_word' id='word_1_458' title='bbox 1151 2223 1318 2260; x_wconf 81' lang='lat' dir='ltr'>extendat,</span> <span class='ocrx_word' id='word_1_459' title='bbox 1353 2227 1457 2261; x_wconf 86' lang='lat' dir='ltr'>motu,</span> <span class='ocrx_word' id='word_1_460' title='bbox 1495 2223 1631 2257; x_wconf 68' lang='lat' dir='ltr'>scientia</span> <span class='ocrx_word' id='word_1_461' title='bbox 1668 2230 1700 2256; x_wconf 84' lang='lat' dir='ltr'>et</span> 
     </span>
     <span class='ocr_line' id='line_1_100' title="bbox 963 2274 1699 2316; baseline 0.005 -11"><span class='ocrx_word' id='word_1_462' title='bbox 963 2278 1122 2315; x_wconf 79' lang='lat' dir='ltr'>potestate</span> <span class='ocrx_word' id='word_1_463' title='bbox 1148 2274 1333 2316; x_wconf 85' lang='lat' dir='ltr'>praedictis,</span> <span class='ocrx_word' id='word_1_464' title='bbox 1352 2275 1410 2306; x_wconf 86' lang='lat' dir='ltr'>suh</span> <span class='ocrx_word' id='word_1_465' title='bbox 1431 2275 1699 2309; x_wconf 88' lang='lat' dir='ltr'>interminatione</span> 
     </span>
     <span class='ocr_line' id='line_1_101' title="bbox 963 2325 1700 2364; baseline 0.007 -7"><span class='ocrx_word' id='word_1_466' title='bbox 963 2326 1061 2364; x_wconf 82' lang='lat' dir='ltr'>divini</span> <span class='ocrx_word' id='word_1_467' title='bbox 1087 2325 1218 2364; x_wconf 84' lang='lat' dir='ltr'>iudicii,</span> <span class='ocrx_word' id='word_1_468' title='bbox 1245 2337 1372 2359; x_wconf 84' lang='lat' dir='ltr'>necnon</span> <span class='ocrx_word' id='word_1_469' title='bbox 1398 2327 1457 2359; x_wconf 87' lang='lat' dir='ltr'>sub</span> <span class='ocrx_word' id='word_1_470' title='bbox 1483 2330 1700 2362; x_wconf 57' lang='lat' dir='ltr'>excommuni-</span> 
     </span>
     <span class='ocr_line' id='line_1_102' title="bbox 962 2378 1700 2426; baseline 0.007 -16"><span class='ocrx_word' id='word_1_471' title='bbox 962 2378 1089 2411; x_wconf 86' lang='lat' dir='ltr'>catione</span> <span class='ocrx_word' id='word_1_472' title='bbox 1116 2380 1198 2410; x_wconf 85' lang='lat' dir='ltr'>latae</span> <span class='ocrx_word' id='word_1_473' title='bbox 1223 2380 1403 2412; x_wconf 81' lang='lat' dir='ltr'>sententiae</span> <span class='ocrx_word' id='word_1_474' title='bbox 1429 2390 1468 2413; x_wconf 89' lang='lat' dir='ltr'>eo</span> <span class='ocrx_word' id='word_1_475' title='bbox 1486 2380 1556 2423; x_wconf 88' lang='lat' dir='ltr'>ipso</span> <span class='ocrx_word' id='word_1_476' title='bbox 1577 2383 1700 2426; x_wconf 77' lang='lat' dir='ltr'>absque</span> 
     </span>
     <span class='ocr_line' id='line_1_103' title="bbox 963 2431 1699 2475; baseline 0.01 -13"><span class='ocrx_word' id='word_1_477' title='bbox 963 2431 1071 2473; x_wconf 76' lang='lat' dir='ltr'>aliqua</span> <span class='ocrx_word' id='word_1_478' title='bbox 1096 2431 1156 2463; x_wconf 76' lang='lat' dir='ltr'>alia</span> <span class='ocrx_word' id='word_1_479' title='bbox 1181 2431 1401 2464; x_wconf 81' lang='lat' dir='ltr'>declaratione</span> <span class='ocrx_word' id='word_1_480' title='bbox 1438 2432 1654 2475; x_wconf 63' lang='lat' dir='ltr'>incurrenda,</span> <span class='ocrx_word' id='word_1_481' title='bbox 1682 2447 1699 2469; x_wconf 79' lang='lat' dir='ltr'>a</span> 
     </span>
     <span class='ocr_line' id='line_1_104' title="bbox 962 2484 1696 2529; baseline 0.01 -15"><span class='ocrx_word' id='word_1_482' title='bbox 962 2494 1024 2526; x_wconf 83' lang='lat' dir='ltr'>qua</span> <span class='ocrx_word' id='word_1_483' title='bbox 1059 2485 1162 2515; x_wconf 88' lang='lat' dir='ltr'>solum</span> <span class='ocrx_word' id='word_1_484' title='bbox 1188 2494 1246 2525; x_wconf 88' lang='lat' dir='ltr'>per</span> <span class='ocrx_word' id='word_1_485' title='bbox 1278 2484 1469 2526; x_wconf 80' lang='lat' dir='ltr'>magistrum</span> <span class='ocrx_word' id='word_1_486' title='bbox 1509 2490 1696 2529; x_wconf 83' lang='lat' dir='ltr'>generalem</span> 
     </span>
     <span class='ocr_line' id='line_1_105' title="bbox 962 2536 1696 2579; baseline 0.007 -11"><span class='ocrx_word' id='word_1_487' title='bbox 962 2538 1009 2569; x_wconf 87' lang='lat' dir='ltr'>vel</span> <span class='ocrx_word' id='word_1_488' title='bbox 1036 2537 1224 2578; x_wconf 81' lang='lat' dir='ltr'>generalem</span> <span class='ocrx_word' id='word_1_489' title='bbox 1250 2536 1403 2569; x_wconf 84' lang='lat' dir='ltr'>vicarium</span> <span class='ocrx_word' id='word_1_490' title='bbox 1420 2537 1563 2579; x_wconf 86' lang='lat' dir='ltr'>Ordinis,</span> <span class='ocrx_word' id='word_1_491' title='bbox 1583 2545 1615 2572; x_wconf 90' lang='lat' dir='ltr'>et</span> <span class='ocrx_word' id='word_1_492' title='bbox 1633 2552 1696 2573; x_wconf 90' lang='lat' dir='ltr'>non</span> 
     </span>
     <span class='ocr_line' id='line_1_106' title="bbox 963 2590 1698 2634; baseline 0.005 -11"><span class='ocrx_word' id='word_1_493' title='bbox 963 2601 1022 2633; x_wconf 86' lang='lat' dir='ltr'>per</span> <span class='ocrx_word' id='word_1_494' title='bbox 1046 2590 1144 2623; x_wconf 84' lang='lat' dir='ltr'>alium</span> <span class='ocrx_word' id='word_1_495' title='bbox 1169 2601 1406 2634; x_wconf 82' lang='lat' dir='ltr'>quemcumque</span> <span class='ocrx_word' id='word_1_496' title='bbox 1428 2592 1628 2634; x_wconf 81' lang='lat' dir='ltr'>inferiorem,</span> <span class='ocrx_word' id='word_1_497' title='bbox 1646 2596 1698 2627; x_wconf 77' lang='lat' dir='ltr'>ab·</span> 
     </span>
    </p>
   </div>
   <div class='ocr_carea' id='block_1_13' title="bbox 1591 215 1891 253">
    <p class='ocr_par' dir='ltr' id='par_1_16' title="bbox 1591 215 1891 253">
     <span class='ocr_line' id='line_1_107' title="bbox 1591 215 1891 253; baseline 0.02 -6"><span class='ocrx_word' id='word_1_498' title='bbox 1591 215 1655 248; x_wconf 73' lang='lat'><strong>5027</strong></span> <span class='ocrx_word' id='word_1_499' title='bbox 1704 225 1754 249; x_wconf 74' lang='grc' dir='ltr'>Αιι.</span> <span class='ocrx_word' id='word_1_500' title='bbox 1773 225 1801 250; x_wconf 81' lang='lat' dir='ltr'>c.</span> <span class='ocrx_word' id='word_1_501' title='bbox 1823 226 1891 253; x_wconf 73' lang='lat'>1727</span> 
     </span>
    </p>
   </div>
  </div>
 </body>
</html>
