2170 3147
803 235 996 258 amatistes
1024 236 1078 259 §.nt
1103 236 1150 258 rr.
1637 222 1695 256 281
1749 233 1798 256 An.
1817 232 1844 257 c.
1871 231 1936 258 ¹:⁴25

221 282 364 316 eiusdem
401 291 548 314 annonae
590 286 686 322 statu,
721 281 887 324 speciatim
928 287 957 314 et
1002 282 1033 315 in
1066 283 1194 316 laudato
1228 286 1339 315 nostro
1365 281 1588 324 chirographo
1622 279 1740 313 indicta

220 335 320 377 magis
351 334 527 378 praecipue
563 338 668 366 tantae
702 334 746 366 rei
785 334 957 376 providere
1001 335 1087 367 iuxta
1116 334 1381 367 constitutionem
1408 334 1511 367 felicis
1540 333 1741 366 reeordatio-

219 388 375 420 volumus.
1002 387 1049 419 nis
1074 388 1165 419 Pauli
1190 387 1213 417 V
1242 386 1504 429 praedecessoris
1529 385 1631 419 nostri
1662 385 1741 417 inci-

43 455 209 475 mwaurmnm
263 440 277 482 ἓ
303 439 334 472 5.
361 439 435 472 11100
472 449 548 479 nos,
577 444 664 471 motu
692 438 841 481 proprio,
869 440 958 469 certa
1001 439 1142 482 pientem
1163 439 1343 471 Pastorale's
1360 439 1461 482 officii
1479 440 1537 471 sub
1561 438 1671 471 datum
1689 449 1741 471 xix

24 487 124 532 Ε’ὖὲὲῖῗὲἱῖς
140 482 412 533 ³¹dfssffiscientia,ae
431 494 554 524 matura
570 492 805 525 deliberatione
826 491 967 529 nestris,v
1001 492 1145 523 octobris
1173 501 1283 524 uncxr

26 538 208 580 5s5513‘'32;„¹.¹.33{
220 545 325 588 deque
348 551 476 578 nostrae
495 546 666 588 potestatis
686 544 904 588 plenituditie,
925 549 958 575 ut
1046 544 1228 583 Praeterea,
1249 544 1323 576 dum
1349 549 1483 586 paterna
1507 549 1617 576 nostra
1635 543 1741 576 chari-

28 235 76 260 Αη.
99 237 126 260 11.
152 234 217 261 ¹725

26 586 135 610 conmutat,
150 588 207 607 firma
300 599 306 603 -

24 614 95 632 tannen
103 619 209 633 teruanen-
219 599 348 641 PlesslllS
356 625 363 637 ‚

26 641 45 659 tr
56 641 122 664 pruma
139 646 159 659 111
175 646 208 660 re-

25 665 65 686 bus
79 665 161 686 arduis.

400 598 532 630 uberius
570 603 664 640 atque
703 597 790 629 0111111
829 596 956 628 meliori

219 650 315 683 modo
337 651 485 682 voluntas
510 655 541 682 et
566 649 698 692 provida
728 654 839 681 nostra
858 648 957 680 inten-

218 702 263 735 tio
300 702 509 745 impleantur,
550 703 751 745 deputamus,
785 700 957 733 indicimus

218 761 249 787 et
282 754 481 787 instituimus
520 754 693 797 specialem
725 753 958 795 Congregatio-

218 818 303 848 nem,
332 818 428 851 quam
462 813 610 840 constare
649 808 793 840 volumus
831 806 957 839 dilectis

218 860 292 893 [iliis
331 865 445 894 nostro
491 860 696 893 thesaurario
738 859 882 902 generali
927 865 958 892 et

217 913 381 956 praesecto
421 913 566 946 eiusdem
603 922 751 945 annonae
786 922 846 954 pro
877 912 956 944 urhe

218 966 329 1004 Roma,
355 965 489 1009 eiusque
517 966 676 1005 districtu,
702 965 898 998 Alexandro.
917 965 956 996 de

219 1019 393 1051 Abbatibus
412 1019 443 1051 in
469 1020 603 1061 utraque
622 1019 789 1061 signatura
816 1018 957 1049 reseren-

217 1071 324 1109 dario,
350 1070 546 1113 Hieronymo
573 1071 761 1103 marchione
786 1070 955 1103 Theodolo

217 1129 244 1156 et
272 1123 400 1156 Tiberio
427 1122 556 1163 Cincio,
585 1134 644 1166 pro
670 1123 800 1156 Umbria
827 1123 954 1155 0111131·-

216 1175 288 1208 chia
325 1174 504 1208 venerabili
543 1175 639 1208 fratre
677 1176 780 1208 Marco
812 1175 955 1208 Antonio

1003 601 1047 627 tas
1073 606 1173 639 aeque
1211 597 1240 628 in
1274 606 1386 628 omnes
1420 603 1532 629 nostro
1571 595 1740 639 temporali

1002 648 1146 681 dominio
1173 648 1337 681 subiectos
1358 647 1550 681 diffunditur
1567 659 1649 692 quos
1676 660 1740 682 uno

1001 702 1181 744 eodemque
1207 701 1325 734 amoris
1358 702 1457 744 gradu
1483 702 1738 744 complectimur,

1001 755 1147 787 volumus
1174 759 1206 786 et
1231 753 1447 797 praecipimus
1468 760 1502 787 ut
1528 755 1638 787 eadem
1661 754 1741 788 Cou-

1001 807 1145 849 gregatio
1163 811 1309 839 occurrat
1328 807 1565 849 provideatque
1593 806 1741 848 indigen-

1002 859 1064 899 tiis,
1092 869 1174 902 quae
1201 859 1401 901 contingunt,
1420 865 1474 892 aut
1494 869 1634 903 unquam
1658 861 1740 893 sutu-

1002 912 1043 945 ris
1082 911 1281 954 temporibus
1319 912 1504 954 contingere
1543 918 1680 955 possunt
1709 913 1740 945 in

1001 965 1160 997 universis
1187 964 1281 997 terris
1319 970 1349 997 et
1385 965 1561 1007 provinciis
1593 965 1625 998 S.
1645 965 1741 1005 Petri,

1000 1028 1176 1060 omnesque
1203 1029 1237 1050 cx
1266 1017 1379 1049 iisdem
1398 1017 1575 1060 provinciis
1598 1017 1742 1049 subdito-

1001 1081 1070 1102 rum
1097 1070 1263 1103 instantias
1283 1075 1314 1102 et
1331 1070 1518 1113 petitiones,
1538 1080 1618 1113 quae
1639 1069 1676 1102 ab
1695 1070 1741 1103 eis

1000 1124 1200 1166 praesentari
1226 1134 1366 1166 unquam
1392 1129 1558 1167 poterunt,
1585 1129 1742 1166 agnoscat

1001 1178 1104 1219 deque
1132 1176 1196 1209 illis
1223 1177 1395 1209 deliberet.

216 1227 460 1271 archiepiscopo
492 1227 679 1268 Dammae,
718 1238 778 1271 pro
811 1228 956 1260 Bononia

216 1282 399 1314 Alexandro
417 1281 552 1314 Tanario
578 1282 608 1314 in
631 1284 767 1325 utraque
794 1282 955 1324 signatura

216 1334 464 1375 referendario,
493 1345 552 1378 pro
577 1334 722 1367 Ferraria
749 1335 863 1368 Carolo
890 1335 957 1368 Cal-

1043 1230 1057 1273 §
1083 1229 1114 1262 6.
1142 1229 1328 1262 §laudamus
1366 1229 1502 1272 insuper
1535 1235 1565 1262 et
1597 1230 1740 1262 auctori-
1783 1239 1898 1283 quunnitur
1913 1244 1933 1259 o-

1001 1288 1062 1316 tate
1081 1285 1190 1316 nostra
1209 1282 1424 1325 praecipimus
1443 1281 1601 1315 universis
1627 1288 1659 1315 et
1679 1268 1934 1331 sin-iiiiiiiiiiumnississ

1000 1336 1081 1378 gulis
1108 1342 1168 1368 tam
1188 1337 1331 1368 locorum
1351 1335 1624 1377 gubernatoribus
1643 1321 1934 1391 (1113111ἲὶῖιῗῖῐὲῗῖῐιῗὲῗέ-’ΞΞΪ

1770 1380 1796 1391 Ut
1822 1379 1830 1391 t*
1846 1379 1855 1391 t:
1873 1378 1893 1390 1¹¹
1916 1386 1919 1389 1

215 1388 353 1430 cagnino
380 1398 546 1420 causarum
573 1388 674 1420 nostri
693 1389 802 1431 palatii
829 1394 957 1431 aposto-

216 1440 268 1473 lici
295 1441 425 1481 iudice,
462 1452 522 1484 pro
560 1441 773 1474 Romandiold
804 1443 955 1474 Anselmo

215 1493 361 1527 Dandino
398 1493 428 1526 in
465 1496 601 1537 utraque
627 1495 791 1537 signatura
819 1495 956 1528 reseren-

215 1547 306 1579 ‹lario
339 1557 410 1579 cum
443 1547 612 1580 adsessore
645 1548 803 1580 'Pontiano
830 1548 954 1590 Fargna

215 1600 294 1633 iuris
320 1600 477 1643 pontificii
505 1606 532 1632 et
562 1601 700 1633 caesarei
738 1603 897 1642 consulto,
924 1602 955 1634 in

216 1654 380 1687 Romanae
405 1653 517 1686 Curiae
537 1654 604 1686 soro
625 1665 790 1687 causarum
817 1661 955 1698 patrono

214 1717 274 1750 per
300 1706 496 1739 auditorium
517 1707 617 1740 nostri
638 1707 747 1750 palatii
778 1709 955 1751 approbato

215 1765 247 1793 et
282 1759 431 1803 superius
463 1759 501 1792 ab
540 1761 650 1793 eadem
695 1759 954 1803 congreg-arione

215 1814 335 1847 selecto
357 1818 389 1846 et
414 1813 580 1856 deputato.
604 1813 640 1846 111
667 1824 742 1846 vero
767 1824 878 1847 omnes
897 1825 956 1857 per

214 1878 248 1900 se
275 1867 363 1911 ipsos
381 1867 540 1907 intersint,
559 1873 589 1899 et
607 1868 849 1910 quintodecimo
877 1879 955 1912 quo-

214 1931 277 1964 que
303 1921 341 1953 ab
368 1920 413 1953 eis
438 1921 609 1953 statuendo
636 1921 687 1953 die
715 1932 825 1953 omnes
859 1921 953 1954 simul

214 1973 417 2013 conveniant,
440 1973 545 2016 deque
571 1978 638 2006 arte
664 1974 883 2015 agriculturae
906 1985 955 2007 re-

213 2026 387 2065 stituenda,
421 2026 631 2058 instauranda
665 2027 892 2070 augendaiqu,
924 2033 955 2060 et

215 2079 253 2111 de
271 2078 412 2111 ulteriori
434 2084 516 2110 statu
536 2089 684 2111 annonae
705 2080 867 2122 rebusque
887 2080 954 2112 uni-

213 2131 316 2164 versis
340 2131 430 2164 illam
456 2132 680 2174 spectantibus
711 2143 881 2165 sermones
906 2133 953 2165 in-

214 2185 315 2218 vicem
341 2185 517 2224 conserant,
537 2191 736 2227 pertractent
762 2191 791 2218 et
818 2186 954 2228 diligen-

215 2243 263 2270 ter
287 2238 515 2281 perpendant;
542 2238 694 2280 quodque
721 2238 760 2270 ab
782 2238 835 2277 eis,
854 2240 919 2271 sire
939 2250 954 2271 3

214 2290 327 2324 maiori
347 2301 459 2323 eorum
493 2297 605 2334 parte,
632 2293 756 2324 matura
781 2293 952 2324 collatione

214 2344 313 2377 suerit
327 2344 521 2382 consultum,
534 2344 627 2376 nobis
644 2345 794 2384 reserant,
808 2350 841 2377 ut
856 2346 952 2384 serio,

215 2398 300 2441 quod
327 2408 386 2440 pro
412 2397 541 2440 publiea
576 2397 710 2430 utilitate
747 2398 952 2430 statuei‘ldum

214 2450 268 2490 sit,
296 2451 473 2483 decernere
509 2449 688 2492 possimus,
725 2450 814 2482 firma
847 2455 952 2483 tamen

215 2506 401 2536 remanente
440 2503 470 2534 in
504 2502 600 2535 rebus
634 2503 744 2535 arduis
770 2503 954 2546 Congrega-

215 2557 302 2589 tione
328 2556 359 2588 S.
379 2556 415 2588 P..
436 2556 470 2588 E.
499 2556 710 2588 cardinalium
737 2567 834 2599 super
859 2557 954 2589 uber-

214 2614 278 2642 tate
305 2609 449 2642 eiusdem
478 2619 625 2641 annonae
649 2608 791 2641 urbanae
818 2622 833 2641 a
861 2609 953 2641 nobis

323 2672 401 2700 Bau.
420 2672 499 2700 Rom.
519 2687 551 2691 —
573 2672 632 2698 Ῑύἷ,
652 2672 741 2699 XXII.
888 2672 921 2700 36

1000 1389 1261 1432 praesidentibus
1288 1388 1542 1431 provinciarum,
1570 1393 1604 1420 ut
1629 1388 1683 1420 in'
1706 1400 1740 1421 o-

1000 1443 1127 1474 mnIbus
1150 1447 1180 1474 ct
1205 1442 1464 1484 quibuscumque
1491 1441 1741 1484 quomodolibet

1000 1497 1036 1528 ad
1053 1495 1198 1538 agrariae
1214 1495 1289 1527 artis
1305 1499 1434 1534 statum,
1446 1494 1694 1536 dispositionem
1709 1498 1740 1526 et

1000 1553 1206 1590 augmentum
1228 1547 1469 1590 pertinentibus
1496 1546 1620 1579 subsint
1647 1557 1741 1590 prae-

1001 1602 1104 1633 dictae
1134 1599 1386 1643 Congregationi
1413 1610 1429 1632 a
1462 1600 1558 1633 nobis
1593 1605 1740 1639 erectae,

1001 1655 1089 1687 cuius
1109 1654 1257 1696 regimini
1285 1663 1398 1686 omnes
1418 1654 1618 1686 necessarias
1640 1654 1740 1685 sacul-

1002 1713 1081 1740 tates
1100 1707 1309 1740 concedimus
1327 1706 1514 1749 publicandi
1534 1705 1649 1746 edicta,
1665 1705 1741 1738 ban-

1001 1761 1160 1800 nimenta,
1188 1766 1283 1802 atque
1310 1759 1419 1792 01111113
1445 1759 1505 1792 3113
1534 1759 1736 1801 exequendi,

1001 1823 1081 1856 quae
1096 1813 1133 1845 ad
1149 1812 1363 1855 agricolturae
1383 1817 1445 1844 tam
1461 1811 1536 1854 Agri
1556 1811 1692 1844 Romani
1708 1816 1740 1844 et

1000 1866 1183 1905 districtus,
1205 1876 1299 1908 quam
1327 1865 1470 1908 ipsarum
1499 1864 1740 1907 provinciarum

1000 1919 1226 1962 perfectiorem
1268 1923 1384 1951 statum
1425 1923 1456 1950 et
1496 1917 1739 1950 consistentiam

1000 1972 1192 2005 iudicaverit
1216 1970 1380 2013 expedire.
1416 1970 1632 2012 Eiusdemque
1659 1968 1741 2002 Con-

1000 2025 1201 2068 gregationis
1227 2024 1379 2057 solertiae
1397 2028 1427 2057 et
1444 2023 1631 2065 vigilantiae
1653 2022 1738 2055 serio

999 2078 1207 2120 iniungimus,
1235 2082 1279 2115 ut,
1297 2079 1416 2120 quanta
1437 2077 1519 2109 valet
1540 2075 1682 2108 efficacia
1702 2086 1739 2107 ac

999 2131 1228 2170 sollicitudine,
1250 2141 1309 2174 pro
1335 2130 1457 2162 viribus
1482 2130 1610 2162 studeat
1635 2134 1740 2162 curet.-

999 2195 1060 2227 que
1094 2189 1127 2217 ut
1151 2189 1332 2216 mercatura
1357 2182 1607 2225 necessariaque
1634 2181 1741 2224 reipu-

999 2237 1099 2270 blicae
1121 2236 1303 2279 negociatio
1330 2236 1526 2268 instauretur
1542 2245 1600 2277 pro
1627 2235 1741 2267 distra⁴

998 2290 1105 2323 ctione
1132 2295 1161 2321 ct
1187 2289 1429 2322 venundatione
1465 2288 1614 2321 frumenti
1654 2289 1738 2331 quod

998 2344 1193 2387 populorum
1221 2348 1407 2374 nostrorum
1428 2341 1673 2374 substentationi
1693 2352 1741 2374 su-

998 2396 1214 2439 perabundet,
1253 2405 1382 2438 quoque
1415 2395 1563 2437 indigere
1600 2400 1740 2438 possunt

998 2453 1168 2482 extraneae
1195 2448 1366 2488 nationes;
1394 2447 1589 2491 quibuscum
1618 2448 1650 2480 in
1680 2459 1738 2480 no-

998 2504 1063 2535 stra
1089 2501 1211 2534 ditione
1237 2500 1453 2544 universoque
1475 2501 1620 2534 dominio
1644 2511 1739 2544 nego-

997 2555 1171 2588 ciationem
1190 2553 1423 2597 publicumque
1440 2553 1671 2587 commercium
1697 2553 1740 2586 in-

1033 2619 1042 2643 1
1069 2616 1219 2652 praeposit.
1236 2617 1266 2645 in
1283 2625 1333 2644 nos
1351 2615 1477 2644 addimus
1493 2615 1532 2650 (a.
1553 2615 1602 2650 1.).
