2170 3147
402 204 466 238 532

362 262 458 295 vendi
491 268 523 295 et
559 261 771 304 dispensandi
798 272 875 294 suos
900 261 1049 294 subditos
1074 260 1105 292 in

363 316 487 348 casibus
502 315 576 348 Sedi
593 315 801 358 Apostolicae
816 315 989 348 reservatis
1012 315 1107 348 etiam

363 367 395 400 in
421 368 514 401 Bulla
538 368 678 407 Coenae,
706 373 738 400 et
763 367 958 409 Gregorium
983 368 1031 406 IX,
1057 368 1107 400 In-

361 420 546 452 nocentium
572 420 618 460 IV,
644 421 863 452 Alexandrum
888 420 936 460 lv,
960 420 1108 453 Clemen-

361 478 424 506 tem
451 473 504 512 lv,
530 473 731 506 Bonisacium
755 473 838 511 vill,
864 484 900 506 ac
924 474 1107 507 successive

361 525 441 558 alios
478 526 750 568 praedecessores
777 533 928 567 nostros,
963 532 998 558 ut
1031 527 1107 559 reli-

361 579 529 621 giosorum
555 579 758 619 excursibus,
777 579 907 612 Ordinis
926 580 1056 619 decori,
1073 591 1109 612 ac

361 632 568 674 superiorum
601 633 786 665 auctoritati
824 633 959 675 provide
994 643 1109 665 occur-

361 690 483 723 rerent,
509 687 648 728 amplam
672 685 786 718 iisdem
808 685 961 728 praelatis
980 685 1109 719 Ordinis

362 737 447 770 circa
484 738 544 770 sibi
571 738 720 771 subditos
746 739 861 771 fratres
890 744 922 771 et
945 738 1106 771 moniales

361 791 547 824 facultatem
574 792 702 825 dedisse
729 798 764 824 ut
790 803 888 835 super
924 793 1051 825 casibus
1077 798 1108 824 et

361 845 507 877 censuris
535 845 640 878 eidem
660 846 733 879 Sedi
760 846 840 878 alias
865 846 1036 878 reservatis
1054 846 1108 878 ab·

359 899 528 930 solverent
553 905 584 930 et
610 899 847 941 dispensarent,
876 899 1107 931 confirmamus

360 961 505 993 quoque,
534 952 736 991 innovamus,
756 952 794 984 de
813 962 908 989 novo,
925 957 959 983 ut
977 950 1106 993 praedi-

361 1010 446 1036 ctum
462 1009 524 1042 est,
545 1005 770 1043 concedinnts3
790 1004 885 1047 atque
902 1004 1107 1036 decernimus

361 1062 393 1089 et
420 1057 630 1096 declaramus,
658 1058 843 1100 praedictos
864 1057 994 1089 Ordinis
1020 1067 1107 1099 prae-

360 1109 443 1141 latos
467 1109 632 1142 absolvere
659 1120 754 1152 posse
781 1110 896 1142 fratres
923 1116 953 1142 et
978 1120 1106 1141 sorores

362 1161 423 1194 sibi
450 1162 615 1194 subiectos
643 1168 673 1194 et
699 1163 861 1195 subiectas
889 1163 929 1194 ab
955 1163 1107 1195 omnibus

362 1220 394 1247 et
418 1215 555 1257 singulis
573 1215 701 1247 casibus
720 1222 752 1247 et
769 1216 914 1248 censuris
932 1216 1007 1248 Sedi
1026 1217 1108 1258 Apo—

361 1268 496 1300 stolicae
528 1268 625 1301 etiam
660 1279 718 1310 per
751 1269 876 1301 Bullam
903 1269 1031 1302 Coenae
1058 1280 1109 1302 re-

362 1322 518 1361 servans,
554 1322 699 1363 exceptis
733 1322 898 1354 dumtaxat
931 1322 994 1354 illis
1024 1333 1107 1364 quos

360 1374 483 1406 laudati
509 1374 616 1406 Sixtus
643 1375 678 1406 lv
715 1380 746 1407 et
770 1375 870 1407 Iulius
896 1375 920 1407 II
958 1375 990 1407 in
1016 1386 1109 1417 prae-

361 1427 470 1460 missis
497 1438 606 1460 corum
633 1428 918 1461 constitutionibus
945 1429 1108 1471 excipien-

362 1480 418 1512 dos
444 1481 513 1512 sore
540 1482 739 1521 voluerunt,
768 1492 889 1523 eosque
916 1481 1108 1524 dispensare

362 1543 461 1575 posse
499 1544 598 1576 super
638 1533 750 1576 quavis
787 1533 1042 1575 irregularitate,
1071 1545 1105 1567 ex

361 1585 543 1618 homicidio
570 1586 753 1618 voluntario
775 1589 846 1619 orta
871 1587 1034 1619 dumtaxat
1059 1598 1109 1619 ex-

362 1642 476 1681 cepta2
499 1640 602 1682 possit
627 1646 732 1672 tamen
760 1641 847 1672 solus
874 1641 1029 1682 magister
1054 1641 1108 1673 Or-

363 1693 447 1724 dinis
483 1693 522 1724 ab
561 1693 802 1735 irregularitate
826 1693 1014 1726 huiusmodi
1043 1695 1107 1726 dis-

361 1756 501 1788 pensare
545 1756 615 1777 cum
653 1746 805 1777 fratribus
844 1746 908 1778 suis
943 1746 1104 1786 subditis,

362 1798 535 1831 dummodo
554 1798 768 1830 bomicidimn
788 1809 853 1831 non
874 1799 969 1830 suf-rit
987 1809 1107 1841 appen-

362 1857 464 1884 satum
491 1857 521 1884 et
552 1852 636 1883 intra
673 1853 814 1884 claustra
851 1853 993 1885 extiterit
1029 1863 1106 1885 con-

167 215 216 241 An.
233 214 263 240 C.
288 213 354 240 1727

362 1910 569 1937 summatum.

186 2000 189 2001 γ
222 1968 350 2005 senatu-mr
405 1957 498 1999 5³22.
537 1958 651 1989 Animo
687 1968 816 2000 quoque
854 1963 1052 2000 repetentes,
1090 1969 1107 1990 a

168 2000 443 2044 {{,'',¹;‘;g?‘54',¹,C'Iljigcdss
470 2011 656 2054 Apostolica
690 2011 788 2043 fuisse
819 2022 975 2043 concessa
996 2022 1107 2053 quam—

171 2046 260 2065 arandi
278 2049 296 2065 el
318 2053 351 2065 ru·-

169 2073 253 2091 immiti
298 2079 349 2091 ttltA·

170 2102 238 2118 wa..
263 2102 281 2117 a
305 2064 455 2117 wdplura
481 2064 650 2106 privilegia
676 2064 761 2096 eirca
787 2064 1036 2103 absolutionem,
1057 2075 1108 2097 re-

168 2117 559 2171 llssfffffffs'Jjss'flssl¹]ss¹³¹x²¹¹i⁰¹¹⁴³¹¹¹
584 2117 867 2156 iuramentorum,
896 2123 927 2150 et
960 2124 1106 2150 votorum

170 2180 239 2222 ripn
296 2184 327 2219 2³2¹
342 2170 664 2219 3‹201111111nationem,
693 2181 751 2212 pro
778 2171 986 2203 confessariis
1012 2171 1106 2204 Ordi-

170 2210 343 2249 :hipponem
364 2222 412 2253 nis
432 2222 590 2264 praedicti
613 2223 718 2264 quoad
738 2233 894 2264 personas
911 2225 1106 2263 saeculares,

366 2286 400 2306 ae
425 2275 600 2317 [naun-ipae
638 2281 824 2317 spectantes
861 2276 900 2307 ad
934 2277 1106 2310 societates

367 2333 676 2369 supramenioratas,
693 2328 730 2359 ad
752 2329 910 2360 tollendas
929 2340 1029 2371 super
1047 2330 1108 2362 lioe

367 2390 589 2423 quascumspie
608 2381 790 2413 dubietates
810 2393 845 2414 ex
866 2382 1002 2414 diversis
1018 2394 1108 2425 prae-

367 2432 472 2463 dictae
491 2432 580 2464 Sedis
600 2433 686 2465 iuxta
712 2438 892 2476 temporum
920 2440 951 2466 et
976 2435 1107 2468 circum·

366 2485 555 2516 stantiarum
582 2485 799 2519 diversitatem
819 2487 953 2529 provide
981 2498 1108 2520 emana-

368 2537 406 2568 tis
433 2537 722 2579 dispositionibus,
750 2544 845 2581 :itque
873 2550 910 2571 cx
940 2545 1106 2572 auctorum

367 2589 399 2620 in
427 2588 554 2621 diversa
579 2589 766 2621 abeuntium
794 2591 1004 2633 opinionibus
1034 2593 1108 2625 sub-

945 212 1128 236 ssoLLAan
1153 212 1308 236 ROMANUM

1904 213 1954 238 An.
1970 212 1999 239 C.
2021 214 2087 241 1727

1149 266 1247 300 ortas,
1266 261 1414 293 volumus
1432 260 1556 293 sancita
1580 260 1613 293 in
1639 260 1806 303 praedicta
1821 270 1895 293 con-

1150 315 1255 347 stitut.
1283 314 1456 347 Clementis
1481 314 1545 347 VIII
1584 315 1762 357 incipiente
1790 313 1895 354 Quae-

1149 378 1285 412 cumque
1313 379 1331 401 α
1349 368 1428 401 Sede
1452 369 1491 401 ab
1517 368 1667 401 omnibns
1695 368 1779 400 circa
1803 379 1895 411 quas-

1150 421 1231 454 libet
1262 432 1419 465 personas
1455 421 1688 455 inviolabiliter
1719 421 1894 455 observari.

1152 474 1238 507 Bene
1274 485 1387 507 verum
1421 480 1470 506 est
1503 475 1589 517 quod
1622 474 1707 507 circa
1739 484 1894 517 personas

1151 527 1328 570 praedictis
1355 528 1567 560 societatibus
1595 527 1774 570 adscriptas
1799 527 1896 560 intel-

1151 580 1292 622 ligimus,
1320 586 1417 623 prout
1447 581 1616 620 volumus,
1638 585 1669 612 et
1699 580 1739 613 de
1765 585 1895 623 aposto-

1151 634 1212 667 lica
1227 633 1430 676 benignitate
1446 634 1667 676 indulgemus,
1683 634 1895 666 concedimus

1151 692 1182 719 et
1207 687 1420 726 declaramus,
1441 692 1475 718 ut
1493 698 1509 719 a
1530 686 1739 719 conl'essariis
1764 686 1894 719 Ordinis

1151 740 1415 772 Praedicatorum
1440 740 1576 778 absolvi,
1603 749 1782 782 eorumque
1809 739 1896 771 iura-

1151 798 1259 825 menta
1278 792 1424 832 relaxari,
1444 802 1481 825 ac
1499 797 1572 825 vota
1590 792 1795 831 commutari,
1814 792 1895 824 sicut

1151 846 1189 878 de
1216 846 1433 879 confratribus
1459 850 1490 877 et
1518 846 1750 878 consororibus
1766 846 1894 878 Rosarii

1151 909 1250 941 supra
1277 898 1417 930 diximus
1443 903 1475 930 et
1499 898 1742 938 concessimus,
1769 897 1896 941 possint

1150 962 1187 983 ac
1203 952 1350 991 valeant,
1370 961 1431 994 pro
1446 951 1600 984 societate
1619 951 1749 994 quidem
1768 951 1823 984 SS.
1838 951 1896 984 No-

1151 1004 1246 1036 minis
1264 1003 1335 1036 Iesu
1362 1004 1394 1035 in
1421 1003 1525 1046 primo
1552 1004 1627 1035 anni
1658 1010 1690 1037 et
1710 1004 1813 1036 tribus
1838 1003 1881 1036 im

1151 1057 1291 1090 mediate
1329 1058 1602 1100 praecedentilnis
1640 1057 1772 1097 diebus,
1810 1057 1896 1090 iuxta

1150 1111 1300 1154 superius
1326 1111 1494 1143 innovatas
1516 1111 1765 1143 constitutiones
1795 1110 1842 1142 rii
1860 1111 1896 1143 IV

1150 1164 1351 1203 Initmclzmz,
1371 1169 1400 1196 et
1422 1164 1569 1206 Gregorii
1588 1163 1655 1195 XIII
1679 1163 1775 1197 Alz'cis
1791 1163 1896 1206 felicis

1150 1216 1386 1249 recordationis
1417 1217 1500 1249 Pius
1532 1217 1602 1249 ΡΡ.
1631 1217 1649 1249 I
1656 1216 1702 1256 V·‚
1727 1228 1789 1259 pro
1825 1216 1896 1249 aliis

1152 1280 1228 1302 vero
1265 1270 1495 1308 societatibus,
1531 1270 1563 1301 in
1600 1270 1682 1302 sesto
1715 1269 1895 1312 praecipuo

1152 1323 1315 1366 ipsarum,
1343 1329 1375 1355 et
1405 1323 1509 1355 tribus
1534 1323 1648 1355 diebus
1684 1323 1745 1355 tale
1777 1322 1896 1355 festum

1152 1376 1338 1408 immediate
1364 1376 1651 1415 antecedentibus,
1680 1380 1711 1408 et
1736 1375 1821 1408 circa
1846 1385 1896 1408 re-

1154 1428 1258 1471 liquas
1284 1438 1441 1471 personas
1477 1429 1660 1461 saeculares
1687 1428 1895 1461 societatibus

1152 1482 1286 1514 minime
1319 1481 1510 1524 adscriptas,
1543 1481 1658 1514 iisdem
1689 1481 1895 1514 consessariis

1151 1534 1280 1567 Ordinis
1305 1535 1514 1567 concedimus
1543 1539 1578 1566 ut
1603 1535 1734 1567 casdem
1760 1535 1799 1567 ab
1825 1535 1895 1568 aliis

1151 1590 1338 1631 praedictae
1375 1588 1450 1620 Sedi
1490 1588 1662 1620 reservatis
1699 1588 1828 1621 casibus
1865 1594 1896 1620 et

1151 1640 1299 1673 censuris
1317 1641 1501 1678 absolvere,
1521 1651 1698 1683 eorumque
1717 1647 1789 1674 vota
1814 1635 1912 1674 eom-'

1150 1699 1277 1726 mutare
1303 1705 1341 1726 ac
1359 1694 1543 1726 iuramenta
1572 1694 1708 1735 solvere,
1726 1693 1811 1726 iuxta
1828 1695 1894 1737 pri-

1150 1746 1269 1789 vilegia
1295 1757 1379 1789 quae
1416 1747 1561 1789 ipsorum
1588 1752 1642 1779 ant
1667 1747 1720 1780 alii
1756 1758 1791 1780 ex
1819 1748 1896 1780 inse-

1150 1800 1217 1831 rius
1245 1799 1467 1837 recensendis,
1493 1799 1558 1832 sive
1583 1800 1675 1833 alteri
1701 1801 1894 1844 cuicumque

1151 1853 1349 1894 regularium
1377 1863 1584 1895 quocumque
1612 1853 1742 1886 nomine
1772 1864 1895 1885 nuncu-

1151 1912 1300 1948 patorum
1328 1905 1458 1945 Ordini,
1484 1906 1730 1948 congregationi
1757 1912 1812 1938 aut
1843 1917 1895 1939 so-

1150 1958 1258 1991 cietati
1285 1958 1324 1990 ab
1343 1959 1532 2000 Apostolica
1548 1958 1629 1991 Sede
1655 1969 1807 1991 concessa
1825 1969 1894 1991 esse

1151 2022 1211 2043 nec
1237 2012 1391 2053 abrogata
1418 2012 1516 2044 fuisse
1543 2012 1742 2051 constiterit,
1770 2012 1895 2055 possint

1151 2076 1187 2097 ac
1213 2066 1349 2097 valeant.

1195 2119 1209 2159 g*
1231 2117 1284 2150 ⁶23.
1302 2118 1392 2151 Circa
1407 2117 1606 2150 audIentiam
1626 2128 1703 2151 vero
1718 2118 1895 2151 consessio·
1909 2127 1970 2147 Circa
1985 2128 2093 2153 approba-

1152 2181 1227 2202 num
1261 2171 1476 2203 saccularium
1507 2181 1722 2213 personarum
1743 2154 2092 2214 quarum-iiiiiifssoffsse‘ss'ffll

1571 2224 1576 2228 .
1836 2224 1841 2230 .
1906 2207 2092 2227 nessancutarium

1151 2234 1301 2266 cumque,
1326 2224 1505 2256 servandus
1531 2229 1593 2255 erit
1619 2229 1713 2256 tenor
1738 2230 2052 2259 constitu-versonarum.

1151 2276 1248 2308 tionis
1275 2286 1393 2309 cvxxlu
1418 2276 1449 2308 S.
1470 2276 1515 2308 Pii
1542 2276 1565 2307 V
1589 2277 1732 2309 Romani
1757 2277 1894 2319 Pontifi-

1151 2330 1195 2361 εἰς
1210 2329 1430 2371 providentia,
1449 2340 1506 2362 viu
1526 2329 1597 2361 idus
1616 2329 1743 2372 augusti
1763 2340 1894 2371 MDLxxi,

1151 2384 1165 2424 ,ξ
1191 2382 1224 2422 2,
1244 2393 1307 2425 qua
1324 2382 1479 2414 nimirum
1496 2388 1638 2421 cavetur,
1656 2384 1759 2416 semel
1781 2394 1897 2427 appro-

1151 2437 1243 2468 batos
1268 2436 1400 2478 praevio
1427 2435 1572 2468 examine
1597 2436 1636 2468 ab
1662 2436 1833 2478 episcopo,
1855 2437 1894 2469 ab

1152 2499 1191 2520 eo
1217 2488 1333 2520 iterum
1362 2488 1539 2520 examinari
1565 2498 1630 2520 non
1656 2489 1796 2527 debere,
1822 2499 1897 2522 nec-

1151 2551 1217 2572 non
1245 2546 1350 2572 eonst.
1370 2551 1414 2573 vn
1441 2540 1501 2582 (al.
1520 2540 1575 2583 10)
1602 2541 1777 2574 Clementis
1799 2541 1822 2574 X
1848 2541 1897 2573 in-

1152 2593 1302 2635 cipientis
1326 2593 1496 2637 Superna,
1517 2594 1531 2636 ξ
1552 2593 1588 2634 6,
1610 2603 1673 2636 qua
1695 2593 1895 2637 disponitur,
