<?xml version="1.0" encoding="UTF-8"?>
<!DOCTYPE html PUBLIC "-//W3C//DTD XHTML 1.0 Transitional//EN"
    "http://www.w3.org/TR/xhtml1/DTD/xhtml1-transitional.dtd">
<html xmlns="http://www.w3.org/1999/xhtml" xml:lang="en" lang="en">
 <head>
  <title>
</title>
<meta http-equiv="Content-Type" content="text/html;charset=utf-8" />
  <meta name='ocr-system' content='tesseract 3.04.00' />
  <meta name='ocr-capabilities' content='ocr_page ocr_carea ocr_par ocr_line ocrx_word'/>
</head>
<body>
  <div class='ocr_page' id='page_1' title='image "./bullarumdiplomat22cath_0278.png"; bbox 0 0 2170 3147; ppageno 0'>
   <div class='ocr_carea' id='block_1_1' title="bbox 240 213 424 242">
    <p class='ocr_par' dir='ltr' id='par_1_1' title="bbox 240 213 424 242">
     <span class='ocr_line' id='line_1_1' title="bbox 240 213 424 242; baseline 0.011 -2"><span class='ocrx_word' id='word_1_1' title='bbox 240 216 276 240; x_wconf 71' lang='lat' dir='ltr'>An</span> <span class='ocrx_word' id='word_1_2' title='bbox 305 213 332 239; x_wconf 91' lang='lat' dir='ltr'>C.</span> <span class='ocrx_word' id='word_1_3' title='bbox 359 215 424 242; x_wconf 65' lang='lat'>1725</span> 
     </span>
    </p>
   </div>
   <div class='ocr_carea' id='block_1_2' title="bbox 433 206 1180 2639">
    <p class='ocr_par' dir='ltr' id='par_1_2' title="bbox 433 206 1180 2639">
     <span class='ocr_line' id='line_1_2' title="bbox 473 206 536 239; baseline 0.016 -1"><span class='ocrx_word' id='word_1_4' title='bbox 473 206 536 239; x_wconf 59' lang='grc' dir='ltr'>ΜΟ</span> 
     </span>
     <span class='ocr_line' id='line_1_3' title="bbox 435 264 1180 307; baseline 0.004 -12"><span class='ocrx_word' id='word_1_5' title='bbox 435 269 624 307; x_wconf 72' lang='lat' dir='ltr'>praesentes</span> <span class='ocrx_word' id='word_1_6' title='bbox 643 265 835 304; x_wconf 79' lang='lat' dir='ltr'>emanarint,</span> <span class='ocrx_word' id='word_1_7' title='bbox 854 264 886 296; x_wconf 92' lang='lat' dir='ltr'>in</span> <span class='ocrx_word' id='word_1_8' title='bbox 905 264 1102 298; x_wconf 90' lang='lat' dir='ltr'>concistorio</span> <span class='ocrx_word' id='word_1_9' title='bbox 1121 275 1180 298; x_wconf 89' lang='lat' dir='ltr'>no-</span> 
     </span>
     <span class='ocr_line' id='line_1_4' title="bbox 435 316 1178 361; baseline 0.005 -14"><span class='ocrx_word' id='word_1_10' title='bbox 435 320 513 354; x_wconf 86' lang='lat' dir='ltr'>stro,</span> <span class='ocrx_word' id='word_1_11' title='bbox 532 317 581 349; x_wconf 84' lang='lat' dir='ltr'>vel</span> <span class='ocrx_word' id='word_1_12' title='bbox 608 316 697 357; x_wconf 89' lang='lat' dir='ltr'>alibi,</span> <span class='ocrx_word' id='word_1_13' title='bbox 717 316 836 349; x_wconf 78' lang='lat' dir='ltr'>vocatis</span> <span class='ocrx_word' id='word_1_14' title='bbox 855 317 1019 356; x_wconf 83' lang='lat' dir='ltr'>vocandis,</span> <span class='ocrx_word' id='word_1_15' title='bbox 1038 323 1070 350; x_wconf 88' lang='lat' dir='ltr'>et</span> <span class='ocrx_word' id='word_1_16' title='bbox 1086 328 1178 361; x_wconf 85' lang='lat' dir='ltr'>prae-</span> 
     </span>
     <span class='ocr_line' id='line_1_5' title="bbox 435 368 1178 410; baseline 0.003 -9"><span class='ocrx_word' id='word_1_17' title='bbox 435 369 492 401; x_wconf 84' lang='lat' dir='ltr'>viis</span> <span class='ocrx_word' id='word_1_18' title='bbox 519 368 636 401; x_wconf 82' lang='lat' dir='ltr'>debilis</span> <span class='ocrx_word' id='word_1_19' title='bbox 671 369 881 410; x_wconf 85' lang='lat' dir='ltr'>tractatibus,</span> <span class='ocrx_word' id='word_1_20' title='bbox 916 380 952 402; x_wconf 87' lang='lat' dir='ltr'>ac</span> <span class='ocrx_word' id='word_1_21' title='bbox 985 370 1121 403; x_wconf 88' lang='lat' dir='ltr'>servatis</span> <span class='ocrx_word' id='word_1_22' title='bbox 1147 376 1178 404; x_wconf 89' lang='lat' dir='ltr'>et</span> 
     </span>
     <span class='ocr_line' id='line_1_6' title="bbox 434 421 1176 457; baseline 0.004 -4"><span class='ocrx_word' id='word_1_23' title='bbox 434 421 590 454; x_wconf 72' lang='lat' dir='ltr'>adhibitis</span> <span class='ocrx_word' id='word_1_24' title='bbox 616 422 874 455; x_wconf 71' lang='lat' dir='ltr'>solemnitatibus</span> <span class='ocrx_word' id='word_1_25' title='bbox 902 428 933 456; x_wconf 88' lang='lat' dir='ltr'>et</span> <span class='ocrx_word' id='word_1_26' title='bbox 958 423 1028 456; x_wconf 89' lang='lat' dir='ltr'>aliis</span> <span class='ocrx_word' id='word_1_27' title='bbox 1048 423 1087 456; x_wconf 92' lang='lat' dir='ltr'>de</span> <span class='ocrx_word' id='word_1_28' title='bbox 1107 424 1176 457; x_wconf 87' lang='lat' dir='ltr'>iure</span> 
     </span>
     <span class='ocr_line' id='line_1_7' title="bbox 434 475 1177 514; baseline 0.004 -8"><span class='ocrx_word' id='word_1_29' title='bbox 434 476 483 507; x_wconf 81' lang='lat' dir='ltr'>vel</span> <span class='ocrx_word' id='word_1_30' title='bbox 510 475 758 514; x_wconf 87' lang='lat' dir='ltr'>consuetudine,</span> <span class='ocrx_word' id='word_1_31' title='bbox 785 476 835 508; x_wconf 85' lang='lat' dir='ltr'>vel</span> <span class='ocrx_word' id='word_1_32' title='bbox 862 476 949 508; x_wconf 77' lang='lat' dir='ltr'>iuxta</span> <span class='ocrx_word' id='word_1_33' title='bbox 972 476 1177 509; x_wconf 90' lang='lat' dir='ltr'>constitutio-</span> 
     </span>
     <span class='ocr_line' id='line_1_8' title="bbox 434 528 1177 572; baseline 0.003 -12"><span class='ocrx_word' id='word_1_34' title='bbox 434 539 492 560; x_wconf 86' lang='lat' dir='ltr'>nes</span> <span class='ocrx_word' id='word_1_35' title='bbox 518 534 547 560; x_wconf 90' lang='lat' dir='ltr'>et</span> <span class='ocrx_word' id='word_1_36' title='bbox 573 528 795 561; x_wconf 77' lang='lat' dir='ltr'>ordinationes</span> <span class='ocrx_word' id='word_1_37' title='bbox 821 529 1025 572; x_wconf 86' lang='lat' dir='ltr'>apostolicas,</span> <span class='ocrx_word' id='word_1_38' title='bbox 1047 535 1102 562; x_wconf 89' lang='lat' dir='ltr'>aut</span> <span class='ocrx_word' id='word_1_39' title='bbox 1127 540 1177 562; x_wconf 88' lang='lat' dir='ltr'>ec-</span> 
     </span>
     <span class='ocr_line' id='line_1_9' title="bbox 434 581 1178 625; baseline 0.003 -12"><span class='ocrx_word' id='word_1_40' title='bbox 434 581 553 614; x_wconf 82' lang='lat' dir='ltr'>clesiae</span> <span class='ocrx_word' id='word_1_41' title='bbox 580 581 766 625; x_wconf 75' lang='lat' dir='ltr'>praedictae</span> <span class='ocrx_word' id='word_1_42' title='bbox 792 587 919 621; x_wconf 85' lang='lat' dir='ltr'>statuta,</span> <span class='ocrx_word' id='word_1_43' title='bbox 947 582 1117 625; x_wconf 83' lang='lat' dir='ltr'>privilegia</span> <span class='ocrx_word' id='word_1_44' title='bbox 1146 586 1178 615; x_wconf 90' lang='lat' dir='ltr'>et</span> 
     </span>
     <span class='ocr_line' id='line_1_10' title="bbox 435 634 1176 679; baseline 0.001 -13"><span class='ocrx_word' id='word_1_45' title='bbox 435 634 579 673; x_wconf 87' lang='lat' dir='ltr'>indulta,</span> <span class='ocrx_word' id='word_1_46' title='bbox 603 635 698 668; x_wconf 88' lang='lat' dir='ltr'>etiam</span> <span class='ocrx_word' id='word_1_47' title='bbox 724 635 972 669; x_wconf 75' lang='lat' dir='ltr'>confirmatione</span> <span class='ocrx_word' id='word_1_48' title='bbox 998 634 1176 679; x_wconf 78' lang='lat' dir='ltr'>apostoliea</span> 
     </span>
     <span class='ocr_line' id='line_1_11' title="bbox 433 687 1177 731; baseline 0.001 -12"><span class='ocrx_word' id='word_1_49' title='bbox 433 689 483 720; x_wconf 79' lang='lat' dir='ltr'>vel</span> <span class='ocrx_word' id='word_1_50' title='bbox 509 687 571 720; x_wconf 75' lang='lat' dir='ltr'>alia</span> <span class='ocrx_word' id='word_1_51' title='bbox 596 688 707 731; x_wconf 87' lang='lat' dir='ltr'>quavis</span> <span class='ocrx_word' id='word_1_52' title='bbox 745 687 895 721; x_wconf 75' lang='lat' dir='ltr'>firmitate</span> <span class='ocrx_word' id='word_1_53' title='bbox 928 688 1097 728; x_wconf 88' lang='lat' dir='ltr'>roborata,</span> <span class='ocrx_word' id='word_1_54' title='bbox 1123 693 1177 720; x_wconf 88' lang='lat' dir='ltr'>aut</span> 
     </span>
     <span class='ocr_line' id='line_1_12' title="bbox 435 737 1177 781; baseline 0.001 -12"><span class='ocrx_word' id='word_1_55' title='bbox 435 737 513 770; x_wconf 80' lang='lat' dir='ltr'>alias</span> <span class='ocrx_word' id='word_1_56' title='bbox 539 737 785 781; x_wconf 80' lang='lat' dir='ltr'>quomodolibet</span> <span class='ocrx_word' id='word_1_57' title='bbox 815 738 980 781; x_wconf 83' lang='lat' dir='ltr'>requisitis</span> <span class='ocrx_word' id='word_1_58' title='bbox 1013 743 1045 771; x_wconf 88' lang='lat' dir='ltr'>et</span> <span class='ocrx_word' id='word_1_59' title='bbox 1078 738 1111 770; x_wconf 90' lang='lat' dir='ltr'>in</span> <span class='ocrx_word' id='word_1_60' title='bbox 1137 738 1177 770; x_wconf 89' lang='lat' dir='ltr'>si-</span> 
     </span>
     <span class='ocr_line' id='line_1_13' title="bbox 435 789 1176 831; baseline 0.001 -10"><span class='ocrx_word' id='word_1_61' title='bbox 435 789 565 823; x_wconf 88' lang='lat' dir='ltr'>milibus</span> <span class='ocrx_word' id='word_1_62' title='bbox 598 790 804 831; x_wconf 83' lang='lat' dir='ltr'>necessariis,</span> <span class='ocrx_word' id='word_1_63' title='bbox 825 790 1044 831; x_wconf 74' lang='lat' dir='ltr'>examinatae,</span> <span class='ocrx_word' id='word_1_64' title='bbox 1071 790 1176 823; x_wconf 82' lang='lat' dir='ltr'>veriti-</span> 
     </span>
     <span class='ocr_line' id='line_1_14' title="bbox 436 842 1176 883; baseline -0.001 -7"><span class='ocrx_word' id='word_1_65' title='bbox 436 848 524 876; x_wconf 80' lang='lat' dir='ltr'>catae</span> <span class='ocrx_word' id='word_1_66' title='bbox 544 853 579 875; x_wconf 91' lang='lat' dir='ltr'>ac</span> <span class='ocrx_word' id='word_1_67' title='bbox 600 842 791 876; x_wconf 87' lang='lat' dir='ltr'>iustificatac</span> <span class='ocrx_word' id='word_1_68' title='bbox 814 853 876 876; x_wconf 92' lang='lat' dir='ltr'>non</span> <span class='ocrx_word' id='word_1_69' title='bbox 896 843 1026 883; x_wconf 86' lang='lat' dir='ltr'>fuerint,</span> <span class='ocrx_word' id='word_1_70' title='bbox 1047 843 1086 876; x_wconf 87' lang='lat' dir='ltr'>de</span> <span class='ocrx_word' id='word_1_71' title='bbox 1106 843 1176 876; x_wconf 91' lang='lat' dir='ltr'>sub-</span> 
     </span>
     <span class='ocr_line' id='line_1_15' title="bbox 435 897 1177 939; baseline 0.001 -11"><span class='ocrx_word' id='word_1_72' title='bbox 435 897 594 939; x_wconf 87' lang='lat' dir='ltr'>reptionis</span> <span class='ocrx_word' id='word_1_73' title='bbox 625 902 678 929; x_wconf 86' lang='lat' dir='ltr'>aut</span> <span class='ocrx_word' id='word_1_74' title='bbox 703 897 860 930; x_wconf 87' lang='lat' dir='ltr'>nullitatis</span> <span class='ocrx_word' id='word_1_75' title='bbox 883 907 937 929; x_wconf 90' lang='lat' dir='ltr'>seu</span> <span class='ocrx_word' id='word_1_76' title='bbox 968 897 1177 930; x_wconf 82' lang='lat' dir='ltr'>invaliditatis</span> 
     </span>
     <span class='ocr_line' id='line_1_16' title="bbox 433 949 1176 989; baseline 0.001 -8"><span class='ocrx_word' id='word_1_77' title='bbox 433 949 521 989; x_wconf 82' lang='lat' dir='ltr'>vitio,</span> <span class='ocrx_word' id='word_1_78' title='bbox 541 950 589 982; x_wconf 87' lang='lat' dir='ltr'>vel</span> <span class='ocrx_word' id='word_1_79' title='bbox 616 950 807 982; x_wconf 89' lang='lat' dir='ltr'>intentionis</span> <span class='ocrx_word' id='word_1_80' title='bbox 828 956 967 989; x_wconf 79' lang='lat' dir='ltr'>nostrae,</span> <span class='ocrx_word' id='word_1_81' title='bbox 983 955 1038 982; x_wconf 90' lang='lat' dir='ltr'>aut</span> <span class='ocrx_word' id='word_1_82' title='bbox 1059 950 1108 982; x_wconf 91' lang='lat' dir='ltr'>ius</span> <span class='ocrx_word' id='word_1_83' title='bbox 1128 950 1176 982; x_wconf 91' lang='lat' dir='ltr'>vel</span> 
     </span>
     <span class='ocr_line' id='line_1_17' title="bbox 435 1002 1178 1045; baseline -0.001 -10"><span class='ocrx_word' id='word_1_84' title='bbox 435 1002 589 1035; x_wconf 80' lang='lat' dir='ltr'>interesse</span> <span class='ocrx_word' id='word_1_85' title='bbox 608 1002 798 1035; x_wconf 79' lang='lat' dir='ltr'>habentium</span> <span class='ocrx_word' id='word_1_86' title='bbox 820 1004 1012 1042; x_wconf 74' lang='lat' dir='ltr'>consensuS,</span> <span class='ocrx_word' id='word_1_87' title='bbox 1029 1008 1082 1035; x_wconf 89' lang='lat' dir='ltr'>aut</span> <span class='ocrx_word' id='word_1_88' title='bbox 1101 1012 1178 1045; x_wconf 89' lang='lat' dir='ltr'>quo-</span> 
     </span>
     <span class='ocr_line' id='line_1_18' title="bbox 435 1055 1176 1099; baseline -0.001 -11"><span class='ocrx_word' id='word_1_89' title='bbox 435 1056 514 1088; x_wconf 92' lang='lat' dir='ltr'>libet</span> <span class='ocrx_word' id='word_1_90' title='bbox 541 1056 603 1089; x_wconf 89' lang='lat' dir='ltr'>alio</span> <span class='ocrx_word' id='word_1_91' title='bbox 637 1056 842 1099; x_wconf 86' lang='lat' dir='ltr'>quantumvis</span> <span class='ocrx_word' id='word_1_92' title='bbox 868 1066 1001 1098; x_wconf 82' lang='lat' dir='ltr'>magno,</span> <span class='ocrx_word' id='word_1_93' title='bbox 1028 1055 1176 1088; x_wconf 85' lang='lat' dir='ltr'>substan-</span> 
     </span>
     <span class='ocr_line' id='line_1_19' title="bbox 436 1108 1176 1151; baseline 0 -11"><span class='ocrx_word' id='word_1_94' title='bbox 436 1109 516 1148; x_wconf 83' lang='lat' dir='ltr'>tiali,</span> <span class='ocrx_word' id='word_1_95' title='bbox 544 1108 763 1151; x_wconf 79' lang='lat' dir='ltr'>inexcogitato</span> <span class='ocrx_word' id='word_1_96' title='bbox 790 1114 821 1141; x_wconf 89' lang='lat' dir='ltr'>et</span> <span class='ocrx_word' id='word_1_97' title='bbox 845 1108 1108 1151; x_wconf 77' lang='lat' dir='ltr'>inexcogitabili,</span> <span class='ocrx_word' id='word_1_98' title='bbox 1140 1119 1176 1141; x_wconf 93' lang='lat' dir='ltr'>ac</span> 
     </span>
     <span class='ocr_line' id='line_1_20' title="bbox 436 1161 1176 1204; baseline -0.001 -10"><span class='ocrx_word' id='word_1_99' title='bbox 436 1161 619 1204; x_wconf 75' lang='lat' dir='ltr'>specificam</span> <span class='ocrx_word' id='word_1_100' title='bbox 663 1167 695 1194; x_wconf 88' lang='lat' dir='ltr'>et</span> <span class='ocrx_word' id='word_1_101' title='bbox 737 1161 937 1194; x_wconf 80' lang='lat' dir='ltr'>individuam</span> <span class='ocrx_word' id='word_1_102' title='bbox 978 1161 1176 1194; x_wconf 87' lang='lat' dir='ltr'>mentionem</span> 
     </span>
     <span class='ocr_line' id='line_1_21' title="bbox 436 1213 1175 1257; baseline 0.001 -12"><span class='ocrx_word' id='word_1_103' title='bbox 436 1220 490 1246; x_wconf 88' lang='lat' dir='ltr'>aut</span> <span class='ocrx_word' id='word_1_104' title='bbox 523 1214 766 1257; x_wconf 79' lang='lat' dir='ltr'>expressionem</span> <span class='ocrx_word' id='word_1_105' title='bbox 799 1213 990 1257; x_wconf 86' lang='lat' dir='ltr'>requirente</span> <span class='ocrx_word' id='word_1_106' title='bbox 1023 1214 1175 1254; x_wconf 81' lang='lat' dir='ltr'>defectu,</span> 
     </span>
     <span class='ocr_line' id='line_1_22' title="bbox 436 1266 1178 1310; baseline -0.001 -11"><span class='ocrx_word' id='word_1_107' title='bbox 436 1267 501 1300; x_wconf 86' lang='lat' dir='ltr'>sive</span> <span class='ocrx_word' id='word_1_108' title='bbox 528 1267 623 1299; x_wconf 87' lang='lat' dir='ltr'>etiam</span> <span class='ocrx_word' id='word_1_109' title='bbox 662 1278 698 1299; x_wconf 89' lang='lat' dir='ltr'>ex</span> <span class='ocrx_word' id='word_1_110' title='bbox 736 1277 774 1299; x_wconf 88' lang='lat' dir='ltr'>eo</span> <span class='ocrx_word' id='word_1_111' title='bbox 810 1267 897 1310; x_wconf 88' lang='lat' dir='ltr'>quod</span> <span class='ocrx_word' id='word_1_112' title='bbox 934 1266 966 1298; x_wconf 92' lang='lat' dir='ltr'>in</span> <span class='ocrx_word' id='word_1_113' title='bbox 991 1266 1178 1309; x_wconf 83' lang='lat' dir='ltr'>praemissis</span> 
     </span>
     <span class='ocr_line' id='line_1_23' title="bbox 436 1319 1178 1363; baseline -0.003 -10"><span class='ocrx_word' id='word_1_114' title='bbox 436 1330 616 1363; x_wconf 88' lang='lat' dir='ltr'>eorumque</span> <span class='ocrx_word' id='word_1_115' title='bbox 642 1319 750 1363; x_wconf 86' lang='lat' dir='ltr'>aliquo</span> <span class='ocrx_word' id='word_1_116' title='bbox 782 1319 1005 1352; x_wconf 86' lang='lat' dir='ltr'>solemnitates</span> <span class='ocrx_word' id='word_1_117' title='bbox 1031 1324 1061 1352; x_wconf 88' lang='lat' dir='ltr'>et</span> <span class='ocrx_word' id='word_1_118' title='bbox 1086 1330 1178 1362; x_wconf 82' lang='lat' dir='ltr'>quae-</span> 
     </span>
     <span class='ocr_line' id='line_1_24' title="bbox 435 1372 1178 1416; baseline 0 -12"><span class='ocrx_word' id='word_1_119' title='bbox 435 1372 480 1405; x_wconf 90' lang='lat' dir='ltr'>vis</span> <span class='ocrx_word' id='word_1_120' title='bbox 499 1373 562 1405; x_wconf 83' lang='lat' dir='ltr'>alia</span> <span class='ocrx_word' id='word_1_121' title='bbox 584 1373 621 1406; x_wconf 86' lang='lat' dir='ltr'>de</span> <span class='ocrx_word' id='word_1_122' title='bbox 643 1372 713 1405; x_wconf 87' lang='lat' dir='ltr'>iure</span> <span class='ocrx_word' id='word_1_123' title='bbox 736 1373 893 1405; x_wconf 85' lang='lat' dir='ltr'>servanda</span> <span class='ocrx_word' id='word_1_124' title='bbox 912 1378 943 1405; x_wconf 87' lang='lat' dir='ltr'>et</span> <span class='ocrx_word' id='word_1_125' title='bbox 970 1372 1178 1416; x_wconf 84' lang='lat' dir='ltr'>adimplenda</span> 
     </span>
     <span class='ocr_line' id='line_1_25' title="bbox 437 1425 1176 1469; baseline -0.004 -10"><span class='ocrx_word' id='word_1_126' title='bbox 437 1431 564 1469; x_wconf 79' lang='lat' dir='ltr'>servata</span> <span class='ocrx_word' id='word_1_127' title='bbox 581 1431 611 1458; x_wconf 86' lang='lat' dir='ltr'>et</span> <span class='ocrx_word' id='word_1_128' title='bbox 629 1425 803 1468; x_wconf 87' lang='lat' dir='ltr'>adimpleta</span> <span class='ocrx_word' id='word_1_129' title='bbox 830 1435 894 1458; x_wconf 91' lang='lat' dir='ltr'>non</span> <span class='ocrx_word' id='word_1_130' title='bbox 921 1425 1052 1465; x_wconf 83' lang='lat' dir='ltr'>fuerint,</span> <span class='ocrx_word' id='word_1_131' title='bbox 1072 1430 1124 1457; x_wconf 83' lang='lat' dir='ltr'>aut</span> <span class='ocrx_word' id='word_1_132' title='bbox 1141 1435 1176 1457; x_wconf 84' lang='lat' dir='ltr'>ex</span> 
     </span>
     <span class='ocr_line' id='line_1_26' title="bbox 438 1478 1177 1523; baseline -0.003 -11"><span class='ocrx_word' id='word_1_133' title='bbox 438 1490 643 1523; x_wconf 89' lang='lat' dir='ltr'>quocumque</span> <span class='ocrx_word' id='word_1_134' title='bbox 677 1479 739 1512; x_wconf 88' lang='lat' dir='ltr'>alio</span> <span class='ocrx_word' id='word_1_135' title='bbox 768 1479 873 1522; x_wconf 87' lang='lat' dir='ltr'>capite</span> <span class='ocrx_word' id='word_1_136' title='bbox 898 1489 915 1511; x_wconf 87' lang='lat' dir='ltr'>a</span> <span class='ocrx_word' id='word_1_137' title='bbox 940 1478 1031 1519; x_wconf 88' lang='lat' dir='ltr'>iure,</span> <span class='ocrx_word' id='word_1_138' title='bbox 1058 1483 1177 1511; x_wconf 87' lang='lat' dir='ltr'>statuto</span> 
     </span>
     <span class='ocr_line' id='line_1_27' title="bbox 436 1532 1177 1575; baseline 0 -11"><span class='ocrx_word' id='word_1_139' title='bbox 436 1534 485 1567; x_wconf 82' lang='lat' dir='ltr'>vcl</span> <span class='ocrx_word' id='word_1_140' title='bbox 511 1532 748 1566; x_wconf 84' lang='lat' dir='ltr'>consuetudine</span> <span class='ocrx_word' id='word_1_141' title='bbox 774 1533 885 1575; x_wconf 80' lang='lat' dir='ltr'>aliqua</span> <span class='ocrx_word' id='word_1_142' title='bbox 908 1532 1096 1571; x_wconf 85' lang='lat' dir='ltr'>resultante,</span> <span class='ocrx_word' id='word_1_143' title='bbox 1122 1542 1177 1564; x_wconf 86' lang='lat' dir='ltr'>seu</span> 
     </span>
     <span class='ocr_line' id='line_1_28' title="bbox 437 1584 1177 1627; baseline -0.003 -9"><span class='ocrx_word' id='word_1_144' title='bbox 437 1585 534 1618; x_wconf 85' lang='lat' dir='ltr'>etiam</span> <span class='ocrx_word' id='word_1_145' title='bbox 560 1585 714 1625; x_wconf 83' lang='lat' dir='ltr'>enormis,</span> <span class='ocrx_word' id='word_1_146' title='bbox 730 1584 985 1625; x_wconf 86' lang='lat' dir='ltr'>enormissimae,</span> <span class='ocrx_word' id='word_1_147' title='bbox 1003 1584 1177 1627; x_wconf 88' lang='lat' dir='ltr'>totalisque</span> 
     </span>
     <span class='ocr_line' id='line_1_29' title="bbox 438 1639 1179 1681; baseline -0.001 -10"><span class='ocrx_word' id='word_1_148' title='bbox 438 1639 601 1678; x_wconf 86' lang='lat' dir='ltr'>laesionis,</span> <span class='ocrx_word' id='word_1_149' title='bbox 621 1644 675 1670; x_wconf 89' lang='lat' dir='ltr'>ant</span> <span class='ocrx_word' id='word_1_150' title='bbox 699 1647 906 1681; x_wconf 85' lang='lat' dir='ltr'>quocumque</span> <span class='ocrx_word' id='word_1_151' title='bbox 933 1639 1057 1678; x_wconf 79' lang='lat' dir='ltr'>colore,</span> <span class='ocrx_word' id='word_1_152' title='bbox 1084 1648 1179 1680; x_wconf 89' lang='lat' dir='ltr'>prae-</span> 
     </span>
     <span class='ocr_line' id='line_1_30' title="bbox 436 1691 1178 1733; baseline -0.003 -8"><span class='ocrx_word' id='word_1_153' title='bbox 436 1698 537 1733; x_wconf 80' lang='lat' dir='ltr'>texui,</span> <span class='ocrx_word' id='word_1_154' title='bbox 564 1692 688 1725; x_wconf 83' lang='lat' dir='ltr'>ratione</span> <span class='ocrx_word' id='word_1_155' title='bbox 714 1693 763 1725; x_wconf 92' lang='lat' dir='ltr'>vel</span> <span class='ocrx_word' id='word_1_156' title='bbox 790 1693 903 1732; x_wconf 75' lang='lat' dir='ltr'>causa,</span> <span class='ocrx_word' id='word_1_157' title='bbox 929 1691 1025 1724; x_wconf 87' lang='lat' dir='ltr'>etiam</span> <span class='ocrx_word' id='word_1_158' title='bbox 1052 1691 1084 1724; x_wconf 92' lang='lat' dir='ltr'>in</span> <span class='ocrx_word' id='word_1_159' title='bbox 1110 1702 1178 1724; x_wconf 87' lang='lat' dir='ltr'>cor-</span> 
     </span>
     <span class='ocr_line' id='line_1_31' title="bbox 437 1745 1174 1789; baseline -0.004 -10"><span class='ocrx_word' id='word_1_160' title='bbox 437 1756 515 1789; x_wconf 85' lang='lat' dir='ltr'>pore</span> <span class='ocrx_word' id='word_1_161' title='bbox 544 1746 623 1779; x_wconf 85' lang='lat' dir='ltr'>iuris</span> <span class='ocrx_word' id='word_1_162' title='bbox 648 1747 768 1786; x_wconf 80' lang='lat' dir='ltr'>clausa,</span> <span class='ocrx_word' id='word_1_163' title='bbox 795 1751 826 1778; x_wconf 90' lang='lat' dir='ltr'>et</span> <span class='ocrx_word' id='word_1_164' title='bbox 851 1745 1054 1789; x_wconf 85' lang='lat' dir='ltr'>quantumvis</span> <span class='ocrx_word' id='word_1_165' title='bbox 1080 1745 1174 1784; x_wconf 78' lang='lat' dir='ltr'>iusta,</span> 
     </span>
     <span class='ocr_line' id='line_1_32' title="bbox 438 1797 1178 1841; baseline -0.003 -10"><span class='ocrx_word' id='word_1_166' title='bbox 438 1798 636 1839; x_wconf 86' lang='lat' dir='ltr'>rationabili,</span> <span class='ocrx_word' id='word_1_167' title='bbox 664 1799 820 1841; x_wconf 76' lang='lat' dir='ltr'>legitima,</span> <span class='ocrx_word' id='word_1_168' title='bbox 849 1798 996 1837; x_wconf 62' lang='lat' dir='ltr'>iuridicfi,</span> <span class='ocrx_word' id='word_1_169' title='bbox 1025 1797 1086 1840; x_wconf 74' lang='lat' dir='ltr'>pia,</span> <span class='ocrx_word' id='word_1_170' title='bbox 1113 1797 1178 1840; x_wconf 89' lang='lat' dir='ltr'>pri-</span> 
     </span>
     <span class='ocr_line' id='line_1_33' title="bbox 436 1851 1176 1896; baseline -0.003 -11"><span class='ocrx_word' id='word_1_171' title='bbox 436 1853 598 1895; x_wconf 77' lang='lat' dir='ltr'>vilegiata,</span> <span class='ocrx_word' id='word_1_172' title='bbox 617 1858 646 1885; x_wconf 87' lang='lat' dir='ltr'>et</span> <span class='ocrx_word' id='word_1_173' title='bbox 673 1853 727 1884; x_wconf 91' lang='lat' dir='ltr'>tali</span> <span class='ocrx_word' id='word_1_174' title='bbox 753 1863 835 1896; x_wconf 87' lang='lat' dir='ltr'>quae</span> <span class='ocrx_word' id='word_1_175' title='bbox 861 1852 899 1884; x_wconf 88' lang='lat' dir='ltr'>ad</span> <span class='ocrx_word' id='word_1_176' title='bbox 927 1851 1072 1885; x_wconf 76' lang='lat' dir='ltr'>effectum</span> <span class='ocrx_word' id='word_1_177' title='bbox 1100 1852 1176 1884; x_wconf 87' lang='lat' dir='ltr'>vali-</span> 
     </span>
     <span class='ocr_line' id='line_1_34' title="bbox 437 1905 1178 1949; baseline -0.003 -10"><span class='ocrx_word' id='word_1_178' title='bbox 437 1906 544 1940; x_wconf 81' lang='lat' dir='ltr'>ditatis</span> <span class='ocrx_word' id='word_1_179' title='bbox 570 1906 823 1949; x_wconf 87' lang='lat' dir='ltr'>praemissorum</span> <span class='ocrx_word' id='word_1_180' title='bbox 857 1905 1044 1939; x_wconf 83' lang='lat' dir='ltr'>necessario</span> <span class='ocrx_word' id='word_1_181' title='bbox 1071 1905 1178 1948; x_wconf 83' lang='lat' dir='ltr'>expri-</span> 
     </span>
     <span class='ocr_line' id='line_1_35' title="bbox 436 1959 1178 2002; baseline -0.003 -10"><span class='ocrx_word' id='word_1_182' title='bbox 436 1959 555 1992; x_wconf 88' lang='lat' dir='ltr'>menda</span> <span class='ocrx_word' id='word_1_183' title='bbox 580 1959 675 1999; x_wconf 87' lang='lat' dir='ltr'>foret,</span> <span class='ocrx_word' id='word_1_184' title='bbox 698 1964 752 1991; x_wconf 86' lang='lat' dir='ltr'>ant</span> <span class='ocrx_word' id='word_1_185' title='bbox 778 1959 861 2002; x_wconf 87' lang='lat' dir='ltr'>quod</span> <span class='ocrx_word' id='word_1_186' title='bbox 882 1959 920 1991; x_wconf 88' lang='lat' dir='ltr'>de</span> <span class='ocrx_word' id='word_1_187' title='bbox 938 1959 1102 1991; x_wconf 88' lang='lat' dir='ltr'>voluntate</span> <span class='ocrx_word' id='word_1_188' title='bbox 1124 1968 1178 1991; x_wconf 93' lang='lat' dir='ltr'>no-</span> 
     </span>
     <span class='ocr_line' id='line_1_36' title="bbox 436 2011 1174 2055; baseline -0.004 -10"><span class='ocrx_word' id='word_1_189' title='bbox 436 2015 502 2045; x_wconf 72' lang='lat' dir='ltr'>stra</span> <span class='ocrx_word' id='word_1_190' title='bbox 538 2017 569 2045; x_wconf 92' lang='lat' dir='ltr'>et</span> <span class='ocrx_word' id='word_1_191' title='bbox 594 2011 663 2045; x_wconf 86' lang='lat' dir='ltr'>aliis</span> <span class='ocrx_word' id='word_1_192' title='bbox 691 2011 839 2055; x_wconf 87' lang='lat' dir='ltr'>superius</span> <span class='ocrx_word' id='word_1_193' title='bbox 864 2011 1025 2054; x_wconf 84' lang='lat' dir='ltr'>expressis</span> <span class='ocrx_word' id='word_1_194' title='bbox 1059 2011 1174 2044; x_wconf 89' lang='lat' dir='ltr'>nullibi</span> 
     </span>
     <span class='ocr_line' id='line_1_37' title="bbox 436 2064 1177 2109; baseline -0.001 -12"><span class='ocrx_word' id='word_1_195' title='bbox 436 2070 600 2109; x_wconf 86' lang='lat' dir='ltr'>appareat,</span> <span class='ocrx_word' id='word_1_196' title='bbox 620 2075 679 2097; x_wconf 91' lang='lat' dir='ltr'>nec</span> <span class='ocrx_word' id='word_1_197' title='bbox 703 2065 780 2097; x_wconf 81' lang='lat' dir='ltr'>alias</span> <span class='ocrx_word' id='word_1_198' title='bbox 807 2064 937 2108; x_wconf 89' lang='lat' dir='ltr'>probari</span> <span class='ocrx_word' id='word_1_199' title='bbox 959 2064 1097 2108; x_wconf 85' lang='lat' dir='ltr'>possint,</span> <span class='ocrx_word' id='word_1_200' title='bbox 1119 2075 1177 2097; x_wconf 87' lang='lat' dir='ltr'>no-</span> 
     </span>
     <span class='ocr_line' id='line_1_38' title="bbox 438 2117 1175 2161; baseline -0.001 -11"><span class='ocrx_word' id='word_1_201' title='bbox 438 2118 519 2159; x_wconf 84' lang='lat' dir='ltr'>tari,</span> <span class='ocrx_word' id='word_1_202' title='bbox 542 2118 749 2161; x_wconf 78' lang='lat' dir='ltr'>impugnari,</span> <span class='ocrx_word' id='word_1_203' title='bbox 775 2117 944 2151; x_wconf 86' lang='lat' dir='ltr'>invalidari</span> <span class='ocrx_word' id='word_1_204' title='bbox 960 2144 967 2158; x_wconf 90' lang='lat'>,</span> <span class='ocrx_word' id='word_1_205' title='bbox 994 2118 1175 2157; x_wconf 86' lang='lat' dir='ltr'>retractari,</span> 
     </span>
     <span class='ocr_line' id='line_1_39' title="bbox 436 2171 1177 2209; baseline 0 -6"><span class='ocrx_word' id='word_1_206' title='bbox 436 2171 469 2204; x_wconf 92' lang='lat' dir='ltr'>in</span> <span class='ocrx_word' id='word_1_207' title='bbox 494 2172 544 2204; x_wconf 89' lang='lat' dir='ltr'>ius</span> <span class='ocrx_word' id='word_1_208' title='bbox 570 2173 618 2205; x_wconf 92' lang='lat' dir='ltr'>vel</span> <span class='ocrx_word' id='word_1_209' title='bbox 645 2172 900 2205; x_wconf 89' lang='lat' dir='ltr'>controversiam</span> <span class='ocrx_word' id='word_1_210' title='bbox 925 2171 1092 2209; x_wconf 87' lang='lat' dir='ltr'>revocari,</span> <span class='ocrx_word' id='word_1_211' title='bbox 1122 2176 1177 2204; x_wconf 88' lang='lat' dir='ltr'>aut</span> 
     </span>
     <span class='ocr_line' id='line_1_40' title="bbox 436 2224 1175 2265; baseline -0.001 -8"><span class='ocrx_word' id='word_1_212' title='bbox 436 2225 475 2258; x_wconf 89' lang='lat' dir='ltr'>ad</span> <span class='ocrx_word' id='word_1_213' title='bbox 502 2225 658 2258; x_wconf 89' lang='lat' dir='ltr'>terminos</span> <span class='ocrx_word' id='word_1_214' title='bbox 684 2224 762 2258; x_wconf 88' lang='lat' dir='ltr'>iuris</span> <span class='ocrx_word' id='word_1_215' title='bbox 788 2225 923 2265; x_wconf 89' lang='lat' dir='ltr'>reduci,</span> <span class='ocrx_word' id='word_1_216' title='bbox 948 2225 996 2258; x_wconf 94' lang='lat' dir='ltr'>vel</span> <span class='ocrx_word' id='word_1_217' title='bbox 1022 2225 1175 2258; x_wconf 78' lang='lat' dir='ltr'>adversus</span> 
     </span>
     <span class='ocr_line' id='line_1_41' title="bbox 436 2277 1177 2321; baseline 0 -11"><span class='ocrx_word' id='word_1_218' title='bbox 436 2278 507 2311; x_wconf 84' lang='lat' dir='ltr'>illas</span> <span class='ocrx_word' id='word_1_219' title='bbox 533 2278 749 2311; x_wconf 86' lang='lat' dir='ltr'>restitutionis</span> <span class='ocrx_word' id='word_1_220' title='bbox 771 2278 802 2310; x_wconf 92' lang='lat' dir='ltr'>in</span> <span class='ocrx_word' id='word_1_221' title='bbox 829 2277 1004 2320; x_wconf 78' lang='lat' dir='ltr'>integrum,</span> <span class='ocrx_word' id='word_1_222' title='bbox 1024 2278 1177 2321; x_wconf 87' lang='lat' dir='ltr'>aperitio-</span> 
     </span>
     <span class='ocr_line' id='line_1_42' title="bbox 437 2331 1175 2370; baseline 0.001 -8"><span class='ocrx_word' id='word_1_223' title='bbox 437 2331 485 2363; x_wconf 90' lang='lat' dir='ltr'>nis</span> <span class='ocrx_word' id='word_1_224' title='bbox 505 2331 579 2370; x_wconf 89' lang='lat' dir='ltr'>oris,</span> <span class='ocrx_word' id='word_1_225' title='bbox 599 2331 796 2364; x_wconf 84' lang='lat' dir='ltr'>reductionis</span> <span class='ocrx_word' id='word_1_226' title='bbox 811 2331 848 2363; x_wconf 90' lang='lat' dir='ltr'>ad</span> <span class='ocrx_word' id='word_1_227' title='bbox 864 2331 944 2363; x_wconf 87' lang='lat' dir='ltr'>viam</span> <span class='ocrx_word' id='word_1_228' title='bbox 963 2337 994 2364; x_wconf 89' lang='lat' dir='ltr'>et</span> <span class='ocrx_word' id='word_1_229' title='bbox 1019 2332 1175 2364; x_wconf 88' lang='lat' dir='ltr'>terminos</span> 
     </span>
     <span class='ocr_line' id='line_1_43' title="bbox 437 2383 1176 2426; baseline 0.003 -11"><span class='ocrx_word' id='word_1_230' title='bbox 437 2383 536 2423; x_wconf 87' lang='lat' dir='ltr'>iuris,</span> <span class='ocrx_word' id='word_1_231' title='bbox 563 2384 612 2415; x_wconf 83' lang='lat' dir='ltr'>vel</span> <span class='ocrx_word' id='word_1_232' title='bbox 639 2384 710 2417; x_wconf 84' lang='lat' dir='ltr'>facti</span> <span class='ocrx_word' id='word_1_233' title='bbox 737 2389 791 2416; x_wconf 88' lang='lat' dir='ltr'>aut</span> <span class='ocrx_word' id='word_1_234' title='bbox 816 2384 937 2426; x_wconf 83' lang='lat' dir='ltr'>gratiae</span> <span class='ocrx_word' id='word_1_235' title='bbox 963 2384 1011 2417; x_wconf 87' lang='lat' dir='ltr'>vel</span> <span class='ocrx_word' id='word_1_236' title='bbox 1037 2384 1176 2418; x_wconf 87' lang='lat' dir='ltr'>iustitiae</span> 
     </span>
     <span class='ocr_line' id='line_1_44' title="bbox 437 2435 1177 2480; baseline 0.004 -14"><span class='ocrx_word' id='word_1_237' title='bbox 437 2435 616 2467; x_wconf 85' lang='lat' dir='ltr'>remedium</span> <span class='ocrx_word' id='word_1_238' title='bbox 644 2435 820 2478; x_wconf 83' lang='lat' dir='ltr'>impetrari,</span> <span class='ocrx_word' id='word_1_239' title='bbox 839 2447 895 2469; x_wconf 87' lang='lat' dir='ltr'>seu</span> <span class='ocrx_word' id='word_1_240' title='bbox 927 2437 1177 2480; x_wconf 85' lang='lat' dir='ltr'>quomodolibet</span> 
     </span>
     <span class='ocr_line' id='line_1_45' title="bbox 437 2488 1175 2533; baseline 0.004 -14"><span class='ocrx_word' id='word_1_241' title='bbox 437 2488 501 2520; x_wconf 88' lang='lat' dir='ltr'>etia</span> <span class='ocrx_word' id='word_1_242' title='bbox 519 2493 605 2520; x_wconf 89' lang='lat' dir='ltr'>motu</span> <span class='ocrx_word' id='word_1_243' title='bbox 626 2489 719 2521; x_wconf 81' lang='lat' dir='ltr'>simili</span> <span class='ocrx_word' id='word_1_244' title='bbox 742 2499 897 2522; x_wconf 77' lang='lat' dir='ltr'>concesso</span> <span class='ocrx_word' id='word_1_245' title='bbox 926 2492 976 2523; x_wconf 85' lang='lat' dir='ltr'>vel</span> <span class='ocrx_word' id='word_1_246' title='bbox 1003 2490 1175 2533; x_wconf 88' lang='lat' dir='ltr'>impetrato</span> 
     </span>
     <span class='ocr_line' id='line_1_46' title="bbox 436 2540 1176 2574; baseline 0.004 -3"><span class='ocrx_word' id='word_1_247' title='bbox 436 2545 490 2572; x_wconf 90' lang='lat' dir='ltr'>aut</span> <span class='ocrx_word' id='word_1_248' title='bbox 515 2544 666 2572; x_wconf 86' lang='lat' dir='ltr'>emanato</span> <span class='ocrx_word' id='word_1_249' title='bbox 693 2540 735 2572; x_wconf 89' lang='lat' dir='ltr'>uti</span> <span class='ocrx_word' id='word_1_250' title='bbox 763 2551 818 2573; x_wconf 82' lang='lat' dir='ltr'>seu</span> <span class='ocrx_word' id='word_1_251' title='bbox 846 2552 880 2574; x_wconf 82' lang='lat' dir='ltr'>se</span> <span class='ocrx_word' id='word_1_252' title='bbox 907 2542 1014 2574; x_wconf 88' lang='lat' dir='ltr'>iuvare</span> <span class='ocrx_word' id='word_1_253' title='bbox 1040 2542 1072 2574; x_wconf 94' lang='lat' dir='ltr'>in</span> <span class='ocrx_word' id='word_1_254' title='bbox 1094 2542 1176 2574; x_wconf 90' lang='lat' dir='ltr'>iudi-</span> 
     </span>
     <span class='ocr_line' id='line_1_47' title="bbox 436 2593 1175 2639; baseline 0.003 -12"><span class='ocrx_word' id='word_1_255' title='bbox 436 2593 484 2627; x_wconf 78' lang='lat' dir='ltr'>cio</span> <span class='ocrx_word' id='word_1_256' title='bbox 509 2593 558 2625; x_wconf 84' lang='lat' dir='ltr'>vel</span> <span class='ocrx_word' id='word_1_257' title='bbox 584 2597 673 2625; x_wconf 75' lang='lat' dir='ltr'>extra</span> <span class='ocrx_word' id='word_1_258' title='bbox 698 2603 810 2636; x_wconf 86' lang='lat' dir='ltr'>posse,</span> <span class='ocrx_word' id='word_1_259' title='bbox 837 2604 943 2637; x_wconf 87' lang='lat' dir='ltr'>neque</span> <span class='ocrx_word' id='word_1_260' title='bbox 969 2594 1056 2638; x_wconf 87' lang='lat' dir='ltr'>ipsas</span> <span class='ocrx_word' id='word_1_261' title='bbox 1081 2605 1175 2639; x_wconf 85' lang='lat' dir='ltr'>prae-</span> 
     </span>
    </p>
   </div>
   <div class='ocr_carea' id='block_1_3' title="bbox 1196 323 1201 2372">
    <p class='ocr_par' dir='ltr' id='par_1_3' title="bbox 1196 323 1201 2372">
     <span class='ocr_line' id='line_1_48' title="bbox 1196 323 1201 2372; baseline 0 0"><span class='ocrx_word' id='word_1_262' title='bbox 1196 323 1201 2372; x_wconf 95' lang='lat' dir='ltr'> </span> 
     </span>
    </p>
   </div>
   <div class='ocr_carea' id='block_1_4' title="bbox 1012 217 1370 242">
    <p class='ocr_par' dir='ltr' id='par_1_4' title="bbox 1012 217 1370 242">
     <span class='ocr_line' id='line_1_49' title="bbox 1012 217 1370 242; baseline 0 -1"><span class='ocrx_word' id='word_1_263' title='bbox 1012 218 1189 242; x_wconf 56' lang='lat' dir='ltr'>Bt&#39;tLARtUM</span> <span class='ocrx_word' id='word_1_264' title='bbox 1215 217 1324 241; x_wconf 72' lang='lat' dir='ltr'><strong>ROMAN</strong></span> <span class='ocrx_word' id='word_1_265' title='bbox 1330 217 1370 241; x_wconf 73' lang='grc' dir='ltr'>ΟΜ</span> 
     </span>
    </p>
   </div>
   <div class='ocr_carea' id='block_1_5' title="bbox 1219 264 1963 2631">
    <p class='ocr_par' dir='ltr' id='par_1_5' title="bbox 1219 264 1963 2631">
     <span class='ocr_line' id='line_1_50' title="bbox 1221 264 1959 308; baseline 0 -11"><span class='ocrx_word' id='word_1_266' title='bbox 1221 270 1331 298; x_wconf 86' lang='lat' dir='ltr'>sentes</span> <span class='ocrx_word' id='word_1_267' title='bbox 1356 264 1415 298; x_wconf 81' lang='lat' dir='ltr'>suh</span> <span class='ocrx_word' id='word_1_268' title='bbox 1441 265 1608 308; x_wconf 86' lang='lat' dir='ltr'>quibusvis</span> <span class='ocrx_word' id='word_1_269' title='bbox 1641 265 1794 298; x_wconf 89' lang='lat' dir='ltr'>similium</span> <span class='ocrx_word' id='word_1_270' title='bbox 1819 266 1868 299; x_wconf 88' lang='lat' dir='ltr'>vel</span> <span class='ocrx_word' id='word_1_271' title='bbox 1894 265 1959 298; x_wconf 89' lang='lat' dir='ltr'>dis-</span> 
     </span>
     <span class='ocr_line' id='line_1_51' title="bbox 1220 317 1961 361; baseline 0.001 -11"><span class='ocrx_word' id='word_1_272' title='bbox 1220 317 1375 350; x_wconf 88' lang='lat' dir='ltr'>similium</span> <span class='ocrx_word' id='word_1_273' title='bbox 1394 317 1568 361; x_wconf 82' lang='lat' dir='ltr'>gratiarum</span> <span class='ocrx_word' id='word_1_274' title='bbox 1587 323 1619 350; x_wconf 90' lang='lat' dir='ltr'>et</span> <span class='ocrx_word' id='word_1_275' title='bbox 1639 317 1892 360; x_wconf 88' lang='lat' dir='ltr'>dispositionum</span> <span class='ocrx_word' id='word_1_276' title='bbox 1914 329 1961 351; x_wconf 88' lang='lat' dir='ltr'>re-</span> 
     </span>
     <span class='ocr_line' id='line_1_52' title="bbox 1222 370 1961 414; baseline 0 -11"><span class='ocrx_word' id='word_1_277' title='bbox 1222 371 1452 411; x_wconf 80' lang='lat' dir='ltr'>vocationibus,</span> <span class='ocrx_word' id='word_1_278' title='bbox 1478 371 1766 414; x_wconf 85' lang='lat' dir='ltr'>suspensionibus,</span> <span class='ocrx_word' id='word_1_279' title='bbox 1793 370 1961 404; x_wconf 87' lang='lat' dir='ltr'>limitatio-</span> 
     </span>
     <span class='ocr_line' id='line_1_53' title="bbox 1220 423 1959 466; baseline 0 -10"><span class='ocrx_word' id='word_1_280' title='bbox 1220 423 1324 463; x_wconf 84' lang='lat' dir='ltr'>nibus,</span> <span class='ocrx_word' id='word_1_281' title='bbox 1350 423 1657 463; x_wconf 85' lang='lat' dir='ltr'>modificationibus,</span> <span class='ocrx_word' id='word_1_282' title='bbox 1683 423 1959 466; x_wconf 78' lang='lat' dir='ltr'>derogationibus,</span> 
     </span>
     <span class='ocr_line' id='line_1_54' title="bbox 1220 475 1960 520; baseline 0 -12"><span class='ocrx_word' id='word_1_283' title='bbox 1220 476 1355 520; x_wconf 89' lang='lat' dir='ltr'>aliisque</span> <span class='ocrx_word' id='word_1_284' title='bbox 1371 476 1542 509; x_wconf 85' lang='lat' dir='ltr'>contrariis</span> <span class='ocrx_word' id='word_1_285' title='bbox 1561 475 1842 519; x_wconf 86' lang='lat' dir='ltr'>dispositionibus,</span> <span class='ocrx_word' id='word_1_286' title='bbox 1864 475 1960 509; x_wconf 85' lang='lat' dir='ltr'>etiam</span> 
     </span>
     <span class='ocr_line' id='line_1_55' title="bbox 1221 529 1960 572; baseline -0.001 -10"><span class='ocrx_word' id='word_1_287' title='bbox 1221 540 1280 572; x_wconf 87' lang='lat' dir='ltr'>per</span> <span class='ocrx_word' id='word_1_288' title='bbox 1296 540 1355 562; x_wconf 91' lang='lat' dir='ltr'>nos</span> <span class='ocrx_word' id='word_1_289' title='bbox 1374 536 1405 562; x_wconf 87' lang='lat' dir='ltr'>et</span> <span class='ocrx_word' id='word_1_290' title='bbox 1422 539 1630 563; x_wconf 86' lang='lat' dir='ltr'>successores</span> <span class='ocrx_word' id='word_1_291' title='bbox 1646 534 1777 562; x_wconf 89' lang='lat' dir='ltr'>nostros</span> <span class='ocrx_word' id='word_1_292' title='bbox 1795 529 1960 562; x_wconf 84' lang='lat' dir='ltr'>Romanos</span> 
     </span>
     <span class='ocr_line' id='line_1_56' title="bbox 1221 581 1962 625; baseline -0.001 -11"><span class='ocrx_word' id='word_1_293' title='bbox 1221 581 1392 615; x_wconf 83' lang='lat' dir='ltr'>Pontifices</span> <span class='ocrx_word' id='word_1_294' title='bbox 1439 592 1497 625; x_wconf 92' lang='lat' dir='ltr'>pro</span> <span class='ocrx_word' id='word_1_295' title='bbox 1537 587 1683 624; x_wconf 88' lang='lat' dir='ltr'>tempore</span> <span class='ocrx_word' id='word_1_296' title='bbox 1719 581 1894 614; x_wconf 84' lang='lat' dir='ltr'>existentes</span> <span class='ocrx_word' id='word_1_297' title='bbox 1930 586 1962 614; x_wconf 88' lang='lat' dir='ltr'>et</span> 
     </span>
     <span class='ocr_line' id='line_1_57' title="bbox 1220 633 1960 679; baseline -0.001 -11"><span class='ocrx_word' id='word_1_298' title='bbox 1220 635 1336 668; x_wconf 86' lang='lat' dir='ltr'>Sedcm</span> <span class='ocrx_word' id='word_1_299' title='bbox 1361 635 1583 679; x_wconf 88' lang='lat' dir='ltr'>Apostolicam</span> <span class='ocrx_word' id='word_1_300' title='bbox 1615 634 1814 678; x_wconf 86' lang='lat' dir='ltr'>praedictam</span> <span class='ocrx_word' id='word_1_301' title='bbox 1830 661 1837 673; x_wconf 92' lang='lat'>‚</span> <span class='ocrx_word' id='word_1_302' title='bbox 1863 633 1960 667; x_wconf 82' lang='lat' dir='ltr'>etiam</span> 
     </span>
     <span class='ocr_line' id='line_1_58' title="bbox 1221 686 1962 731; baseline -0.001 -11"><span class='ocrx_word' id='word_1_303' title='bbox 1221 693 1321 727; x_wconf 85' lang='lat' dir='ltr'>motu,</span> <span class='ocrx_word' id='word_1_304' title='bbox 1345 688 1480 721; x_wconf 76' lang='lat' dir='ltr'>scientia</span> <span class='ocrx_word' id='word_1_305' title='bbox 1505 693 1538 721; x_wconf 84' lang='lat' dir='ltr'>et</span> <span class='ocrx_word' id='word_1_306' title='bbox 1561 687 1731 731; x_wconf 87' lang='lat' dir='ltr'>potestatis</span> <span class='ocrx_word' id='word_1_307' title='bbox 1756 686 1962 730; x_wconf 87' lang='lat' dir='ltr'>plenitudine</span> 
     </span>
     <span class='ocr_line' id='line_1_59' title="bbox 1220 739 1961 783; baseline -0.001 -10"><span class='ocrx_word' id='word_1_308' title='bbox 1220 740 1396 781; x_wconf 85' lang='lat' dir='ltr'>similibus,</span> <span class='ocrx_word' id='word_1_309' title='bbox 1415 741 1511 774; x_wconf 89' lang='lat' dir='ltr'>etiam</span> <span class='ocrx_word' id='word_1_310' title='bbox 1537 739 1816 780; x_wconf 79' lang='lat' dir='ltr'>consistorialiter,</span> <span class='ocrx_word' id='word_1_311' title='bbox 1834 750 1869 773; x_wconf 85' lang='lat' dir='ltr'>ex</span> <span class='ocrx_word' id='word_1_312' title='bbox 1890 739 1961 783; x_wconf 90' lang='lat' dir='ltr'>qui-</span> 
     </span>
     <span class='ocr_line' id='line_1_60' title="bbox 1220 793 1962 837; baseline 0 -11"><span class='ocrx_word' id='word_1_313' title='bbox 1220 794 1362 827; x_wconf 88' lang='lat' dir='ltr'>buslibet</span> <span class='ocrx_word' id='word_1_314' title='bbox 1385 794 1502 834; x_wconf 88' lang='lat' dir='ltr'>cansis,</span> <span class='ocrx_word' id='word_1_315' title='bbox 1525 799 1556 826; x_wconf 90' lang='lat' dir='ltr'>et</span> <span class='ocrx_word' id='word_1_316' title='bbox 1581 793 1640 826; x_wconf 86' lang='lat' dir='ltr'>sub</span> <span class='ocrx_word' id='word_1_317' title='bbox 1665 793 1867 837; x_wconf 86' lang='lat' dir='ltr'>quibuslibet</span> <span class='ocrx_word' id='word_1_318' title='bbox 1890 803 1962 826; x_wconf 87' lang='lat' dir='ltr'>ver-</span> 
     </span>
     <span class='ocr_line' id='line_1_61' title="bbox 1219 845 1962 889; baseline -0.003 -10"><span class='ocrx_word' id='word_1_319' title='bbox 1219 848 1335 880; x_wconf 91' lang='lat' dir='ltr'>borum</span> <span class='ocrx_word' id='word_1_320' title='bbox 1361 846 1531 879; x_wconf 84' lang='lat' dir='ltr'>tenoribus</span> <span class='ocrx_word' id='word_1_321' title='bbox 1549 851 1579 879; x_wconf 92' lang='lat' dir='ltr'>et</span> <span class='ocrx_word' id='word_1_322' title='bbox 1605 846 1727 886; x_wconf 88' lang='lat' dir='ltr'>formis,</span> <span class='ocrx_word' id='word_1_323' title='bbox 1748 856 1785 879; x_wconf 84' lang='lat' dir='ltr'>ac</span> <span class='ocrx_word' id='word_1_324' title='bbox 1801 856 1873 878; x_wconf 89' lang='lat' dir='ltr'>cum</span> <span class='ocrx_word' id='word_1_325' title='bbox 1895 845 1962 889; x_wconf 90' lang='lat' dir='ltr'>qui-</span> 
     </span>
     <span class='ocr_line' id='line_1_62' title="bbox 1220 899 1961 940; baseline -0.001 -8"><span class='ocrx_word' id='word_1_326' title='bbox 1220 900 1327 933; x_wconf 83' lang='lat' dir='ltr'>busvis</span> <span class='ocrx_word' id='word_1_327' title='bbox 1354 900 1506 933; x_wconf 86' lang='lat' dir='ltr'>clausulis</span> <span class='ocrx_word' id='word_1_328' title='bbox 1543 905 1573 933; x_wconf 88' lang='lat' dir='ltr'>et</span> <span class='ocrx_word' id='word_1_329' title='bbox 1599 899 1749 940; x_wconf 86' lang='lat' dir='ltr'>decretis,</span> <span class='ocrx_word' id='word_1_330' title='bbox 1775 899 1902 932; x_wconf 87' lang='lat' dir='ltr'>etiamsi</span> <span class='ocrx_word' id='word_1_331' title='bbox 1927 899 1961 932; x_wconf 91' lang='lat' dir='ltr'>in</span> 
     </span>
     <span class='ocr_line' id='line_1_63' title="bbox 1221 953 1962 996; baseline 0 -10"><span class='ocrx_word' id='word_1_332' title='bbox 1221 953 1265 986; x_wconf 89' lang='lat' dir='ltr'>eis</span> <span class='ocrx_word' id='word_1_333' title='bbox 1302 954 1341 986; x_wconf 91' lang='lat' dir='ltr'>de</span> <span class='ocrx_word' id='word_1_334' title='bbox 1371 954 1492 986; x_wconf 90' lang='lat' dir='ltr'>eisdem</span> <span class='ocrx_word' id='word_1_335' title='bbox 1525 953 1749 996; x_wconf 86' lang='lat' dir='ltr'>praesentibus</span> <span class='ocrx_word' id='word_1_336' title='bbox 1785 962 1962 996; x_wconf 87' lang='lat' dir='ltr'>earumque</span> 
     </span>
     <span class='ocr_line' id='line_1_64' title="bbox 1222 1004 1962 1049; baseline 0 -10"><span class='ocrx_word' id='word_1_337' title='bbox 1222 1012 1288 1040; x_wconf 89' lang='lat' dir='ltr'>toto</span> <span class='ocrx_word' id='word_1_338' title='bbox 1314 1012 1428 1040; x_wconf 88' lang='lat' dir='ltr'>tenore</span> <span class='ocrx_word' id='word_1_339' title='bbox 1446 1017 1481 1040; x_wconf 88' lang='lat' dir='ltr'>ac</span> <span class='ocrx_word' id='word_1_340' title='bbox 1499 1006 1573 1039; x_wconf 76' lang='lat' dir='ltr'>data</span> <span class='ocrx_word' id='word_1_341' title='bbox 1593 1005 1743 1049; x_wconf 86' lang='lat' dir='ltr'>specialis</span> <span class='ocrx_word' id='word_1_342' title='bbox 1764 1005 1888 1039; x_wconf 89' lang='lat' dir='ltr'>mentio</span> <span class='ocrx_word' id='word_1_343' title='bbox 1905 1004 1962 1039; x_wconf 87' lang='lat' dir='ltr'>fie-</span> 
     </span>
     <span class='ocr_line' id='line_1_65' title="bbox 1221 1058 1962 1102; baseline -0.001 -10"><span class='ocrx_word' id='word_1_344' title='bbox 1221 1065 1279 1099; x_wconf 88' lang='lat' dir='ltr'>ret,</span> <span class='ocrx_word' id='word_1_345' title='bbox 1305 1070 1363 1102; x_wconf 89' lang='lat' dir='ltr'>pro</span> <span class='ocrx_word' id='word_1_346' title='bbox 1391 1065 1538 1102; x_wconf 88' lang='lat' dir='ltr'>tempore</span> <span class='ocrx_word' id='word_1_347' title='bbox 1559 1059 1649 1092; x_wconf 85' lang='lat' dir='ltr'>factis</span> <span class='ocrx_word' id='word_1_348' title='bbox 1676 1065 1708 1092; x_wconf 91' lang='lat' dir='ltr'>et</span> <span class='ocrx_word' id='word_1_349' title='bbox 1728 1058 1906 1099; x_wconf 90' lang='lat' dir='ltr'>concessis,</span> <span class='ocrx_word' id='word_1_350' title='bbox 1926 1069 1962 1091; x_wconf 88' lang='lat' dir='ltr'>ac</span> 
     </span>
     <span class='ocr_line' id='line_1_66' title="bbox 1221 1110 1961 1154; baseline -0.001 -10"><span class='ocrx_word' id='word_1_351' title='bbox 1221 1112 1378 1145; x_wconf 80' lang='lat' dir='ltr'>faciendis</span> <span class='ocrx_word' id='word_1_352' title='bbox 1404 1118 1435 1145; x_wconf 91' lang='lat' dir='ltr'>et</span> <span class='ocrx_word' id='word_1_353' title='bbox 1460 1111 1692 1152; x_wconf 87' lang='lat' dir='ltr'>concedendis,</span> <span class='ocrx_word' id='word_1_354' title='bbox 1714 1110 1961 1154; x_wconf 87' lang='lat' dir='ltr'>comprehendi,</span> 
     </span>
     <span class='ocr_line' id='line_1_67' title="bbox 1221 1163 1960 1208; baseline 0 -12"><span class='ocrx_word' id='word_1_355' title='bbox 1221 1165 1289 1202; x_wconf 84' lang='lat' dir='ltr'>sed,</span> <span class='ocrx_word' id='word_1_356' title='bbox 1311 1171 1472 1208; x_wconf 80' lang='lat' dir='ltr'>tamquam</span> <span class='ocrx_word' id='word_1_357' title='bbox 1489 1165 1528 1197; x_wconf 88' lang='lat' dir='ltr'>ad</span> <span class='ocrx_word' id='word_1_358' title='bbox 1549 1164 1653 1197; x_wconf 88' lang='lat' dir='ltr'>maius</span> <span class='ocrx_word' id='word_1_359' title='bbox 1671 1164 1791 1197; x_wconf 89' lang='lat' dir='ltr'>bonum</span> <span class='ocrx_word' id='word_1_360' title='bbox 1809 1168 1841 1197; x_wconf 89' lang='lat' dir='ltr'>et</span> <span class='ocrx_word' id='word_1_361' title='bbox 1858 1163 1960 1197; x_wconf 83' lang='lat' dir='ltr'>eccle-</span> 
     </span>
     <span class='ocr_line' id='line_1_68' title="bbox 1221 1217 1961 1260; baseline 0 -11"><span class='ocrx_word' id='word_1_362' title='bbox 1221 1217 1425 1250; x_wconf 85' lang='lat' dir='ltr'>siasticarum</span> <span class='ocrx_word' id='word_1_363' title='bbox 1465 1227 1680 1260; x_wconf 87' lang='lat' dir='ltr'>personarum</span> <span class='ocrx_word' id='word_1_364' title='bbox 1720 1217 1961 1260; x_wconf 88' lang='lat' dir='ltr'>praedictarum</span> 
     </span>
     <span class='ocr_line' id='line_1_69' title="bbox 1222 1269 1963 1312; baseline 0 -12"><span class='ocrx_word' id='word_1_365' title='bbox 1222 1269 1361 1311; x_wconf 86' lang='lat' dir='ltr'>quietem</span> <span class='ocrx_word' id='word_1_366' title='bbox 1381 1280 1417 1302; x_wconf 84' lang='lat' dir='ltr'>ac</span> <span class='ocrx_word' id='word_1_367' title='bbox 1442 1280 1554 1312; x_wconf 85' lang='lat' dir='ltr'>pacem</span> <span class='ocrx_word' id='word_1_368' title='bbox 1581 1269 1759 1308; x_wconf 88' lang='lat' dir='ltr'>tendentes,</span> <span class='ocrx_word' id='word_1_369' title='bbox 1779 1278 1910 1312; x_wconf 88' lang='lat' dir='ltr'>semper</span> <span class='ocrx_word' id='word_1_370' title='bbox 1930 1272 1963 1301; x_wconf 87' lang='lat' dir='ltr'>et</span> 
     </span>
     <span class='ocr_line' id='line_1_70' title="bbox 1221 1321 1962 1365; baseline 0 -12"><span class='ocrx_word' id='word_1_371' title='bbox 1221 1321 1353 1354; x_wconf 87' lang='lat' dir='ltr'>omnino</span> <span class='ocrx_word' id='word_1_372' title='bbox 1378 1322 1417 1354; x_wconf 91' lang='lat' dir='ltr'>ab</span> <span class='ocrx_word' id='word_1_373' title='bbox 1443 1322 1506 1354; x_wconf 88' lang='lat' dir='ltr'>illis</span> <span class='ocrx_word' id='word_1_374' title='bbox 1533 1322 1645 1365; x_wconf 85' lang='lat' dir='ltr'>excipi,</span> <span class='ocrx_word' id='word_1_375' title='bbox 1665 1327 1711 1363; x_wconf 89' lang='lat' dir='ltr'>et,</span> <span class='ocrx_word' id='word_1_376' title='bbox 1735 1321 1862 1365; x_wconf 89' lang='lat' dir='ltr'>quoties</span> <span class='ocrx_word' id='word_1_377' title='bbox 1887 1321 1962 1354; x_wconf 82' lang='lat' dir='ltr'>illae</span> 
     </span>
     <span class='ocr_line' id='line_1_71' title="bbox 1222 1373 1963 1417; baseline 0 -11"><span class='ocrx_word' id='word_1_378' title='bbox 1222 1374 1427 1414; x_wconf 85' lang='lat' dir='ltr'>emanabunt,</span> <span class='ocrx_word' id='word_1_379' title='bbox 1454 1375 1548 1407; x_wconf 88' lang='lat' dir='ltr'>toties</span> <span class='ocrx_word' id='word_1_380' title='bbox 1574 1374 1604 1406; x_wconf 92' lang='lat' dir='ltr'>in</span> <span class='ocrx_word' id='word_1_381' title='bbox 1631 1374 1804 1417; x_wconf 86' lang='lat' dir='ltr'>pristinum</span> <span class='ocrx_word' id='word_1_382' title='bbox 1830 1379 1862 1407; x_wconf 89' lang='lat' dir='ltr'>et</span> <span class='ocrx_word' id='word_1_383' title='bbox 1886 1373 1963 1407; x_wconf 83' lang='lat' dir='ltr'>vali-</span> 
     </span>
     <span class='ocr_line' id='line_1_72' title="bbox 1222 1427 1962 1471; baseline 0.003 -13"><span class='ocrx_word' id='word_1_384' title='bbox 1222 1427 1389 1460; x_wconf 87' lang='lat' dir='ltr'>dissimum</span> <span class='ocrx_word' id='word_1_385' title='bbox 1408 1438 1444 1460; x_wconf 91' lang='lat' dir='ltr'>ac</span> <span class='ocrx_word' id='word_1_386' title='bbox 1462 1438 1535 1460; x_wconf 88' lang='lat' dir='ltr'>eum</span> <span class='ocrx_word' id='word_1_387' title='bbox 1564 1427 1596 1459; x_wconf 92' lang='lat' dir='ltr'>in</span> <span class='ocrx_word' id='word_1_388' title='bbox 1622 1438 1685 1471; x_wconf 88' lang='lat' dir='ltr'>quo</span> <span class='ocrx_word' id='word_1_389' title='bbox 1708 1432 1803 1460; x_wconf 85' lang='lat' dir='ltr'>antea</span> <span class='ocrx_word' id='word_1_390' title='bbox 1829 1437 1962 1470; x_wconf 90' lang='lat' dir='ltr'>quomo-</span> 
     </span>
     <span class='ocr_line' id='line_1_73' title="bbox 1223 1479 1963 1523; baseline -0.001 -10"><span class='ocrx_word' id='word_1_391' title='bbox 1223 1480 1345 1513; x_wconf 90' lang='lat' dir='ltr'>dolibet</span> <span class='ocrx_word' id='word_1_392' title='bbox 1371 1485 1463 1514; x_wconf 87' lang='lat' dir='ltr'>erant</span> <span class='ocrx_word' id='word_1_393' title='bbox 1491 1485 1608 1513; x_wconf 88' lang='lat' dir='ltr'>statum</span> <span class='ocrx_word' id='word_1_394' title='bbox 1642 1479 1818 1520; x_wconf 82' lang='lat' dir='ltr'>restitutas,</span> <span class='ocrx_word' id='word_1_395' title='bbox 1843 1479 1963 1523; x_wconf 88' lang='lat' dir='ltr'>reposi-</span> 
     </span>
     <span class='ocr_line' id='line_1_74' title="bbox 1224 1533 1962 1577; baseline 0 -11"><span class='ocrx_word' id='word_1_396' title='bbox 1224 1538 1269 1566; x_wconf 89' lang='lat' dir='ltr'>tas</span> <span class='ocrx_word' id='word_1_397' title='bbox 1295 1539 1325 1566; x_wconf 93' lang='lat' dir='ltr'>et</span> <span class='ocrx_word' id='word_1_398' title='bbox 1350 1534 1496 1577; x_wconf 86' lang='lat' dir='ltr'>plenarie</span> <span class='ocrx_word' id='word_1_399' title='bbox 1514 1533 1739 1576; x_wconf 83' lang='lat' dir='ltr'>reintegratas,</span> <span class='ocrx_word' id='word_1_400' title='bbox 1757 1543 1794 1566; x_wconf 86' lang='lat' dir='ltr'>ac</span> <span class='ocrx_word' id='word_1_401' title='bbox 1819 1533 1858 1566; x_wconf 88' lang='lat' dir='ltr'>de</span> <span class='ocrx_word' id='word_1_402' title='bbox 1878 1543 1962 1566; x_wconf 86' lang='lat' dir='ltr'>novo</span> 
     </span>
     <span class='ocr_line' id='line_1_75' title="bbox 1223 1585 1963 1631; baseline 0.001 -13"><span class='ocrx_word' id='word_1_403' title='bbox 1223 1586 1317 1619; x_wconf 85' lang='lat' dir='ltr'>etiam</span> <span class='ocrx_word' id='word_1_404' title='bbox 1346 1587 1406 1620; x_wconf 89' lang='lat' dir='ltr'>sub</span> <span class='ocrx_word' id='word_1_405' title='bbox 1443 1597 1646 1631; x_wconf 87' lang='lat' dir='ltr'>quacumque</span> <span class='ocrx_word' id='word_1_406' title='bbox 1678 1585 1850 1630; x_wconf 88' lang='lat' dir='ltr'>posteriori</span> <span class='ocrx_word' id='word_1_407' title='bbox 1890 1586 1963 1619; x_wconf 75' lang='lat' dir='ltr'>data</span> 
     </span>
     <span class='ocr_line' id='line_1_76' title="bbox 1222 1633 1962 1683; baseline 0 -11"><span class='ocrx_word' id='word_1_408' title='bbox 1222 1640 1493 1683; x_wconf 85' lang='lat' dir='ltr'>quandocumque</span> <span class='ocrx_word' id='word_1_409' title='bbox 1520 1633 1669 1683; x_wconf 79' lang='lat' dir='ltr'>eligenda</span> <span class='ocrx_word' id='word_1_410' title='bbox 1694 1650 1864 1673; x_wconf 86' lang='lat' dir='ltr'>concessas</span> <span class='ocrx_word' id='word_1_411' title='bbox 1889 1649 1962 1673; x_wconf 90' lang='lat' dir='ltr'>esse</span> 
     </span>
     <span class='ocr_line' id='line_1_77' title="bbox 1222 1692 1961 1737; baseline 0 -12"><span class='ocrx_word' id='word_1_412' title='bbox 1222 1698 1252 1726; x_wconf 92' lang='lat' dir='ltr'>et</span> <span class='ocrx_word' id='word_1_413' title='bbox 1267 1694 1349 1733; x_wconf 89' lang='lat' dir='ltr'>fore,</span> <span class='ocrx_word' id='word_1_414' title='bbox 1365 1693 1477 1737; x_wconf 81' lang='lat' dir='ltr'>sicque</span> <span class='ocrx_word' id='word_1_415' title='bbox 1492 1700 1523 1727; x_wconf 90' lang='lat' dir='ltr'>et</span> <span class='ocrx_word' id='word_1_416' title='bbox 1536 1704 1599 1726; x_wconf 91' lang='lat' dir='ltr'>non</span> <span class='ocrx_word' id='word_1_417' title='bbox 1616 1693 1710 1726; x_wconf 84' lang='lat' dir='ltr'>aliter</span> <span class='ocrx_word' id='word_1_418' title='bbox 1727 1693 1758 1726; x_wconf 91' lang='lat' dir='ltr'>in</span> <span class='ocrx_word' id='word_1_419' title='bbox 1774 1692 1961 1736; x_wconf 87' lang='lat' dir='ltr'>praemissis</span> 
     </span>
     <span class='ocr_line' id='line_1_78' title="bbox 1221 1745 1963 1789; baseline 0 -11"><span class='ocrx_word' id='word_1_420' title='bbox 1221 1746 1373 1778; x_wconf 87' lang='lat' dir='ltr'>omnihus</span> <span class='ocrx_word' id='word_1_421' title='bbox 1395 1752 1425 1779; x_wconf 91' lang='lat' dir='ltr'>et</span> <span class='ocrx_word' id='word_1_422' title='bbox 1445 1746 1580 1789; x_wconf 80' lang='lat' dir='ltr'>singolis</span> <span class='ocrx_word' id='word_1_423' title='bbox 1598 1756 1656 1789; x_wconf 88' lang='lat' dir='ltr'>per</span> <span class='ocrx_word' id='word_1_424' title='bbox 1674 1756 1899 1789; x_wconf 87' lang='lat' dir='ltr'>quoscumque</span> <span class='ocrx_word' id='word_1_425' title='bbox 1917 1745 1963 1778; x_wconf 91' lang='lat' dir='ltr'>iu-</span> 
     </span>
     <span class='ocr_line' id='line_1_79' title="bbox 1221 1798 1963 1842; baseline 0 -11"><span class='ocrx_word' id='word_1_426' title='bbox 1221 1798 1309 1832; x_wconf 85' lang='lat' dir='ltr'>dices</span> <span class='ocrx_word' id='word_1_427' title='bbox 1324 1799 1504 1832; x_wconf 88' lang='lat' dir='ltr'>ordinarios</span> <span class='ocrx_word' id='word_1_428' title='bbox 1521 1800 1571 1832; x_wconf 85' lang='lat' dir='ltr'>vel</span> <span class='ocrx_word' id='word_1_429' title='bbox 1586 1799 1767 1842; x_wconf 82' lang='lat' dir='ltr'>delegatos,</span> <span class='ocrx_word' id='word_1_430' title='bbox 1783 1799 1879 1832; x_wconf 88' lang='lat' dir='ltr'>etiam</span> <span class='ocrx_word' id='word_1_431' title='bbox 1894 1809 1963 1832; x_wconf 86' lang='lat' dir='ltr'>cau-</span> 
     </span>
     <span class='ocr_line' id='line_1_80' title="bbox 1221 1852 1963 1895; baseline 0 -11"><span class='ocrx_word' id='word_1_432' title='bbox 1221 1863 1328 1885; x_wconf 84' lang='lat' dir='ltr'>sarum</span> <span class='ocrx_word' id='word_1_433' title='bbox 1361 1852 1470 1895; x_wconf 88' lang='lat' dir='ltr'>palatii</span> <span class='ocrx_word' id='word_1_434' title='bbox 1503 1852 1673 1895; x_wconf 87' lang='lat' dir='ltr'>apostolici</span> <span class='ocrx_word' id='word_1_435' title='bbox 1706 1852 1891 1892; x_wconf 86' lang='lat' dir='ltr'>auditores,</span> <span class='ocrx_word' id='word_1_436' title='bbox 1926 1862 1963 1885; x_wconf 85' lang='lat' dir='ltr'>ac</span> 
     </span>
     <span class='ocr_line' id='line_1_81' title="bbox 1220 1905 1962 1948; baseline 0.001 -11"><span class='ocrx_word' id='word_1_437' title='bbox 1220 1905 1403 1948; x_wconf 85' lang='lat' dir='ltr'>praedictae</span> <span class='ocrx_word' id='word_1_438' title='bbox 1428 1905 1458 1938; x_wconf 89' lang='lat' dir='ltr'>S.</span> <span class='ocrx_word' id='word_1_439' title='bbox 1480 1905 1517 1938; x_wconf 83' lang='lat' dir='ltr'>R.</span> <span class='ocrx_word' id='word_1_440' title='bbox 1538 1905 1572 1938; x_wconf 91' lang='lat' dir='ltr'>E.</span> <span class='ocrx_word' id='word_1_441' title='bbox 1592 1905 1788 1945; x_wconf 85' lang='lat' dir='ltr'>cardinales,</span> <span class='ocrx_word' id='word_1_442' title='bbox 1807 1906 1902 1938; x_wconf 88' lang='lat' dir='ltr'>etiam</span> <span class='ocrx_word' id='word_1_443' title='bbox 1921 1906 1962 1939; x_wconf 87' lang='lat' dir='ltr'>de</span> 
     </span>
     <span class='ocr_line' id='line_1_82' title="bbox 1220 1958 1962 2002; baseline 0.004 -12"><span class='ocrx_word' id='word_1_444' title='bbox 1220 1959 1321 1992; x_wconf 87' lang='lat' dir='ltr'>latere</span> <span class='ocrx_word' id='word_1_445' title='bbox 1343 1960 1469 2002; x_wconf 77' lang='lat' dir='ltr'>legatos</span> <span class='ocrx_word' id='word_1_446' title='bbox 1489 1965 1543 1992; x_wconf 87' lang='lat' dir='ltr'>aut</span> <span class='ocrx_word' id='word_1_447' title='bbox 1563 1959 1770 2001; x_wconf 79' lang='lat' dir='ltr'>vicelegatOS,</span> <span class='ocrx_word' id='word_1_448' title='bbox 1791 1958 1962 2002; x_wconf 87' lang='lat' dir='ltr'>dictaeque</span> 
     </span>
     <span class='ocr_line' id='line_1_83' title="bbox 1220 2012 1962 2056; baseline 0 -11"><span class='ocrx_word' id='word_1_449' title='bbox 1220 2012 1310 2045; x_wconf 87' lang='lat' dir='ltr'>Sedis</span> <span class='ocrx_word' id='word_1_450' title='bbox 1325 2012 1472 2053; x_wconf 89' lang='lat' dir='ltr'>nuncios,</span> <span class='ocrx_word' id='word_1_451' title='bbox 1488 2018 1541 2045; x_wconf 89' lang='lat' dir='ltr'>aut</span> <span class='ocrx_word' id='word_1_452' title='bbox 1555 2012 1636 2045; x_wconf 89' lang='lat' dir='ltr'>alios</span> <span class='ocrx_word' id='word_1_453' title='bbox 1650 2022 1871 2055; x_wconf 87' lang='lat' dir='ltr'>quoscumque</span> <span class='ocrx_word' id='word_1_454' title='bbox 1886 2022 1962 2056; x_wconf 87' lang='lat' dir='ltr'>qua-</span> 
     </span>
     <span class='ocr_line' id='line_1_84' title="bbox 1220 2065 1962 2108; baseline 0.001 -11"><span class='ocrx_word' id='word_1_455' title='bbox 1220 2065 1265 2097; x_wconf 88' lang='lat' dir='ltr'>vis</span> <span class='ocrx_word' id='word_1_456' title='bbox 1283 2065 1481 2105; x_wconf 86' lang='lat' dir='ltr'>auctoritate,</span> <span class='ocrx_word' id='word_1_457' title='bbox 1499 2070 1668 2108; x_wconf 83' lang='lat' dir='ltr'>potestate,</span> <span class='ocrx_word' id='word_1_458' title='bbox 1687 2065 1911 2108; x_wconf 75' lang='lat' dir='ltr'>praerogativa</span> <span class='ocrx_word' id='word_1_459' title='bbox 1930 2070 1962 2099; x_wconf 87' lang='lat' dir='ltr'>et</span> 
     </span>
     <span class='ocr_line' id='line_1_85' title="bbox 1220 2118 1962 2162; baseline 0.003 -12"><span class='ocrx_word' id='word_1_460' title='bbox 1220 2118 1391 2161; x_wconf 81' lang='lat' dir='ltr'>privilegio</span> <span class='ocrx_word' id='word_1_461' title='bbox 1418 2118 1601 2160; x_wconf 80' lang='lat' dir='ltr'>fungentes,</span> <span class='ocrx_word' id='word_1_462' title='bbox 1619 2128 1655 2150; x_wconf 89' lang='lat' dir='ltr'>ac</span> <span class='ocrx_word' id='word_1_463' title='bbox 1679 2118 1804 2151; x_wconf 91' lang='lat' dir='ltr'>honore</span> <span class='ocrx_word' id='word_1_464' title='bbox 1822 2123 1853 2151; x_wconf 89' lang='lat' dir='ltr'>et</span> <span class='ocrx_word' id='word_1_465' title='bbox 1873 2128 1962 2162; x_wconf 83' lang='lat' dir='ltr'>prae·</span> 
     </span>
     <span class='ocr_line' id='line_1_86' title="bbox 1221 2170 1961 2214; baseline 0.003 -11"><span class='ocrx_word' id='word_1_466' title='bbox 1221 2170 1397 2204; x_wconf 80' lang='lat' dir='ltr'>eminentia</span> <span class='ocrx_word' id='word_1_467' title='bbox 1422 2171 1600 2214; x_wconf 81' lang='lat' dir='ltr'>fulgentes,</span> <span class='ocrx_word' id='word_1_468' title='bbox 1627 2171 1755 2204; x_wconf 75' lang='lat' dir='ltr'>sublata</span> <span class='ocrx_word' id='word_1_469' title='bbox 1780 2171 1825 2204; x_wconf 92' lang='lat' dir='ltr'>eis</span> <span class='ocrx_word' id='word_1_470' title='bbox 1850 2176 1880 2204; x_wconf 90' lang='lat' dir='ltr'>et</span> <span class='ocrx_word' id='word_1_471' title='bbox 1905 2181 1961 2205; x_wconf 89' lang='lat' dir='ltr'>eo-</span> 
     </span>
     <span class='ocr_line' id='line_1_87' title="bbox 1222 2224 1961 2268; baseline 0.001 -12"><span class='ocrx_word' id='word_1_472' title='bbox 1222 2235 1292 2257; x_wconf 86' lang='lat' dir='ltr'>rum</span> <span class='ocrx_word' id='word_1_473' title='bbox 1318 2224 1452 2257; x_wconf 87' lang='lat' dir='ltr'>cuilibet</span> <span class='ocrx_word' id='word_1_474' title='bbox 1487 2224 1596 2268; x_wconf 88' lang='lat' dir='ltr'>quavis</span> <span class='ocrx_word' id='word_1_475' title='bbox 1621 2224 1716 2257; x_wconf 89' lang='lat' dir='ltr'>aliter</span> <span class='ocrx_word' id='word_1_476' title='bbox 1740 2224 1903 2258; x_wconf 87' lang='lat' dir='ltr'>iudicandi</span> <span class='ocrx_word' id='word_1_477' title='bbox 1929 2229 1961 2258; x_wconf 85' lang='lat' dir='ltr'>et</span> 
     </span>
     <span class='ocr_line' id='line_1_88' title="bbox 1221 2276 1960 2320; baseline 0.003 -11"><span class='ocrx_word' id='word_1_478' title='bbox 1221 2276 1458 2320; x_wconf 85' lang='lat' dir='ltr'>interpretandi</span> <span class='ocrx_word' id='word_1_479' title='bbox 1480 2277 1629 2310; x_wconf 84' lang='lat' dir='ltr'>facultate</span> <span class='ocrx_word' id='word_1_480' title='bbox 1655 2282 1686 2310; x_wconf 87' lang='lat' dir='ltr'>et</span> <span class='ocrx_word' id='word_1_481' title='bbox 1710 2277 1907 2319; x_wconf 85' lang='lat' dir='ltr'>auctoritate,</span> <span class='ocrx_word' id='word_1_482' title='bbox 1927 2277 1960 2311; x_wconf 88' lang='lat' dir='ltr'>in</span> 
     </span>
     <span class='ocr_line' id='line_1_89' title="bbox 1221 2328 1956 2374; baseline 0.001 -12"><span class='ocrx_word' id='word_1_483' title='bbox 1221 2340 1427 2373; x_wconf 86' lang='lat' dir='ltr'>quocumque</span> <span class='ocrx_word' id='word_1_484' title='bbox 1463 2329 1584 2363; x_wconf 87' lang='lat' dir='ltr'>iudicio</span> <span class='ocrx_word' id='word_1_485' title='bbox 1606 2335 1636 2362; x_wconf 89' lang='lat' dir='ltr'>et</span> <span class='ocrx_word' id='word_1_486' title='bbox 1668 2328 1872 2374; x_wconf 84' lang='lat' dir='ltr'>quacumque</span> <span class='ocrx_word' id='word_1_487' title='bbox 1903 2331 1956 2363; x_wconf 84' lang='lat' dir='ltr'>in-</span> 
     </span>
     <span class='ocr_line' id='line_1_90' title="bbox 1220 2382 1959 2423; baseline 0.001 -8"><span class='ocrx_word' id='word_1_488' title='bbox 1220 2382 1339 2415; x_wconf 75' lang='lat' dir='ltr'>stantia</span> <span class='ocrx_word' id='word_1_489' title='bbox 1365 2382 1498 2416; x_wconf 89' lang='lat' dir='ltr'>iudicari</span> <span class='ocrx_word' id='word_1_490' title='bbox 1517 2387 1549 2415; x_wconf 86' lang='lat' dir='ltr'>et</span> <span class='ocrx_word' id='word_1_491' title='bbox 1567 2382 1693 2416; x_wconf 87' lang='lat' dir='ltr'>definiri</span> <span class='ocrx_word' id='word_1_492' title='bbox 1719 2383 1850 2423; x_wconf 88' lang='lat' dir='ltr'>debere,</span> <span class='ocrx_word' id='word_1_493' title='bbox 1870 2387 1912 2423; x_wconf 89' lang='lat' dir='ltr'>et,</span> <span class='ocrx_word' id='word_1_494' title='bbox 1932 2383 1959 2416; x_wconf 86' lang='lat' dir='ltr'>si</span> 
     </span>
     <span class='ocr_line' id='line_1_91' title="bbox 1219 2435 1959 2479; baseline 0.001 -11"><span class='ocrx_word' id='word_1_495' title='bbox 1219 2446 1313 2469; x_wconf 88' lang='lat' dir='ltr'>secus</span> <span class='ocrx_word' id='word_1_496' title='bbox 1339 2446 1436 2479; x_wconf 89' lang='lat' dir='ltr'>super</span> <span class='ocrx_word' id='word_1_497' title='bbox 1461 2435 1512 2468; x_wconf 89' lang='lat' dir='ltr'>his</span> <span class='ocrx_word' id='word_1_498' title='bbox 1538 2447 1555 2469; x_wconf 85' lang='lat' dir='ltr'>a</span> <span class='ocrx_word' id='word_1_499' title='bbox 1581 2446 1755 2479; x_wconf 88' lang='lat' dir='ltr'>quoquam,</span> <span class='ocrx_word' id='word_1_500' title='bbox 1775 2436 1887 2479; x_wconf 85' lang='lat' dir='ltr'>quavis</span> <span class='ocrx_word' id='word_1_501' title='bbox 1908 2447 1959 2470; x_wconf 83' lang='lat' dir='ltr'>au-</span> 
     </span>
     <span class='ocr_line' id='line_1_92' title="bbox 1219 2489 1959 2532; baseline 0.001 -11"><span class='ocrx_word' id='word_1_502' title='bbox 1219 2489 1377 2529; x_wconf 89' lang='lat' dir='ltr'>ctoritate,</span> <span class='ocrx_word' id='word_1_503' title='bbox 1396 2489 1538 2522; x_wconf 89' lang='lat' dir='ltr'>scienter</span> <span class='ocrx_word' id='word_1_504' title='bbox 1562 2490 1611 2522; x_wconf 92' lang='lat' dir='ltr'>vel</span> <span class='ocrx_word' id='word_1_505' title='bbox 1637 2489 1834 2532; x_wconf 78' lang='lat' dir='ltr'>ignoranter,</span> <span class='ocrx_word' id='word_1_506' title='bbox 1858 2490 1959 2523; x_wconf 89' lang='lat' dir='ltr'>conti-</span> 
     </span>
     <span class='ocr_line' id='line_1_93' title="bbox 1219 2542 1959 2585; baseline 0.004 -11"><span class='ocrx_word' id='word_1_507' title='bbox 1219 2543 1301 2585; x_wconf 74' lang='lat' dir='ltr'>gerit</span> <span class='ocrx_word' id='word_1_508' title='bbox 1327 2542 1486 2582; x_wconf 83' lang='lat' dir='ltr'>attentari,</span> <span class='ocrx_word' id='word_1_509' title='bbox 1514 2542 1637 2575; x_wconf 86' lang='lat' dir='ltr'>irritum</span> <span class='ocrx_word' id='word_1_510' title='bbox 1663 2552 1699 2575; x_wconf 87' lang='lat' dir='ltr'>ac</span> <span class='ocrx_word' id='word_1_511' title='bbox 1725 2543 1820 2575; x_wconf 87' lang='lat' dir='ltr'>inane</span> <span class='ocrx_word' id='word_1_512' title='bbox 1847 2543 1959 2577; x_wconf 87' lang='lat' dir='ltr'>decer-</span> 
     </span>
     <span class='ocr_line' id='line_1_94' title="bbox 1219 2595 1616 2631; baseline 0.008 -3"><span class='ocrx_word' id='word_1_513' title='bbox 1219 2595 1324 2629; x_wconf 88' lang='lat' dir='ltr'>nimus</span> <span class='ocrx_word' id='word_1_514' title='bbox 1351 2600 1383 2628; x_wconf 88' lang='lat' dir='ltr'>et</span> <span class='ocrx_word' id='word_1_515' title='bbox 1407 2595 1616 2631; x_wconf 81' lang='lat' dir='ltr'>declaramus.</span> 
     </span>
    </p>
   </div>
   <div class='ocr_carea' id='block_1_6' title="bbox 1969 217 2152 246">
    <p class='ocr_par' dir='ltr' id='par_1_6' title="bbox 1969 217 2152 246">
     <span class='ocr_line' id='line_1_95' title="bbox 1969 217 2152 246; baseline 0.022 -4"><span class='ocrx_word' id='word_1_516' title='bbox 1969 218 2017 244; x_wconf 74' lang='lat' dir='ltr'>An.</span> <span class='ocrx_word' id='word_1_517' title='bbox 2034 217 2061 243; x_wconf 90' lang='lat' dir='ltr'>C.</span> <span class='ocrx_word' id='word_1_518' title='bbox 2085 218 2152 246; x_wconf 70' lang='lat'>1725</span> 
     </span>
    </p>
   </div>
  </div>
 </body>
</html>
