2170 3147
226 229 278 255 An.
300 229 329 256 c.
347 228 415 255 ¹72ss
461 218 526 252 30⁶2

251 1625 374 1649 clausulae.

420 277 577 309 sidiorum
601 276 756 308 dotalium
775 281 828 308 aut
847 275 975 308 illorum
995 276 1163 307 occasione

421 329 490 362 fieri
517 330 620 362 solitis
639 327 803 361 'iuteresse
831 329 963 361 minime
981 335 1165 366 teneantur,

421 383 477 415 sed
495 383 580 415 iutra
597 382 683 414 idem
701 383 982 415 conservatorium
1005 382 1165 414 sanctissi-

420 446 507 468 mum
528 436 747 468 Eucharistiae
768 441 1006 468 sacramentum
1025 446 1165 473 sumere,

420 489 522 521 aliave
549 489 601 532 pia
635 500 753 530 opera,
782 488 848 521 sive
876 500 893 521 a
920 489 1023 522 dictae
1060 488 1167 521 archi-

421 542 693 575 confraternitatis
708 542 845 581 statutis,
857 542 921 575 sive
942 554 958 575 a
975 542 1165 586 quorumvis

421 599 613 629 testatorum
647 601 679 628 ct
709 596 840 639 piorum
876 596 1071 639 largitorum
1106 597 1166 629 dis-

420 648 640 691 positionibus
665 649 821 689 iniuncta,
840 649 1019 692 adimplere
1041 649 1167 692 possint

420 706 452 734 et
476 701 628 735 debeant.
651 701 780 735 Eisdem
800 713 875 735 vero
901 703 1086 746 neophytis,
1108 707 1166 735 sta-

422 754 477 787 tim
501 767 537 788 ac
555 756 800 788 matrimonium
817 757 1060 798 {contraxerint‚
1080 757 1165 799 quod

421 809 552 852 quidem
568 810 705 852 parochi
724 810 930 842 attestatione
949 821 965 842 a
984 810 1108 842 duobus
1129 820 1165 842 ex

422 863 583 906 deputatis
617 864 732 897 domus
766 866 839 907 piae
873 864 1058 907 praedictae
1091 863 1167 895 sul)-

420 917 538 960 scripta
564 917 695 961 probari
724 918 881 957 sufficiat,
909 918 958 950 vel
992 918 1024 950 in
1056 917 1166 960 aliquo

421 970 613 1003 monialium
638 971 838 1004 monasterio
861 970 1099 1014 professionem
1120 981 1167 1003 re-

421 1025 566 1065 gularem
593 1035 651 1067 per
677 1025 762 1067 ipsas
790 1024 948 1057 moniales
968 1024 1066 1056 emitti
1090 1035 1167 1056 con-

421 1083 544 1110 suetam
571 1088 727 1122 expresse
753 1078 928 1117 emiserint,
949 1078 1093 1111 subsidia
1111 1079 1166 1111 do-

424 1132 499 1165 talia
532 1133 578 1165 eis
603 1138 638 1164 ut
662 1132 846 1174 praesertur
873 1132 1054 1174 assignata,
1088 1133 1167 1165 libe-

422 1194 475 1224 re,
502 1190 662 1228 prompte,
680 1186 834 1228 nullaque
853 1185 1045 1228 interposita
1067 1189 1166 1226 mora,

421 1242 452 1270 et
485 1239 609 1281 absque
643 1239 709 1271 ulla
741 1238 889 1271 cautione
927 1240 1163 1281 persolvantur.

420 1291 722 1333 Singulas-demum
748 1292 931 1335 neophytas
950 1293 1109 1334 praefatas
1127 1294 1164 1325 ad

420 1346 514 1388 plura
546 1356 641 1388 quam
675 1346 737 1378 duo
772 1356 808 1378 ex
841 1351 983 1389 quatuor
1015 1347 1167 1379 subsidiis

420 1399 585 1432 dotalibus
622 1400 821 1443 supradictis
858 1410 917 1442 per
952 1406 1166 1434 memoratum

420 1452 618 1486 cardinalem
644 1459 865 1496 protectorem
891 1464 1095 1497 nequaquam
1113 1455 1167 1487 ad-

419 1505 503 1538 mitti
530 1516 586 1538 seu
611 1506 773 1538 nominari
797 1517 905 1549 posse,
938 1507 1052 1540 harum
1083 1508 1167 1541 serie

421 1559 591 1592 statuimus
617 1565 650 1592 et
674 1560 874 1593 ordinamus.

465 1613 479 1656 ἓ
503 1612 535 1646 5.
558 1613 800 1654 DecernenteS,
827 1614 958 1647 easdem
973 1621 1167 1658 praesentes

420 1666 546 1699 litteras
568 1677 701 1709 semper
725 1666 845 1707 firmas,
867 1667 988 1700 validas
1007 1673 1038 1700 et
1060 1668 1166 1701 effica-

420 1730 474 1753 ces
495 1719 636 1753 existere
662 1725 693 1752 et
719 1720 804 1759 fore,
831 1730 974 1763 suosque
1000 1721 1168 1763 plenarios

419 1779 451 1807 et
476 1771 625 1817 integros*
647 1773 782 1807 effectus
810 1773 918 1806 sortiri
942 1780 973 1807 et
997 1775 1166 1815 obtinere,

381 1859 384 1862 ,
418 1838 455 1861 ac
480 1827 657 1871 neophytis
682 1827 915 1861 conservatorii
947 1829 1102 1871 praedicti
1133 1829 1165 1861 in

420 1881 573 1914 omnibus
594 1887 626 1914 et
643 1892 703 1925 per
718 1883 828 1914 omnia
849 1882 1042 1924 plenissime
1057 1881 1166 1915 sutfra-

420 1935 498 1978 gari,
518 1941 550 1968 et
568 1935 606 1968 ab
632 1935 714 1976 illis,
740 1935 779 1968 ad
802 1946 882 1978 quos
907 1940 1034 1979 spectat
1058 1942 1090 1968 et
1107 1947 1165 1979 pro

419 1995 566 2033 tempore
581 1989 854 2033 quandocumque
869 1989 1047 2032 spectabit,
1063 1989 1166 2023 invio-

419 2042 563 2075 labiliter
583 2041 768 2081 observari,
788 2041 901 2084 sicque
920 2042 952 2074 in
974 2043 1164 2085 praemissis

419 2106 478 2138 per
510 2107 734 2139 quoscumque
767 2096 894 2129 iudices
918 2096 1105 2129 ordinarios
1135 2102 1167 2129 et

419 2149 612 2192 delegatos,
637 2150 733 2182 etiam
759 2160 929 2182 causarum
951 2150 1065 2193 palatii
1089 2161 1165 2193 apo-

419 2202 524 2236 stolici
543 2202 721 2244 auditores,
739 2202 879 2236 iudicari
905 2208 936 2236 et
960 2202 1088 2236 definiri
1115 2204 1165 2236 de-

419 2256 497 2289 bere
516 2284 523 2296 ‚
559 2268 596 2290 ac
633 2257 760 2289 irritum
796 2262 827 2290 et
863 2256 961 2290 inane
1005 2257 1030 2289 si
1072 2268 1165 2291 secus

420 2321 519 2353 super
540 2311 591 2343 his
609 2323 625 2343 a
643 2322 818 2354 quoquam,
838 2311 950 2354 quavis
968 2311 1164 2344 auctoritate

420 2363 566 2396 scienter
596 2365 645 2397 vel
673 2363 879 2406 ignoranter,
909 2364 1086 2406 contigerit
1120 2368 1166 2398 at-

422 2417 553 2449 tentari.
581 2417 649 2449 Non
673 2418 877 2450 obstantibus
904 2418 1111 2461 praemissis,
1130 2428 1166 2451 ac

421 2471 681 2513 supradictorum
720 2471 934 2504 testatorum¹
969 2477 1001 2504 et
1036 2471 1163 2515 piorum

421 2523 611 2566 largitorum
629 2523 640 2540 ‘²
664 2524 786 2557 ultimis
816 2524 1054 2564 voluntatibus,
1086 2535 1164 2568 quas

459 2597 467 2621 1
493 2594 562 2621 Edit.
586 2594 664 2621 Μαίη.
687 2594 768 2621 habet
789 2598 1031 2622 eestamentommz
1052 2598 1090 2628 (R.
1115 2596 1163 2628 T.).

457 2639 473 2666 2
495 2639 656 2666 l'articulam
678 2641 703 2666 cl
724 2638 785 2665 hiuc
805 2638 946 2665 abiiciuius
968 2641 1004 2674 (n,
1023 2643 1070 2673 T.).

1004 226 1186 250 Brittaniam
1212 225 1369 250 ROMANUM
1962 225 2012 254 An.
2033 226 2061 254 C.
2079 227 2146 256 17²6

1210 283 1344 319 propter
1380 275 1560 319 praemissa
1595 275 1796 309 sufficienter
1831 280 1862 308 et
1901 286 1952 308 ex-

1210 340 1319 371 presse
1346 336 1591 369 commutamus,
1608 340 1644 362 ac
1662 328 1951 362 constitutionibus

1210 388 1241 414 et
1269 382 1532 415 ordinationibus
1570 383 1783 425 apostolicis,
1819 392 1952 414 necnon

1210 435 1315 468 dictae
1334 436 1713 475 archiconfraternitatis,
1730 436 1869 478 aliisque
1888 434 1953 478 qui-

1210 489 1332 528 busviS,
1354 490 1449 521 ctiam
1477 489 1676 527 iuramento,
1704 487 1953 521 confirmatione

1209 543 1410 586 apostolica.
1437 544 1484 576 vel
1511 542 1622 586 quavis
1641 542 1793 575 firmitate
1815 542 1875 575 alia
1902 552 1954 575 ro-

1209 596 1350 635 boratis,
1383 595 1518 634 statutis,
1552 595 1674 635 usibus,
1704 596 1796 638 stylis
1823 600 1854 628 et
1879 605 1955 628 con-

1209 649 1445 689 suetudinibus,
1462 649 1639 692 privilegiis
1653 659 1799 692 quoque,
1818 648 1954 682 indultis

1209 709 1241 736 et
1258 703 1377 736 litteris
1391 702 1584 746 apostolicis
1598 702 1629 734 in
1649 703 1846 735 contrarium
1865 712 1956 746 prae-

1210 756 1387 789 missorum
1413 756 1664 799 quomodolibet
1686 756 1860 796 concessis,
1881 766 1955 788 con-

1210 809 1343 842 firmatis
1375 814 1407 842 et
1432 809 1619 849 innovatis3
1648 810 1767 853 quibus
1801 809 1954 842 omnibus

1211 869 1242 895 et
1267 863 1426 906 singulis,
1454 862 1586 895 illorum
1615 869 1747 896 tenores
1773 862 1955 906 praesenti-

1209 917 1270 949 bus
1282 923 1347 960 'pro
1362 917 1459 960 plene
1475 922 1506 949 et
1520 916 1721 949 sufficienter
1737 916 1901 959 expressis
1919 926 1955 948 ac

1210 971 1249 1003 ad
1274 971 1407 1002 verbum
1432 969 1566 1002 insertis
1588 969 1765 1010 habentes,
1791 969 1857 1002 illis
1874 968 1954 1002 alias

1210 1024 1241 1056 in
1282 1035 1339 1057 suo
1365 1025 1482 1057 robore
1505 1023 1750 1067 permansuris,
1783 1023 1823 1056 ad
1861 1033 1956 1066 prae-

1210 1077 1384 1110 missorum
1410 1076 1580 1116 effectum,
1599 1077 1658 1109 hac
1678 1077 1749 1109 vice
1774 1076 1954 1116 dumtaxat,

1209 1131 1401 1174 specialiter
1415 1137 1446 1164 et
1461 1141 1618 1174 expresse
1635 1130 1853 1172 derogamus;
1873 1134 1958 1163 cete-

1211 1185 1320 1228 risque
1347 1184 1519 1217 contrariis
1547 1184 1821 1228 quibuscumque.

1254 1238 1365 1270 Datum
1393 1238 1531 1277 Romae,
1551 1237 1637 1280 apud
1661 1237 1692 1270 S.
1723 1237 1870 1278 Petrum,
1895 1236 1955 1270 sub

1210 1292 1331 1324 annulo
1372 1291 1566 1329 piscatoris,
1613 1291 1665 1323 die
1712 1300 1767 1324 vu1
1818 1290 1956 1323 ianuarii

1210 1354 1380 1383 MDccxxvl,
1406 1343 1616 1387 pontificatus
1643 1343 1746 1377 nostri
1765 1353 1850 1376 anno
1875 1353 1908 1377 11.

1245 1407 1307 1434 Dat.
1330 1406 1373 1433 die
1393 1406 1408 1433 8
1429 1405 1546 1433 ianuarii
1569 1405 1647 1440 1726,
1670 1404 1767 1441 pontif.
1789 1413 1860 1432 anno
1879 1411 1907 1432 u.

1555 1550 1617 1584 CH.

1214 1632 1436 1674 Confirmatio·
1469 1632 1659 1664 constitutio
1699 1631 1873 1665 Clementis
1905 1630 1957 1664 IX

1253 1696 1351 1728 super
1374 1684 1531 1728 facultate
1555 1695 1654 1717 novas
1674 1684 1824 1727 erigendi
1847 1684 1956 1717 domos

1255 1739 1443 1773 Carmelitis
1468 1739 1683 1772 Discalcealis
1708 1737 1887 1772 concessoi'.

1400 1819 1582 1846 Benedictus
1605 1819 1686 1854 Papa
1705 1819 1786 1850 xm.

1330 1864 1366 1890 ad
1385 1867 1565 1897 perpetuam
1584 1864 1630 1890 rei
1652 1863 1835 1890 memoriam.

1253 1937 1267 1980 ἓ
1288 1936 1317 1968 1.
1335 1935 1421 1968 Alias
1441 1940 1633 1968 emanarunt
1651 1946 1667 1967 a
1687 1934 1789 1967 felicis
1805 1934 2150 1990 recorda*cu...‘0³3{¹13²⁵¹⁰'1³{

1211 1989 1308 2022 tionis
1334 1989 1502 2022 Clemente
1529 1988 1614 2031 Papa
1633 1988 1671 2020 IX
1698 1987 2150 2031 praedecessorecqntismanseoii-

1966 2024 2085 2042 stitutione<
2097 2023 2150 2043 Pau·

1210 2049 1321 2076 nostro
1356 2043 1484 2075 litterae
1511 2043 1542 2074 in
1576 2041 1673 2074 simili
1708 2042 1809 2074 forma
1844 2040 2150 2101 B¹'‘³V³⁵¹.}÷th²,3s.?.¹,³33

1211 2097 1331 2130 tenoris
1357 2095 1536 2139 sequentis,
1562 2095 1731 2128 videlicet:
1965 2102 2150 2147 praedicamur·

1951 2148 1956 2154 ,
1974 2133 1997 2148 as
2034 2129 2150 2153 praedictis

1255 2150 1401 2184 Clemens
1425 2149 1498 2183 ΡΡ.
1525 2149 1598 2188 IX,
1626 2148 1669 2181 ad
1693 2148 1885 2191 perpetuam
1908 2154 2078 2203 '’ms-'fsflhi5n
2098 2161 2150 2177 cou-

1208 2204 1412 2236 memoriam.
1451 2202 1615 2235 Ecclesiae
1652 2201 1835 2234 catholicae
1870 2201 1956 2244 regi·
2081 2197 2087 2203 ’

1209 2256 1312 2297 mini,
1340 2255 1465 2288 meritis
1502 2255 1577 2288 licet
1609 2255 1811 2298 imparibus,
1845 2254 1956 2288 divina

1209 2311 1426 2354 dispositione
1452 2309 1696 2353 praesidentes,
1725 2309 1801 2350 illa,
1828 2319 1911 2352 quae
1937 2319 1955 2341 a

1209 2364 1364 2397 Romanis
1399 2363 1608 2396 Pontificibus
1643 2361 1954 2406 praedecessoribus

1210 2418 1332 2451 nostris
1358 2417 1397 2450 ad
1431 2417 1530 2450 divini
1569 2417 1673 2449 cultus
1713 2427 1749 2449 ac
1783 2414 1953 2458 religionis

1209 2472 1405 2515 piorumque
1422 2481 1560 2514 operum
1579 2469 1816 2502 incrementum
1835 2474 1866 2501 et
1880 2478 1955 2511 pro-

1246 2553 1255 2577 1
1280 2550 1441 2578 Huiusmodi
1462 2550 1618 2577 constitutio
1639 2549 1704 2576 edit.
1732 2549 1782 2576 suit
1802 2555 1952 2583 moetxvin,

1208 2595 1252 2622 die
1272 2596 1288 2621 6
1308 2595 1429 2621 octobris
1443 2616 1449 2627 ‚
1470 2595 1567 2630 pontif.
1588 2601 1625 2628 11,
1647 2598 1673 2620 et
1699 2593 1744 2620 hic
1764 2593 1880 2621 refertur
1900 2594 1954 2620 una

1209 2648 1269 2667 cum
1290 2640 1349 2667 aliis
1370 2640 1445 2667 Pauli
1469 2640 1485 2666 V
1507 2641 1533 2667 et
1553 2638 1676 2674 Gregorii
1696 2638 1751 2665 XV.
