2170 3147
252 220 303 246 An.
321 219 348 246 c.
370 219 440 247 1729
488 210 552 244 784

253 387 438 437 i.‘L‘²‘”1:f.‘7:.-'¹¹:'3
476 429 480 434 .
703 428 707 432 .
947 427 951 432 .
986 427 996 436 Ἰ
1083 427 1088 432 .
1132 427 1137 432 .

293 474 303 486 Δ
322 475 324 483 Ι
354 449 372 485 J
411 440 499 461 minis
519 429 650 460 fratrum
671 428 829 460 Minorum
851 433 952 459 sancti
975 427 1137 460 francisci
1155 427 1193 460 dc

256 439 359 464 pendnnt»

255 474 275 485 >1-
309 472 314 484 i
329 473 344 485 w

449 269 636 303 alimoniam
656 268 702 300 xix
730 268 897 311 consequi,
914 267 1087 310 minusque
1103 277 1195 310 prae-

450 322 586 355 fatarum
613 321 717 355 litium
745 331 901 364 expensas
929 321 1039 354 subire
1066 321 1192 353 valent:

494 375 555 418 53.
578 375 658 407 llinc
677 380 722 407 est
743 374 827 417 quod
849 384 919 413 nos,
943 373 1088 407 eiusdem
1106 373 1195 407 Ordi-

450 481 663 514 Oliserrantia
678 480 880 513 indemnitati
904 486 935 512 et
950 480 1064 523 quieti,
1083 480 1195 514 simul-

449 546 513 577 que
539 534 748 577 antiquorum
779 538 994 566 conventuum
1028 544 1192 568 conserva·

450 588 530 620 tioni
549 588 579 619 in
600 587 692 620 dictis
706 587 935 630 Hispaniarum
957 587 1195 631 1·egnis,quan-

450 648 516 674 tum
545 652 615 674 cnm
643 640 780 673 Domino
807 651 998 684 possumus,
1021 640 1196 674 salubriter

449 694 620 738 providere
646 694 835 738 cupientes,
867 705 902 727 ac
928 695 1001 727 litcs
1028 700 1059 727 et
1084 705 1195 727 causas

449 749 534 781 inter
549 747 681 780 eosdem
701 747 815 780 fratres
837 747 978 780 Minores
997 753 1028 780 et
1046 747 1127 780 alios
1142 747 1196 780 Or-

451 802 563 834 dinum
581 801 832 834 Mendicantium
854 801 1076 844 praefatorum
1096 812 1196 845 super

451 854 617 887 erectione
647 864 806 887 uovorum
839 858 1057 887 conventuum
1084 854 1195 887 liuius-

449 907 535 940 modi
552 917 660 940 coram
677 906 855 940 Ordinariis
872 907 1021 940 locorum
1036 908 1195 941 nunciovc

450 961 614 1005 praefatis,
635 960 772 1004 aliisque
796 961 955 994 iudicibus
978 967 1009 994 et
1031 961 1196 995 tribunali-

449 1016 509 1048 bus
525 1015 796 1059 ‹piilniscumque‚
812 1015 982 1049 occasione
1001 1015 1194 1048 diversitatis

450 1069 654 1102 decretorum
675 1079 691 1101 a
712 1068 795 1101 dicta
815 1068 1074 1111 Congrcgatione
1092 1069 1195 1102 cardi-

450 1122 571 1155 nalium
598 1126 835 1161 emanatoruin,
855 1132 911 1154 seu
931 1121 1117 1154 facultatum
1136 1133 1195 1155 no-

448 1185 505 1208 vos
523 1180 701 1208 conventus
731 1174 915 1217 praedictos
945 1175 1093 1217 erigendi
1119 1186 1196 1208 con-

450 1239 628 1268 cessarum,
643 1233 677 1259 ut
691 1228 886 1271 praefertur,
904 1229 952 1261 vel
968 1228 1045 1261 alias
1060 1240 1195 1272 quomo-

451 1281 575 1315 dolibet
601 1287 727 1314 exactas
759 1286 790 1314 et
822 1281 1003 1324 pendentes
1030 1284 1194 1325 (quarum

450 1334 595 1368 omnium
615 1340 645 1367 ct
665 1335 867 1377 singularum
887 1340 1004 1367 statum
1020 1340 1052 1368 ct
1070 1335 1192 1377 merita,

449 1388 647 1431 nominaque
684 1393 715 1421 ct
750 1388 945 1430 cognomina
982 1388 1127 1421 indicum
1164 1394 1196 1422 et

449 1441 703 1484 collitigantium
722 1440 927 1485 quorumvis¹
947 1441 1042 1475 etiam
1061 1442 1192 1485 speciali

450 1496 618 1529 mentione
653 1495 847 1538 dignorum,
875 1506 910 1529 ac
935 1496 997 1529 alia
1030 1496 1126 1529 etiam
1154 1497 1192 1530 dc

449 1548 640 1582 necessitate
657 1548 880 1591 exprimenda,
892 1549 1119 1592 praesentibus
1134 1560 1193 1593 pro

450 1603 548 1645 plene
569 1607 600 1634 et
619 1601 815 1634 sufficienter
834 1602 995 1645 expressis
1017 1608 1047 1636 ct
1070 1602 1194 1646 specifi-

450 1655 527 1687 catis
550 1654 664 1687 liaberi
687 1656 849 1697 volumus)
870 1666 886 1687 a
902 1654 912 1671 ²
936 1656 1082 1689 locorum
1101 1656 1193 1689 Ordi—

450 1708 550 1741 nariis
575 1713 606 1740 et
630 1707 771 1747 nuncio,
803 1708 939 1752 aliisque
975 1709 1136 1742 iudicibus
1163 1715 1194 1742 et

451 1761 669 1795 tribunalibus
694 1761 881 1795 huiusmodi
909 1762 1023 1795 harum
1042 1763 1126 1796 serie
1154 1763 1191 1795 ad

450 1825 508 1848 nos
533 1820 714 1854 avocantes,
742 1814 877 1858 illasque
902 1815 1034 1858 penitus
1060 1816 1193 1849 omnino

450 1868 692 1910 extinguentes,
718 1874 805 1901 motu
828 1868 972 1911 proprio,
992 1879 1028 1901 ac
1053 1879 1088 1902 ex
1107 1870 1194 1902 certa

449 1921 582 1953 scientia
608 1926 639 1954 et
664 1923 787 1954 matura
805 1921 1044 1955 deliberatione
1063 1922 1192 1962 nostris,

450 1974 554 2016 deque
573 1973 772 2017 apostolicae
791 1974 959 2017 potestatis
979 1974 1192 2018 plenitudine,

449 2037 490 2059 ne
516 2027 599 2060 ullus
625 2027 656 2060 iu
694 2033 861 2071 posterum
887 2029 1077 2071 quorumvis
1104 2028 1194 2061 Ordi-

450 2091 526 2113 num
546 2081 812 2121 Mendicantium,
833 2081 930 2114 etiam
953 2081 1114 2115 eiusmodi
1134 2082 1195 2114 fra-

451 2140 533 2167 trum
553 2134 714 2167 Minorum
734 2135 773 2168 de
791 2134 1014 2175 Observantia,
1036 2135 1067 2167 in
1085 2135 1194 2178 regnis

450 2188 679 2232 llissuiniarum
706 2193 897 2229 conventus,
924 2188 991 2221 sive
1011 2188 1122 2222 domus
1141 2194 1194 2222 aut

450 2243 540 2274 locus
568 2241 740 2283 regularis,
777 2242 887 2284 vigore
913 2252 1193 2286 quorumcumque

450 2294 697 2338 privilegiorum
735 2304 751 2326 a
788 2294 942 2328 Romanis
984 2294 1193 2329 Pontificibus

450 2347 761 2391 praedecessoribus
792 2349 914 2381 nostris
955 2359 1011 2382 seu
1045 2349 1141 2383 etiam
1177 2360 1194 2382 a

450 2401 545 2434 nobis
571 2401 728 2434 hactenus
753 2411 985 2435 concessorum
1006 2413 1064 2436 seu
1083 2403 1194 2436 consu·-

451 2460 612 2487 matoruin
646 2456 748 2497 (salva
780 2461 881 2488 tamen
910 2461 941 2488 et
967 2455 1056 2489 timna
1082 2467 1190 2490 rema-

450 2514 547 2541 nente
559 2534 566 2548 ,
582 2509 687 2550 quoad
702 2508 856 2542 Ordinem
876 2509 1008 2542 fratrum
1024 2509 1193 2544 Praedica-

487 2580 496 2605 1
521 2577 591 2605 Edit.
613 2578 691 2605 Main,
714 2579 777 2614 legit
797 2581 966 2614 quarmnvz's
988 2582 1025 2616 (tt.
1042 2582 1092 2617 T.).

485 2622 501 2650 2
522 2622 618 2658 1¹raep.
640 2632 658 2649 a
678 2631 726 2651 nos
747 2623 871 2652 addimus
890 2626 932 2660 (R.
948 2628 999 2660 T.).

1038 217 1218 243 BULLARIUM
1242 217 1399 243 ROMANUM

1241 271 1357 307 torum,
1374 266 1555 300 litterarum
1570 272 1753 302 nostrarum
1772 267 1829 300 sub
1847 267 1980 311 plumbo

1239 330 1321 353 anno
1340 320 1574 354 incarnationis
1597 322 1777 355 dominicae
1794 332 1980 363 mcccxxvn,

1238 383 1282 407 vn
1316 373 1470 406 kalendas
1507 373 1613 413 iunii,
1639 374 1846 417 pontificatus
1879 374 1981 408 nostri

1239 437 1324 459 anno
1344 437 1388 467 111,
1408 426 1641 470 expeditarum,
1663 427 1778 470 quibus
1803 439 1862 471 per
1886 438 1982 472 prae-

1239 484 1348 511 sentes
1374 479 1560 512 nullatenus
1587 479 1747 522 derogare
1769 480 1980 521 intendimus,

1240 533 1344 565 forma
1359 538 1391 565 et
1408 532 1651 576 dispositione),
1672 534 1771 566 autin
1791 533 1852 566 vim
1872 535 1983 567 decre-

1241 591 1346 619 torum
1374 597 1391 619 a
1417 588 1595 619 memorata
1627 586 1888 630 Congregatione
1914 597 1983 620 car-

1240 639 1396 672 dinalium
1414 639 1586 680 editorum,
1604 650 1662 673 seu
1679 640 1742 673 alio
1762 640 1875 684 quovis
1892 651 1984 684 prae-

1240 699 1327 726 textu
1346 694 1395 726 vel
1413 695 1519 734 causa,
1534 693 1619 727 intra
1637 693 1778 737 quinque
1797 698 1851 727 aut
1867 695 1983 727 saltem

1241 752 1380 791 quatuor
1404 748 1513 781 leucas
1539 758 1556 780 a
1582 747 1796 781 conventibus
1822 747 1897 780 dicti
1926 747 1983 781 Or-

1241 800 1325 833 dinis
1351 801 1485 833 fratrum
1510 800 1670 834 Minorum
1696 801 1735 834 de
1760 800 1981 842 Observantia,

1241 865 1297 886 seu
1314 854 1586 895 Recollcctorum,
1604 854 1888 894 Discalceatorum,
1906 854 1983 887 alio-

1242 920 1277 941 ve
1311 918 1519 952 quocumque
1555 908 1689 941 nomine
1724 913 1984 951 nuncupatorum

1242 961 1302 994 iam
1329 962 1445 995 erectis
1463 988 1470 1002 ,
1497 962 1566 994 sine
1603 961 1735 1004 speciali
1769 967 1800 994 et
1832 964 1985 1005 expressa

1242 1016 1338 1048 liuius
1365 1016 1498 1049 Sanctae
1532 1015 1624 1048 Sedis
1663 1015 1794 1048 lieentia
1827 1015 1866 1048 de
1898 1025 1983 1048 novo

1241 1069 1332 1111 erigi⁷
1358 1068 1510 1108 fundari,
1538 1079 1595 1101 seu
1632 1067 1710 1101 alias
1738 1067 1985 1112 quomodolibet

1240 1122 1378 1162 institui,
1404 1123 1453 1155 rel
1472 1121 1620 1165 inceptus
1638 1132 1694 1154 seu
1718 1121 1846 1165 incepta
1871 1120 1982 1165 perfici

1241 1181 1272 1208 ct
1297 1176 1420 1209 absolvi
1447 1175 1550 1218 possit
1575 1181 1606 1208 et
1623 1176 1734 1215 valeat,
1754 1180 1869 1208 tenore
1890 1184 1984 1218 prae-

1239 1229 1378 1262 sentium
1404 1229 1572 1262 statuimus
1598 1234 1628 1261 et
1653 1228 1878 1271 prohibemus.

1283 1282 1298 1325 g
1323 1281 1354 1314 [ι.
1383 1281 1615 1322 Decerncntes,
1639 1282 1766 1315 easdem
1791 1286 1982 1325 praesentes

1239 1335 1384 1376 litteras,
1410 1335 1505 1368 etiam
1532 1346 1568 1368 ex
1595 1346 1633 1368 eo
1672 1336 1758 1378 quod
1784 1335 1982 1379 quicumque

1239 1389 1335 1422 ctiam
1368 1388 1521 1432 specifica
1553 1393 1585 1422 et
1618 1389 1785 1421 individua
1816 1387 1983 1421 mentione

1239 1448 1269 1475 et
1295 1442 1510 1486 expressione
1544 1441 1635 1484 digni
1661 1442 1694 1474 in
1720 1441 1909 1485 praemissis
1935 1441 1984 1475 ius

1987 220 2038 246 An.
2054 221 2084 248 C*
2105 222 2170 250 1729

2020 1289 2140 1311 Clausulas.

1240 1496 1288 1529 rel
1315 1496 1475 1529 interesse
1501 1495 1662 1528 habentes
1684 1506 1740 1528 seu
1765 1495 1888 1528 habere
1906 1506 1986 1538 quo-

1239 1550 1420 1583 modolibet
1445 1550 1697 1593 praetendentes
1727 1549 1791 1582 illis
1817 1559 1884 1582 non
1910 1559 1984 1582 con-

1238 1603 1407 1643 senserint,
1435 1613 1495 1635 nec
1520 1602 1559 1635 ad
1585 1613 1621 1635 ea
1640 1604 1754 1644 vocati,
1772 1601 1858 1636 citati
1878 1607 1910 1636 et
1930 1613 1985 1635 au-

1238 1657 1307 1697 diti,
1333 1666 1440 1699 neque
1465 1666 1591 1697 causae,
1615 1661 1749 1699 propter
1784 1666 1863 1699 quas
1888 1665 1984 1699 prac-

1237 1716 1346 1744 sentes
1373 1710 1565 1750 emanarint,
1587 1710 1788 1743 sufficienter
1806 1710 1983 1743 adductae,

1238 1763 1443 1807 specificatae
1467 1768 1498 1796 et
1516 1762 1697 1796 verificatae
1724 1763 1853 1803 fuerint,
1873 1767 1928 1796 aut
1946 1773 1984 1796 ex

1239 1817 1301 1849 alia
1327 1826 1531 1860 quacumque
1549 1819 1656 1857 causa,
1675 1817 1796 1858 colore,
1815 1820 1984 1859 praetextu

1238 1876 1271 1903 et
1295 1870 1410 1914 capite,
1428 1870 1524 1903 etiam
1544 1870 1576 1902 in
1594 1880 1733 1913 corpore
1754 1870 1832 1903 iuris
1858 1870 1981 1910 clauso,

1239 1925 1336 1957 ctiam
1362 1923 1516 1964 enormis,
1542 1923 1788 1957 enormissimae
1815 1928 1848 1957 et
1874 1923 1983 1957 totalis

1239 1976 1402 2015 laesionis,
1418 1978 1509 2010 nullo
1525 1987 1667 2020 unquam
1685 1981 1833 2020 tempore
1853 1976 1892 2010 de
1912 1977 1985 2010 sub-

1239 2029 1398 2074 reptionis
1424 2035 1478 2062 aut
1503 2029 1707 2072 obreptionis
1740 2035 1794 2062 aut
1825 2029 1984 2063 nullitatis

1237 2083 1336 2123 vitio,
1364 2094 1420 2116 seu
1446 2082 1639 2116 intentionis
1669 2089 1823 2123 nostrae,
1848 2089 1904 2116 aut
1936 2083 1984 2116 in·
2015 2118 2025 2126 ,

1238 2142 1361 2170 teresse
1377 2135 1569 2169 habentium
1584 2137 1775 2175 consensus,
1787 2135 1891 2169 aliove
1905 2146 1984 2180 quo·

1238 2191 1316 2224 libet
1327 2189 1424 2223 etiam
1440 2189 1647 2233 quantumvis
1663 2200 1779 2232 magno
1794 2195 1825 2223 et
1839 2190 1984 2224 substan-

1238 2243 1304 2277 tiali
1326 2243 1454 2277 defectu
1472 2242 1589 2284 notari,
1611 2243 1811 2287 impugnari,
1835 2243 1981 2285 infringi,

1238 2296 1405 2330 retraetari
1425 2323 1432 2335 ,
1474 2296 1506 2328 in
1547 2295 1805 2329 controversiam
1849 2296 1955 2330 vocari
1972 2323 1980 2337 ,

1237 2354 1290 2385 aut
1308 2351 1346 2384 ad
1374 2349 1531 2384 terminos
1558 2349 1636 2382 iuris
1661 2349 1784 2389 reduci,
1798 2360 1856 2383 seu
1874 2350 1983 2384 adver-

1237 2415 1290 2438 sus
1308 2405 1381 2439 illas
1408 2403 1598 2448 aperitionis
1621 2403 1696 2444 oris,
1716 2403 1932 2437 restitutionis
1948 2404 1982 2437 in

1237 2458 1420 2501 integrum,
1447 2456 1574 2491 aliudve
1612 2456 1843 2500 quodcumque
1880 2456 1956 2490 iuris
1971 2483 1979 2498 ,

1237 2511 1312 2545 facti
1338 2511 1390 2544 vel
1415 2510 1537 2554 gratiae
1563 2510 1744 2544 remedium
1761 2509 1913 2543 intentari
1931 2510 1981 2544 vel

1237 2564 1416 2608 impetrari,
1430 2568 1484 2598 aut
1497 2564 1676 2608 impetrato,
1693 2573 1750 2597 seu
1770 2563 1865 2597 etiam
1879 2568 1979 2604 motu,

1236 2617 1372 2652 scientia
1397 2622 1429 2651 et
1461 2616 1632 2661 potestatis
1665 2616 1870 2661 plenitudine
1896 2616 1981 2659 pari-
