2170 3147
213 184 263 211 An.
281 183 310 210 c.
335 183 402 210 1726
448 174 513 208 45⁶2

224 882 309 902 Puellae
321 888 395 902 ruran-

211 939 298 961 puldlur
307 943 342 955 nm
350 939 395 955 ilia·

213 966 233 982 ῑυ
249 962 381 988 probandae.

233 2168 319 2191 Puellae
331 2170 350 2190 in
361 2171 398 2190 lm·

217 2198 287 2223 §pituli
307 2204 314 2216 s
319 2204 399 2216 ιιιιιιιιι

217 2227 249 2244 tes
265 2230 329 2249 priori
340 2230 399 2249 parc·

217 2253 254 2271 ant
269 2253 289 2270 et
304 2257 341 2270 sua
357 2257 400 2270 niu-

216 2283 269 2297 nera
280 2277 352 2298 sedulo
365 2278 400 2298 et·-

217 2306 274 2324 cant.

991 183 1173 208 BULLARmM

408 238 458 265 ter
493 233 673 276 promotis,
699 232 763 266 sive
789 243 826 265 ex
853 232 1003 275 gravibus
1040 232 1147 265 causis

408 292 439 319 et
464 297 480 318 a
506 286 591 319 dicto
617 286 773 319 cardinali
807 292 996 329 protectore
1029 297 1149 329 appro-

406 340 500 378 batis,
527 352 542 372 a
568 341 700 373 servitio
727 340 875 373 eiusdem
901 341 1076 383 hospitalis
1104 340 1150 373 di-

407 393 508 432 mitti,
543 399 598 425 aut
629 404 646 426 a
678 400 752 426 voto
793 394 1054 436 perseverantiae
1091 404 1150 436 per

407 457 478 478 eum
498 448 617 479 emisso
639 447 887 490 quomodolibet
905 447 1028 480 absolvi
1051 457 1149 490 quan·
1170 462 1172 489 ς

408 500 515 543 doque
542 501 703 539 evenerit,
735 501 795 534 nisi
823 501 851 534 ei
879 501 917 534 de
951 501 1149 544 patrimonio

407 560 460 586 aut
487 554 614 587 redditu
642 555 881 595 ecclesiastico,
907 555 945 587 ad
973 565 1148 596 congruam

408 608 456 639 sui
483 608 571 640 iuxta
598 615 702 640 taxum
728 618 809 651 quae
835 608 866 640 in
892 607 978 640 Urbe
1000 613 1150 640 servatur

407 662 677 693 sustentationem
704 661 898 702 sufficienti,
926 661 1057 694 aliunde
1076 671 1150 704 pro·

407 715 511 746 visum
529 715 586 754 sit,
606 715 645 747 ab
663 715 857 748 executione
876 725 1045 748 sacrorum
1065 715 1150 747 ordi-

408 778 482 800 num
507 778 566 810 per
585 778 657 800 eum
677 768 715 801 ad
737 768 863 801 titulum
890 767 1013 801 servitii
1042 767 1151 800 huius-

408 821 493 854 modi
520 827 745 864 susceptorum
769 832 946 865 suspensus
968 826 1147 854 remaneat.

451 876 465 917 ξ
491 875 544 908 025.
570 875 605 907 Et
625 877 778 919 quoniam
798 876 953 919 hospitali
976 876 1149 908 mulierum

408 929 525 967 scabie,
554 930 642 971 lepra
669 936 701 962 et
725 930 809 962 tinea
835 939 891 962 seu
920 929 1091 972 prurigine
1119 928 1149 960 in

408 982 512 1025 capite
554 983 769 1015 laborantium
809 983 946 1015 seminas
983 981 1150 1015 deservire

409 1036 520 1073 decet,
548 1038 697 1069 volumus
731 1043 765 1068 ut
797 1036 888 1080 prior
918 1036 1086 1079 praefatus
1112 1036 1151 1068 de

409 1100 568 1122 consensu
588 1090 733 1122 eiusdem
752 1090 926 1122 cardinalis
952 1089 1150 1133 protectoris

408 1149 542 1185 septem,
563 1149 617 1175 aut
637 1144 732 1175 etiam
750 1144 892 1186 plures',
911 1143 1047 1176 arbitrio
1074 1142 1150 1175 dicti

408 1197 584 1228 cardinalis
607 1197 819 1239 protectoris,
838 1197 862 1229 si
883 1196 1060 1230 necessitas
1081 1207 1152 1229 exe-

408 1250 507 1291 gerit,
535 1250 574 1282 ad
599 1251 630 1282 id
658 1250 780 1294 puellas
807 1251 961 1283 honestas
981 1261 1016 1283 ac
1035 1249 1152 1293 proba-

408 1308 457 1335 tae
485 1304 566 1336 vitae
593 1304 727 1346 deligat,
754 1314 834 1347 quae
860 1304 1031 1337 biennium
1065 1302 1153 1336 novi-

410 1356 504 1389 tiatus
531 1357 680 1389 similiter
716 1368 876 1401 peragere
907 1362 1080 1390 teneantur
1112 1356 1151 1389 ad

408 1409 472 1442 hoe
511 1416 544 1442 ut
579 1411 709 1443 interim
750 1411 893 1444 infirmas
920 1412 1004 1444 bene
1041 1420 1152 1443 curare

409 1464 519 1506 eisque
544 1464 696 1498 assistere
731 1465 868 1498 discant.
908 1465 1038 1498 Puellae
1075 1475 1151 1497 vero

407 1518 589 1560 praelatae,
617 1524 791 1562 postquam
824 1518 962 1551 servitiis
990 1519 1067 1551 dicti
1094 1518 1153 1550 ho-

408 1571 536 1614 spitalis
563 1572 771 1604 laudabiliter
796 1572 829 1604 in
861 1571 1065 1604 demandatis
1089 1571 1151 1604 sibi

407 1624 590 1668 respective
623 1624 737 1657 officiis
772 1624 957 1658 insteterint
989 1635 1049 1668 per
1081 1631 1153 1658 octo

409 1688 512 1711 annos
554 1678 747 1719 continuos,
785 1689 842 1711 seu
881 1678 978 1711 etiam
1016 1678 1151 1711 minoris

408 1733 564 1775 temporis
588 1732 702 1776 spatio,
725 1732 749 1764 si
769 1731 875 1765 eidem
901 1731 1061 1765 cardinali
1079 1743 1154 1775 pro-

408 1787 523 1820 tectori
548 1787 590 1819 ita
616 1786 770 1829 expedire
796 1786 899 1818 visum
925 1786 1037 1826 suerit,
1063 1786 1154 1819 illae-

410 1852 493 1884 quae
519 1840 712 1884 ceteroquin
739 1840 866 1873 habiles
891 1845 923 1873 et
946 1841 1082 1873 idoneae
1108 1840 1154 1873 di-

410 1900 626 1937 gnoscantur,
662 1895 700 1927 ad
727 1899 913 1927 enarratum
938 1904 1153 1937 perseveran-

410 1948 471 1981 tiae
497 1954 607 1981 votum
634 1948 861 1989 admittantur,
889 1948 1036 1991 illudque
1063 1947 1153 1981 emit-

410 2006 479 2035 tant
504 2003 626 2034 eisdem
650 2002 747 2035 modo
774 2006 806 2035 et
831 2002 953 2042 forma,
985 2012 1067 2045 quos
1094 2011 1152 2044 pro

411 2063 537 2100 septem
568 2056 767 2100 presbyteris
800 2061 835 2089 ut
871 2067 967 2100 supra
992 2055 1154 2100 praescri-

410 2110 541 2153 psimus,
558 2116 653 2154 atque
672 2120 744 2143 cum
762 2110 884 2143 eisdem
899 2109 1151 2149 conditionibus,

412 2169 444 2196 et
468 2164 644 2206 praecipue
680 2169 716 2196 ut
750 2163 835 2196 infra
871 2163 1045 2196 terminum
1081 2167 1152 2195 octo

412 2227 571 2249 annorum
599 2217 819 2260 praefatorum
845 2216 940 2249 iustis
974 2216 1013 2248 de
1048 2214 1152 2248 causis

412 2271 451 2303 ab
478 2271 547 2313 ipso
573 2271 727 2303 cardinali
754 2275 939 2313 protectore
967 2269 1153 2313 approbatis

413 2334 448 2356 ac
474 2325 568 2356 ctiam
595 2330 669 2367 post
701 2324 854 2357 emissum
888 2324 1152 2367 perseverantiae

414 2383 520 2409 votum
547 2377 587 2409 ob
620 2388 731 2418 graves
769 2387 882 2410 causas
909 2376 1062 2410 similiter
1097 2387 1153 2420 ap-

412 2430 564 2472 probatas
591 2441 649 2472 per
674 2430 793 2463 dictum
820 2430 1019 2463 cardinalem
1045 2435 1154 2472 prote-

413 2488 537 2516 ctorem
564 2483 603 2514 ab
630 2483 699 2525 ipso
725 2483 879 2526 hospitali
906 2482 1023 2515 dimitti
1051 2488 1083 2516 ct
1107 2493 1154 2515 re-

413 2536 535 2569 moveri
563 2536 699 2568 valcant.

452 2600 461 2625 1
483 2597 552 2625 Edit.
569 2596 649 2625 Maiu.
666 2597 729 2632 tegit
740 2598 855 2632 pluries
871 2606 919 2633 pro
931 2599 1033 2632 plures
1049 2600 1086 2634 (n.
1103 2599 1152 2633 T.).

1195 183 1353 208 noMANUM

1237 233 1251 275 g
1277 232 1330 264 QG.
1359 231 1478 265 Omnes
1516 237 1623 265 autem
1649 232 1801 276 puellae,
1829 232 1935 266 eidem

1193 285 1348 328 hospitali
1377 296 1435 329 pro
1462 292 1608 329 tempore
1634 285 1876 327 deservientes,
1901 285 1938 319 il·

1193 339 1253 371 lius
1281 339 1381 381 priori
1412 339 1559 382 praefato
1593 345 1752 382 tamquam
1787 350 1846 372 suo
1879 349 1934 372 su-

1194 392 1314 434 periori
1331 399 1466 435 pareant
1481 398 1512 424 et
1527 393 1694 432 obediant,
1715 392 1937 435 iniunctisquc

1193 445 1253 477 sibi
1282 446 1321 478 ab
1353 446 1422 489 ipso
1455 447 1564 489 priore
1600 446 1791 479 muneribus
1824 446 1938 479 sedulo

1194 499 1380 541 fungantur.
1415 500 1550 542 Aliquae
1576 510 1696 543 nempe
1733 499 1937 543 pauperibus

1193 551 1328 585 infirmis
1353 553 1497 592 mederi,
1538 553 1609 585 illas
1643 552 1825 586 catholicae
1864 552 1938 586 fidei

1194 605 1385 638 rudimentis
1412 606 1584 646 instruere,
1611 606 1693 639 aliae
1719 617 1772 639 eas
1797 606 1831 639 in
1856 606 1939 639 chri-

1193 659 1316 692 stianae
1342 660 1474 703 pietatis
1510 660 1665 703 operibus
1703 670 1881 701 exercere,
1909 664 1940 692 et

1193 713 1337 756 reliquae
1364 713 1523 746 linearum
1551 713 1686 745 vestium
1712 712 1849 753 lixiviis,
1884 722 1939 745 cu-

1194 766 1279 799 linae
1306 772 1337 800 et
1363 766 1487 809 penarii
1515 777 1624 799 curam
1658 776 1773 809 gerere
1805 771 1937 799 tenean-

1195 825 1261 861 tur3
1289 821 1371 853 itaut
1394 820 1571 863 unicuique
1608 819 1749 853 officium
1775 820 1938 853 diversum

1194 883 1229 906 ac
1255 874 1452 914 distinctum,
1479 879 1577 917 prout
1602 874 1663 906 sibi
1679 885 1696 906 a
1717 873 1803 906 dicto
1828 872 1939 916 priore

1196 927 1425 960 demandatum
1452 927 1560 967 suerit,
1588 927 1783 966 destinetur,
1810 926 1938 969 ipsique

1195 981 1295 1025 priori
1341 981 1436 1013 liceat
1473 981 1579 1013 officia
1616 979 1804 1013 huiusmodi
1843 980 1938 1013 etiam

1196 1034 1346 1078 quolibet
1370 1045 1456 1066 anno
1482 1034 1520 1066 ad
1547 1034 1595 1066 sui
1614 1038 1728 1066 nutum
1747 1037 1779 1066 et
1803 1042 1862 1076 pro
1882 1042 1939 1065 sno

1196 1088 1333 1120 arbitrio
1360 1093 1576 1120 commutare.

1241 1141 1332 1184 §022
1371 1141 1502 1174 Demum
1540 1141 1664 1174 eisdem
1700 1140 1820 1184 puellis
1857 1149 1940 1173 onus
1978 1148 2135 1179 casamariam

1950 1181 2025 1196 curare
2046 1175 2136 1196 seminas

1197 1193 1363 1227 incumbat
1388 1195 1507 1227 nedum
1533 1193 1668 1227 curandi
1695 1193 1865 1233 mulieres,
1893 1194 2135 1228 le-eiimhospaaie.

1196 1250 1276 1291 pra,
1305 1248 1414 1281 scabie
1441 1254 1472 1280 et
1504 1248 1592 1280 tinea
1624 1258 1681 1281 seu
1706 1246 1877 1291 prurigine
1904 1247 1935 1278 in

1198 1301 1303 1343 capite
1329 1302 1517 1334 laborantes
1548 1307 1579 1333 et
1610 1301 1642 1333 in
1674 1301 1746 1344 ipso
1783 1299 1938 1343 hospitali

1198 1354 1438 1394 decumbentes,
1466 1354 1558 1387 sicuti
1577 1353 1726 1398 superius
1748 1353 1940 1397 dispositum

1198 1409 1268 1447 suit,
1294 1419 1407 1441 verum
1442 1409 1539 1442 etiam
1571 1408 1724 1441 medendi
1759 1408 1831 1441 aliis
1862 1418 1941 1452 pau-

1197 1463 1329 1506 peribus
1349 1463 1540 1495 rnulieribus
1559 1466 1589 1496 et
1606 1462 1727 1506 puellis
1751 1460 1940 1494 huiusmodi

1197 1516 1319 1549 morbis
1346 1517 1520 1560 correptis
1546 1516 1641 1549 etiam
1662 1521 1752 1549 extra
1778 1515 1940 1559 hospitale

1198 1570 1407 1613 degentibus,
1435 1571 1473 1603 ad
1501 1570 1591 1603 illum
1611 1580 1670 1612 pro
1688 1569 1850 1602 habendis
1875 1578 1940 1601 me-

1198 1623 1416 1656 dicaminibus
1453 1623 1704 1664 accedentibus,
1742 1622 1858 1666 quibus
1883 1632 1941 1655 un-

1198 1683 1317 1720 guenta
1341 1688 1401 1721 pro
1427 1678 1546 1717 scabie,
1568 1682 1622 1709 aut
1639 1676 1842 1716 ulculsculis,
1869 1677 1940 1719 pta-

1198 1732 1254 1775 gis,
1283 1732 1461 1764 tuberculis
1487 1731 1603 1764 exinde
1630 1733 1680 1764 vel
1706 1742 1723 1763 a
1750 1731 1836 1763 tinea
1862 1730 1941 1763 ortis

1197 1784 1444 1828 propellendiS,
1463 1784 1562 1827 gratis
1586 1783 1853 1824 subministrent,
1871 1793 1940 1816 eas-

1199 1849 1260 1881 que
1280 1842 1414 1876 curent,
1442 1842 1474 1869 et
1500 1837 1630 1869 modum
1655 1841 1822 1879 unguenta
1846 1846 1941 1879 prae-

1200 1892 1262 1924 fata
1288 1890 1466 1924 adhibendi
1504 1890 1615 1933 cisque
1648 1889 1759 1923 utendi
1794 1893 1940 1922 amanter

1199 1956 1233 1979 ac
1252 1945 1412 1988 patienter
1437 1944 1590 1983 doceant,
1610 1953 1739 1976 necnon
1758 1943 1854 1976 etiam
1877 1942 1939 1976 illis

1198 1998 1369 2032 assistendi
1396 2003 1425 2031 et
1452 1997 1624 2036 serviendi,
1644 2007 1726 2040 quac
1746 1997 1785 2030 ad
1808 1996 1939 2030 morbos

1197 2054 1361 2096 praefatos
1388 2052 1566 2085 sanandum
1591 2050 1730 2090 balneis,
1757 2049 1938 2094 vaporario,

1198 2118 1253 2140 seu
1281 2107 1499 2151 hypocausto,
1526 2116 1562 2138 ac
1589 2104 1782 2143 corniculis,
1809 2103 1940 2146 sangui-

1198 2161 1286 2203 sugis
1311 2171 1407 2203 cgerc
1433 2160 1684 2202 dignoscentur,
1718 2157 1800 2190 itaut
1825 2157 1940 2190 mulie-

1198 2225 1248 2248 res
1273 2215 1322 2247 bis
1347 2214 1471 2247 morbis
1496 2213 1634 2246 infectae
1661 2212 1809 2245 camdem
1842 2212 1938 2255 plane

1198 2279 1304 2312 opem,
1324 2278 1420 2311 quam
1444 2267 1520 2299 viris
1538 2266 1698 2309 praebere
1720 2264 1936 2305 decrevimus,

1198 2322 1273 2355 inde
1299 2320 1476 2364 accipiant,
1513 2320 1550 2352 ad
1579 2319 1678 2351 divini
1703 2318 1844 2351 nominis
1871 2318 1939 2361 glo-

1197 2376 1277 2408 riam
1315 2386 1351 2408 ac
1390 2374 1591 2408 christianae
1630 2371 1797 2405 charitatis
1833 2380 1937 2405 exem·

1197 2430 1300 2472 plum.

1241 2483 1256 2525 g
1280 2481 1334 2514 ⁶28.
1361 2481 1512 2515 Ceterum
1537 2480 1641 2513 eidem
1660 2478 1815 2522 hospitali
1833 2478 1871 2511 dc
1892 2488 1941 2510 va-

1196 2535 1263 2567 lido
1283 2540 1313 2567 ct
1332 2535 1450 2567 idoneo
1476 2537 1666 2578 protectore
1691 2532 1866 2575 providere
1885 2542 1940 2564 cu-

1195 2588 1335 2632 pientes,
1357 2598 1391 2620 ae
1411 2588 1451 2621 de
1470 2586 1639 2620 memorati
1658 2585 1744 2619 Petri
1758 2584 1939 2619 Marcellini

1946 183 1997 211 An.
2013 183 2041 211 c.
2055 181 2130 218 ,1726

2017 2496 2135 2522 neputatur

1951 2522 2030 2549 primus
2040 2523 2136 2548 hospita·

1951 2551 1976 2570 lis
1983 2549 2136 2579 protectorPe-

1950 2579 1994 2599 trus
1999 2575 2135 2599 Marcellinus
