<?xml version="1.0" encoding="UTF-8"?>
<!DOCTYPE html PUBLIC "-//W3C//DTD XHTML 1.0 Transitional//EN"
    "http://www.w3.org/TR/xhtml1/DTD/xhtml1-transitional.dtd">
<html xmlns="http://www.w3.org/1999/xhtml" xml:lang="en" lang="en">
 <head>
  <title>
</title>
<meta http-equiv="Content-Type" content="text/html;charset=utf-8" />
  <meta name='ocr-system' content='tesseract 3.04.00' />
  <meta name='ocr-capabilities' content='ocr_page ocr_carea ocr_par ocr_line ocrx_word'/>
</head>
<body>
  <div class='ocr_page' id='page_1' title='image "./bullarumdiplomat22cath_0551.png"; bbox 0 0 2170 3147; ppageno 0'>
   <div class='ocr_carea' id='block_1_1' title="bbox 0 234 935 2550">
    <p class='ocr_par' dir='ltr' id='par_1_1' title="bbox 5 234 935 643">
     <span class='ocr_line' id='line_1_1' title="bbox 5 234 186 263; baseline -0.006 0"><span class='ocrx_word' id='word_1_1' title='bbox 5 237 52 263; x_wconf 76' lang='lat' dir='ltr'>An.</span> <span class='ocrx_word' id='word_1_2' title='bbox 73 234 102 263; x_wconf 91' lang='lat' dir='ltr'>C.</span> <span class='ocrx_word' id='word_1_3' title='bbox 117 234 186 263; x_wconf 74' lang='lat'><strong>1727</strong></span> 
     </span>
     <span class='ocr_line' id='line_1_2' title="bbox 196 283 935 326; baseline 0.001 -10"><span class='ocrx_word' id='word_1_4' title='bbox 196 283 245 317; x_wconf 82' lang='lat' dir='ltr'>nis</span> <span class='ocrx_word' id='word_1_5' title='bbox 271 290 302 317; x_wconf 86' lang='lat' dir='ltr'>et</span> <span class='ocrx_word' id='word_1_6' title='bbox 327 284 532 317; x_wconf 71' lang='lat' dir='ltr'>extinctionis</span> <span class='ocrx_word' id='word_1_7' title='bbox 558 285 718 326; x_wconf 77' lang='lat' dir='ltr'>gaudebat</span> <span class='ocrx_word' id='word_1_8' title='bbox 744 290 776 316; x_wconf 80' lang='lat' dir='ltr'>et</span> <span class='ocrx_word' id='word_1_9' title='bbox 794 284 935 326; x_wconf 80' lang='lat' dir='ltr'>gaudere</span> 
     </span>
     <span class='ocr_line' id='line_1_3' title="bbox 196 335 935 378; baseline 0 -10"><span class='ocrx_word' id='word_1_10' title='bbox 196 341 342 378; x_wconf 85' lang='lat' dir='ltr'>poterat;</span> <span class='ocrx_word' id='word_1_11' title='bbox 370 336 548 369; x_wconf 89' lang='lat' dir='ltr'>dummodo</span> <span class='ocrx_word' id='word_1_12' title='bbox 571 340 678 368; x_wconf 86' lang='lat' dir='ltr'>tamen</span> <span class='ocrx_word' id='word_1_13' title='bbox 704 336 785 368; x_wconf 85' lang='lat' dir='ltr'>sacri</span> <span class='ocrx_word' id='word_1_14' title='bbox 803 335 935 369; x_wconf 89' lang='lat' dir='ltr'>Concilii</span> 
     </span>
     <span class='ocr_line' id='line_1_4' title="bbox 195 388 935 429; baseline 0 -8"><span class='ocrx_word' id='word_1_15' title='bbox 195 388 374 422; x_wconf 79' lang='lat' dir='ltr'><strong>Tridentini</strong></span> <span class='ocrx_word' id='word_1_16' title='bbox 389 389 529 422; x_wconf 73' lang='lat' dir='ltr'>decretis</span> <span class='ocrx_word' id='word_1_17' title='bbox 544 399 609 422; x_wconf 91' lang='lat' dir='ltr'>non</span> <span class='ocrx_word' id='word_1_18' title='bbox 625 389 853 429; x_wconf 59' lang='lat' dir='ltr'>adversentur,</span> <span class='ocrx_word' id='word_1_19' title='bbox 873 399 935 421; x_wconf 91' lang='lat' dir='ltr'>non</span> 
     </span>
     <span class='ocr_line' id='line_1_5' title="bbox 194 441 935 475; baseline 0.001 -2"><span class='ocrx_word' id='word_1_20' title='bbox 194 452 269 475; x_wconf 85' lang='lat' dir='ltr'>vero</span> <span class='ocrx_word' id='word_1_21' title='bbox 291 442 435 475; x_wconf 84' lang='lat' dir='ltr'>eamdem</span> <span class='ocrx_word' id='word_1_22' title='bbox 455 441 847 475; x_wconf 86' lang='lat' dir='ltr'>archiconfraternitatem</span> <span class='ocrx_word' id='word_1_23' title='bbox 865 442 935 474; x_wconf 91' lang='lat' dir='ltr'>sub-</span> 
     </span>
     <span class='ocr_line' id='line_1_6' title="bbox 196 494 935 537; baseline -0.001 -10"><span class='ocrx_word' id='word_1_24' title='bbox 196 505 347 537; x_wconf 78' lang='lat' dir='ltr'>rogamus</span> <span class='ocrx_word' id='word_1_25' title='bbox 373 495 404 527; x_wconf 93' lang='lat' dir='ltr'>in</span> <span class='ocrx_word' id='word_1_26' title='bbox 431 496 537 528; x_wconf 89' lang='lat' dir='ltr'>locum</span> <span class='ocrx_word' id='word_1_27' title='bbox 563 494 695 528; x_wconf 83' lang='lat' dir='ltr'>alterius</span> <span class='ocrx_word' id='word_1_28' title='bbox 732 494 838 537; x_wconf 86' lang='lat' dir='ltr'>quoad</span> <span class='ocrx_word' id='word_1_29' title='bbox 868 494 935 526; x_wconf 85' lang='lat' dir='ltr'>iura</span> 
     </span>
     <span class='ocr_line' id='line_1_7' title="bbox 195 547 932 591; baseline -0.003 -11"><span class='ocrx_word' id='word_1_30' title='bbox 195 557 418 591; x_wconf 85' lang='lat' dir='ltr'>quaecumque</span> <span class='ocrx_word' id='word_1_31' title='bbox 455 547 646 580; x_wconf 88' lang='lat' dir='ltr'>conferendi</span> <span class='ocrx_word' id='word_1_32' title='bbox 685 552 716 580; x_wconf 89' lang='lat' dir='ltr'>et</span> <span class='ocrx_word' id='word_1_33' title='bbox 746 547 932 580; x_wconf 88' lang='lat' dir='ltr'>nominandi</span> 
     </span>
     <span class='ocr_line' id='line_1_8' title="bbox 195 600 822 643; baseline 0 -11"><span class='ocrx_word' id='word_1_34' title='bbox 195 612 231 633; x_wconf 87' lang='lat' dir='ltr'>ac</span> <span class='ocrx_word' id='word_1_35' title='bbox 257 600 449 643; x_wconf 86' lang='lat' dir='ltr'>temporalia</span> <span class='ocrx_word' id='word_1_36' title='bbox 473 601 560 633; x_wconf 86' lang='lat' dir='ltr'>bona</span> <span class='ocrx_word' id='word_1_37' title='bbox 585 610 822 643; x_wconf 85' lang='lat' dir='ltr'>quaecumque.</span> 
     </span>
    </p>

    <p class='ocr_par' dir='ltr' id='par_1_2' title="bbox 1 652 935 801">
     <span class='ocr_line' id='line_1_9' title="bbox 27 652 933 696; baseline -0.001 -12"><span class='ocrx_word' id='word_1_38' title='bbox 27 692 29 694; x_wconf 14' lang='lat' dir='ltr'>q</span> <span class='ocrx_word' id='word_1_39' title='bbox 67 663 184 684; x_wconf 76' lang='lat' dir='ltr'>Nonnuttao</span> <span class='ocrx_word' id='word_1_40' title='bbox 239 654 254 696; x_wconf 76' lang='lat'>§</span> <span class='ocrx_word' id='word_1_41' title='bbox 278 653 309 686; x_wconf 83' lang='lat'>4.</span> <span class='ocrx_word' id='word_1_42' title='bbox 337 653 472 696; x_wconf 80' lang='lat' dir='ltr'>Insuper</span> <span class='ocrx_word' id='word_1_43' title='bbox 496 653 724 696; x_wconf 72' lang='lat' dir='ltr'>indulgentias,</span> <span class='ocrx_word' id='word_1_44' title='bbox 750 664 810 695; x_wconf 92' lang='lat' dir='ltr'>per</span> <span class='ocrx_word' id='word_1_45' title='bbox 831 652 933 685; x_wconf 76' lang='lat' dir='ltr'>felicis</span> 
     </span>
     <span class='ocr_line' id='line_1_10' title="bbox 3 689 931 749; baseline 0 -12"><span class='ocrx_word' id='word_1_46' title='bbox 3 689 428 739; x_wconf 52' lang='lat' dir='ltr'>liltss‘et&#39;i&#39;e‘ffi&#39;fiss&#39;dlrecordationis</span> <span class='ocrx_word' id='word_1_47' title='bbox 453 705 566 738; x_wconf 89' lang='lat' dir='ltr'>Iulium</span> <span class='ocrx_word' id='word_1_48' title='bbox 597 706 712 749; x_wconf 86' lang='lat' dir='ltr'>Papam</span> <span class='ocrx_word' id='word_1_49' title='bbox 738 705 763 739; x_wconf 92' lang='lat' dir='ltr'>Il</span> <span class='ocrx_word' id='word_1_50' title='bbox 788 705 931 749; x_wconf 45' lang='lat' dir='ltr'>aliosque</span> 
     </span>
     <span class='ocr_line' id='line_1_11' title="bbox 1 745 935 801; baseline 0 -10"><span class='ocrx_word' id='word_1_51' title='bbox 1 745 111 766; x_wconf 57' lang='lat' dir='ltr'>‘&#39;mmm&#39;‘</span> <span class='ocrx_word' id='word_1_52' title='bbox 194 758 355 792; x_wconf 83' lang='lat' dir='ltr'>Romanos</span> <span class='ocrx_word' id='word_1_53' title='bbox 387 758 559 791; x_wconf 83' lang='lat' dir='ltr'>Pontifices</span> <span class='ocrx_word' id='word_1_54' title='bbox 589 759 857 801; x_wconf 78' lang='lat' dir='ltr'>praedecessores</span> <span class='ocrx_word' id='word_1_55' title='bbox 882 769 935 791; x_wconf 91' lang='lat' dir='ltr'>no-</span> 
     </span>
    </p>

    <p class='ocr_par' dir='ltr' id='par_1_3' title="bbox 190 811 935 1914">
     <span class='ocr_line' id='line_1_12' title="bbox 193 811 933 853; baseline -0.003 -9"><span class='ocrx_word' id='word_1_56' title='bbox 193 817 278 844; x_wconf 85' lang='lat' dir='ltr'>stros</span> <span class='ocrx_word' id='word_1_57' title='bbox 305 821 498 850; x_wconf 86' lang='lat' dir='ltr'>concessas.</span> <span class='ocrx_word' id='word_1_58' title='bbox 525 811 565 844; x_wconf 83' lang='lat' dir='ltr'>ad</span> <span class='ocrx_word' id='word_1_59' title='bbox 603 811 786 844; x_wconf 83' lang='lat' dir='ltr'>deferentes</span> <span class='ocrx_word' id='word_1_60' title='bbox 820 816 849 843; x_wconf 81' lang='lat' dir='ltr'>et</span> <span class='ocrx_word' id='word_1_61' title='bbox 881 812 933 853; x_wconf 86' lang='lat' dir='ltr'>pie</span> 
     </span>
     <span class='ocr_line' id='line_1_13' title="bbox 194 862 933 897; baseline -0.001 -1"><span class='ocrx_word' id='word_1_62' title='bbox 194 864 367 897; x_wconf 76' lang='lat' dir='ltr'>recitantes</span> <span class='ocrx_word' id='word_1_63' title='bbox 403 863 520 896; x_wconf 88' lang='lat' dir='ltr'>dictam</span> <span class='ocrx_word' id='word_1_64' title='bbox 555 863 712 896; x_wconf 80' lang='lat' dir='ltr'>Coronam</span> <span class='ocrx_word' id='word_1_65' title='bbox 749 863 782 896; x_wconf 84' lang='grc' dir='ltr'>Β.</span> <span class='ocrx_word' id='word_1_66' title='bbox 818 862 933 895; x_wconf 70' lang='lat' dir='ltr'>Mariae</span> 
     </span>
     <span class='ocr_line' id='line_1_14' title="bbox 193 915 932 960; baseline -0.003 -11"><span class='ocrx_word' id='word_1_67' title='bbox 193 916 352 960; x_wconf 81' lang='lat' dir='ltr'>Virginis,</span> <span class='ocrx_word' id='word_1_68' title='bbox 391 926 450 960; x_wconf 90' lang='lat' dir='ltr'>per</span> <span class='ocrx_word' id='word_1_69' title='bbox 486 916 601 949; x_wconf 85' lang='lat' dir='ltr'>fratres</span> <span class='ocrx_word' id='word_1_70' title='bbox 635 916 777 949; x_wconf 84' lang='lat' dir='ltr'>iamdicti</span> <span class='ocrx_word' id='word_1_71' title='bbox 805 915 932 948; x_wconf 77' lang='lat' dir='ltr'>Ordinis</span> 
     </span>
     <span class='ocr_line' id='line_1_15' title="bbox 192 968 933 1011; baseline 0 -10"><span class='ocrx_word' id='word_1_72' title='bbox 192 969 410 1008; x_wconf 84' lang='lat' dir='ltr'>benedictam,</span> <span class='ocrx_word' id='word_1_73' title='bbox 428 968 550 1002; x_wconf 87' lang='lat' dir='ltr'>eisdem</span> <span class='ocrx_word' id='word_1_74' title='bbox 569 969 666 1002; x_wconf 90' lang='lat' dir='ltr'>modo</span> <span class='ocrx_word' id='word_1_75' title='bbox 684 974 715 1001; x_wconf 85' lang='lat' dir='ltr'>et</span> <span class='ocrx_word' id='word_1_76' title='bbox 734 968 836 1001; x_wconf 80' lang='lat' dir='ltr'>forma</span> <span class='ocrx_word' id='word_1_77' title='bbox 851 979 933 1011; x_wconf 85' lang='lat' dir='ltr'>quae</span> 
     </span>
     <span class='ocr_line' id='line_1_16' title="bbox 193 1020 935 1055; baseline -0.004 0"><span class='ocrx_word' id='word_1_78' title='bbox 193 1034 210 1055; x_wconf 82' lang='lat' dir='ltr'>a</span> <span class='ocrx_word' id='word_1_79' title='bbox 243 1021 459 1055; x_wconf 77' lang='lat' dir='ltr'>confratribus</span> <span class='ocrx_word' id='word_1_80' title='bbox 494 1021 598 1054; x_wconf 86' lang='lat' dir='ltr'>dictae</span> <span class='ocrx_word' id='word_1_81' title='bbox 631 1020 935 1054; x_wconf 84' lang='lat' dir='ltr'>archiconfraterni-</span> 
     </span>
     <span class='ocr_line' id='line_1_17' title="bbox 193 1074 934 1114; baseline -0.001 -6"><span class='ocrx_word' id='word_1_82' title='bbox 193 1075 265 1108; x_wconf 83' lang='lat' dir='ltr'>tutis</span> <span class='ocrx_word' id='word_1_83' title='bbox 281 1074 334 1108; x_wconf 88' lang='lat' dir='ltr'>SS.</span> <span class='ocrx_word' id='word_1_84' title='bbox 355 1074 479 1107; x_wconf 88' lang='lat' dir='ltr'>Rosarii</span> <span class='ocrx_word' id='word_1_85' title='bbox 499 1074 726 1114; x_wconf 82' lang='lat' dir='ltr'>observantur,</span> <span class='ocrx_word' id='word_1_86' title='bbox 744 1074 934 1107; x_wconf 84' lang='lat' dir='ltr'>auctoritate</span> 
     </span>
     <span class='ocr_line' id='line_1_18' title="bbox 193 1127 933 1171; baseline -0.003 -10"><span class='ocrx_word' id='word_1_87' title='bbox 193 1130 313 1168; x_wconf 81' lang='lat' dir='ltr'>nostra,</span> <span class='ocrx_word' id='word_1_88' title='bbox 333 1133 446 1161; x_wconf 90' lang='lat' dir='ltr'>tenore</span> <span class='ocrx_word' id='word_1_89' title='bbox 472 1128 703 1171; x_wconf 88' lang='lat' dir='ltr'>praesentium,</span> <span class='ocrx_word' id='word_1_90' title='bbox 731 1127 933 1160; x_wconf 84' lang='lat' dir='ltr'>extendimus</span> 
     </span>
     <span class='ocr_line' id='line_1_19' title="bbox 192 1180 933 1224; baseline -0.003 -9"><span class='ocrx_word' id='word_1_91' title='bbox 192 1188 224 1215; x_wconf 87' lang='lat' dir='ltr'>et</span> <span class='ocrx_word' id='word_1_92' title='bbox 248 1181 457 1224; x_wconf 82' lang='lat' dir='ltr'>ampliamus,</span> <span class='ocrx_word' id='word_1_93' title='bbox 485 1182 547 1213; x_wconf 77' lang='lat' dir='ltr'>una</span> <span class='ocrx_word' id='word_1_94' title='bbox 572 1191 643 1213; x_wconf 88' lang='lat' dir='ltr'>cum</span> <span class='ocrx_word' id='word_1_95' title='bbox 673 1180 933 1224; x_wconf 87' lang='lat' dir='ltr'>quibuscumque</span> 
     </span>
     <span class='ocr_line' id='line_1_20' title="bbox 192 1233 934 1276; baseline -0.003 -9"><span class='ocrx_word' id='word_1_96' title='bbox 192 1233 264 1267; x_wconf 85' lang='lat' dir='ltr'>aliis</span> <span class='ocrx_word' id='word_1_97' title='bbox 288 1233 500 1276; x_wconf 83' lang='lat' dir='ltr'>indulgentiis</span> <span class='ocrx_word' id='word_1_98' title='bbox 523 1239 554 1266; x_wconf 87' lang='lat' dir='ltr'>et</span> <span class='ocrx_word' id='word_1_99' title='bbox 571 1233 682 1275; x_wconf 78' lang='lat' dir='ltr'>gratiis</span> <span class='ocrx_word' id='word_1_100' title='bbox 700 1233 934 1276; x_wconf 80' lang='lat' dir='ltr'>spiritualibus,</span> 
     </span>
     <span class='ocr_line' id='line_1_21' title="bbox 192 1286 934 1330; baseline 0 -11"><span class='ocrx_word' id='word_1_101' title='bbox 192 1298 275 1330; x_wconf 88' lang='lat' dir='ltr'>quae</span> <span class='ocrx_word' id='word_1_102' title='bbox 301 1286 516 1320; x_wconf 81' lang='lat' dir='ltr'>confratribus</span> <span class='ocrx_word' id='word_1_103' title='bbox 552 1297 828 1329; x_wconf 87' lang='lat' dir='ltr'>quarumcumque</span> <span class='ocrx_word' id='word_1_104' title='bbox 865 1297 934 1319; x_wconf 92' lang='lat' dir='ltr'>con-</span> 
     </span>
     <span class='ocr_line' id='line_1_22' title="bbox 192 1339 933 1379; baseline 0.001 -7"><span class='ocrx_word' id='word_1_105' title='bbox 192 1340 453 1379; x_wconf 79' lang='lat' dir='ltr'>fraternitatum,</span> <span class='ocrx_word' id='word_1_106' title='bbox 493 1340 554 1372; x_wconf 90' lang='lat' dir='ltr'>sub</span> <span class='ocrx_word' id='word_1_107' title='bbox 592 1340 703 1372; x_wconf 77' lang='lat' dir='ltr'>eadem</span> <span class='ocrx_word' id='word_1_108' title='bbox 731 1339 933 1373; x_wconf 89' lang='lat' dir='ltr'>invocatione</span> 
     </span>
     <span class='ocr_line' id='line_1_23' title="bbox 191 1391 934 1436; baseline -0.001 -10"><span class='ocrx_word' id='word_1_109' title='bbox 191 1392 423 1436; x_wconf 89' lang='lat' dir='ltr'>Conceptionis</span> <span class='ocrx_word' id='word_1_110' title='bbox 439 1392 470 1425; x_wconf 88' lang='lat' dir='ltr'>B.</span> <span class='ocrx_word' id='word_1_111' title='bbox 486 1391 601 1425; x_wconf 88' lang='lat' dir='ltr'>Mariae</span> <span class='ocrx_word' id='word_1_112' title='bbox 618 1392 758 1435; x_wconf 75' lang='lat' dir='ltr'>Virginis</span> <span class='ocrx_word' id='word_1_113' title='bbox 777 1393 934 1425; x_wconf 84' lang='lat' dir='ltr'>hactenus</span> 
     </span>
     <span class='ocr_line' id='line_1_24' title="bbox 191 1446 934 1489; baseline 0 -10"><span class='ocrx_word' id='word_1_114' title='bbox 191 1446 385 1489; x_wconf 89' lang='lat' dir='ltr'>ubicumque</span> <span class='ocrx_word' id='word_1_115' title='bbox 412 1451 603 1485; x_wconf 86' lang='lat' dir='ltr'>erectarum,</span> <span class='ocrx_word' id='word_1_116' title='bbox 632 1457 709 1489; x_wconf 84' lang='lat' dir='ltr'>quas</span> <span class='ocrx_word' id='word_1_117' title='bbox 735 1446 842 1479; x_wconf 81' lang='lat' dir='ltr'>firmas</span> <span class='ocrx_word' id='word_1_118' title='bbox 865 1457 934 1479; x_wconf 85' lang='lat' dir='ltr'>esse</span> 
     </span>
     <span class='ocr_line' id='line_1_25' title="bbox 191 1499 932 1539; baseline 0 -7"><span class='ocrx_word' id='word_1_119' title='bbox 191 1500 364 1539; x_wconf 78' lang='lat' dir='ltr'>volumus,</span> <span class='ocrx_word' id='word_1_120' title='bbox 392 1510 428 1532; x_wconf 85' lang='lat' dir='ltr'>ac</span> <span class='ocrx_word' id='word_1_121' title='bbox 453 1499 555 1532; x_wconf 89' lang='lat' dir='ltr'>tribus</span> <span class='ocrx_word' id='word_1_122' title='bbox 580 1499 754 1532; x_wconf 87' lang='lat' dir='ltr'>Ordinibus</span> <span class='ocrx_word' id='word_1_123' title='bbox 779 1500 813 1532; x_wconf 91' lang='lat' dir='ltr'>B.</span> <span class='ocrx_word' id='word_1_124' title='bbox 841 1499 932 1532; x_wconf 87' lang='lat' dir='ltr'>Fran·</span> 
     </span>
     <span class='ocr_line' id='line_1_26' title="bbox 193 1552 934 1595; baseline 0 -10"><span class='ocrx_word' id='word_1_125' title='bbox 193 1552 269 1586; x_wconf 87' lang='lat' dir='ltr'>cisci</span> <span class='ocrx_word' id='word_1_126' title='bbox 296 1553 465 1595; x_wconf 88' lang='lat' dir='ltr'>bucusque</span> <span class='ocrx_word' id='word_1_127' title='bbox 491 1563 551 1595; x_wconf 90' lang='lat' dir='ltr'>per</span> <span class='ocrx_word' id='word_1_128' title='bbox 572 1552 731 1585; x_wconf 71' lang='lat' dir='ltr'>Romanos</span> <span class='ocrx_word' id='word_1_129' title='bbox 762 1552 934 1586; x_wconf 80' lang='lat' dir='ltr'>Pontifices</span> 
     </span>
     <span class='ocr_line' id='line_1_27' title="bbox 193 1605 934 1649; baseline 0.001 -11"><span class='ocrx_word' id='word_1_130' title='bbox 193 1605 438 1649; x_wconf 85' lang='lat' dir='ltr'>quomodolibet</span> <span class='ocrx_word' id='word_1_131' title='bbox 463 1605 642 1648; x_wconf 75' lang='lat' dir='ltr'>respective</span> <span class='ocrx_word' id='word_1_132' title='bbox 670 1616 841 1639; x_wconf 78' lang='lat' dir='ltr'>concessae</span> <span class='ocrx_word' id='word_1_133' title='bbox 870 1606 934 1639; x_wconf 89' lang='lat' dir='ltr'>sue-</span> 
     </span>
     <span class='ocr_line' id='line_1_28' title="bbox 190 1657 932 1701; baseline 0.004 -12"><span class='ocrx_word' id='word_1_134' title='bbox 190 1663 284 1697; x_wconf 81' lang='lat' dir='ltr'>runt,</span> <span class='ocrx_word' id='word_1_135' title='bbox 310 1668 418 1691; x_wconf 60' lang='lat' dir='ltr'>catum</span> <span class='ocrx_word' id='word_1_136' title='bbox 439 1658 581 1690; x_wconf 84' lang='lat' dir='ltr'>omnium</span> <span class='ocrx_word' id='word_1_137' title='bbox 607 1657 687 1690; x_wconf 76' lang='lat' dir='ltr'>tam¹</span> <span class='ocrx_word' id='word_1_138' title='bbox 714 1658 774 1690; x_wconf 89' lang='lat' dir='ltr'>sub</span> <span class='ocrx_word' id='word_1_139' title='bbox 798 1659 932 1701; x_wconf 88' lang='lat' dir='ltr'>plumbo</span> 
     </span>
     <span class='ocr_line' id='line_1_29' title="bbox 192 1711 933 1755; baseline 0.001 -12"><span class='ocrx_word' id='word_1_140' title='bbox 192 1722 285 1755; x_wconf 82' lang='lat' dir='ltr'>quam</span> <span class='ocrx_word' id='word_1_141' title='bbox 305 1711 336 1743; x_wconf 91' lang='lat' dir='ltr'>iu</span> <span class='ocrx_word' id='word_1_142' title='bbox 356 1711 458 1743; x_wconf 72' lang='lat' dir='ltr'>forma</span> <span class='ocrx_word' id='word_1_143' title='bbox 476 1711 585 1744; x_wconf 88' lang='lat' dir='ltr'>Brevis</span> <span class='ocrx_word' id='word_1_144' title='bbox 608 1712 829 1744; x_wconf 87' lang='lat' dir='ltr'>confectarum</span> <span class='ocrx_word' id='word_1_145' title='bbox 851 1713 933 1744; x_wconf 90' lang='lat' dir='ltr'>litte-</span> 
     </span>
     <span class='ocr_line' id='line_1_30' title="bbox 192 1764 932 1808; baseline 0.003 -11"><span class='ocrx_word' id='word_1_146' title='bbox 192 1775 300 1797; x_wconf 87' lang='lat' dir='ltr'>rarum</span> <span class='ocrx_word' id='word_1_147' title='bbox 328 1770 483 1805; x_wconf 82' lang='lat' dir='ltr'>tenores,</span> <span class='ocrx_word' id='word_1_148' title='bbox 511 1775 547 1797; x_wconf 90' lang='lat' dir='ltr'>ac</span> <span class='ocrx_word' id='word_1_149' title='bbox 583 1764 609 1797; x_wconf 89' lang='lat' dir='ltr'>si</span> <span class='ocrx_word' id='word_1_150' title='bbox 635 1765 861 1808; x_wconf 84' lang='lat' dir='ltr'>praesentibus</span> <span class='ocrx_word' id='word_1_151' title='bbox 894 1766 932 1799; x_wconf 84' lang='lat' dir='ltr'>de</span> 
     </span>
     <span class='ocr_line' id='line_1_31' title="bbox 193 1818 933 1862; baseline 0.001 -11"><span class='ocrx_word' id='word_1_152' title='bbox 193 1818 292 1851; x_wconf 85' lang='lat' dir='ltr'>verbo</span> <span class='ocrx_word' id='word_1_153' title='bbox 311 1818 349 1851; x_wconf 89' lang='lat' dir='ltr'>ad</span> <span class='ocrx_word' id='word_1_154' title='bbox 372 1819 502 1851; x_wconf 89' lang='lat' dir='ltr'>verbum</span> <span class='ocrx_word' id='word_1_155' title='bbox 529 1818 768 1859; x_wconf 81' lang='lat' dir='ltr'>insererentur,</span> <span class='ocrx_word' id='word_1_156' title='bbox 795 1830 854 1862; x_wconf 92' lang='lat' dir='ltr'>pro</span> <span class='ocrx_word' id='word_1_157' title='bbox 882 1830 933 1852; x_wconf 86' lang='lat' dir='ltr'>ex-</span> 
     </span>
     <span class='ocr_line' id='line_1_32' title="bbox 191 1870 720 1914; baseline 0.002 -12"><span class='ocrx_word' id='word_1_158' title='bbox 191 1871 312 1914; x_wconf 85' lang='lat' dir='ltr'>pressis</span> <span class='ocrx_word' id='word_1_159' title='bbox 338 1876 369 1903; x_wconf 90' lang='lat' dir='ltr'>et</span> <span class='ocrx_word' id='word_1_160' title='bbox 394 1870 524 1903; x_wconf 86' lang='lat' dir='ltr'>insertis</span> <span class='ocrx_word' id='word_1_161' title='bbox 550 1871 720 1903; x_wconf 75' lang='lat' dir='ltr'>babentes.</span> 
     </span>
    </p>

    <p class='ocr_par' dir='ltr' id='par_1_4' title="bbox 0 1924 934 2178">
     <span class='ocr_line' id='line_1_33' title="bbox 47 1924 931 1967; baseline 0.003 -13"><span class='ocrx_word' id='word_1_162' title='bbox 47 1934 181 1965; x_wconf 26' lang='lat' dir='ltr'>‘ennceanur</span> <span class='ocrx_word' id='word_1_163' title='bbox 234 1925 249 1967; x_wconf 64' lang='grc' dir='ltr'><strong>ἓ</strong></span> <span class='ocrx_word' id='word_1_164' title='bbox 274 1924 305 1957; x_wconf 86' lang='lat'>5.</span> <span class='ocrx_word' id='word_1_165' title='bbox 333 1924 477 1957; x_wconf 85' lang='lat' dir='ltr'>Ministro</span> <span class='ocrx_word' id='word_1_166' title='bbox 503 1930 610 1957; x_wconf 82' lang='lat' dir='ltr'>autem</span> <span class='ocrx_word' id='word_1_167' title='bbox 647 1935 703 1957; x_wconf 89' lang='lat' dir='ltr'>seu</span> <span class='ocrx_word' id='word_1_168' title='bbox 730 1925 848 1957; x_wconf 88' lang='lat' dir='ltr'>vicario</span> <span class='ocrx_word' id='word_1_169' title='bbox 883 1926 931 1958; x_wconf 86' lang='lat' dir='ltr'>vel</span> 
     </span>
     <span class='ocr_line' id='line_1_34' title="bbox 0 1965 933 2020; baseline 0.001 -11"><span class='ocrx_word' id='word_1_170' title='bbox 0 1965 180 2008; x_wconf 52' lang='grc' dir='ltr'>’τῖῗῧῖἶιὲῃδῖἶῖῗιῖῗζ</span> <span class='ocrx_word' id='word_1_171' title='bbox 191 1977 411 2010; x_wconf 85' lang='lat' dir='ltr'>commissario</span> <span class='ocrx_word' id='word_1_172' title='bbox 438 1977 645 2020; x_wconf 77' lang='lat' dir='ltr'>generalibus</span> <span class='ocrx_word' id='word_1_173' title='bbox 672 1977 855 2020; x_wconf 86' lang='lat' dir='ltr'>primodicti</span> <span class='ocrx_word' id='word_1_174' title='bbox 878 1977 933 2010; x_wconf 85' lang='lat' dir='ltr'>Or·</span> 
     </span>
     <span class='ocr_line' id='line_1_35' title="bbox 0 2013 933 2074; baseline 0.003 -14"><span class='ocrx_word' id='word_1_175' title='bbox 0 2013 276 2062; x_wconf 47' lang='lat' dir='ltr'>iss&#39;r‘iffviiffidfflffuli‘dinis</span> <span class='ocrx_word' id='word_1_176' title='bbox 301 2041 386 2062; x_wconf 85' lang='lat' dir='ltr'>nunc</span> <span class='ocrx_word' id='word_1_177' title='bbox 404 2036 435 2063; x_wconf 89' lang='lat' dir='ltr'>et</span> <span class='ocrx_word' id='word_1_178' title='bbox 452 2041 511 2072; x_wconf 92' lang='lat' dir='ltr'>pro</span> <span class='ocrx_word' id='word_1_179' title='bbox 541 2036 687 2074; x_wconf 86' lang='lat' dir='ltr'>tempore</span> <span class='ocrx_word' id='word_1_180' title='bbox 720 2031 933 2063; x_wconf 80' lang='lat' dir='ltr'>existentibus</span> 
     </span>
     <span class='ocr_line' id='line_1_36' title="bbox 0 2067 934 2125; baseline 0.005 -14"><span class='ocrx_word' id='word_1_181' title='bbox 0 2067 303 2121; x_wconf 49' lang='lat' dir='ltr'>ffssiei&#39;fftsissssflissitenore</span> <span class='ocrx_word' id='word_1_182' title='bbox 330 2083 519 2115; x_wconf 85' lang='lat' dir='ltr'>earumdem</span> <span class='ocrx_word' id='word_1_183' title='bbox 546 2083 766 2125; x_wconf 85' lang='lat' dir='ltr'>praesentium</span> <span class='ocrx_word' id='word_1_184' title='bbox 788 2084 934 2116; x_wconf 89' lang='lat' dir='ltr'>concedi-</span> 
     </span>
     <span class='ocr_line' id='line_1_37' title="bbox 0 2119 932 2178; baseline 0.004 -14"><span class='ocrx_word' id='word_1_185' title='bbox 0 2119 122 2171; x_wconf 53' lang='lat' dir='ltr'>{Jnii&#39;f&#39;qw</span> <span class='ocrx_word' id='word_1_186' title='bbox 139 2126 261 2167; x_wconf 60' lang='lat' dir='ltr'>er&#39;‘mus</span> <span class='ocrx_word' id='word_1_187' title='bbox 282 2135 406 2177; x_wconf 88' lang='lat' dir='ltr'>pariter</span> <span class='ocrx_word' id='word_1_188' title='bbox 424 2141 454 2166; x_wconf 89' lang='lat' dir='ltr'>et</span> <span class='ocrx_word' id='word_1_189' title='bbox 472 2134 688 2177; x_wconf 43' lang='lat' dir='ltr'>indulgemus</span> <span class='ocrx_word' id='word_1_190' title='bbox 711 2140 746 2167; x_wconf 89' lang='lat' dir='ltr'>ut</span> <span class='ocrx_word' id='word_1_191' title='bbox 763 2135 932 2178; x_wconf 86' lang='lat' dir='ltr'>utriusque</span> 
     </span>
    </p>

    <p class='ocr_par' dir='ltr' id='par_1_5' title="bbox 191 2187 934 2550">
     <span class='ocr_line' id='line_1_38' title="bbox 192 2187 931 2230; baseline 0 -10"><span class='ocrx_word' id='word_1_192' title='bbox 192 2197 285 2220; x_wconf 75' lang='lat' dir='ltr'>sexus</span> <span class='ocrx_word' id='word_1_193' title='bbox 311 2187 595 2220; x_wconf 76' lang='lat' dir='ltr'>confraternitates</span> <span class='ocrx_word' id='word_1_194' title='bbox 621 2187 679 2219; x_wconf 88' lang='lat' dir='ltr'>sub</span> <span class='ocrx_word' id='word_1_195' title='bbox 705 2187 869 2230; x_wconf 77' lang='lat' dir='ltr'>praedicta</span> <span class='ocrx_word' id='word_1_196' title='bbox 889 2188 931 2220; x_wconf 89' lang='lat' dir='ltr'>in-</span> 
     </span>
     <span class='ocr_line' id='line_1_39' title="bbox 193 2239 933 2283; baseline -0.001 -9"><span class='ocrx_word' id='word_1_197' title='bbox 193 2240 361 2274; x_wconf 77' lang='lat' dir='ltr'>vocatione</span> <span class='ocrx_word' id='word_1_198' title='bbox 393 2239 621 2283; x_wconf 87' lang='lat' dir='ltr'>Conceptionis</span> <span class='ocrx_word' id='word_1_199' title='bbox 658 2241 690 2273; x_wconf 88' lang='lat' dir='ltr'>B.</span> <span class='ocrx_word' id='word_1_200' title='bbox 722 2240 838 2273; x_wconf 80' lang='lat' dir='ltr'>Mariae</span> <span class='ocrx_word' id='word_1_201' title='bbox 871 2241 933 2273; x_wconf 80' lang='lat' dir='ltr'>Vir-</span> 
     </span>
     <span class='ocr_line' id='line_1_40' title="bbox 192 2293 932 2337; baseline 0 -11"><span class='ocrx_word' id='word_1_202' title='bbox 192 2294 275 2337; x_wconf 78' lang='lat' dir='ltr'>ginis</span> <span class='ocrx_word' id='word_1_203' title='bbox 302 2295 530 2327; x_wconf 80' lang='lat' dir='ltr'>immaculatae</span> <span class='ocrx_word' id='word_1_204' title='bbox 553 2293 674 2326; x_wconf 76' lang='lat' dir='ltr'>ubisvis</span> <span class='ocrx_word' id='word_1_205' title='bbox 692 2294 851 2333; x_wconf 85' lang='lat' dir='ltr'>locorum,</span> <span class='ocrx_word' id='word_1_206' title='bbox 871 2299 932 2326; x_wconf 79' lang='lat' dir='ltr'>tam</span> 
     </span>
     <span class='ocr_line' id='line_1_41' title="bbox 191 2347 931 2389; baseline -0.001 -9"><span class='ocrx_word' id='word_1_207' title='bbox 191 2347 223 2380; x_wconf 94' lang='lat' dir='ltr'>in</span> <span class='ocrx_word' id='word_1_208' title='bbox 239 2348 430 2384; x_wconf 76' lang='lat' dir='ltr'>eorumdem</span> <span class='ocrx_word' id='word_1_209' title='bbox 446 2347 580 2379; x_wconf 83' lang='lat' dir='ltr'>fratrum</span> <span class='ocrx_word' id='word_1_210' title='bbox 595 2347 779 2389; x_wconf 87' lang='lat' dir='ltr'>primodicti</span> <span class='ocrx_word' id='word_1_211' title='bbox 793 2347 931 2389; x_wconf 84' lang='lat' dir='ltr'>Ordinis,</span> 
     </span>
     <span class='ocr_line' id='line_1_42' title="bbox 192 2399 933 2444; baseline -0.001 -11"><span class='ocrx_word' id='word_1_212' title='bbox 192 2411 287 2444; x_wconf 86' lang='lat' dir='ltr'>quam</span> <span class='ocrx_word' id='word_1_213' title='bbox 307 2400 339 2432; x_wconf 92' lang='lat' dir='ltr'>in</span> <span class='ocrx_word' id='word_1_214' title='bbox 359 2399 525 2443; x_wconf 82' lang='lat' dir='ltr'>quibusvis</span> <span class='ocrx_word' id='word_1_215' title='bbox 543 2399 613 2432; x_wconf 87' lang='lat' dir='ltr'>aliis</span> <span class='ocrx_word' id='word_1_216' title='bbox 632 2399 776 2432; x_wconf 85' lang='lat' dir='ltr'>ecclesiis</span> <span class='ocrx_word' id='word_1_217' title='bbox 795 2401 843 2432; x_wconf 83' lang='lat' dir='ltr'>vel</span> <span class='ocrx_word' id='word_1_218' title='bbox 862 2410 933 2432; x_wconf 90' lang='lat' dir='ltr'>ora-</span> 
     </span>
     <span class='ocr_line' id='line_1_43' title="bbox 191 2453 932 2496; baseline -0.001 -10"><span class='ocrx_word' id='word_1_219' title='bbox 191 2454 291 2495; x_wconf 89' lang='lat' dir='ltr'>toriis,</span> <span class='ocrx_word' id='word_1_220' title='bbox 306 2454 364 2486; x_wconf 89' lang='lat' dir='ltr'>sub</span> <span class='ocrx_word' id='word_1_221' title='bbox 379 2464 489 2486; x_wconf 88' lang='lat' dir='ltr'>eorum</span> <span class='ocrx_word' id='word_1_222' title='bbox 510 2453 689 2486; x_wconf 85' lang='lat' dir='ltr'>directione</span> <span class='ocrx_word' id='word_1_223' title='bbox 707 2459 759 2485; x_wconf 89' lang='lat' dir='ltr'>aut</span> <span class='ocrx_word' id='word_1_224' title='bbox 776 2453 932 2496; x_wconf 79' lang='lat' dir='ltr'>regimine</span> 
     </span>
     <span class='ocr_line' id='line_1_44' title="bbox 191 2506 934 2550; baseline -0.003 -10"><span class='ocrx_word' id='word_1_225' title='bbox 191 2506 439 2550; x_wconf 87' lang='lat' dir='ltr'>quomodolibet</span> <span class='ocrx_word' id='word_1_226' title='bbox 464 2506 675 2539; x_wconf 80' lang='lat' dir='ltr'>existentibus</span> <span class='ocrx_word' id='word_1_227' title='bbox 708 2507 756 2539; x_wconf 88' lang='lat' dir='ltr'>vel</span> <span class='ocrx_word' id='word_1_228' title='bbox 782 2516 847 2539; x_wconf 89' lang='lat' dir='ltr'>non</span> <span class='ocrx_word' id='word_1_229' title='bbox 872 2506 934 2539; x_wconf 79' lang='lat' dir='ltr'>exi-</span> 
     </span>
    </p>
   </div>
   <div class='ocr_carea' id='block_1_2' title="bbox 227 2620 779 2655">
    <p class='ocr_par' dir='ltr' id='par_1_6' title="bbox 227 2620 779 2655">
     <span class='ocr_line' id='line_1_45' title="bbox 227 2620 779 2655; baseline -0.002 -6"><span class='ocrx_word' id='word_1_230' title='bbox 227 2623 238 2649; x_wconf 83' lang='lat' dir='ltr'>t</span> <span class='ocrx_word' id='word_1_231' title='bbox 263 2621 360 2649; x_wconf 84' lang='lat' dir='ltr'>Vocem</span> <span class='ocrx_word' id='word_1_232' title='bbox 382 2624 442 2649; x_wconf 76' lang='lat' dir='ltr'>tam</span> <span class='ocrx_word' id='word_1_233' title='bbox 463 2628 512 2648; x_wconf 89' lang='lat' dir='ltr'>nos</span> <span class='ocrx_word' id='word_1_234' title='bbox 533 2620 656 2649; x_wconf 84' lang='lat' dir='ltr'>addimus</span> <span class='ocrx_word' id='word_1_235' title='bbox 676 2623 713 2655; x_wconf 81' lang='lat' dir='ltr'>(n.</span> <span class='ocrx_word' id='word_1_236' title='bbox 731 2622 779 2654; x_wconf 83' lang='grc' dir='ltr'>τ.).</span> 
     </span>
    </p>
   </div>
   <div class='ocr_carea' id='block_1_3' title="bbox 784 236 1131 260">
    <p class='ocr_par' dir='ltr' id='par_1_7' title="bbox 784 236 1131 260">
     <span class='ocr_line' id='line_1_46' title="bbox 784 236 1131 260; baseline 0 -1"><span class='ocrx_word' id='word_1_237' title='bbox 784 236 977 260; x_wconf 69' lang='lat' dir='ltr'>RENEDtCTUS</span> <span class='ocrx_word' id='word_1_238' title='bbox 1005 237 1058 259; x_wconf 80' lang='lat' dir='ltr'>xllt</span> <span class='ocrx_word' id='word_1_239' title='bbox 1086 236 1131 259; x_wconf 67' lang='lat' dir='ltr'>rt).</span> 
     </span>
    </p>
   </div>
   <div class='ocr_carea' id='block_1_4' title="bbox 954 1228 957 2112">
    <p class='ocr_par' dir='ltr' id='par_1_8' title="bbox 954 1228 957 2112">
     <span class='ocr_line' id='line_1_47' title="bbox 954 1228 957 2112; baseline 0 0"><span class='ocrx_word' id='word_1_240' title='bbox 954 1228 957 2112; x_wconf 95' lang='lat' dir='ltr'> </span> 
     </span>
    </p>
   </div>
   <div class='ocr_carea' id='block_1_5' title="bbox 1614 225 1671 257">
    <p class='ocr_par' dir='ltr' id='par_1_9' title="bbox 1614 225 1671 257">
     <span class='ocr_line' id='line_1_48' title="bbox 1614 225 1671 257; baseline 0 0"><span class='ocrx_word' id='word_1_241' title='bbox 1614 225 1671 257; x_wconf 87' lang='grc'>511</span> 
     </span>
    </p>
   </div>
   <div class='ocr_carea' id='block_1_6' title="bbox 976 282 1721 2655">
    <p class='ocr_par' dir='ltr' id='par_1_10' title="bbox 977 282 1720 1328">
     <span class='ocr_line' id='line_1_49' title="bbox 979 282 1715 327; baseline -0.001 -12"><span class='ocrx_word' id='word_1_242' title='bbox 979 284 1156 324; x_wconf 65' lang='lat' dir='ltr'>stantibus,</span> <span class='ocrx_word' id='word_1_243' title='bbox 1175 285 1303 327; x_wconf 78' lang='lat' dir='ltr'>erigere</span> <span class='ocrx_word' id='word_1_244' title='bbox 1322 289 1353 317; x_wconf 86' lang='lat' dir='ltr'>et</span> <span class='ocrx_word' id='word_1_245' title='bbox 1379 283 1551 316; x_wconf 85' lang='lat' dir='ltr'>instituere</span> <span class='ocrx_word' id='word_1_246' title='bbox 1572 282 1715 326; x_wconf 89' lang='lat' dir='ltr'>possint,</span> 
     </span>
     <span class='ocr_line' id='line_1_50' title="bbox 977 334 1716 380; baseline 0 -13"><span class='ocrx_word' id='word_1_247' title='bbox 977 346 1104 369; x_wconf 90' lang='lat' dir='ltr'>necnon</span> <span class='ocrx_word' id='word_1_248' title='bbox 1130 337 1259 369; x_wconf 89' lang='lat' dir='ltr'>easdem</span> <span class='ocrx_word' id='word_1_249' title='bbox 1286 343 1317 369; x_wconf 88' lang='lat' dir='ltr'>et</span> <span class='ocrx_word' id='word_1_250' title='bbox 1342 345 1560 380; x_wconf 87' lang='lat' dir='ltr'>quascumque</span> <span class='ocrx_word' id='word_1_251' title='bbox 1587 334 1646 367; x_wconf 91' lang='lat' dir='ltr'>sub</span> <span class='ocrx_word' id='word_1_252' title='bbox 1671 336 1716 367; x_wconf 81' lang='lat' dir='ltr'>ea-</span> 
     </span>
     <span class='ocr_line' id='line_1_51' title="bbox 979 387 1716 432; baseline -0.001 -12"><span class='ocrx_word' id='word_1_253' title='bbox 979 388 1050 420; x_wconf 87' lang='lat' dir='ltr'>dem</span> <span class='ocrx_word' id='word_1_254' title='bbox 1077 388 1283 422; x_wconf 84' lang='lat' dir='ltr'>invoeatione</span> <span class='ocrx_word' id='word_1_255' title='bbox 1316 390 1354 421; x_wconf 88' lang='lat' dir='ltr'>ad</span> <span class='ocrx_word' id='word_1_256' title='bbox 1381 399 1534 432; x_wconf 85' lang='lat' dir='ltr'>praesens</span> <span class='ocrx_word' id='word_1_257' title='bbox 1560 387 1716 420; x_wconf 87' lang='lat' dir='ltr'>canonice</span> 
     </span>
     <span class='ocr_line' id='line_1_52' title="bbox 979 442 1716 485; baseline -0.003 -11"><span class='ocrx_word' id='word_1_258' title='bbox 979 447 1104 474; x_wconf 86' lang='lat' dir='ltr'>erectas</span> <span class='ocrx_word' id='word_1_259' title='bbox 1141 447 1172 474; x_wconf 90' lang='lat' dir='ltr'>et</span> <span class='ocrx_word' id='word_1_260' title='bbox 1207 442 1371 474; x_wconf 85' lang='lat' dir='ltr'>institutas</span> <span class='ocrx_word' id='word_1_261' title='bbox 1409 447 1440 474; x_wconf 87' lang='lat' dir='ltr'>et</span> <span class='ocrx_word' id='word_1_262' title='bbox 1478 442 1509 474; x_wconf 90' lang='lat' dir='ltr'>in</span> <span class='ocrx_word' id='word_1_263' title='bbox 1548 446 1716 485; x_wconf 89' lang='lat' dir='ltr'>posterum</span> 
     </span>
     <span class='ocr_line' id='line_1_53' title="bbox 978 494 1719 537; baseline 0 -12"><span class='ocrx_word' id='word_1_264' title='bbox 978 495 1132 527; x_wconf 88' lang='lat' dir='ltr'>canonice</span> <span class='ocrx_word' id='word_1_265' title='bbox 1159 494 1330 537; x_wconf 78' lang='lat' dir='ltr'>erigendas</span> <span class='ocrx_word' id='word_1_266' title='bbox 1356 500 1388 527; x_wconf 87' lang='lat' dir='ltr'>et</span> <span class='ocrx_word' id='word_1_267' title='bbox 1412 494 1624 527; x_wconf 86' lang='lat' dir='ltr'>instituendas</span> <span class='ocrx_word' id='word_1_268' title='bbox 1646 503 1719 526; x_wconf 90' lang='lat' dir='ltr'>con-</span> 
     </span>
     <span class='ocr_line' id='line_1_54' title="bbox 978 546 1716 590; baseline 0 -12"><span class='ocrx_word' id='word_1_269' title='bbox 978 547 1207 586; x_wconf 88' lang='lat' dir='ltr'>fraternitates,</span> <span class='ocrx_word' id='word_1_270' title='bbox 1228 552 1268 587; x_wconf 89' lang='lat' dir='ltr'>et,</span> <span class='ocrx_word' id='word_1_271' title='bbox 1287 548 1391 590; x_wconf 88' lang='lat' dir='ltr'>quoad</span> <span class='ocrx_word' id='word_1_272' title='bbox 1419 553 1542 580; x_wconf 87' lang='lat' dir='ltr'>erectas</span> <span class='ocrx_word' id='word_1_273' title='bbox 1570 551 1602 580; x_wconf 87' lang='lat' dir='ltr'>et</span> <span class='ocrx_word' id='word_1_274' title='bbox 1626 546 1716 578; x_wconf 89' lang='lat' dir='ltr'>insti-</span> 
     </span>
     <span class='ocr_line' id='line_1_55' title="bbox 979 598 1717 642; baseline 0.001 -12"><span class='ocrx_word' id='word_1_275' title='bbox 979 604 1074 638; x_wconf 85' lang='lat' dir='ltr'>tutas,</span> <span class='ocrx_word' id='word_1_276' title='bbox 1101 599 1230 642; x_wconf 77' lang='lat' dir='ltr'>praevia</span> <span class='ocrx_word' id='word_1_277' title='bbox 1256 600 1437 632; x_wconf 84' lang='lat' dir='ltr'>cessatione</span> <span class='ocrx_word' id='word_1_278' title='bbox 1460 605 1492 632; x_wconf 90' lang='lat' dir='ltr'>et</span> <span class='ocrx_word' id='word_1_279' title='bbox 1508 598 1717 632; x_wconf 84' lang='lat' dir='ltr'>revocatione</span> 
     </span>
     <span class='ocr_line' id='line_1_56' title="bbox 978 651 1716 695; baseline 0 -12"><span class='ocrx_word' id='word_1_280' title='bbox 978 662 1256 695; x_wconf 80' lang='lat' dir='ltr'>quarumcumque</span> <span class='ocrx_word' id='word_1_281' title='bbox 1278 653 1412 685; x_wconf 87' lang='lat' dir='ltr'>aliarum</span> <span class='ocrx_word' id='word_1_282' title='bbox 1443 651 1716 695; x_wconf 77' lang='lat' dir='ltr'>indulgentiarum</span> 
     </span>
     <span class='ocr_line' id='line_1_57' title="bbox 978 704 1717 748; baseline 0 -12"><span class='ocrx_word' id='word_1_283' title='bbox 978 704 1055 747; x_wconf 89' lang='lat' dir='ltr'>ipsis</span> <span class='ocrx_word' id='word_1_284' title='bbox 1082 705 1196 748; x_wconf 88' lang='lat' dir='ltr'>quovis</span> <span class='ocrx_word' id='word_1_285' title='bbox 1233 706 1331 738; x_wconf 88' lang='lat' dir='ltr'>modo</span> <span class='ocrx_word' id='word_1_286' title='bbox 1368 716 1425 748; x_wconf 89' lang='lat' dir='ltr'>per</span> <span class='ocrx_word' id='word_1_287' title='bbox 1461 707 1542 738; x_wconf 86' lang='lat' dir='ltr'>viam</span> <span class='ocrx_word' id='word_1_288' title='bbox 1576 704 1717 736; x_wconf 80' lang='lat' dir='ltr'>cuiusvis</span> 
     </span>
     <span class='ocr_line' id='line_1_58' title="bbox 978 756 1718 800; baseline -0.001 -11"><span class='ocrx_word' id='word_1_289' title='bbox 978 757 1220 800; x_wconf 71' lang='lat' dir='ltr'>aggregationis</span> <span class='ocrx_word' id='word_1_290' title='bbox 1257 764 1289 790; x_wconf 91' lang='lat' dir='ltr'>et</span> <span class='ocrx_word' id='word_1_291' title='bbox 1324 757 1625 790; x_wconf 85' lang='lat' dir='ltr'>communicationis</span> <span class='ocrx_word' id='word_1_292' title='bbox 1655 756 1718 789; x_wconf 91' lang='lat' dir='ltr'>cui-</span> 
     </span>
     <span class='ocr_line' id='line_1_59' title="bbox 977 810 1717 843; baseline -0.001 0"><span class='ocrx_word' id='word_1_293' title='bbox 977 810 1058 843; x_wconf 86' lang='lat' dir='ltr'>libet</span> <span class='ocrx_word' id='word_1_294' title='bbox 1083 810 1433 843; x_wconf 84' lang='lat' dir='ltr'>arcliiconfraternitati</span> <span class='ocrx_word' id='word_1_295' title='bbox 1456 816 1510 843; x_wconf 87' lang='lat' dir='ltr'>aut</span> <span class='ocrx_word' id='word_1_296' title='bbox 1535 811 1613 842; x_wconf 70' lang='lat' dir='ltr'>alias</span> <span class='ocrx_word' id='word_1_297' title='bbox 1643 820 1717 842; x_wconf 81' lang='lat' dir='ltr'>con-</span> 
     </span>
     <span class='ocr_line' id='line_1_60' title="bbox 978 861 1718 901; baseline -0.001 -7"><span class='ocrx_word' id='word_1_298' title='bbox 978 872 1151 901; x_wconf 85' lang='lat' dir='ltr'>cessarum,</span> <span class='ocrx_word' id='word_1_299' title='bbox 1179 862 1283 895; x_wconf 86' lang='lat' dir='ltr'>dictae</span> <span class='ocrx_word' id='word_1_300' title='bbox 1309 861 1658 895; x_wconf 82' lang='lat' dir='ltr'>arebiconfraternitati</span> <span class='ocrx_word' id='word_1_301' title='bbox 1685 867 1718 894; x_wconf 86' lang='lat' dir='ltr'>ut</span> 
     </span>
     <span class='ocr_line' id='line_1_61' title="bbox 978 915 1718 959; baseline 0.003 -14"><span class='ocrx_word' id='word_1_302' title='bbox 978 915 1176 959; x_wconf 81' lang='lat' dir='ltr'>praedicitur</span> <span class='ocrx_word' id='word_1_303' title='bbox 1208 915 1383 958; x_wconf 77' lang='lat' dir='ltr'>erigendae</span> <span class='ocrx_word' id='word_1_304' title='bbox 1414 925 1588 958; x_wconf 78' lang='lat' dir='ltr'>aggregare</span> <span class='ocrx_word' id='word_1_305' title='bbox 1615 915 1718 947; x_wconf 86' lang='lat' dir='ltr'>libere</span> 
     </span>
     <span class='ocr_line' id='line_1_62' title="bbox 979 967 1719 1009; baseline -0.003 -8"><span class='ocrx_word' id='word_1_306' title='bbox 979 975 1009 1001; x_wconf 91' lang='lat' dir='ltr'>et</span> <span class='ocrx_word' id='word_1_307' title='bbox 1034 967 1120 1001; x_wconf 86' lang='lat' dir='ltr'>licite</span> <span class='ocrx_word' id='word_1_308' title='bbox 1146 969 1294 1009; x_wconf 85' lang='lat' dir='ltr'>valeant,</span> <span class='ocrx_word' id='word_1_309' title='bbox 1323 970 1448 1001; x_wconf 81' lang='lat' dir='ltr'>servata</span> <span class='ocrx_word' id='word_1_310' title='bbox 1485 973 1590 1000; x_wconf 87' lang='lat' dir='ltr'>tamen</span> <span class='ocrx_word' id='word_1_311' title='bbox 1617 967 1719 1000; x_wconf 74' lang='lat' dir='ltr'>forma</span> 
     </span>
     <span class='ocr_line' id='line_1_63' title="bbox 977 1019 1717 1064; baseline -0.001 -11"><span class='ocrx_word' id='word_1_312' title='bbox 977 1020 1220 1054; x_wconf 85' lang='lat' dir='ltr'>constitutionis</span> <span class='ocrx_word' id='word_1_313' title='bbox 1245 1021 1318 1064; x_wconf 89' lang='lat' dir='ltr'>piae</span> <span class='ocrx_word' id='word_1_314' title='bbox 1345 1020 1521 1053; x_wconf 89' lang='lat' dir='ltr'>memoriae</span> <span class='ocrx_word' id='word_1_315' title='bbox 1543 1019 1717 1053; x_wconf 88' lang='lat' dir='ltr'>Clementis</span> 
     </span>
     <span class='ocr_line' id='line_1_64' title="bbox 978 1072 1720 1117; baseline -0.001 -11"><span class='ocrx_word' id='word_1_316' title='bbox 978 1074 1081 1117; x_wconf 86' lang='lat' dir='ltr'>Papae</span> <span class='ocrx_word' id='word_1_317' title='bbox 1107 1074 1169 1106; x_wconf 61' lang='lat' dir='ltr'>t&#39;tlt</span> <span class='ocrx_word' id='word_1_318' title='bbox 1196 1073 1347 1106; x_wconf 87' lang='lat' dir='ltr'>similiter</span> <span class='ocrx_word' id='word_1_319' title='bbox 1372 1072 1635 1116; x_wconf 83' lang='lat' dir='ltr'>praedecessoris</span> <span class='ocrx_word' id='word_1_320' title='bbox 1664 1083 1720 1105; x_wconf 85' lang='lat' dir='ltr'>no-</span> 
     </span>
     <span class='ocr_line' id='line_1_65' title="bbox 977 1125 1718 1170; baseline -0.001 -11"><span class='ocrx_word' id='word_1_321' title='bbox 977 1127 1032 1160; x_wconf 88' lang='lat' dir='ltr'>stri</span> <span class='ocrx_word' id='word_1_322' title='bbox 1068 1137 1165 1170; x_wconf 84' lang='lat' dir='ltr'>super</span> <span class='ocrx_word' id='word_1_323' title='bbox 1214 1127 1370 1159; x_wconf 80' lang='lat' dir='ltr'>dictarum</span> <span class='ocrx_word' id='word_1_324' title='bbox 1416 1125 1718 1159; x_wconf 77' lang='lat' dir='ltr'>confraternitatum</span> 
     </span>
     <span class='ocr_line' id='line_1_66' title="bbox 978 1179 1717 1222; baseline -0.001 -10"><span class='ocrx_word' id='word_1_325' title='bbox 978 1179 1199 1213; x_wconf 87' lang='lat' dir='ltr'>erectionibus</span> <span class='ocrx_word' id='word_1_326' title='bbox 1226 1185 1258 1212; x_wconf 88' lang='lat' dir='ltr'>et</span> <span class='ocrx_word' id='word_1_327' title='bbox 1283 1179 1570 1222; x_wconf 75' lang='lat' dir='ltr'>aggregationibus</span> <span class='ocrx_word' id='word_1_328' title='bbox 1597 1179 1717 1219; x_wconf 88' lang='lat' dir='ltr'>editae,</span> 
     </span>
     <span class='ocr_line' id='line_1_67' title="bbox 978 1230 1717 1276; baseline -0.003 -12"><span class='ocrx_word' id='word_1_329' title='bbox 978 1233 1130 1276; x_wconf 78' lang='lat' dir='ltr'>privative</span> <span class='ocrx_word' id='word_1_330' title='bbox 1158 1232 1262 1276; x_wconf 89' lang='lat' dir='ltr'>quoad</span> <span class='ocrx_word' id='word_1_331' title='bbox 1289 1232 1387 1272; x_wconf 84' lang='lat' dir='ltr'>alios,</span> <span class='ocrx_word' id='word_1_332' title='bbox 1414 1231 1500 1264; x_wconf 89' lang='lat' dir='ltr'>circa</span> <span class='ocrx_word' id='word_1_333' title='bbox 1532 1230 1717 1264; x_wconf 86' lang='lat' dir='ltr'>huiusmodi</span> 
     </span>
     <span class='ocr_line' id='line_1_68' title="bbox 978 1284 1610 1328; baseline -0.002 -11"><span class='ocrx_word' id='word_1_334' title='bbox 978 1286 1157 1318; x_wconf 83' lang='lat' dir='ltr'>erectiones</span> <span class='ocrx_word' id='word_1_335' title='bbox 1184 1285 1215 1317; x_wconf 89' lang='lat' dir='ltr'>in</span> <span class='ocrx_word' id='word_1_336' title='bbox 1241 1290 1410 1328; x_wconf 84' lang='lat' dir='ltr'>posterum</span> <span class='ocrx_word' id='word_1_337' title='bbox 1437 1284 1610 1317; x_wconf 69' lang='lat' dir='ltr'>faciendas</span> 
     </span>
    </p>

    <p class='ocr_par' dir='ltr' id='par_1_11' title="bbox 976 1337 1721 2332">
     <span class='ocr_line' id='line_1_69' title="bbox 1021 1337 1715 1381; baseline -0.003 -10"><span class='ocrx_word' id='word_1_338' title='bbox 1021 1339 1035 1381; x_wconf 64' lang='grc' dir='ltr'>ξ</span> <span class='ocrx_word' id='word_1_339' title='bbox 1061 1337 1091 1371; x_wconf 87' lang='grc'>6.</span> <span class='ocrx_word' id='word_1_340' title='bbox 1115 1338 1355 1377; x_wconf 85' lang='lat' dir='ltr'>Decernentes,</span> <span class='ocrx_word' id='word_1_341' title='bbox 1375 1337 1505 1370; x_wconf 74' lang='lat' dir='ltr'>easdem</span> <span class='ocrx_word' id='word_1_342' title='bbox 1527 1342 1715 1379; x_wconf 85' lang='lat' dir='ltr'>praesentes</span> 
     </span>
     <span class='ocr_line' id='line_1_70' title="bbox 976 1389 1716 1433; baseline 0.001 -12"><span class='ocrx_word' id='word_1_343' title='bbox 976 1391 1043 1423; x_wconf 88' lang='lat' dir='ltr'>ullo</span> <span class='ocrx_word' id='word_1_344' title='bbox 1068 1401 1210 1433; x_wconf 85' lang='lat' dir='ltr'>unquam</span> <span class='ocrx_word' id='word_1_345' title='bbox 1248 1395 1392 1432; x_wconf 88' lang='lat' dir='ltr'>tempore</span> <span class='ocrx_word' id='word_1_346' title='bbox 1427 1390 1466 1422; x_wconf 90' lang='lat' dir='ltr'>de</span> <span class='ocrx_word' id='word_1_347' title='bbox 1502 1389 1716 1432; x_wconf 85' lang='lat' dir='ltr'>subreptionis</span> 
     </span>
     <span class='ocr_line' id='line_1_71' title="bbox 977 1442 1717 1486; baseline 0 -11"><span class='ocrx_word' id='word_1_348' title='bbox 977 1445 1026 1476; x_wconf 83' lang='lat' dir='ltr'>vel</span> <span class='ocrx_word' id='word_1_349' title='bbox 1054 1443 1254 1486; x_wconf 89' lang='lat' dir='ltr'>obreptionis</span> <span class='ocrx_word' id='word_1_350' title='bbox 1280 1448 1335 1475; x_wconf 86' lang='lat' dir='ltr'>aut</span> <span class='ocrx_word' id='word_1_351' title='bbox 1359 1442 1515 1475; x_wconf 85' lang='lat' dir='ltr'>nullitatis</span> <span class='ocrx_word' id='word_1_352' title='bbox 1545 1442 1643 1481; x_wconf 87' lang='lat' dir='ltr'>vitio,</span> <span class='ocrx_word' id='word_1_353' title='bbox 1668 1443 1717 1475; x_wconf 87' lang='lat' dir='ltr'>vel</span> 
     </span>
     <span class='ocr_line' id='line_1_72' title="bbox 978 1495 1718 1539; baseline -0.003 -10"><span class='ocrx_word' id='word_1_354' title='bbox 978 1497 1166 1529; x_wconf 86' lang='lat' dir='ltr'>intentionis</span> <span class='ocrx_word' id='word_1_355' title='bbox 1205 1501 1336 1529; x_wconf 86' lang='lat' dir='ltr'>nostrae</span> <span class='ocrx_word' id='word_1_356' title='bbox 1381 1506 1437 1528; x_wconf 88' lang='lat' dir='ltr'>seu</span> <span class='ocrx_word' id='word_1_357' title='bbox 1472 1496 1624 1539; x_wconf 85' lang='lat' dir='ltr'>quopiam</span> <span class='ocrx_word' id='word_1_358' title='bbox 1655 1495 1718 1528; x_wconf 88' lang='lat' dir='ltr'>alio</span> 
     </span>
     <span class='ocr_line' id='line_1_73' title="bbox 978 1548 1718 1592; baseline -0.003 -9"><span class='ocrx_word' id='word_1_359' title='bbox 978 1551 1103 1583; x_wconf 86' lang='lat' dir='ltr'>defectu</span> <span class='ocrx_word' id='word_1_360' title='bbox 1130 1549 1258 1590; x_wconf 88' lang='lat' dir='ltr'>notari,</span> <span class='ocrx_word' id='word_1_361' title='bbox 1293 1549 1497 1592; x_wconf 80' lang='lat' dir='ltr'>impugnari,</span> <span class='ocrx_word' id='word_1_362' title='bbox 1527 1548 1718 1589; x_wconf 84' lang='lat' dir='ltr'>invalidari,</span> 
     </span>
     <span class='ocr_line' id='line_1_74' title="bbox 977 1601 1721 1642; baseline -0.003 -6"><span class='ocrx_word' id='word_1_363' title='bbox 977 1603 1168 1642; x_wconf 83' lang='lat' dir='ltr'>retractari,</span> <span class='ocrx_word' id='word_1_364' title='bbox 1201 1608 1255 1635; x_wconf 89' lang='lat' dir='ltr'>aut</span> <span class='ocrx_word' id='word_1_365' title='bbox 1286 1601 1429 1634; x_wconf 87' lang='lat' dir='ltr'>revocari</span> <span class='ocrx_word' id='word_1_366' title='bbox 1455 1603 1639 1635; x_wconf 85' lang='lat' dir='ltr'>nullatenus</span> <span class='ocrx_word' id='word_1_367' title='bbox 1665 1612 1721 1634; x_wconf 92' lang='lat' dir='ltr'>un-</span> 
     </span>
     <span class='ocr_line' id='line_1_75' title="bbox 977 1655 1718 1700; baseline -0.001 -11"><span class='ocrx_word' id='word_1_368' title='bbox 977 1668 1071 1700; x_wconf 84' lang='lat' dir='ltr'>quam</span> <span class='ocrx_word' id='word_1_369' title='bbox 1089 1667 1194 1700; x_wconf 86' lang='lat' dir='ltr'>posse,</span> <span class='ocrx_word' id='word_1_370' title='bbox 1208 1656 1264 1688; x_wconf 90' lang='lat' dir='ltr'>sed</span> <span class='ocrx_word' id='word_1_371' title='bbox 1281 1655 1352 1688; x_wconf 82' lang='lat' dir='ltr'>illas</span> <span class='ocrx_word' id='word_1_372' title='bbox 1367 1666 1498 1698; x_wconf 83' lang='lat' dir='ltr'>semper</span> <span class='ocrx_word' id='word_1_373' title='bbox 1512 1661 1543 1688; x_wconf 90' lang='lat' dir='ltr'>ct</span> <span class='ocrx_word' id='word_1_374' title='bbox 1556 1661 1718 1698; x_wconf 88' lang='lat' dir='ltr'>perpetuo</span> 
     </span>
     <span class='ocr_line' id='line_1_76' title="bbox 978 1708 1719 1752; baseline -0.003 -10"><span class='ocrx_word' id='word_1_375' title='bbox 978 1709 1097 1742; x_wconf 85' lang='lat' dir='ltr'>validas</span> <span class='ocrx_word' id='word_1_376' title='bbox 1130 1709 1290 1748; x_wconf 82' lang='lat' dir='ltr'>existere,</span> <span class='ocrx_word' id='word_1_377' title='bbox 1325 1719 1465 1751; x_wconf 77' lang='lat' dir='ltr'>suosque</span> <span class='ocrx_word' id='word_1_378' title='bbox 1496 1708 1661 1752; x_wconf 84' lang='lat' dir='ltr'>plenarios</span> <span class='ocrx_word' id='word_1_379' title='bbox 1688 1713 1719 1741; x_wconf 88' lang='lat' dir='ltr'>et</span> 
     </span>
     <span class='ocr_line' id='line_1_77' title="bbox 978 1761 1718 1805; baseline -0.001 -11"><span class='ocrx_word' id='word_1_380' title='bbox 978 1763 1123 1805; x_wconf 78' lang='lat' dir='ltr'>integros</span> <span class='ocrx_word' id='word_1_381' title='bbox 1161 1761 1293 1795; x_wconf 76' lang='lat' dir='ltr'>effectus</span> <span class='ocrx_word' id='word_1_382' title='bbox 1334 1762 1365 1794; x_wconf 90' lang='lat' dir='ltr'>iu</span> <span class='ocrx_word' id='word_1_383' title='bbox 1405 1761 1557 1795; x_wconf 88' lang='lat' dir='ltr'>omnibus</span> <span class='ocrx_word' id='word_1_384' title='bbox 1594 1767 1625 1794; x_wconf 89' lang='lat' dir='ltr'>ct</span> <span class='ocrx_word' id='word_1_385' title='bbox 1659 1771 1718 1805; x_wconf 90' lang='lat' dir='ltr'>per</span> 
     </span>
     <span class='ocr_line' id='line_1_78' title="bbox 977 1815 1717 1858; baseline -0.001 -10"><span class='ocrx_word' id='word_1_386' title='bbox 977 1816 1083 1848; x_wconf 86' lang='lat' dir='ltr'>onmia</span> <span class='ocrx_word' id='word_1_387' title='bbox 1107 1815 1215 1848; x_wconf 88' lang='lat' dir='ltr'>sortiri</span> <span class='ocrx_word' id='word_1_388' title='bbox 1233 1820 1265 1847; x_wconf 91' lang='lat' dir='ltr'>et</span> <span class='ocrx_word' id='word_1_389' title='bbox 1282 1815 1448 1854; x_wconf 86' lang='lat' dir='ltr'>obtinere,</span> <span class='ocrx_word' id='word_1_390' title='bbox 1472 1815 1580 1858; x_wconf 88' lang='lat' dir='ltr'>sicque</span> <span class='ocrx_word' id='word_1_391' title='bbox 1602 1820 1634 1848; x_wconf 88' lang='lat' dir='ltr'>et</span> <span class='ocrx_word' id='word_1_392' title='bbox 1651 1825 1717 1847; x_wconf 91' lang='lat' dir='ltr'>non</span> 
     </span>
     <span class='ocr_line' id='line_1_79' title="bbox 977 1867 1718 1911; baseline 0 -11"><span class='ocrx_word' id='word_1_393' title='bbox 977 1868 1054 1901; x_wconf 75' lang='lat' dir='ltr'>alias</span> <span class='ocrx_word' id='word_1_394' title='bbox 1071 1878 1131 1911; x_wconf 91' lang='lat' dir='ltr'>per</span> <span class='ocrx_word' id='word_1_395' title='bbox 1149 1877 1372 1910; x_wconf 86' lang='lat' dir='ltr'>quoscumque</span> <span class='ocrx_word' id='word_1_396' title='bbox 1391 1867 1515 1900; x_wconf 87' lang='lat' dir='ltr'>iudices</span> <span class='ocrx_word' id='word_1_397' title='bbox 1533 1867 1718 1900; x_wconf 83' lang='lat' dir='ltr'>ordinarios</span> 
     </span>
     <span class='ocr_line' id='line_1_80' title="bbox 977 1919 1720 1963; baseline -0.001 -10"><span class='ocrx_word' id='word_1_398' title='bbox 977 1922 1026 1953; x_wconf 85' lang='lat' dir='ltr'>vel</span> <span class='ocrx_word' id='word_1_399' title='bbox 1042 1921 1208 1963; x_wconf 80' lang='lat' dir='ltr'>delegatos</span> <span class='ocrx_word' id='word_1_400' title='bbox 1226 1919 1338 1963; x_wconf 87' lang='lat' dir='ltr'>quavis</span> <span class='ocrx_word' id='word_1_401' title='bbox 1367 1920 1558 1953; x_wconf 85' lang='lat' dir='ltr'>auctoritate</span> <span class='ocrx_word' id='word_1_402' title='bbox 1584 1920 1720 1962; x_wconf 82' lang='lat' dir='ltr'>fungen-</span> 
     </span>
     <span class='ocr_line' id='line_1_81' title="bbox 978 1973 1718 2016; baseline 0.001 -11"><span class='ocrx_word' id='word_1_403' title='bbox 978 1979 1043 2013; x_wconf 87' lang='lat' dir='ltr'>tes,</span> <span class='ocrx_word' id='word_1_404' title='bbox 1077 1973 1173 2005; x_wconf 85' lang='lat' dir='ltr'>etiam</span> <span class='ocrx_word' id='word_1_405' title='bbox 1207 1983 1374 2005; x_wconf 82' lang='lat' dir='ltr'>causarum</span> <span class='ocrx_word' id='word_1_406' title='bbox 1401 1973 1511 2016; x_wconf 85' lang='lat' dir='ltr'>palatii</span> <span class='ocrx_word' id='word_1_407' title='bbox 1545 1973 1718 2016; x_wconf 86' lang='lat' dir='ltr'>apostolici</span> 
     </span>
     <span class='ocr_line' id='line_1_82' title="bbox 976 2025 1718 2066; baseline 0.003 -9"><span class='ocrx_word' id='word_1_408' title='bbox 976 2026 1148 2066; x_wconf 82' lang='lat' dir='ltr'>auditores,</span> <span class='ocrx_word' id='word_1_409' title='bbox 1175 2036 1209 2058; x_wconf 85' lang='lat' dir='ltr'>ac</span> <span class='ocrx_word' id='word_1_410' title='bbox 1234 2025 1266 2058; x_wconf 84' lang='lat' dir='ltr'>S.</span> <span class='ocrx_word' id='word_1_411' title='bbox 1295 2026 1332 2058; x_wconf 80' lang='lat' dir='ltr'>R.</span> <span class='ocrx_word' id='word_1_412' title='bbox 1356 2025 1388 2058; x_wconf 87' lang='grc' dir='ltr'>Ε.</span> <span class='ocrx_word' id='word_1_413' title='bbox 1411 2025 1600 2066; x_wconf 85' lang='lat' dir='ltr'>cardinales,</span> <span class='ocrx_word' id='word_1_414' title='bbox 1622 2026 1718 2059; x_wconf 89' lang='lat' dir='ltr'>etiam</span> 
     </span>
     <span class='ocr_line' id='line_1_83' title="bbox 977 2078 1717 2121; baseline 0 -10"><span class='ocrx_word' id='word_1_415' title='bbox 977 2079 1014 2111; x_wconf 89' lang='lat' dir='ltr'>de</span> <span class='ocrx_word' id='word_1_416' title='bbox 1052 2079 1152 2111; x_wconf 90' lang='lat' dir='ltr'>latere</span> <span class='ocrx_word' id='word_1_417' title='bbox 1190 2079 1338 2121; x_wconf 79' lang='lat' dir='ltr'>legatos,</span> <span class='ocrx_word' id='word_1_418' title='bbox 1374 2078 1509 2110; x_wconf 84' lang='lat' dir='ltr'>iudicari</span> <span class='ocrx_word' id='word_1_419' title='bbox 1535 2083 1565 2111; x_wconf 89' lang='lat' dir='ltr'>et</span> <span class='ocrx_word' id='word_1_420' title='bbox 1590 2078 1717 2111; x_wconf 84' lang='lat' dir='ltr'>definiri</span> 
     </span>
     <span class='ocr_line' id='line_1_84' title="bbox 977 2132 1718 2175; baseline 0.001 -11"><span class='ocrx_word' id='word_1_421' title='bbox 977 2132 1121 2173; x_wconf 87' lang='lat' dir='ltr'>debere,</span> <span class='ocrx_word' id='word_1_422' title='bbox 1161 2142 1196 2164; x_wconf 89' lang='lat' dir='ltr'>ac</span> <span class='ocrx_word' id='word_1_423' title='bbox 1234 2132 1361 2163; x_wconf 90' lang='lat' dir='ltr'>irritum</span> <span class='ocrx_word' id='word_1_424' title='bbox 1396 2142 1526 2175; x_wconf 84' lang='lat' dir='ltr'>quoque</span> <span class='ocrx_word' id='word_1_425' title='bbox 1563 2137 1594 2164; x_wconf 86' lang='lat' dir='ltr'>et</span> <span class='ocrx_word' id='word_1_426' title='bbox 1622 2132 1718 2165; x_wconf 88' lang='lat' dir='ltr'>inane</span> 
     </span>
     <span class='ocr_line' id='line_1_85' title="bbox 976 2184 1713 2228; baseline 0.001 -12"><span class='ocrx_word' id='word_1_427' title='bbox 976 2184 1132 2228; x_wconf 85' lang='lat' dir='ltr'>quidquid</span> <span class='ocrx_word' id='word_1_428' title='bbox 1163 2195 1256 2216; x_wconf 89' lang='lat' dir='ltr'>secus</span> <span class='ocrx_word' id='word_1_429' title='bbox 1288 2194 1384 2227; x_wconf 89' lang='lat' dir='ltr'>super</span> <span class='ocrx_word' id='word_1_430' title='bbox 1417 2185 1466 2217; x_wconf 89' lang='lat' dir='ltr'>bis</span> <span class='ocrx_word' id='word_1_431' title='bbox 1492 2195 1508 2217; x_wconf 91' lang='lat' dir='ltr'>a</span> <span class='ocrx_word' id='word_1_432' title='bbox 1533 2195 1713 2228; x_wconf 88' lang='lat' dir='ltr'>quoquam,</span> 
     </span>
     <span class='ocr_line' id='line_1_86' title="bbox 976 2237 1714 2281; baseline 0.005 -14"><span class='ocrx_word' id='word_1_433' title='bbox 976 2237 1086 2280; x_wconf 82' lang='lat' dir='ltr'>quavis</span> <span class='ocrx_word' id='word_1_434' title='bbox 1122 2237 1336 2277; x_wconf 83' lang='lat' dir='ltr'>auctoritate,</span> <span class='ocrx_word' id='word_1_435' title='bbox 1374 2238 1513 2270; x_wconf 88' lang='lat' dir='ltr'>scienter</span> <span class='ocrx_word' id='word_1_436' title='bbox 1544 2239 1593 2271; x_wconf 90' lang='lat' dir='ltr'>vel</span> <span class='ocrx_word' id='word_1_437' title='bbox 1619 2237 1714 2281; x_wconf 83' lang='lat' dir='ltr'>igno-</span> 
     </span>
     <span class='ocr_line' id='line_1_87' title="bbox 976 2290 1470 2332; baseline 0 -9"><span class='ocrx_word' id='word_1_438' title='bbox 976 2297 1084 2323; x_wconf 85' lang='lat' dir='ltr'>ranter</span> <span class='ocrx_word' id='word_1_439' title='bbox 1109 2290 1284 2332; x_wconf 75' lang='lat' dir='ltr'>contigerit</span> <span class='ocrx_word' id='word_1_440' title='bbox 1309 2291 1470 2324; x_wconf 84' lang='lat' dir='ltr'>attentari.</span> 
     </span>
    </p>

    <p class='ocr_par' dir='ltr' id='par_1_12' title="bbox 976 2344 1718 2655">
     <span class='ocr_line' id='line_1_88' title="bbox 1019 2344 1717 2388; baseline 0.003 -12"><span class='ocrx_word' id='word_1_441' title='bbox 1019 2344 1034 2387; x_wconf 64' lang='grc' dir='ltr'><strong>ξ</strong></span> <span class='ocrx_word' id='word_1_442' title='bbox 1059 2344 1089 2376; x_wconf 88' lang='grc'>7.</span> <span class='ocrx_word' id='word_1_443' title='bbox 1116 2344 1183 2377; x_wconf 88' lang='lat' dir='ltr'>Non</span> <span class='ocrx_word' id='word_1_444' title='bbox 1211 2345 1416 2378; x_wconf 85' lang='lat' dir='ltr'>obstantibus</span> <span class='ocrx_word' id='word_1_445' title='bbox 1442 2345 1514 2388; x_wconf 88' lang='lat' dir='ltr'>piae</span> <span class='ocrx_word' id='word_1_446' title='bbox 1541 2346 1717 2380; x_wconf 85' lang='lat' dir='ltr'>memoriae</span> 
     </span>
     <span class='ocr_line' id='line_1_89' title="bbox 976 2399 1718 2433; baseline 0.005 -4"><span class='ocrx_word' id='word_1_447' title='bbox 976 2403 1220 2429; x_wconf 86' lang='lat' dir='ltr'>antecessorum</span> <span class='ocrx_word' id='word_1_448' title='bbox 1247 2404 1435 2431; x_wconf 87' lang='lat' dir='ltr'>nostrorum</span> <span class='ocrx_word' id='word_1_449' title='bbox 1479 2399 1624 2432; x_wconf 88' lang='lat' dir='ltr'>eiusdem</span> <span class='ocrx_word' id='word_1_450' title='bbox 1649 2399 1718 2433; x_wconf 80' lang='lat' dir='ltr'>Cte—</span> 
     </span>
     <span class='ocr_line' id='line_1_90' title="bbox 976 2451 1717 2486; baseline 0.005 -4"><span class='ocrx_word' id='word_1_451' title='bbox 976 2452 1092 2483; x_wconf 87' lang='lat' dir='ltr'>mentis</span> <span class='ocrx_word' id='word_1_452' title='bbox 1126 2451 1184 2483; x_wconf 82' lang='lat' dir='ltr'>PP.</span> <span class='ocrx_word' id='word_1_453' title='bbox 1226 2451 1287 2483; x_wconf 71' lang='lat' dir='ltr'>t&#39;ltl</span> <span class='ocrx_word' id='word_1_454' title='bbox 1325 2457 1356 2484; x_wconf 90' lang='lat' dir='ltr'>et</span> <span class='ocrx_word' id='word_1_455' title='bbox 1393 2452 1480 2485; x_wconf 77' lang='lat' dir='ltr'>Pauli</span> <span class='ocrx_word' id='word_1_456' title='bbox 1513 2453 1534 2485; x_wconf 92' lang='lat' dir='ltr'>V</span> <span class='ocrx_word' id='word_1_457' title='bbox 1564 2453 1717 2486; x_wconf 89' lang='lat' dir='ltr'>similium</span> 
     </span>
     <span class='ocr_line' id='line_1_91' title="bbox 977 2503 1718 2546; baseline 0.003 -11"><span class='ocrx_word' id='word_1_458' title='bbox 977 2503 1153 2546; x_wconf 82' lang='lat' dir='ltr'>gratiarum</span> <span class='ocrx_word' id='word_1_459' title='bbox 1180 2505 1382 2538; x_wconf 71' lang='lat' dir='ltr'>revocatoria</span> <span class='ocrx_word' id='word_1_460' title='bbox 1408 2516 1464 2537; x_wconf 89' lang='lat' dir='ltr'>seu</span> <span class='ocrx_word' id='word_1_461' title='bbox 1497 2506 1718 2539; x_wconf 58' lang='lat' dir='ltr'>moderatoris</span> 
     </span>
     <span class='ocr_line' id='line_1_92' title="bbox 977 2557 1718 2600; baseline 0.004 -11"><span class='ocrx_word' id='word_1_462' title='bbox 977 2557 1116 2600; x_wconf 88' lang='lat' dir='ltr'>aliisque</span> <span class='ocrx_word' id='word_1_463' title='bbox 1142 2557 1430 2591; x_wconf 86' lang='lat' dir='ltr'>constitutionibus</span> <span class='ocrx_word' id='word_1_464' title='bbox 1453 2564 1484 2592; x_wconf 91' lang='lat' dir='ltr'>et</span> <span class='ocrx_word' id='word_1_465' title='bbox 1501 2558 1718 2592; x_wconf 90' lang='lat' dir='ltr'>ordinationi-</span> 
     </span>
     <span class='ocr_line' id='line_1_93' title="bbox 976 2610 1716 2655; baseline 0.004 -13"><span class='ocrx_word' id='word_1_466' title='bbox 976 2610 1036 2643; x_wconf 88' lang='lat' dir='ltr'>bus</span> <span class='ocrx_word' id='word_1_467' title='bbox 1060 2611 1262 2654; x_wconf 72' lang='lat' dir='ltr'>apostolicis,</span> <span class='ocrx_word' id='word_1_468' title='bbox 1286 2622 1428 2652; x_wconf 87' lang='lat' dir='ltr'>necnon,</span> <span class='ocrx_word' id='word_1_469' title='bbox 1448 2618 1607 2655; x_wconf 87' lang='lat' dir='ltr'>quatenus</span> <span class='ocrx_word' id='word_1_470' title='bbox 1636 2622 1716 2655; x_wconf 89' lang='lat' dir='ltr'>opus</span> 
     </span>
    </p>
   </div>
   <div class='ocr_carea' id='block_1_7' title="bbox 1725 233 1909 260">
    <p class='ocr_par' dir='ltr' id='par_1_13' title="bbox 1725 233 1909 260">
     <span class='ocr_line' id='line_1_94' title="bbox 1725 233 1909 260; baseline 0.005 -1"><span class='ocrx_word' id='word_1_471' title='bbox 1725 233 1773 259; x_wconf 77' lang='lat' dir='ltr'>An.</span> <span class='ocrx_word' id='word_1_472' title='bbox 1796 233 1823 259; x_wconf 84' lang='lat' dir='ltr'>C.</span> <span class='ocrx_word' id='word_1_473' title='bbox 1844 233 1909 260; x_wconf 54' lang='lat'>¹727</span> 
     </span>
    </p>
   </div>
   <div class='ocr_carea' id='block_1_8' title="bbox 1756 1348 1879 1368">
    <p class='ocr_par' dir='ltr' id='par_1_14' title="bbox 1756 1348 1879 1368">
     <span class='ocr_line' id='line_1_95' title="bbox 1756 1348 1879 1368; baseline 0.008 -1"><span class='ocrx_word' id='word_1_474' title='bbox 1756 1348 1879 1368; x_wconf 57' lang='lat' dir='ltr'>ttlttusulae.</span> 
     </span>
    </p>
   </div>
   <div class='ocr_carea' id='block_1_9' title="bbox 1729 2354 1913 2405">
    <p class='ocr_par' dir='ltr' id='par_1_15' title="bbox 1729 2354 1913 2405">
     <span class='ocr_line' id='line_1_96' title="bbox 1757 2354 1913 2373; baseline 0.019 -3"><span class='ocrx_word' id='word_1_475' title='bbox 1757 2354 1913 2373; x_wconf 65' lang='lat' dir='ltr'>Contrariorum</span> 
     </span>
     <span class='ocr_line' id='line_1_97' title="bbox 1729 2381 1849 2405; baseline 0 -5"><span class='ocrx_word' id='word_1_476' title='bbox 1729 2381 1849 2405; x_wconf 68' lang='lat' dir='ltr'>derogatio.</span> 
     </span>
    </p>
   </div>
  </div>
 </body>
</html>
