2170 3147
199 215 245 238 An⁴
264 213 290 237 (j.
317 213 381 239 1722

429 204 447 236 8

976 216 1111 240 Bt'tmut
1118 216 1158 239 [ΞΜ
1183 215 1224 238 llo
1232 215 1294 238 MAN
1303 216 1343 238 [M

393 262 604 296 Corsiuoruin
630 274 751 306 genere
779 268 869 297 ortus
898 270 958 305 est,
987 276 1086 308 quum
1113 276 1145 297 e-
1166 260 1169 301 l
1190 264 1369 296 sufficitur:
1393 264 1447 307 qui
1471 269 1589 305 tamen,
1615 265 1734 297 nuncio
1761 264 1930 298 electionis

393 317 443 348 ius
470 321 622 359 parentes
648 317 710 350 iam
738 318 869 351 steriles
896 318 927 350 iu
954 319 1045 350 sacra
1063 319 1145 351 aede

399 371 540 402 fratrum
558 369 687 402 Ordinis
708 371 741 403 B.
762 371 878 404 Mariae
897 372 935 404 de
954 371 1060 404 Monte
1075 372 1147 404 Car-

404 423 491 455 111010
510 422 649 466 primum
669 423 804 457 fructum
824 436 860 458 ex
883 436 916 458 sc
941 424 1145 468 proditurum

395 476 462 509 Deo
489 481 522 508 ct
546 476 640 509 matri
662 476 732 509 eius
750 477 926 510 vovissent.
947 477 1145 511 Adolescens

394 530 433 562 de
460 530 524 562 hoc
550 529 705 570 monitus,
733 530 841 573 deque
868 531 946 574 lupo
973 530 1005 563 in
1032 531 1142 564 candi-

394 583 470 615 dum
502 593 622 626 agnum
656 584 878 617 convertendo
906 595 1003 628 quem
1037 590 1142 618 mater

393 636 453 668 sibi
480 646 596 679 parere
624 636 689 669 visa
716 636 843 677 suerat,
871 637 1061 670 eorumdem
1083 638 1142 670 sra-

394 695 478 722 trum
493 689 740 723 Carmelitarum
756 690 868 724 Ordini
886 701 1006 724 nomen
1040 691 1138 731 dedit,

392 744 491 776 nullis
519 748 610 778 retro
628 744 740 778 mundi
760 744 926 778 illecebris
944 756 978 779 se
994 745 1138 779 revocari

393 809 521 841 passus.
549 798 717 842 Susceptis
741 799 873 841 regulae
893 799 1091 842 insignibus,
1109 805 1141 833 et

393 851 599 894 professione
625 851 731 892 tacta,
763 852 845 886 nihil
884 853 1050 897 antiquius
1086 853 1140 886 ha-

392 904 483 945 huit,
512 915 607 947 quam
633 909 667 937 ut
692 904 888 946 institutum,
913 906 965 938 eui
991 917 1024 939 se
1051 906 1139 940 diea-

393 963 492 997 verat,
518 963 666 991 accurate
692 959 896 992 observaret.
925 960 959 992 Ι11
985 959 1139 993 christia-

392 1010 441 1043 nis
467 1011 648 1052 virtutihus,
675 1013 867 1055 praesertim
889 1013 1085 1053 humilitate,
1103 1024 1136 1046 se

392 1063 440 1096 vir
464 1064 518 1097 Dei
544 1065 682 1097 maxime
709 1065 854 1098 exercuit
871 1092 878 1106 ‚
915 1066 1030 1099 viliora
1064 1077 1137 1099 coe-

391 1117 483 1150 1101111
508 1128 607 1161 opera
626 1118 792 1158 obeundo,
810 1118 909 1162 inque
928 1119 1038 1162 peusis
1056 1120 1137 1152 diur-

392 1171 442 1204 nis
475 1171 709 1215 nocturnisque
747 1172 972 1214 persolvendis
1009 1184 1136 1206 summe

392 1225 563 1265 sollicitus,
589 1224 663 1257 vitis
683 1230 922 1258 sarmentorum
942 1236 1056 1259 acervo
1075 1236 1136 1269 pro

392 1280 513 1313 lectulo
540 1289 627 1318 usus,
646 1279 891 1322 asperrimospie
913 1279 1018 1313 cilicio
1038 1285 1067 1313 et
1085 1290 1136 1313 ea-

393 1335 479 1373 tena,
507 1332 635 1366 ieiuniis
663 1332 759 1365 etiam
784 1338 915 1376 praeter
948 1333 1136 1366 eommunia

391 1397 455 1420 non
481 1386 592 1430 paucis
618 1397 737 1430 corpus
767 1386 929 1429 castigans
951 1414 958 1427 ‚
990 1387 1070 1419 itaut
1103 1398 1135 1420 a-

392 1451 491 1483 quam
517 1440 619 1483 ipsam
647 1445 678 1473 et
702 1450 846 1482 panem,
879 1440 999 1483 quihus
1035 1451 1133 1484 parce

392 1495 550 1533 aleretur,
575 1493 681 1526 metiri
707 1494 924 1526 consueverit.
952 1494 999 1527 Ad
1025 1505 1134 1528 saeros

391 1547 524 1580 ordines
556 1551 749 1590 promotus,
781 1547 988 1591 primumque
1015 1548 1133 1581 missae

391 1599 585 1633 sacrificium
610 1599 830 1633 celebraturus
846 1627 853 1640 ,
878 1600 1050 1644 Deiparam
1069 1602 1134 1634 Vir-

391 1653 499 1696 ginem
514 1652 575 1685 sibi
588 1653 777 1696 loquentem
792 1653 904 1686 audire
915 1652 921 1669 ¹
934 1654 1064 1687 meruit.
1077 1654 1134 1687 Su-

391 1706 477 1749 peris
504 1706 587 1739 adeo
612 1711 723 1749 gratus
739 1733 746 1746 ,
772 1712 806 1739 ut
832 1717 890 1750 per
916 1707 984 1740 eius
1020 1718 1133 1751 preces

390 1759 510 1792 infirmi
530 1786 538 1800 ,
565 1760 656 1793 nulla
681 1770 744 1803 ope
770 1760 912 1793 humana
937 1760 1102 1794 sanabiles
1123 1788 1129 1801 ,

391 1812 514 1846 cunctis
541 1813 733 1846 mirantibus
750 1839 757 1853 ,
784 1813 921 1857 pristina
945 1815 1047 1847 salute
1074 1814 1132 1847 do-

390 1871 559 1899 narentur.
578 1866 683 1900 Sacris
698 1866 815 1900 litteris
827 1867 1023 1900 imbuendus
1039 1868 1133 1901 trien-

390 1919 479 1952 nium
505 1919 647 1953 Lutetiae
674 1920 841 1963 transegit,
867 1920 920 1953 ubi
942 1921 1133 1954 acondisei-

390 1973 476 2016 pulis
503 1984 633 2014 caecuS,
653 1974 768 2007 surdus
787 1979 817 2007 et
832 1980 936 2007 mutus
955 1981 1132 2018 propterea

389 2032 593 2070 nunciqiatus
623 2027 709 2070 quod
742 2037 855 2060 omnes
881 2037 994 2061 sensus
1013 2028 1051 2061 ab
1074 2029 1132 2061 1111-

389 2080 555 2124 pudicitiis
581 2082 756 2114 fraenaret.
783 2081 860 2114 lude
893 2082 993 2114 redux
1030 2082 1131 2116 visum

389 2145 496 2174 caeco,
524 2136 606 2178 aqua
620 2134 746 2168 lustrali
764 2136 1130 2178 conspei·so,Avenione

389 2187 541 2221 restituit.
562 2188 594 2220 111
617 2188 755 2231 patriam
773 2198 932 2229 reversus,
951 2189 1131 2233 hydropem

390 2246 508 2282 sanat,
535 2241 636 2284 digito
662 2241 694 2273 in
720 2241 851 2275 nomine
879 2242 951 2275 lesu
979 2242 1026 2275 ori
1062 2243 1131 2276 eius

389 2295 510 2328 iniecto
530 2321 537 2334 ,
574 2294 659 2328 unde
686 2306 758 2328 mox
786 2306 889 2339 aquae
916 2296 1016 2329 cadus
1043 2296 1131 2329 011111-

389 2348 447 2381 xit.
474 2348 624 2382 Andreae
651 2349 804 2381 virtutum
831 2349 894 2382 hoc
919 2356 1014 2393 paeto
1041 2356 1072 2384 et
1090 2350 1131 2383 si-

389 2412 530 2445 gnorum
557 2390 849 2443 sarna‘resonantc,
876 2403 1046 2437 ecclesiam
1072 2404 1130 2437 Fe-

389 2456 536 2489 sulanam
560 2465 619 2488 suo
645 2460 774 2499 pastore
801 2456 924 2489 viduari
950 2457 1129 2501 contingit,

390 2508 441 2542 cui
468 2509 566 2542 totIus
591 2509 669 2543 cleri
690 2509 872 2553 populique
891 2509 1042 2553 suffragio
1061 2510 1130 2554 ipse

426 2626 435 2652 1
460 2624 531 2652 Edit
553 2624 633 2652 Manu
657 2624 722 2660 stgst
742 2625 845 2652 andei
865 2626 905 2660 Oh
926 2626 975 2659 T).

1189 317 1318 357 audito,
1345 318 1427 350 clam
1452 317 1483 350 in
1510 318 1694 351 carthusiae
1720 318 1929 351 Florentinae

1189 381 1354 403 secessum
1380 370 1525 413 aufugit,
1552 371 1607 403 Dei
1633 371 1765 403 Matrem
1791 381 1928 404 exorans

1190 428 1223 455 ut
1248 434 1282 456 se
1307 424 1345 456 ab
1371 425 1407 457 ea
1433 423 1588 466 dignitate
1607 423 1774 457 liberaret.
1794 423 1852 456 lllo
1871 423 1926 457 diu

1187 476 1359 520 quaesito,
1384 487 1444 509 nec
1469 481 1624 519 reperto,
1650 477 1690 509 de
1716 476 1872 519 praesulis
1899 487 1928 510 e-

1187 530 1326 563 lectione
1351 530 1508 562 mutanda
1533 530 1639 562 clerus
1666 535 1696 562 et
1713 531 1855 572 populus
1873 530 1928 563 Fe-

1187 584 1322 616 sulanus
1359 582 1531 616 eonsilium
1574 582 1701 615 ineunt.
1743 582 1805 615 Sed
1845 593 1928 627 puer

1187 636 1312 677 trimus,
1327 641 1456 669 coetum
1470 637 1650 669 electorum
1668 636 1849 679 ingressus,
1868 637 1929 669 An-

1185 690 1296 733 dream
1323 690 1512 734 episcopum
1539 690 1642 732 probe
1675 688 1902 723 renunciatum
1919 718 1927 731 ,

1184 754 1390 787 nequaquam
1416 743 1608 776 mutandum
1635 743 1816 784 exclamat,
1842 743 1928 777 inter

1183 798 1417 831 Carthusianos
1435 803 1584 831 orantem
1602 798 1814 838 delitescere;
1839 799 1927 831 unde

1183 851 1222 884 ad
1247 852 1441 884 Fesulauam
1469 851 1642 885 ecclesiam
1670 851 1709 884 de
1735 861 1833 884 onere
1850 861 1927 895 pon-

1184 904 1290 938 tificali
1316 905 1488 938 subeundo
1514 904 1585 948 ipse
1611 914 1743 948 quoque
1769 904 1838 937 visu
1857 915 1927 938 mo-

1182 959 1269 992 nitus
1303 958 1506 1002 perducitur.
1541 959 1564 991 A
1602 958 1715 991 beatae
1749 957 1927 991 memoriae

1182 1011 1313 1045 Urbano
1339 1012 1398 1045 Pr.
1426 1013 1446 1044 V
1473 1012 1648 1045 decessore
1672 1017 1784 1045 nostro
1809 1011 1843 1044 in
1868 1022 1926 1055 pa—

1181 1066 1293 1099 storali
1321 1076 1457 1099 rnunere
1483 1065 1694 1099 confirmatus
1713 1092 1720 1106 ,
1748 1076 1824 1099 oves
1849 1076 1924 1100 suas

1181 1120 1269 1152 omni
1287 1119 1419 1163 pietatis
1433 1119 1540 1152 officio
1556 1129 1690 1163 pascere
1709 1119 1837 1162 satagit.
1854 1119 1924 1153 Suis

1180 1173 1250 1216 ipse
1276 1174 1427 1206 manibus
1452 1173 1568 1216 stipem
1586 1173 1697 1216 egenis
1715 1173 1833 1206 viritim
1851 1184 1926 1217 por-

1181 1226 1287 1269 rigere
1313 1227 1452 1267 solitus,
1483 1227 1686 1269 singulorum
1721 1227 1855 1261 nomina
1892 1227 1924 1260 in

1179 1279 1293 1312 codice
1318 1289 1468 1312 seorsum
1493 1279 1555 1311 sihi
1581 1279 1777 1323 descripsit;
1811 1291 1926 1323 quum-

1180 1343 1242 1375 que
1267 1332 1444 1375 aliquando
1470 1343 1620 1365 annonae
1646 1333 1763 1366 caritas
1789 1332 1923 1376 ingrue-

1179 1391 1250 1425 ret,
1286 1385 1434 1430 quotidie
1472 1396 1578 1418 escam
1614 1386 1817 1430 pauperibus
1851 1386 1923 1430 ipse

1178 1440 1355 1482 erogabat:
1381 1450 1444 1482 qua
1479 1439 1651 1473 deficiente
1670 1466 1678 1480 ,
1718 1450 1923 1484 numeroque

1177 1504 1356 1536 pauperum
1381 1498 1485 1533 aucto,
1513 1493 1604 1536 panis
1631 1493 1772 1526 ubertim
1797 1494 1830 1526 in
1848 1495 1922 1527 area

1177 1547 1423 1590 multiplicatur.
1452 1547 1717 1581 Florentinorum
1739 1548 1921 1592 Republica

1176 1601 1209 1633 in
1236 1606 1344 1644 partes
1370 1600 1468 1633 scissa
1487 1628 1494 1641 ,
1522 1600 1657 1634 funestis
1683 1601 1921 1646 perpetuisque

1177 1654 1347 1687 discordiis
1373 1642 1565 1695 liiborante,
1591 1654 1767 1689 Fesulauus
1793 1655 1921 1699 episeo-

1177 1718 1236 1750 pus
1261 1707 1364 1741 sacris
1390 1707 1604 1740 concionibus
1636 1707 1724 1751 pacis
1760 1708 1920 1742 unitatem

1176 1761 1293 1794 civium
1319 1761 1434 1794 animis
1461 1761 1605 1795 inserere
1632 1762 1763 1803 studet,
1790 1762 1922 1796 daemo-

1177 1825 1299 1858 nesque
1329 1825 1501 1848 corvorum
1522 1814 1631 1858 specie
1664 1815 1696 1848 in
1729 1816 1804 1849 aere
1832 1826 1921 1859 prae-

1176 1868 1291 1901 liantes
1317 1868 1495 1902 ostendens
1514 1895 1521 1909 ‚
1548 1879 1661 1902 omnes
1686 1869 1726 1901 ab
1753 1869 1919 1902 intestinis

1176 1928 1208 1955 et
1232 1922 1381 1956 civilibus
1408 1922 1491 1955 odiis
1519 1922 1676 1955 deterret.
1704 1921 1787 1955 llinc
1812 1922 1920 1964 idem,

1176 1986 1273 2018 quem
1299 1975 1547 2009 memoravimus
1567 2002 1574 2016 ,
1601 1975 1714 2008 beatae
1744 1975 1920 2009 memoriae

1176 2029 1321 2062 Urbanus
1349 2029 1407 2062 ΡΙ).
1435 2029 1471 2069 V,
1497 2028 1628 2071 cognito
1654 2029 1781 2062 divinae
1796 2029 1920 2072 gratiae

1176 2082 1272 2123 dono,
1289 2093 1352 2126 quo
1370 2082 1551 2115 Fesulanus
1577 2081 1750 2125 episcopus
1774 2082 1808 2115 in
1833 2093 1919 2116 com-

1177 2135 1338 2179 ponendis
1357 2136 1555 2179 populorum
1571 2135 1743 2169 discordiis
1761 2136 1917 2179 pollebat,

1175 2190 1321 2232 legatum
1352 2189 1531 2223 Bononiam
1564 2189 1664 2222 mittit
1694 2194 1730 2222 ut
1761 2189 1919 2223 dissiden-

1175 2242 1218 2276 tia
1242 2248 1377 2286 pectora
1401 2242 1575 2286 midgaret,
1596 2243 1786 2286 ferocesque
1800 2242 1917 2276 civium

1175 2297 1301 2330 animos
1320 2298 1477 2330 flecteret.
1495 2296 1652 2337 Andreas,
1675 2295 1838 2329 Pontificis
1855 2295 1918 2329 ius-

1174 2351 1217 2384 sis
1241 2350 1468 2394 offlemprans,
1494 2349 1571 2383 111110
1596 2349 1834 2393 proficiscitur,
1860 2348 1916 2382 ubi

1175 2405 1418 2444 tumultuantes,
1433 2403 1610 2437 venerandi
1628 2402 1788 2446 praesulis
1807 2405 1916 2437 aucto-

1174 2458 1269 2491 ritate
1295 2463 1326 2490 et
1341 2457 1514 2491 verborum
1533 2455 1704 2490 dulcedine
1724 2456 1822 2499 eapti,
1839 2466 1915 2490 mox

1173 2511 1328 2555 depositis
1354 2511 1462 2551 armis,
1479 2511 1512 2544 in
1531 2509 1742 2544 concordiam
1755 2509 1915 2544 reducun-

1175 2569 1244 2605 tur,
1272 2564 1405 2607 paucis,
1433 2564 1488 2607 qui
1514 2563 1780 2604 adversabantur,
1810 2564 1912 2597 atroci

1173 2618 1290 2651 morbo
1316 2617 1504 2661 correptis:
1533 2617 1586 2661 qui
1624 2616 1756 2650 tandem
1789 2616 1911 2651 meritis

1941 216 2035 241 An.‹;
2059 216 2140 243 1724-

1960 437 2077 464 Episcopus
2086 439 2124 460 Fe-

1937 465 2022 486 sulauus
2033 466 2074 492 cing
2085 469 2124 487 tur.

1959 1555 2020 1585 Pacis
2039 1555 2118 1577 studio-

1932 1587 1967 1603 sus
1983 1584 2029 1603 uut.
