2139 3142
366 145 431 179 890
915 154 1095 177 nummum
1121 154 1271 178 nomnen

409 208 548 242 fabricae
573 207 714 240 eiusdem
739 207 811 239 dote
828 206 930 240 dictae
948 205 1069 238 mediae
1094 211 1227 238 annatae
1253 216 1349 248 penes
1374 206 1512 250 aliquem
1538 207 1738 251 deponantur
1761 220 1778 242 a
1802 221 1865 254 quo

409 261 551 294 investiri
575 260 719 298 debeant,
744 259 918 302 praecepit,
943 259 1008 292 <153
1031 259 1049 291 b
1074 264 1104 291 et
1126 269 1206 302 seq.;
1240 269 1299 302 pro
1334 270 1469 302 quarum
1506 260 1626 294 dotium
1662 262 1866 296 administra-

410 314 493 346 tione
517 313 669 346 nonnulla
692 316 884 350 statuuntur,
900 311 965 345 151
981 323 1018 351 a3
1039 322 1057 344 a
1076 310 1160 344 dicta
1184 311 1341 345 solutione
1366 312 1509 344 facienda
1534 313 1673 354 fabricae
1695 316 1866 349 nonnullae

410 367 569 399 dioeceses
595 366 785 406 eximuntur,
810 364 875 398 155
895 375 924 397 α.

317 420 494 453 Facultates
518 419 672 462 publicae.
696 436 740 441 -—
764 417 977 450 Facultatibus
1001 417 1123 450 duabus
1148 417 1313 461 utriusque
1338 418 1416 450 iuris
1442 423 1473 450 et
1496 419 1612 451 artium
1629 419 1807 453 liberalium
1833 422 1865 455 in

406 472 524 516 oppido
549 472 670 504 Palensi
695 471 878 514 provinciae
903 471 1054 503 Bearniae
1079 480 1182 514 nuper
1205 471 1320 503 erectis
1343 471 1509 514 privilegia
1539 472 1646 504 omnia
1678 473 1866 507 universita-

408 526 490 558 tibus
516 525 694 558 studiorum
720 524 917 565 generalium
943 524 1030 566 regni
1055 523 1225 557 Galliaram
1251 534 1417 564 concessa,
1450 534 1487 556 ac
1517 525 1637 567 pariter
1668 526 1868 560 studentibus

411 585 441 610 et
465 579 503 611 ad
528 578 645 621 gradus
670 577 876 610 scholasticos
906 577 937 609 in
970 577 1014 609 eis
1045 577 1220 619 promotis,
1252 577 1398 610 concedit
1430 577 1619 610 Benedictus
1650 578 1735 619 XIII,
1759 579 1824 612 133
1847 590 1869 613 a

410 636 440 665 et
464 633 490 664 b.

320 685 505 717 Familiares
523 684 692 717 Pontificis.
708 703 750 707 —
763 682 985 716 Familiaribus
1003 682 1067 714 suis
1084 681 1249 725 privilegia
1262 682 1300 715 de
1317 693 1404 715 more
1418 683 1574 716 concessit
1588 684 1775 718 Benedictus
1788 685 1865 725 XIII,

414 738 473 770 120
499 749 519 770 α
544 743 574 769 et
598 738 634 776 b;
661 737 776 769 iterum
802 736 991 779 quibusdam
1017 736 1085 767 aliis
1110 735 1318 767 familiaribus
1348 736 1413 768 suis
1438 736 1602 777 concedit,
1628 736 1688 770 811
1717 749 1747 771 α.

319 791 406 823 Felix
436 791 494 833 (S.)
523 801 541 822 a
569 790 749 823 Cantalicio.
774 808 819 812 —
844 789 991 821 Eiusdem
1017 788 1096 820 facta
1130 793 1160 820 et
1192 788 1254 820 vita
1279 793 1309 820 et
1334 789 1540 828 canonizatio,
1566 789 1603 821 41
1633 802 1653 823 (ι
1678 797 1709 823 et
1733 802 1798 835 seq.

287 874 290 875 γ
321 844 539 877 Ferdinandus
565 843 746 886 (Venerab.)
771 854 787 875 a
812 843 841 875 S.
868 842 1016 885 Ioseplio.
1043 861 1088 864 —
1112 841 1201 874 Circa
1226 842 1417 873 venerabilis
1443 842 1631 874 Ferdinandi
1650 853 1668 875 a
1685 843 1713 876 S.
1732 845 1869 888 Iosepho

409 897 535 930 Ordinis
559 897 770 929 Eremitarum
807 896 836 928 S.
858 895 1025 937 Augustini
1059 896 1206 937 corporis
1236 895 1473 927 translationem
1499 895 1538 927 ad
1566 895 1733 928 ecclesiam
1757 908 1869 940 quam-

410 950 481 982 dam
519 950 660 983 eiusdem
693 949 835 991 Ordinis,
865 949 1028 981 decretum
1066 948 1330 990 Congregationis
1367 948 1496 980 Rituum
1533 949 1753 989 confirmavit,
1779 950 1821 984 98
1852 953 1869 985 b

411 1008 441 1037 et
463 1015 523 1047 seq.

322 1058 491 1090 Feretrnna
516 1057 639 1089 Civitas.
665 1075 707 1080 —
732 1056 922 1088 Feretranae
958 1054 1091 1087 civitatis
1115 1053 1330 1086 catliedffllem
1357 1055 1522 1086 ecclesiam
1548 1059 1684 1088 erectam
1711 1057 1805 1090 fuisse
1830 1057 1868 1090 ah

409 1110 539 1152 antiquo
566 1116 707 1152 tempore
733 1109 763 1140 in
788 1109 922 1141 ecclesia
947 1108 978 1140 S.
1006 1107 1119 1139 Leonis
1145 1107 1283 1139 eiusdem
1310 1108 1443 1139 cix-itatis
1470 1109 1579 1144 refert,
1605 1108 1669 1141 8⁶20
1695 1110 1727 1148 b;
1765 1110 1865 1143 Fere—

413 1169 534 1195 tranain
561 1162 773 1194 cathedralem
800 1162 889 1193 iustis
914 1161 952 1192 de
977 1161 1079 1193 causis
1105 1171 1122 1192 a
1145 1160 1301 1202 Gregorio
1324 1161 1387 1192 Xlll
1414 1161 1452 1192 ad
1477 1161 1642 1194 ecclesiam
1669 1163 1867 1205 collegiatam

409 1217 439 1249 S
469 1215 700 1248 Bartholomaei
728 1215 843 1247 Pinnae
869 1214 1019 1246 Billorum
1055 1213 1196 1245 eiusdem
1232 1213 1386 1246 dioecesis
1423 1214 1604 1245 translatam
1630 1225 1715 1252 esse,
1748 1216 1866 1258 pariter

409 1273 527 1307 narrat,
553 1268 657 1305 2'bi1t.‚·
682 1268 870 1300 Feretranae
885 1267 1018 1299 civitatis
1045 1266 1238 1308 praedictam
1263 1266 1429 1298 ecclesiam
1455 1266 1485 1299 S.
1515 1267 1628 1300 Leonis
1645 1267 1683 1299 ad
1701 1268 1867 1301 cathedra-

410 1322 529 1353 litatem
555 1320 706 1363 episcopi,
732 1320 860 1362 capituli
887 1325 918 1352 et
944 1319 1170 1352 canonicorum
1196 1319 1279 1351 iuxta
1304 1320 1499 1362 primaevum
1526 1325 1640 1352 statum
1674 1326 1761 1354 motu
1793 1332 1869 1365 pro-

412 1375 483 1418 prio
509 1374 698 1414 reintegrat,
724 1373 781 1406 82}
814 1374 830 1404 b
855 1379 885 1405 et
908 1384 970 1416 seq.

325 1428 441 1461 Fidelis
466 1427 526 1469 (Β.)
547 1438 563 1458 a
589 1426 801 1469 Sigmaringa.
828 1445 873 1449 ——
898 1426 939 1458 De
965 1425 1154 1458 venerabilis
1179 1425 1263 1457 servi
1282 1426 1334 1458 Dei
1358 1426 1464 1458 fratris
1491 1426 1606 1459 Fidelis
1631 1437 1647 1459 a
1673 1426 1872 1471 Sigmaringa

415 1481 539 1514 Ordinis
565 1480 817 1523 Capnccinorum
844 1479 1091 1519 beatificatione,
1112 1490 1165 1511 seu
1187 1479 1401 1511 declaratione
1422 1479 1564 1523 martyrii
1586 1479 1737 1521 eiusdem,
1762 1480 1873 1513 decre-

416 1540 481 1566 tum
507 1533 765 1575 Congu-egationis
795 1534 921 1565 [lituum
955 1532 1112 1576 publicari
1146 1533 1327 1572 mandatur,
1347 1532 1411 1565 782
1435 1543 1473 1572 α’,
1509 1532 1650 1565 eiusdem
1682 1533 1872 1567 beatificatio

415 1586 578 1625 indicitur,
607 1586 671 1618 778
696 1597 716 1618 a
742 1590 772 1619 ct
796 1597 856 1629 seq.

326 1639 512 1673 Franciscus
537 1640 598 1681 (S.)
624 1639 765 1671 Solanus,
790 1657 834 1661 —
858 1638 887 1671 S.
913 1638 1071 1671 Francisci
1104 1638 1228 1677 Sol-ani,
1253 1638 1378 1671 Ordinis
1402 1638 1557 1671 Minorum
1582 1638 1620 1670 de
1645 1639 1872 1681 Observantia,

416 1698 531 1730 ortum,
557 1692 640 1735 piam
667 1691 897 1730 educationem,
924 1691 1065 1734 vitaeque
1090 1691 1257 1734 religiosae
1284 1692 1512 1725 institutionem
1538 1692 1683 1734 exponit,
1712 1692 1778 1725 474
1801 1693 1819 1725 b
1843 1699 1874 1725 et

415 1757 490 1790 seq.;
516 1746 655 1778 eiusdem
683 1745 831 1787 pietatem
857 1755 932 1786 erga
958 1745 1107 1787 pestifero
1133 1745 1245 1776 inorbo
1272 1745 1469 1778 tabescentes
1487 1745 1578 1780 dicit,
1599 1745 1662 1778 475
1687 1756 1725 1785 a;
1751 1755 1874 1779 necnon

416 1810 563 1842 magnam
597 1799 680 1831 illius
715 1798 902 1830 modestiam
936 1803 967 1830 et
1002 1797 1187 1829 charitatem
1224 1807 1299 1838 erga
1332 1797 1550 1839 proximorum
1588 1797 1743 1837 salutem,
1775 1798 1869 1839 ibidx,

417 1859 487 1895 post
520 1852 661 1884 eiusdem
687 1851 807 1884 obitum
830 1851 992 1883 miraculis
1017 1850 1137 1882 clarum
1164 1850 1263 1883 beatis
1288 1850 1480 1893 adscriptum
1508 1850 1603 1882 fnisse
1620 1860 1637 1882 a
1663 1850 1824 1884 Clemente
1845 1851 1873 1885 X

417 1907 526 1944 refert,
554 1905 617 1938 470
647 1916 688 1943 α,·
722 1905 751 1937 S.
782 1904 939 1936 Francisci
966 1903 1105 1935 eiusdem
1131 1903 1263 1935 solemni
1291 1903 1350 1936 ritu
1377 1903 1572 1936 canonizatio
1597 1909 1724 1946 peracta
1748 1905 1787 1937 ab
1813 1905 1873 1938 hoc

419 1958 528 1991 eodem
553 1957 703 1989 l‘ontissce
729 1957 964 2000 promulgatur,
988 1956 1067 1988 ibid.

330 2011 515 2043 Franciscus
540 2010 598 2053 (S.)
625 2010 746 2052 Borgia.
764 2029 809 2034 —
825 2010 898 2042 Eius
925 2010 1019 2050 facta,
1047 2010 1160 2049 vitam,
1186 2009 1290 2041 obitus
1315 2015 1344 2041 et
1369 2009 1534 2042 beatorum
1561 2009 1664 2042 ordini
1689 2010 1875 2054 adscriptio-

417 2075 489 2097 nem
515 2065 623 2102 refert,
648 2074 774 2096 necnon
799 2062 1070 2096 canonizationem
1097 2064 1279 2105 promulgat
1305 2063 1489 2095 Benedictus
1513 2063 1597 2102 XIII,
1623 2063 1664 2096 16
1680 2062 1697 2094 b
1716 2067 1746 2097 et
1765 2074 1828 2107 seq.

332 2120 454 2152 Fratres
478 2118 677 2158 Carmelitae,
703 2118 773 2150 vide
797 2117 996 2151 Carmelitac.

331 2172 456 2204 Fratres
480 2171 607 2204 Ordinis
632 2171 742 2203 Beatae
768 2171 882 2203 Mariae
907 2170 945 2202 de
969 2170 1111 2203 Mercede
1132 2169 1369 2213 Redemptionis
1394 2169 1607 2212 Captivorum.
1643 2189 1687 2194 —
1710 2170 1873 2204 Fratribus

419 2226 449 2257 Β.
474 2225 513 2257 Μ.
541 2224 578 2256 de
603 2224 745 2256 Mercede
775 2223 1009 2266 Redemptionis
1039 2223 1242 2266 Captivorum
1274 2233 1290 2254 a
1324 2223 1469 2265 pluribus
1495 2222 1644 2255 Romanis
1669 2222 1874 2256 Pontificibus

420 2288 570 2312 concessa
594 2278 689 2310 fuisse
709 2277 875 2320 privilegia
896 2278 1001 2316 refert,
1018 2277 1082 2310 ⁶219
1100 2288 1138 2316 α·,
1157 2277 1230 2308 item
1249 2276 1288 2307 ab
1313 2275 1487 2308 Alexandro
1508 2275 1569 2307 Vlll
1589 2275 1752 2318 privilegia
1768 2277 1874 2310 omnia

419 2332 552 2364 aliorum
580 2331 785 2373 regularium,
810 2330 874 2363 ⁶219
893 2331 923 2369 Ι.);
950 2336 979 2362 et
1003 2341 1020 2362 a
1044 2330 1203 2364 Clemente
1229 2329 1269 2362 xl
1295 2328 1376 2361 idem
1402 2327 1486 2361 Ordo
1513 2328 1574 2360 alio
1600 2329 1721 2361 honore
1744 2329 1874 2362 decora-

421 2390 485 2423 tus,
510 2383 569 2416 221
599 2384 633 2421 122
662 2384 794 2416 fratrum
820 2383 1005 2416 eorumdem
1034 2382 1118 2416 Ordo
1144 2388 1177 2414 ut
1201 2392 1282 2414 unus
1307 2393 1343 2414 ex
1368 2381 1538 2414 Ordinibus
1563 2381 1806 2415 Mendicantium
1826 2382 1876 2415 de-

423 2437 570 2475 claratur,
598 2436 662 2469 ‘222
691 2447 710 2469 α
735 2442 765 2469 et
795 2447 846 2480 seq
870 2447 877 2475 ;
902 2436 1020 2469 eisdem
1048 2436 1225 2468 facultatem
1252 2435 1350 2467 libere
1376 2435 1498 2477 petendi
1524 2434 1663 2467 subsidia
1691 2434 1876 2468 charitativa

423 2499 482 2531 pro
514 2489 712 2531 captivorum
747 2489 963 2532 redemptione
994 2489 1150 2521 concessit
1182 2489 1331 2521 Martinus
1365 2487 1386 2519 V
1419 2488 1449 2519 in
1487 2487 1621 2530 quadam
1652 2487 1876 2521 constitutione

422 2551 517 2583 quam
543 2542 647 2581 refert,
672 2542 735 2575 558
759 2553 778 2574 α
803 2547 834 2574 et
857 2552 938 2586 seq.;
964 2546 995 2574 et
1018 2542 1203 2581 confirmat,
1229 2541 1292 2574 559
1317 2552 1355 2582 a;
1382 2540 1551 2585 praedictis
1576 2540 1729 2573 universis
1753 2540 1875 2574 Discat-
