2170 3147
9 223 58 252 An.
79 222 108 252 C.
125 222 192 251 ¹725

41 1644 89 1666 Post
105 1644 184 1665 obitum

2 1676 39 1696 pro
55 1672 98 1691 viro
113 1673 185 1692 sancto

1 1698 28 1716 ab
39 1697 133 1718 omnibus
150 1703 184 1718 co·

1 1724 57 1744 titur.

769 217 961 243 nENEDICTt'S
988 218 1044 242 xm
1070 219 1117 241 PP-

197 276 345 314 quartum
381 278 478 311 supra
507 267 781 311 septuagesimum
815 277 929 309 exege-

196 327 265 361 rat,
288 320 405 364 vigiliis
434 320 658 362 susceptisque
690 320 777 352 ultro
809 319 929 352 incom-

195 374 299 407 modis
325 372 472 412 attritus,
499 383 597 415 quum
627 382 661 404 se
687 371 828 404 libenter
854 371 929 403 hinc

197 426 367 465 abiturum,
385 425 410 458 si
426 425 561 458 Domino
578 425 730 468 placeret,
753 423 927 466 aliquando

195 478 431 523 pronunciavit.
473 478 594 511 Paucos
631 482 706 520 post
741 476 810 510 dies
847 476 927 508 febri

196 536 364 576 correptus
399 530 581 569 decumbit·,
614 530 800 572 lectumque
830 529 928 561 molle

195 584 256 617 sibi
281 584 388 629 parari
413 588 589 617 commotus
616 588 680 621 est,
706 592 807 625 quum
837 581 929 614 Chri-

196 643 264 670 stus
289 637 440 670 Dominus
464 636 497 669 in
522 635 694 669 durissimo
725 634 814 677 ligno
840 633 929 667 cubi-

196 693 304 723 tasset.
332 689 496 728 Pecunias,
523 688 639 732 quibus
664 698 723 731 pro
740 687 808 720 eius
825 688 927 720 salute

196 752 262 775 uon
285 742 486 785 parcebatur,
509 741 540 773 in
559 750 718 784 pauperes
737 739 843 782 aptius
862 749 927 772 ero-

195 795 264 836 gari
301 793 436 827 monuit.
473 793 672 836 Migrationis
712 792 796 825 diem
832 792 927 824 adve-

196 847 281 880 nisse
306 846 516 889 intelligens‚
545 856 648 889 prope
674 855 745 878 esse
771 855 925 888 sponsum

196 899 258 940 ait,
281 899 452 942 eidemque
477 899 603 932 obviam
629 899 784 931 eundum.
811 897 926 935 Quare,

196 953 355 996 susceptis
379 952 540 985 Ecclesiae
564 951 773 985 sacramentis
788 978 795 990 ‚
821 951 926 994 deque

196 1005 308 1039 mortis
331 1005 469 1038 utilitate
494 1015 643 1038 sermone
669 1005 797 1043 habito,
823 1014 927 1048 popu-

196 1059 292 1102 loque
317 1069 386 1099 suo,
411 1058 599 1101 proceribus
625 1063 658 1091 et
675 1058 750 1090 viris
770 1057 870 1090 sacris
887 1057 925 1090 ad

195 1120 229 1143 se
253 1111 489 1144 confluentibus
505 1111 591 1144 bene
608 1116 776 1154 precatus,
796 1115 827 1143 et
851 1111 926 1143 mul-

195 1163 243 1203 tis,
269 1174 349 1207 quae
375 1169 529 1197 eventura
550 1169 649 1203 erant,
669 1163 852 1206 praedictis,
871 1164 927 1197 ob-

195 1215 345 1248 dormivit
369 1216 400 1249 in
426 1217 579 1256 Domino,
598 1227 627 1250 vt
649 1217 720 1249 idus
745 1216 926 1255 ianuarias,

195 1278 279 1302 anno
304 1269 429 1302 Domini
454 1279 579 1309 mcum,
605 1270 810 1313 episcopatus
842 1279 926 1301 anno

195 1331 266 1361 xix,
301 1321 536 1365 patriarchatus
572 1332 624 1361 ιν,
649 1333 749 1365 quum
776 1332 809 1353 se
840 1322 927 1354 nulla

195 1376 313 1416 pompa
336 1374 496 1417 supremis
522 1373 638 1406 tabulis
656 1375 740 1406 inter
756 1373 928 1406 canonicos

195 1425 228 1458 S.
254 1425 383 1469 Georgii
409 1426 440 1458 in
474 1427 553 1469 Alga
581 1427 807 1469 sepeliendum
839 1436 927 1458 man-

197 1477 312 1518 dasset,
338 1478 394 1521 qui
419 1488 500 1517 eum,
520 1478 641 1521 optime
660 1479 698 1511 de
717 1488 750 1511 se
767 1479 925 1517 meritum,

197 1531 351 1575 deinceps
385 1532 475 1575 quasi
506 1536 669 1566 auctorem
696 1537 726 1565 et
756 1537 923 1575 parentem

194 1593 287 1616 suum
314 1585 495 1617 coluerunt.

238 1636 307 1679 §7.
335 1636 452 1669 Tantus
488 1638 630 1670 omnium
667 1638 816 1672 ordinum
848 1639 924 1671 vuni-

195 1699 304 1723 versae
334 1690 472 1723 civitatis
496 1700 670 1724 concursus
696 1692 733 1724 ad
760 1692 922 1725 Laurentii

194 1743 419 1786 corpusculum
438 1743 536 1777 sactus
554 1749 617 1783 est,
636 1750 671 1777 ut
689 1755 723 1777 ex
743 1745 922 1788 episeopio¹

194 1795 233 1828 ad
257 1806 379 1829 sacram
405 1797 527 1837 aedem,
545 1797 586 1830 ob
605 1797 820 1831 multitudinis
847 1809 923 1831 oeu-

192 1849 240 1882 los
259 1848 491 1892 depascendos,
505 1860 577 1882 mox
592 1849 670 1883 illud
689 1850 807 1883 deferri
826 1861 923 1894 opor-

193 1901 298 1941 tuerit,
322 1901 375 1934 ubi
403 1901 496 1934 turba
515 1912 548 1935 se
566 1912 598 1935 se
617 1903 860 1945 comprimente,
880 1904 922 1936 se-

191 1959 313 1987 retrum
339 1965 355 1987 a
379 1954 534 1997 gradibus
560 1955 651 1987 chori
678 1956 715 1988 ad
741 1957 848 1989 valvas
870 1967 922 1989 ec-

191 2007 310 2039 clesiae
344 2012 470 2049 raptum
511 2013 568 2040 est.
610 2008 767 2042 Discissae
804 2015 919 2049 vestes,

191 2059 308 2092 sublati
333 2060 452 2099 calcei,
478 2060 585 2093 omnia
610 2062 648 2094 ad
680 2063 921 2096 venerationem

192 2111 331 2155 direpta.
356 2112 403 2145 Ob
428 2112 494 2145 eius
519 2113 696 2147 sanctitatis
722 2115 842 2158 ubique
859 2117 923 2149 vul-

191 2169 294 2206 gatam
329 2164 516 2207 opinionem
547 2166 661 2199 urbani
695 2168 919 2202 sodalitiorum

189 2226 362 2259 processus
386 2220 500 2259 magna
534 2219 721 2252 celebritate
753 2220 791 2252 ad
826 2221 920 2254 sunus

189 2275 408 2310 accurrerunt,
433 2271 523 2303 nullo
549 2277 656 2305 tamen
684 2273 809 2306 funebri
828 2274 920 2317 signo

189 2327 224 2354 ut
246 2322 279 2354 in
304 2328 507 2356 mortuorum
526 2324 720 2358 elationibus
739 2325 807 2359 sieri
825 2328 919 2368 solet,

187 2375 244 2408 sed
270 2376 358 2408 omni
383 2376 518 2409 honoris
544 2382 576 2410 et
600 2378 740 2411 laetitiae
765 2379 920 2421 signitica-

187 2426 274 2459 tione
298 2427 384 2460 ultro
409 2432 440 2460 et
464 2427 594 2470 publice
619 2429 780 2462 instructi.
808 2430 841 2462 ln
868 2431 917 2462 su-

186 2489 263 2512 nere
289 2480 358 2522 ipso
384 2479 567 2513 suavissimi
592 2486 703 2515 cantus
729 2488 760 2515 et
778 2483 920 2516 modula-

188 2532 290 2565 tiones
307 2533 444 2574 auditae,
461 2535 638 2577 angelicae,
660 2546 726 2568 non
746 2536 915 2570 humanae.

222 2595 233 2621 1
258 2593 327 2622 Edit.
348 2595 429 2623 Main.
451 2596 515 2632 legit
534 2598 664 2633 episcopo
685 2600 723 2634 (a.
743 2599 792 2634 T.).

971 266 1102 299 Sacrum
1128 266 1260 308 pignus,
1288 265 1371 298 inter
1395 270 1552 308 utrosque
1577 264 1708 297 canoni-

972 329 1026 351 cos
1058 318 1290 361 patriarchales
1323 323 1352 350 et
1385 319 1419 350 B.
1447 317 1576 359 Georgii
1603 318 1641 350 de
1667 327 1706 350 co

973 371 1079 403 dando
1113 376 1144 403 et
1174 370 1342 403 retinendo
1380 370 1589 403 contentione
1623 371 1704 406 ort-a,

972 421 1063 464 quasi
1090 421 1154 453 litis
1181 421 1300 454 exitum
1325 427 1578 463 expectaturum,
1605 421 1635 453 iu
1662 431 1708 453 ec-

972 474 1088 507 clesiae
1114 474 1311 507 cathedralis
1336 474 1510 506 secretario
1528 474 1706 516 repositum

972 532 1039 566 est,
1064 527 1119 559 ubi
1145 527 1249 559 altero
1274 537 1310 559 ac
1344 527 1439 559 tertio
1470 526 1520 559 die
1546 536 1605 558 nec
1639 537 1708 559 cor-

971 585 1111 622 ruptum,
1139 589 1199 611 nec
1224 579 1361 618 foetens,
1388 578 1485 611 immo
1512 588 1572 610 nec
1594 578 1707 620 quinto

973 644 1031 666 nec
1055 639 1162 672 sexto,
1201 638 1366 676 repertum
1393 632 1485 675 genis
1511 631 1708 665 rubescenti-

972 687 1030 719 bus
1056 691 1088 718 et
1112 686 1183 718 vivo
1208 685 1313 718 simile
1339 685 1441 717 visum
1467 690 1527 718 est.
1553 685 1632 718 Tota
1664 685 1709 717 ci-

971 738 1066 771 vitate
1092 738 1190 771 effusa
1221 739 1259 770 ad
1291 737 1487 780 prodigium,
1519 740 1631 770 octava
1656 738 1708 771 die

971 792 1076 835 palam
1102 792 1134 824 in
1155 791 1267 824 aedem
1292 801 1417 823 sacram
1444 791 1599 824 adfertur.
1627 790 1709 823 Inte-

972 844 1030 877 rim
1057 855 1167 877 saerae
1192 844 1333 883 exuviae,
1361 844 1432 877 aliis
1457 844 1627 876 instantius
1655 854 1709 876 eas

971 897 1230 940 postulantibus,
1266 896 1335 930 aliis
1373 896 1562 939 diligentius
1601 901 1708 930 custo-

971 950 1146 991 dientibus,
1171 950 1286 983 iterum
1304 950 1335 982 iu
1357 949 1566 982 secretarium
1592 950 1707 982 allatae

969 1004 1024 1036 ubi
1056 1014 1115 1047 per
1145 1004 1215 1037 dies
1251 1003 1464 1047 quadraginta
1500 1004 1708 1046 incorruptae

970 1062 1001 1090 et
1032 1057 1180 1100 integrae
1205 1062 1477 1100 permanserunt,
1506 1056 1708 1100 quampluri-

970 1110 1028 1142 mis
1054 1111 1091 1142 ad
1118 1110 1190 1143 illas
1207 1109 1429 1143 venerationis
1448 1112 1560 1143 caussa
1576 1110 1710 1143 affluen-

971 1163 1066 1202 tibus,
1092 1164 1195 1196 donec
1229 1163 1358 1196 tandem
1395 1163 1489 1196 totius
1526 1163 1640 1206 populi
1677 1168 1709 1195 et

970 1216 1105 1249 civitatis
1130 1216 1284 1258 suffragio
1309 1216 1476 1248 canonicis
1508 1216 1708 1259 patriarcha-

970 1269 1055 1301 libus
1080 1268 1150 1302 illas
1175 1269 1392 1307 adiudieante,
1419 1268 1557 1311 septimo
1583 1269 1634 1301 die
1656 1279 1709 1301 su-

971 1332 1028 1364 pra
1053 1321 1291 1364 sexagesimum
1317 1322 1501 1364 sepulturae
1527 1321 1559 1354 in
1575 1321 1708 1354 basilica

971 1374 1180 1416 patriarchali
1216 1385 1267 1408 xvi
1304 1374 1459 1407 kalendas
1497 1374 1608 1417 aprilis
1645 1379 1708 1408 tra-

971 1427 1054 1460 ditae
1079 1433 1156 1460 sunt
1190 1427 1302 1460 officiis
1340 1432 1372 1460 et
1408 1427 1612 1467 honoribus,
1641 1437 1708 1460 non

970 1481 1085 1523 quibus
1111 1481 1225 1513 ceteris
1251 1481 1376 1519 solent,
1403 1480 1442 1512 de
1473 1490 1613 1523 quorum
1638 1480 1703 1512 vir-

970 1533 1090 1565 tutibus
1116 1537 1147 1566 et
1172 1532 1295 1565 meritis
1321 1533 1504 1575 ambigitur,
1531 1534 1586 1566 sed
1612 1533 1705 1577 quasi

968 1585 1024 1618 viri
1051 1586 1152 1618 sancti
1178 1586 1347 1629 reliquiae.
1374 1585 1444 1619 Non
1470 1587 1574 1619 solum
1592 1597 1628 1619 ex
1647 1586 1707 1620 lta-

968 1639 1020 1679 lia,
1045 1640 1100 1672 sed
1134 1650 1170 1671 ex
1197 1639 1325 1682 Illyrico
1358 1639 1454 1672 etiam
1481 1645 1579 1683 atque
1606 1640 1704 1684 Epiro

967 1692 1057 1725 multi
1084 1692 1122 1724 ad
1148 1691 1334 1735 prodigium
1356 1692 1506 1735 profecti:
1531 1693 1617 1736 quod
1639 1703 1706 1726 me·-

966 1746 1028 1778 dici
1049 1756 1160 1778 omnes
1184 1746 1272 1778 nulla
1296 1751 1428 1779 naturae
1445 1747 1491 1785 vi,
1513 1747 1706 1789 praesertim

966 1809 1064 1841 quum
1089 1799 1280 1831 Laurentius
1302 1799 1430 1842 putrida
1453 1799 1540 1832 sobre
1560 1799 1706 1833 laboras-

966 1856 1023 1891 set,
1048 1851 1116 1883 lieri
1143 1851 1286 1894 potuisse
1314 1851 1416 1884 testati
1439 1856 1524 1884 sunt.

1009 1905 1024 1947 ἓ
1049 1903 1081 1936 8.
1107 1904 1193 1942 Quae
1219 1909 1250 1937 et
1271 1910 1391 1948 quauta
1409 1905 1527 1938 deinde
1549 1906 1704 1940 miracula

966 1957 1107 1990 divinam
1132 1968 1227 2000 opem
1246 1958 1285 1990 ad
1304 1959 1468 1991 Laurentii
1487 1960 1701 2002 sepulchrum

965 2011 1215 2054 implorantibus
1240 2011 1439 2051 acciderint,
1468 2012 1596 2046 dissicilc
1617 2014 1702 2046 dictu

965 2070 1023 2096 est.
1052 2064 1137 2097 llaec
1162 2064 1265 2097 felicis
1291 2065 1529 2098 recordationis
1555 2071 1701 2099 anteces-

965 2127 1073 2150 sorem
1098 2122 1247 2150 nostrum
1272 2117 1404 2160 Xystum
1429 2118 1547 2161 Papam
1572 2118 1699 2162 leer-

965 2175 1146 2209 moverunt,
1171 2175 1217 2210 ut,
1244 2170 1284 2203 ad
1309 2170 1398 2202 ducis
1425 2176 1456 2203 et
1481 2171 1618 2204 dominii
1644 2173 1703 2205 Ve-

964 2228 1114 2255 netorum
1139 2233 1280 2255 summas
1304 2233 1417 2265 preces
1436 2250 1443 2263 ‚
1480 2224 1520 2256 ob
1559 2234 1631 2257 eum
1669 2225 1702 2258 in

965 2280 1149 2308 sanctorum
1175 2285 1333 2308 canonem
1365 2276 1596 2315 referendum,
1631 2283 1702 2310 acta

965 2328 1012 2360 rei
1050 2333 1155 2361 tantae
1180 2328 1362 2361 necessaria
1390 2329 1625 2362 conscribenda
1647 2340 1701 2362 cu-

964 2386 1061 2414 raret.
1093 2381 1154 2414 Sed
1186 2392 1286 2424 quum
1318 2382 1431 2415 eadem
1464 2387 1532 2415 aeta
1564 2383 1701 2426 patriar-

963 2433 1064 2466 chalis
1088 2434 1177 2467 aedis
1207 2434 1461 2477 conflagratione
1497 2435 1697 2479 periissent,

962 2487 1044 2519 alter
1058 2487 1130 2529 piae
1148 2487 1320 2520 memoriae
1339 2488 1491 2522 decessor
1508 2494 1619 2522 noster
1636 2491 1699 2523 Leo

963 2539 1047 2581 Papa
1071 2539 1095 2571 X
1121 2540 1159 2572 ad
1181 2540 1305 2582 negocii
1324 2540 1570 2584 inquisitionem
1586 2552 1698 2575 rursus

962 2592 1063 2626 iussit.
1091 2592 1167 2626 Post
1198 2593 1338 2628 Leonem
1376 2594 1436 2629 hoe
1473 2594 1595 2638 pariter
1630 2595 1697 2637 egit

1628 206 1670 240 ⁶27
1716 216 1766 243 An.
1788 214 1902 243 &1724

1739 1939 1741 1941 ι
1792 1913 1899 1934 Min-amum

1715 1941 1777 1959 otiam
1791 1944 1900 1965 postmor-

1716 1968 1756 1986 tem
1771 1967 1839 1987 clarus
1849 1974 1897 1988 era·

1714 1995 1748 2012 tu.
