2170 3147
0 256 32 277 ω.
49 247 78 275 C.
101 245 168 274 ¹726

32 2045 158 2083 constitutio

0 2075 160 2128 iggsiz'deiffgris

2 2127 56 2153 tosta
83 2133 122 2150 con
126 2128 136 2148 Γι
140 2135 160 2150 r-

0 2156 66 2176 antur.

774 244 969 271 BENEDICTUS
994 246 1044 270 1³1³.
1069 246 1130 270 xm

172 294 249 328 ratis
277 287 399 327 vicibus
425 294 458 328 in
484 295 684 328 contrarium
722 296 886 329 concessis
902 323 909 335 ,

171 347 359 391 approbatis
374 353 405 380 et
418 348 578 381 innovatis
593 360 599 388 ;
617 348 734 390 quibus
748 348 912 388 omnibus,
933 368 934 373 ,

172 400 302 432 illorum
329 405 462 433 tenores
487 400 716 443 praesentibus
742 410 800 443 pro
827 399 911 432 suffi-

171 452 295 485 cienter
319 452 483 496 expressis
508 453 678 492 habentes,
696 452 759 485 illis
779 452 857 485 alias
880 452 911 484 iu

170 513 229 537 suo
255 505 373 538 robore
398 505 635 548 permansuris,
655 505 716 537 hac
732 504 799 537 vice
826 504 912 537 dum-

171 561 266 596 taxat,
286 557 472 599 specialiter
489 563 521 590 et
539 567 690 600 expresse
709 557 909 599 derogamus,

171 610 344 643 contrariis
370 611 650 654 quibuscumque;
668 614 723 642 aut
748 609 773 642 si
795 609 909 652 aliqui-

169 662 230 696 bus
255 663 470 696 communiter
494 663 542 696 vel
572 663 700 696 divisim
731 662 769 695 ab
796 662 909 695 eadem

170 715 210 747 sit
233 715 317 748 Sede
342 715 504 748 indultum
530 715 618 759 quod
644 714 815 754 interdici,
842 725 910 747 sus-
931 746 933 768 ἲ

169 768 269 812 pendi
294 769 344 801 vel
370 768 640 801 excommunicari
669 778 735 801 non
763 766 908 811 possint¹

169 831 229 864 per
267 820 389 854 litteras
420 821 614 865 apostolicas
648 832 714 854 non
755 821 933 855 facientest

169 874 300 916 plenam
330 879 361 907 et
394 884 580 917 expressam
613 885 648 907 ac
681 875 720 907 de
745 874 844 908 verbo
870 874 933 907 adt

169 928 302 960 verbum
329 927 368 961 de
393 927 521 961 indulto
555 928 739 961 huiusmodi
770 928 911 961 mentio·

169 991 256 1014 nem.
288 981 446 1014 Volumus
482 986 592 1014 autem
628 981 715 1024 quod
751 986 910 1014 transum-

169 1034 235 1078 ptis
257 1034 492 1077 praesenfium,
515 1045 611 1067 manu
638 1034 771 1067 alicuius
792 1033 910 1067 notarii

169 1087 294 1130 publici
312 1087 515 1130 subscriptis,
529 1093 558 1120 et
575 1087 682 1130 sigillo
696 1087 828 1120 alicuius
842 1098 911 1130 per·

169 1150 268 1173 sonae
288 1141 338 1173 vel
363 1140 470 1173 curiae
497 1141 735 1174 ecclesiasticae
754 1141 784 1173 in
805 1141 909 1183 digni·
932 1182 933 1186 Ἰ

170 1198 234 1226 tate
267 1193 489 1227 ecclesiastica
525 1194 718 1227 constitutae
754 1195 910 1234 munitis,

171 1247 284 1280 eadem
310 1257 445 1290 prorsus
479 1246 561 1280 fides
591 1247 743 1280 adhiberi
770 1247 907 1288 debeat,
931 1273 933 1301 ἵ

170 1310 256 1344 quae
281 1300 399 1333 litteris
430 1300 506 1344 ipsis
533 1301 747 1343 originalibus
775 1301 933 1349 adhibe-1

169 1359 260 1387 retur
291 1353 316 1386 si
348 1353 511 1387 exhibitae
537 1354 646 1387 forent
670 1355 718 1387 vel
745 1360 906 1388 ostensae.

169 1406 255 1440 Nulli
280 1417 358 1450 ergo
384 1407 517 1440 omnino
544 1407 715 1440 hominum
737 1408 833 1441 liceat
852 1408 911 1440 hac

169 1459 322 1503 paginam
340 1465 471 1493 nostrae
489 1460 714 1501 absolutionis,
734 1462 911 1504 exemptio—
931 1466 932 1508 J

169 1513 230 1553 nis,
255 1513 480 1554 liberationis,
507 1514 738 1555 inhibitionis,
764 1515 909 1556 decreti,
931 1520 932 1534 ³

169 1566 330 1607 mandati,
359 1567 583 1610 derogationis
609 1573 642 1602 et
667 1569 839 1601 voluntatis
867 1569 932 1601 in-1

169 1618 324 1662 sringere,
337 1621 386 1653 vel
403 1620 432 1653 ei
448 1631 525 1653 ausu
545 1621 722 1654 temerario
740 1622 908 1662 contraire;

168 1670 193 1702 si
219 1670 290 1714 quis
315 1676 424 1704 autem
450 1672 513 1704 hoc
547 1677 705 1705 attentare
743 1672 931 1716 praesum-l

168 1723 288 1766 pserit‚
315 1724 576 1767 indignationem
602 1725 835 1769 omnipotentis
854 1725 908 1758 Dei

169 1787 205 1810 ac
228 1777 399 1811 beatorum
423 1778 509 1811 Petri
533 1783 564 1812 et
581 1778 668 1812 Pauli
688 1780 908 1822 apostolorum

169 1830 238 1864 eius
262 1841 296 1864 se
319 1831 446 1864 noverit
468 1831 688 1864 incursurum.

204 1893 302 1920 Datum
319 1893 429 1927 Romae,
445 1893 515 1930 apud
536 1894 564 1921 S.
581 1894 711 1927 Marcum,
728 1902 798 1921 auno
816 1894 908 1921 lncar-

170 1937 285 1965 nationis
303 1937 454 1965 dominicae
475 1944 586 1971 Μοιυ-ῐ,
607 1945 632 1964 iv
652 1938 712 1964 idus
731 1938 800 1968 iulii„
818 1939 909 1974 ponti-

170 1982 264 2009 ficatus
283 1982 370 2009 nostri
390 1990 462 2010 anno
483 1989 501 2009 1.

191 2043 252 2087 59.
266 2044 414 2087 Gregorii
430 2044 493 2077 xtv
506 2045 634 2078 litterae
648 2045 905 2088 subsequuntur:
927 2048 928 2087 j

215 2097 392 2140 Greyorius
412 2098 506 2141 Papa
530 2098 625 2139 XIV,
652 2098 695 2130 acl
717 2102 905 2142 perpetuam
927 2092 928 2095 ¹

169 2151 218 2184 rei
241 2151 442 2184 memoriam.
479 2150 578 2189 Quam
615 2152 736 2184 uberes
768 2156 799 2184 et
823 2153 907 2184 salu·

171 2203 281 2237 tiferos
311 2203 429 2236 fructus
455 2204 486 2236 in
511 2203 656 2236 Ecclesia
684 2203 740 2236 Dei
765 2203 905 2246 Congre-

168 2256 256 2299 gatio
285 2256 477 2290 clericorum
501 2256 701 2299 regularium
730 2256 906 2289 Theatino-

169 2319 240 2342 rum
275 2314 535 2352 nuncupatorum
570 2315 634 2342 tum
671 2310 709 2342 ad
746 2310 903 2353 privatam

169 2366 237 2395 tum
263 2363 301 2395 ad
326 2361 491 2405 publicam
514 2363 686 2395 utilitatem
714 2367 744 2395 et
769 2363 904 2395 salutem

168 2415 384 2458 produxerit,
416 2420 446 2447 et
486 2415 708 2448 indesinenter
744 2415 906 2458 geminato

170 2468 263 2511 quasi
281 2468 387 2501 fructu
413 2468 510 2501 edere
536 2473 666 2511 satagat,
682 2478 793 2501 omnes
809 2469 906 2511 plane

169 2526 376 2564 perspectum
401 2521 536 2554 habent.
557 2521 630 2564 Ipsa
655 2522 741 2566 enim
766 2520 907 2563 Congre-

171 2574 267 2617 gatio,
293 2585 375 2619 quae
401 2574 464 2608 iam
489 2575 527 2607 ab
553 2575 689 2618 originis
713 2585 788 2608 suae
813 2575 906 2608 initio

206 2637 217 2664 1
240 2635 312 2664 Edit.
334 2635 414 2664 lllain.
437 2636 501 2672 legit
516 2637 609 2672 possit
627 2637 670 2672 (n.
693 2636 743 2671 T.).

954 294 1032 327 viris
1050 295 1180 337 pietate,
1201 295 1415 328 sanctimonia
1432 300 1463 328 et
1484 294 1627 328 doctrina
1646 294 1693 326 in-

956 346 1104 388 signibus
1121 358 1251 391 semper
1268 349 1387 389 ssoruit,
1404 350 1486 381 ultra
1505 348 1590 391 quod
1609 347 1693 379 circa

956 398 1063 431 divina
1096 400 1273 433 ministeria
1300 407 1330 433 et
1355 401 1458 434 officia
1492 400 1693 443 spirituales-

955 461 1017 493 que
1033 452 1215 485 functiones
1231 459 1262 486 et
1276 454 1523 486 exercitationes
1543 459 1603 485 tota
1622 463 1694 485 eon-

956 503 1045 537 tinuo
1060 504 1230 543 incumbit,
1245 506 1292 538 et¹
1308 507 1392 539 circa
1410 508 1607 539 fructuosam
1624 506 1692 547 agri

955 552 1108 590 dominici
1134 559 1312 598 culturam,
1340 560 1491 592 videlieet
1522 559 1633 602 populi
1660 559 1693 590 in

954 609 1025 650 lege
1050 614 1081 641 et
1105 609 1154 641 via
1179 609 1304 642 Domini
1330 611 1575 643 instructionem
1603 610 1694 653 spiri-

955 662 1139 705 tualemque
1157 663 1425 703 consolationem,
1445 664 1640 697 laboriosam
1662 668 1694 695 et

954 713 1150 747 indefessam
1181 726 1311 758 operam
1346 722 1511 759 praestare
1537 727 1600 749 non
1631 717 1690 748 de-

932 771 933 794 l
954 767 1049 807 sinit,
1079 768 1223 811 aliosque
1248 769 1404 812 probatae
1428 770 1511 802 vitae
1545 770 1693 811 exemplo

955 825 986 853 et
1010 820 1114 853 bonae
1141 821 1242 854 famae
1272 822 1373 855 odore
1399 823 1437 855 ad
1464 823 1622 854 caelestes
1648 822 1695 853 in-

955 874 1133 916 quirendos
1156 875 1330 908 thesauros
1352 876 1526 908 efficaciter
1543 875 1642 907 allicit
1663 880 1693 907 et

931 927 1079 960 tinvitat.
1107 927 1191 966 Quae
1221 939 1278 961 nos
1305 929 1381 961 dum
1407 929 1559 961 attentius
1585 928 1692 961 animo

953 981 1158 1019 revolvimus,
1178 979 1228 1014 ct‘·³·
1245 982 1381 1024 paterna
1407 981 1565 1014 charitate
1587 987 1617 1013 et
1638 991 1694 1023 pa-

953 1034 1083 1067 storalis
1107 1035 1213 1074 officii,
1233 1035 1327 1068 nobis
1352 1036 1427 1069 licet
1452 1035 1621 1068 immeritis
1648 1035 1694 1068 di-

954 1086 1027 1119 vina
1052 1087 1267 1130 dispositione
1295 1089 1469 1128 commissi,
1495 1088 1602 1121 debito
1624 1098 1693 1121 mo-

953 1150 1063 1172 vemur
1081 1141 1119 1173 ad
1139 1151 1176 1173 ea
1201 1141 1377 1185 praecipue
1404 1142 1615 1174 concedenda
1637 1151 1694 1183 per

954 1203 1036 1236 quae
1063 1193 1165 1236 ipsius
1190 1194 1459 1237 Congregationis
1479 1194 1586 1233 statui,
1608 1200 1694 1226 tran-

953 1246 1102 1288 quillitati
1129 1251 1161 1279 et
1185 1248 1345 1289 profectui
1379 1247 1552 1280 salubriter
1577 1257 1694 1280 consu-

953 1300 1052 1340 latur,
1075 1311 1111 1332 ac
1137 1311 1316 1343 personae,
1342 1300 1372 1333 in
1392 1303 1427 1334 ea
1446 1302 1505 1333 sub
1531 1300 1620 1333 suavi
1646 1311 1694 1333 re-

931 1362 933 1393 3
954 1353 1083 1395 ligionis
1103 1353 1176 1396 iugo
1205 1354 1370 1386 Altissimo
1397 1354 1516 1396 iugiter
1540 1355 1691 1386 famulan-

931 1403 1020 1446 ‘tes,

1047 1406 1077 1439 in
1104 1407 1316 1450 professionis
1342 1417 1419 1439 suae
1447 1407 1626 1440 ministerio
1658 1418 1691 1439 se

953 1461 1061 1494 utilius
1087 1465 1117 1493 et
1143 1461 1337 1494 fructuosius
1371 1462 1496 1493 valeant
1523 1471 1689 1493 exercere.

954 1515 1171 1548 Attendentes
1198 1515 1296 1557 igitur
1328 1515 1413 1557 quod
1441 1515 1527 1547 dicta
1553 1514 1692 1555 Congre-

953 1568 1052 1610 gatio,
1069 1579 1152 1611 quae
1178 1568 1254 1601 olim
1280 1568 1348 1600 sine
1364 1572 1451 1600 certo
1467 1567 1576 1610 aliquo
1593 1578 1692 1610 gene-

930 1628 932 1665 ξ
953 1622 1011 1654 rali
1031 1626 1153 1655 rectore
1179 1621 1404 1654 communibus
1426 1621 1505 1654 votis
1527 1626 1557 1653 et
1580 1621 1693 1654 studiis

954 1675 1040 1707 iuxta
1077 1674 1257 1708 laudabiles
1293 1674 1545 1707 constitutiones
1573 1686 1587 1707 a
1613 1684 1693 1707 non-

952 1728 1047 1761 nullis
1076 1728 1227 1761 Romanis
1259 1727 1470 1760 Pontificibus
1504 1728 1693 1770 praedeces-

953 1781 1079 1814 soribus
1105 1781 1224 1814 nostris
1262 1780 1322 1813 sibi
1348 1780 1566 1823 praescriptas
1591 1779 1692 1812 admi-

952 1834 1081 1867 nistrari
1104 1839 1328 1874 consueverat,
1346 1834 1385 1865 ab
1408 1833 1591 1876 Apostolica
1608 1833 1690 1865 Sede

929 1884 982 1920 'in
1016 1888 1120 1930 prima
1156 1887 1202 1920 sui
1238 1887 1404 1920 creatione
1432 1892 1463 1919 et
1487 1886 1691 1919 institutione

928 1929 930 1986 ᾗ
951 1952 1009 1985 per
1034 1941 1136 1974 felicis
1165 1940 1400 1974 recordationis
1425 1939 1623 1973 Clementem
1642 1939 1692 1972 vlt

927 2009 929 2035 ς
950 1994 1238 2037 praedecessorem

1291 1998 1436 2026 nostrum
1481 1993 1661 2036 approbata
1682 2020 1689 2031 ,

951 2047 1058 2080 multis
1084 2046 1281 2090 privileg-riis,
1310 2046 1539 2085 facultatibus,
1576 2046 1688 2078 indul—

951 2100 1093 2142 gentiis,
1129 2100 1290 2132 favoribus
1320 2104 1352 2132 et
1387 2095 1499 2142 gratiis
1537 2099 1691 2141 insignita

950 2153 1054 2185 extitit
1081 2154 1177 2196 (quae
1204 2158 1316 2195 postea
1338 2162 1396 2195 per
1420 2152 1492 2196 piae
1513 2152 1690 2185 memoriae

950 2206 1083 2239 Paulum
1109 2206 1164 2245 ΙΙΙ,
1194 2205 1310 2238 lulium
1343 2205 1389 2244 Ill,
1424 2205 1557 2238 Paulum
1591 2205 1627 2237 Π
1660 2208 1691 2238 et

949 2259 1037 2291 Pium
1059 2259 1082 2289 V
1099 2258 1272 2291 Pontifices
1289 2263 1319 2290 ct
1347 2258 1619 2301 praedecessores
1637 2268 1691 2290 no-

949 2316 1032 2344 stros
1065 2310 1255 2343 confirmata
1288 2317 1319 2343 et
1351 2311 1691 2353 aucta³fuerunt)‚et

949 2363 1084 2406 insuper
1108 2365 1252 2396 volentes
1278 2364 1475 2406 praedictam
1498 2363 1685 2406 Congreget-

950 2416 1089 2456 tionem,
1111 2426 1172 2459 pro
1197 2416 1354 2458 singulari
1373 2427 1436 2460 quo
1462 2427 1530 2450 eam
1550 2418 1591 2449 ob
1611 2417 1689 2449 emi-

950 2469 1059 2502 nentia
1081 2469 1193 2502 merita
1215 2469 1382 2502 eharitatis
1404 2470 1520 2503 ass‘ectu
1549 2471 1689 2513 comple-

986 2550 995 2575 l
1019 2549 1120 2583 Nempe
1140 2549 1228 2576 etiam
1246 2549 1286 2582 (n.
1301 2548 1351 2583 τ.).

984 2592 1001 2619 2
1020 2592 1121 2628 Nempe
1141 2593 1230 2620 etiam
1251 2592 1291 2626 (n.
1310 2594 1358 2624 τ.).

984 2637 1000 2664 3
1019 2636 1090 2665 Edit.
1112 2636 1191 2665 Maia,
1214 2637 1280 2672 legit
1299 2640 1363 2666 acta
1383 2645 1432 2673 pro
1452 2642 1537 2667 ααείιι
1557 2639 1596 2673 (a.
1619 2640 1668 2673 ri),

1591 236 1655 270 [4119
1703 244 1753 271 An.
1770 244 1798 270 c.
1822 244 1888 272 1726
