2170 3147
215 201 261 227 Aa.
284 200 311 227 c,
333 200 398 225 ¹725
445 190 508 222 1154

280 1810 300 1829 S*
312 1810 405 1829 iniuntur

221 1837 322 1858 nonnulla
367 1841 404 1860 pru

221 1869 279 1886 ructa
305 1866 324 1882 ot
349 1862 404 1882 iiilrb

221 1892 343 1913 earumdem
368 1890 405 1907 du-

222 1922 272 1939 uun·
316 1917 393 1937 aduitu'

221 1950 332 1966 stratttnc.

406 249 554 280 idoneam
582 246 620 279 ab
650 245 812 289 episcopis
839 255 909 277 cum
947 243 1083 276 scientia
1117 248 1146 276 et

407 311 568 332 consensu
606 299 822 342 capitulorum
849 298 1089 340 deputandam,
1116 300 1148 328 et

408 353 587 385 successive
615 353 653 384 al»
680 352 812 391 eisdem,
839 350 1010 383 deficiente
1038 359 1170 382 neces-1

407 408 498 439 sitate
525 405 717 438 occurrendi
745 403 943 447 reparationi
971 402 1148 442 ecclesiae,

408 460 622 492 investiamur
648 463 679 491 ct
704 458 906 491 collocentur
928 457 960 489 in
979 455 1148 488 stabilibus

409 518 440 543 ot
467 513 571 545 fundis
605 522 660 544 seu
687 511 880 555 capitalibus
913 509 997 549 tutis,
1024 509 1148 542 securis

409 570 501 609 atque
531 565 714 604 fructiferis,
735 575 780 604 ac,
799 564 852 596 ubi
873 563 940 596 fleri
968 562 1095 606 poterit,
1117 562 1148 594 in
1171 568 1172 572 ’

409 619 488 652 locis
515 618 672 651 montium
698 617 913 651 cameralibus
941 626 1003 649 non
1024 609 1173 648 vacam-¹

409 672 491 705 libus
517 682 575 715 pro
602 672 676 704 dote
704 671 842 703 fabricae
869 670 1069 712 singularum
1104 679 1151 701 ec—

409 725 581 758 ‹rlesiarum
622 725 879 768 praedictarum,
917 734 953 756 ac
993 722 1151 755 eiusmodi

410 779 532 811 dotium
559 789 684 811 annuus
711 782 888 821 proventus
908 787 973 809 non
1000 777 1032 809 in
1053 776 1150 809 alium

411 844 504 866 usum
531 843 624 876 quain
642 831 867 875 reparationis,
895 830 1152 864 conservationis

410 893 438 919 et
480 886 733 920 manutentionis
775 885 915 918 fabricae
962 885 1150 918 earumdem

411 941 620 974 ecclesiarum
653 940 692 972 ab
728 938 987 982 uniuscuiusque
1019 949 1152 982 praesu-

411 995 502 1034 libus,
531 1005 601 1026 cuni
629 993 762 1026 scientia
787 992 910 1036 pariter
931 997 962 1026 et
987 1003 1152 1025 consensu

411 1058 541 1080 suorum
569 1047 807 1090 capitulorum,
834 1045 867 1078 in
902 1045 1153 1078 occurrentibus

411 1101 537 1133 casibus
564 1105 725 1142 erogetur,
752 1104 783 1132 et
808 1098 1079 1143 quotiescumque
1107 1099 1153 1132 di-

411 1159 475 1187 ctas
502 1154 653 1187 ecclesias
679 1153 884 1196 reparatione
911 1163 977 1186 non
1003 1152 1153 1196 indigere

411 1209 605 1249 constiterit,
631 1208 729 1241 annui
755 1208 854 1241 etiam
881 1207 1001 1240 fructus
1028 1211 1058 1241 et
1091 1208 1155 1240 fru-

411 1269 517 1296 cuium
546 1263 664 1295 fructus
695 1262 819 1294 dotium
852 1261 1096 1304 praedictarum
1121 1261 1154 1293 in

411 1317 482 1350 aliis
510 1316 679 1349 stabilibus
706 1315 812 1348 fundis
840 1321 870 1348 et
895 1315 1088 1359 capitalibus
1109 1321 1155 1348 tu-

413 1371 450 1403 tis
477 1376 571 1413 atque
599 1370 797 1410 fructiferis,
835 1380 869 1402 ac
907 1369 1086 1413 respective
1124 1369 1153 1401 in

413 1424 482 1457 aliis
501 1423 579 1456 locis
597 1423 753 1456 montium
772 1423 887 1455 eodem
905 1433 1039 1466 prorsus
1059 1423 1155 1456 modo

413 1477 629 1510 investiantur
654 1482 686 1509 et
709 1477 935 1516 collocentur,
972 1476 1011 1508 ad
1038 1476 1100 1509 hoc
1124 1480 1157 1510 ut

414 1532 572 1575 ipsaemet
589 1531 686 1564 dotes
711 1531 833 1563 maiora
859 1530 890 1562 in
917 1529 994 1571 dies,
1019 1530 1157 1563 bencdi-

414 1591 506 1618 cente
533 1585 694 1624 Domino,
728 1584 907 1627 suscipiant
932 1584 1130 1617 incrementa
1146 1612 1154 1624 ‚

415 1640 564 1682 adeoque
605 1649 712 1671 carum
744 1638 891 1671 redditus
932 1639 1156 1682 supportando

417 1693 632 1736 reparationis
665 1692 805 1725 fabricae
831 1692 976 1735 ipsarum
1003 1693 1157 1725 ecelesia-

417 1759 486 1781 rum
513 1747 604 1780 oneri
631 1747 706 1780 satis
734 1757 802 1780 esse
828 1746 968 1790 possint.

461 1802 475 1845 ξ
499 1802 530 1835 3.
558 1801 707 1834 Ceterum
734 1810 832 1844 super
852 1799 1041 1843 praemissis
1060 1800 1159 1833 omni-

417 1856 499 1896 bus,
525 1861 556 1889 et
581 1855 774 1898 praesertim
801 1865 901 1898 super
926 1854 965 1887 iis
998 1866 1079 1898 quae
1113 1866 1182 1888 re-t

391 1914 500 1941 ·-rtam
537 1915 567 1941 et
606 1907 736 1941 fidelem
778 1908 992 1951 praefatarum
1033 1908 1157 1941 dotium

418 1962 738 1995 admilustrationem
758 1960 952 2004 respicient,
968 1961 1160 1994 eorumdem

418 2015 753 2058 areliiepiseoporum,
772 2014 999 2057 episcoporum
1020 2019 1051 2047 et
1069 2025 1161 2058 prae-

418 2071 556 2102 latorum
583 2068 786 2107 inferioriun,
805 2073 901 2111 atque
922 2067 1017 2100 etiam
1036 2068 1162 2111 capitu-
1182 2077 1184 2094 ε

419 2123 525 2155 lorum
552 2121 784 2155 conscientiam
815 2120 1024 2163 peculiariter
1056 2126 1087 2153 et
1115 2121 1162 2153 di-

420 2176 526 2209 strictc
554 2186 746 2215 oneramus·,
783 2184 818 2207 ac
854 2173 1010 2217 insuper,
1036 2173 1163 2217 quoties

420 2230 671 2273 archiepiscopi,
698 2227 842 2272 episcopi
865 2229 911 2260 vel
935 2227 1095 2260 Ordinarii
1118 2227 1163 2260 in·
1184 2234 1187 2267 ξ

422 2283 564 2320 seriores,
582 2294 617 2315 ac
636 2281 814 2325 respective
834 2282 986 2323 capitula,
1003 2280 1033 2313 in
1053 2280 1163 2323 aliquo

422 2349 456 2369 ex
486 2337 534 2369 liis
561 2335 750 2375 defecerint,
778 2334 857 2366 itaut
882 2334 930 2367 vel
957 2334 1083 2367 ratione
1106 2330 1187 2365 nii-¹

423 2401 482 2422 uus
509 2389 613 2422 fidelis
633 2388 807 2431 idoueique
829 2386 1030 2431 depositarii,
1057 2391 1110 2419 aut
1130 2397 1165 2418 ex

423 2446 517 2476 rausa
545 2453 608 2476 non
638 2443 709 2475 facti
730 2443 776 2475 vcl
808 2441 915 2474 minus
939 2441 997 2473 tuti
1021 2446 1050 2473 et
1080 2440 1167 2473 exin-

422 2498 461 2531 de
489 2496 653 2539 deperditi
687 2495 927 2534 investimenti,
955 2500 1010 2527 aut
1036 2494 1166 2527 demum

423 2556 558 2595 propter
584 2554 715 2592 erogata
741 2548 891 2591 capitalia
911 2548 960 2580 vel
989 2547 1110 2579 fructus
1136 2546 1166 2578 in

422 2604 501 2638 alios
530 2614 617 2644 usus,
645 2601 775 2646 aliquod
803 2600 1041 2645 praeiudicium
1068 2609 1169 2633 emer·

987 194 1167 219 BULLAmUM
1192 194 1346 218 ROMANUM

1941 195 1986 221 An.
2009 195 2038 222 C.
2055 196 2121 226 ¹725

1190 243 1267 275 serit
1301 242 1497 286 patrimonio
1531 242 1682 283 fabricae,
1714 243 1775 286 ipsi
1809 242 1933 276 archie-

1191 296 1330 340 piscopi,
1348 295 1490 339 episcopi
1507 295 1553 329 vel
1568 295 1729 329 Ordinarii
1749 295 1932 337 inferiores,

1192 354 1223 382 et
1249 349 1429 392 respective
1455 348 1595 392 capitula
1627 354 1659 382 ct
1688 349 1805 392 singuli
1837 359 1934 383 cano-

1170 422 1171 444 3
1192 402 1254 436 nici
1282 402 1334 446 qui
1362 403 1552 443 defecerint,
1578 413 1756 447 eorumque
1774 403 1934 436 haeredes

1170 490 1171 509 ἢ
1193 461 1223 488 et
1235 466 1450 496 successores,
1464 461 1637 489 teneantur
1648 457 1686 489 ad
1698 455 1805 489 omnia
1819 456 1936 489 damna

1193 514 1224 541 et
1250 508 1407 542 interesse
1434 510 1542 542 favore
1568 509 1754 552 praedictae
1774 508 1933 549 fabricae,

1195 563 1452 606 eorumdemque
1477 563 1563 595 bona
1589 562 1696 596 omnia
1729 572 1789 606 pro
1815 561 1935 605 potiori

1194 616 1320 648 cautela
1345 615 1459 648 affecta
1485 615 1551 648 sint
1577 622 1608 648 et
1628 615 1815 659 specialiter
1832 615 1936 659 hypo-

1196 668 1324 701 thecata
1349 668 1455 701 favore
1482 668 1628 701 eiusdem
1655 667 1807 701 fabricae.

1240 721 1309 765 gli.
1348 721 1507 760 Quoniam
1542 732 1618 754 vero
1650 726 1783 754 nostrae
1818 721 1936 754 mentis
1961 733 2126 761 neumatum»

1195 785 1260 808 non
1288 780 1335 808 est
1361 785 1419 819 per
1452 775 1537 808 hanc
1563 781 1706 808 nostram
1733 762 2127 812 constituti&ii3.¹1¹1201⁰‘.'.¹1'?1i1'‚'=¹·'0'

1196 840 1291 870 nem,
1317 835 1351 862 ut
1377 829 1602 873 praemisimus
1618 856 1625 870 ‚
1653 839 1818 862 sacrorum
1843 815 2001 862 cano-{iiiiii
2019 818 2127 868 rill'ssfit'l'li

1196 894 1273 916 num
1299 888 1417 916 statuta
1443 888 1473 916 et
1498 882 1663 926 praesidia
1689 883 1846 924 minuere,
1871 869 2127 924 sed,3‡{{3{'.³⁵⁰³¹¹¹⁰'

1197 942 1353 980 quantum
1379 936 1410 969 in
1443 937 1579 970 Domino
1605 947 1792 980 possumus,
1818 946 1950 981 augere>

1199 992 1304 1024 favore
1337 990 1567 1031 ecelesiarum,
1604 990 1805 1022 declaramus
1831 995 1862 1022 et
1886 1000 1939 1022 ex-

1197 1054 1308 1087 presse
1334 1045 1483 1076 voltunus
1517 1042 1741 1076 firmissimum
1776 1043 1942 1076 nihilomi-

1198 1107 1257 1129 nus
1275 1107 1407 1130 manere
1426 1107 1509 1130 onus
1529 1096 1712 1140 reparandi,
1731 1096 1940 1129 restaurandi

1199 1155 1231 1182 et
1241 1149 1473 1183 manutenendi
1485 1149 1639 1183 ecclesias
1657 1149 1862 1182 cathedrales
1874 1149 1925 1192 epi
1935 1170 1943 1176 -

1199 1203 1304 1246 scopis
1329 1213 1347 1236 a
1365 1203 1434 1236 iure
1454 1203 1648 1242 iniunctum,
1670 1203 1750 1235 itaut
1768 1202 1800 1234 in
1821 1207 1942 1236 restau-

1199 1256 1319 1296 randis,
1347 1256 1538 1300 reparandis
1573 1261 1604 1289 et
1629 1255 1865 1289 conservandis
1892 1266 1942 1288 ec-

1199 1310 1307 1343 clesiis
1331 1309 1587 1349 cathedralibus,
1614 1314 1789 1353 antequam
1816 1315 1944 1352 tangan-

1202 1368 1252 1395 tur
1278 1363 1398 1395 fructus
1417 1373 1473 1395 seu
1494 1362 1646 1406 capitalia
1665 1361 1773 1395 favore
1800 1361 1943 1395 fabricae

1199 1417 1308 1460 vigore
1336 1416 1431 1449 liuius
1459 1415 1697 1449 constitutionis
1722 1414 1942 1456 conficienda,

1202 1476 1374 1504 tencantur
1408 1469 1565 1514 episcopi,
1593 1475 1625 1503 et
1650 1470 1688 1503 ad
1714 1480 1859 1503 normam
1895 1479 1946 1503 sa-

1201 1536 1330 1558 crorum
1358 1535 1518 1558 canonum
1557 1523 1745 1567 exquiratur
1770 1524 1809 1558 de
1835 1534 1946 1557 eorum

1202 1578 1418 1621 obligatione.

1246 1633 1260 1677 g
1286 1632 1315 1666 5.
1339 1632 1575 1675 Praetereaque
1598 1630 1804 1665 decernimus
1823 1630 1946 1665 habere
1972 1639 2134 1677 l’¹¹¹'³¹⁰,fd⁹0²¹·

1204 1687 1313 1720 favore
1341 1685 1486 1719 omnium
1513 1685 1722 1718 ecclesiarum
1746 1690 1777 1718 et
1797 1667 2134 1731 collegia-Etiss'ftffififss'.

1204 1745 1305 1774 tarum
1334 1740 1431 1772 totius
1455 1738 1565 1772 Italiae
1597 1743 1629 1771 et
1654 1738 1832 1771 insularum
1858 1737 1946 1771 adia·
1957 1726 2032 1777 ital-{¹2}
2044 1720 2134 1784 Zifissiiff

1203 1793 1355 1833 centium,
1379 1793 1506 1826 tametsi
1526 1803 1585 1836 pro
1608 1791 1775 1824 nonnullis
1800 1774 2022 1825 ecclesiisiiiiiiii'
2042 1773 2134 1794 'mmm'

1204 1849 1309 1882 editae
1336 1847 1455 1881 fuerint
1472 1848 1600 1891 aliquae
1618 1846 1832 1889 provisiones,
1850 1845 1947 1879 sicuti

1204 1913 1263 1945 per
1300 1902 1403 1935 felicis
1445 1900 1682 1934 recordationis
1718 1899 1948 1933 Innocentium

1205 1956 1323 1999 Papam
1364 1954 1429 1988 xlii
1466 1954 1758 1998 praedecessorem
1795 1958 1946 1986 nostrum

1206 2020 1263 2052 pro
1291 2009 1392 2042 tribus
1420 2007 1586 2047 ecclesiis,
1613 2017 1729 2050 nempe
1756 2006 1946 2047 Auximana,

1205 2062 1402 2096 Viterliicnsi
1429 2067 1461 2095 et
1485 2060 1690 2101 Tuscanensi‚
1729 2065 1760 2093 et
1795 2070 1856 2103 per
1892 2069 1950 2093 nos

1208 2117 1366 2149 hactenus
1393 2126 1452 2159 pro
1475 2120 1624 2159 quatuor,
1641 2113 1767 2146 scilicet
1791 2112 1950 2153 Nuscana,
2090 2134 2101 2147 t

1207 2170 1374 2213 vigilien-a,
1400 2167 1683 2208 Castellanatensi‚
1709 2172 1741 2200 et
1758 2166 1948 2210 Sypontina,

1208 2223 1371 2256 mediante
1397 2223 1518 2255 unione
1545 2226 1632 2254 ratae
1658 2220 1829 2264 pensionis
1855 2229 1953 2263 super

1209 2277 1367 2310 fructibus
1386 2276 1573 2310 earumdem
1592 2274 1820 2315 ecclesiarum,
1846 2277 1952 2306 actum

1210 2332 1306 2365 fuisse
1332 2330 1491 2370 constat¹,
1513 2334 1543 2363 et
1562 2330 1594 2363 in
1620 2329 1808 2362 universum
1827 2337 1886 2371 pro
1905 2337 1955 2360 ec-

1210 2386 1317 2419 clesiis
1341 2385 1431 2427 regni
1451 2383 1659 2427 Neapolitani
1678 2380 1863 2416 einanavit²
1880 2391 1956 2416 con-

1211 2439 1335 2472 stitutio
1361 2444 1491 2471 sanctae
1512 2436 1689 2469 memoriae
1706 2434 1887 2468 innocentii
1900 2433 1953 2467 XII

1211 2492 1308 2525 etiam
1346 2489 1607 2534 praedecessoris
1643 2489 1766 2528 nostri,
1793 2487 1953 2530 incipiens

1249 2563 1257 2587 1
1282 2560 1329 2587 Ed.
1345 2560 1424 2587 Maia.
1442 2560 1506 2595 legit
1522 2561 1627 2586 constet
1642 2559 1683 2592 (R.
1701 2560 1750 2590 12).

1246 2605 1262 2632 2
1283 2605 1379 2640 Aptius
1394 2604 1453 2640 lege
1468 2603 1651 2632 emanaverit
1666 2602 1704 2637 (fl.
1720 2602 1769 2636 τ.).
