2170 3147
228 229 281 256 An.
300 229 328 256 e.
347 228 414 255 1724
461 219 503 253 80

266 2255 328 2275 rate<
352 2257 410 2274 traii—

224 2286 363 2308 lttuiptoititlr

254 2572 340 2594 Sanctio
360 2578 410 2599 poe-

226 2601 287 2622 natis.

423 279 592 311 laicalibus
631 289 837 322 quacumque
871 277 1065 311 auctoritate
1096 277 1166 309 sun-

423 331 586 374 gentibus,
599 338 631 365 et
645 332 905 375 quibuscumque
921 331 992 364 aliis
1007 329 1164 374 personis,

423 385 482 418 sub
508 384 766 428 quibuscumque
793 385 962 417 tenoribus
992 389 1023 416 ct
1041 383 1161 422 formis,

424 449 460 470 ae
479 449 550 471 cum
571 438 739 482 quibusvis
768 437 864 471 etiam
884 437 1164 480 derogatoriarum

424 492 654 535 derogatoriis,
669 492 805 536 aliisque
828 491 1074 531 efficacioribus,
1101 491 1166 524 effi-

423 545 602 578 cacissimis
623 551 654 578 et
678 545 817 579 insolitis
843 545 1015 585 clausulis,
1035 554 1163 578 necnon

423 598 630 631 irritantibus
656 604 688 631 et
715 599 905 632 fortioribus
931 598 1087 637 decretis,
1120 602 1165 630 et-

423 651 485 683 iam
507 657 611 691 motu,
630 652 766 685 scientia
783 658 814 685 et
831 651 1005 695 potestatis
1031 650 1166 694 plenitu-

424 704 499 737 dine
532 705 715 746 similibus,
742 704 839 738 etiam
873 704 1162 742 consistorialiter,

422 768 482 800 per
511 768 586 796 nos,
613 768 668 791 seu
699 767 920 801 quoscumque
946 757 1027 790 alios
1049 757 1164 789 ftoma-

422 820 482 843 nos
501 810 674 843 Pontifices
693 811 964 854 praedecessores
982 814 1115 842 nostros
1132 809 1163 841 in

422 864 623 897 contrarium
643 864 749 896 forsan
769 863 1017 907 quomodolibet
1034 872 1165 896 eonces-

422 918 475 956 sis,
502 917 701 950 confirmatis
729 923 761 949 et
785 917 986 960 approbatis,
1009 927 1045 949 ac
1068 916 1163 949 etiam

421 970 547 1003 iteratis
579 969 701 1003 vicibus
726 970 884 1003 innovatis
904 996 911 1010 ,
939 968 1062 1002 etiamsi
1090 979 1165 1002 cau-

423 1030 488 1057 tum
505 1025 545 1056 sit
559 1024 590 1057 in
606 1025 651 1057 eis
665 1034 828 1068 expresse,
846 1024 932 1067 quod
950 1023 1012 1057 illis
1030 1024 1165 1056 nullate-

421 1088 493 1115 nus,
511 1079 560 1110 vel
576 1077 705 1110 nonnisi
721 1077 778 1110 sub
795 1077 890 1110 certis
908 1076 986 1109 inibi
1002 1075 1164 1120 expressis

422 1137 453 1164 et
470 1131 646 1164 nominatis
675 1131 780 1164 modis
807 1136 838 1164 et
863 1130 975 1163 formis
1001 1129 1161 1171 derogari,

421 1195 478 1217 seu
498 1189 609 1217 contra
628 1183 682 1217 illa
700 1184 875 1227 quidquam
894 1182 1025 1216 concedi
1043 1182 1161 1226 possit;

421 1237 539 1280 quibus
563 1237 714 1270 omnibus
740 1242 772 1269 et
796 1235 946 1279 singulis,
973 1235 1097 1268 etiamsi
1124 1235 1162 1268 de

422 1301 534 1322 eorum
561 1290 635 1322 totis
662 1289 832 1322 tenoribus
865 1288 1023 1332 specialis,
1060 1288 1163 1331 speci-

421 1343 488 1383 fica,
516 1354 669 1387 expressa
695 1349 726 1375 et
751 1343 925 1383 individua,
950 1352 986 1375 ac
1007 1342 1046 1375 de
1065 1341 1162 1374 verbo

420 1397 459 1429 ad
495 1397 649 1436 verbum,
673 1407 738 1429 non
774 1402 881 1429 autem
916 1406 975 1439 per
1004 1395 1163 1428 clausulas

422 1451 592 1492 generales
613 1449 698 1482 idem
718 1449 940 1493 importantes,
959 1449 1083 1481 mentio
1105 1458 1161 1481 seu

421 1503 553 1546 quaeris
579 1503 641 1536 alia
666 1502 834 1546 expressio
851 1502 1010 1541 habenda,
1030 1507 1084 1534 ant
1101 1501 1163 1534 alia

423 1556 581 1599 exquisita
607 1556 708 1588 fornia
736 1556 775 1588 ad
802 1556 863 1589 hoc
886 1555 1045 1588 servanda
1070 1554 1160 1595 soret,

420 1609 554 1643 illorum
583 1615 723 1650 tenores,
742 1620 778 1642 ac
803 1609 827 1642 si
855 1609 893 1642 de
920 1609 1019 1642 verbo
1037 1609 1075 1642 ad
1096 1619 1163 1642 ver-

420 1664 498 1696 bnm
517 1663 598 1697 nihil
617 1663 749 1707 penitus
770 1663 889 1696 omisso
908 1662 1030 1703 inserti,
1051 1668 1083 1695 et
1100 1663 1162 1695 sor-

420 1718 471 1749 ma
489 1716 519 1749 in
537 1717 600 1750 illis
615 1716 732 1750 tradita
746 1716 917 1749 observata
939 1716 1058 1756 forent,
1075 1726 1163 1759 prae-

420 1770 568 1803 sentibus
593 1780 652 1813 pro
683 1770 780 1814 plene
815 1775 844 1803 et
879 1768 1080 1802 sufficienter
1110 1780 1163 1802 ex-

420 1823 541 1866 pressis
568 1833 604 1855 ac
626 1823 664 1855 de
683 1823 779 1855 verbo
805 1822 844 1855 ad
870 1823 1004 1855 verbum
1031 1822 1160 1855 insertis

420 1875 594 1916 habentes,
617 1875 679 1908 illis
706 1875 785 1908 alias
805 1875 835 1908 in
862 1885 921 1908 suo
946 1875 1063 1908 robore
1090 1885 1162 1918 per-

420 1929 583 1962 mansuris
599 1956 606 1970 ,
635 1930 696 1962 liae
720 1929 788 1962 viee
819 1929 995 1969 dumtaxat,
1023 1933 1110 1961 motu
1131 1934 1160 1961 et

420 1982 556 2016 scientia
574 1982 744 2023 similibus,
763 1983 948 2026 specialiter
964 1986 994 2015 et
1012 1992 1161 2025 expresse

420 2036 629 2079 derogamus,
649 2042 680 2069 et
697 2036 889 2079 derogatum
917 2046 1000 2075 esse,
1020 2045 1081 2068 nec
1107 2035 1162 2067 illa

421 2089 544 2122 eisdem
570 2089 799 2133 praesentibus
832 2088 996 2121 adversari
1027 2088 1076 2121 vel
1105 2088 1162 2120 ob-

419 2148 504 2176 stare
518 2144 685 2182 volumus;
704 2142 886 2185 ceterisque
902 2141 1073 2174 contrariis
1093 2140 1162 2184 qui-

420 2196 633 2239 buscumque.

465 2248 479 2291 §
505 2248 536 2281 5.
564 2248 719 2281 Volumus
752 2248 869 2289 etiam,
904 2248 989 2291 quod
1028 2258 1157 2280 earum-

421 2302 494 2334 dem
512 2302 730 2345 praesentium
751 2301 961 2344 transumptis
980 2312 1111 2345 semper
1132 2307 1163 2335 et

420 2355 695 2397 quandocumque
722 2360 826 2387 stetur
853 2360 884 2387 et
908 2352 1056 2397 plenaria
1082 2354 1162 2387 tides

420 2407 614 2441 adhibeatur
640 2412 703 2440 tam
729 2408 761 2440 in
794 2407 912 2440 iudicio
945 2418 1039 2450 quam
1071 2413 1161 2440 extra

421 2461 514 2501 illud,
534 2471 569 2493 ac
589 2460 614 2492 si
633 2461 766 2494 eaedem
785 2466 977 2503 praesentes
995 2460 1159 2494 exhibitae

419 2515 468 2547 vel
495 2518 646 2546 ostensae
673 2513 788 2546 forent.

465 2567 480 2610 5
504 2567 535 2599 6.
563 2566 648 2599 Nulli
675 2577 753 2609 ergo
780 2567 913 2599 omnino
941 2567 1107 2599 bominum
1130 2567 1162 2599 li-

421 2625 491 2655 ceat
510 2620 593 2653 bane
614 2620 765 2663 paginam
787 2625 916 2654 nostrae
938 2620 1161 2662 reintegratio-

1013 227 1197 252 nrtmnmn
1220 227 1374 253 1101111111111
1965 224 2017 255 An.
2035 225 2064 254 C.
2082 225 2150 257 1725

1210 277 1268 317 nis,
1295 277 1523 316 restitutionis,
1551 276 1795 317 concessionis,
1822 275 1953 315 indulti,

1211 330 1350 369 decreti,
1378 330 1602 373 derogationis
1633 336 1664 363 et
1691 330 1865 363 voluntatis
1897 330 1950 362 in-

1211 383 1366 426 fringere,
1380 385 1429 416 vel
1444 383 1471 417 ei
1486 395 1566 417 ausu
1583 384 1757 417 temerario
1771 383 1952 422 contraire3

1210 436 1234 468 si
1261 437 1331 479 quis
1358 442 1465 469 autem
1493 437 1557 470 lioe
1594 441 1752 469 attentare
1781 447 1954 480 praesum-

1210 490 1322 533 pserit,
1348 490 1608 533 indignationem
1629 490 1866 533 omnipotentis
1895 490 1951 522 Dei

1209 553 1244 575 ac
1269 542 1439 576 beatorum
1457 543 1542 575 Petri
1563 548 1593 576 et
1609 543 1700 576 Pauli
1726 543 1952 586 apostolorum

1210 596 1279 629 eius
1305 607 1338 629 se
1363 596 1489 629 noverit
1514 596 1735 629 incursurum.

1253 650 1367 682 Datum
1394 650 1529 691 Romae,
1558 651 1643 693 apud
1669 650 1701 683 S.
1735 649 1865 683 Mariam
1890 649 1954 683 Ma-

1210 702 1333 742 iorem,
1371 713 1456 735 anno
1493 702 1729 735 Incarnationis
1768 702 1952 735 dominicae

1209 765 1383 795 iiiiecxxiv,
1408 766 1457 788 xvi
1477 756 1632 788 kalendas
1650 756 1855 799 septembris,
1877 766 1955 799 pon-

1212 808 1349 841 titicatus
1380 809 1479 842 nostri
1506 819 1591 841 anno
1619 820 1640 842 1.

1246 870 1303 897 Dat.
1323 870 1366 897 die
1389 870 1420 897 10
1440 870 1608 906 septembris
1632 871 1708 905 ¹7:³4,
1727 871 1824 906 pontif.
1845 879 1917 898 anno
1934 878 1953 898 1.

1525 1014 1616 1047 xxvi
1621 1014 1643 1046 l.

1210 1092 1453 1135 Confirmantur
1469 1092 1631 1136 quaedam
1651 1092 1780 1125 litterae
1797 1092 1955 1126 Innocen-

1254 1146 1294 1177 1ίί
1322 1145 1415 1186 VIII,
1435 1145 1539 1178 Pauli
1569 1146 1629 1178 III
1651 1150 1679 1178 et
1704 1145 1762 1179 Pii
1786 1145 1837 1179 IV
1858 1155 1955 1190 super

1252 1208 1428 1231 causarum
1443 1197 1628 1241 t‘oqizi'lz'otze
1645 1198 1886 1241 archiepiscopo
1896 1198 1955 1231 Be-

1253 1256 1433 1284 aei-emano
1450 1251 1677 1294 spectantibus,
1699 1251 1841 1295 aliisque
1859 1251 1955 1284 eccle-

1251 1305 1320 1337 siae
1351 1305 1597 1337 Beneventanae
1629 1304 1950 1338 consuetudinibus'.

1385 1385 1568 1413 Benedictus
1590 1385 1670 1419 Papa
1688 1385 1773 1418 XIII,

1326 1431 1363 1457 ad
1389 1433 1566 1464 perpetuam
1585 1431 1630 1457 rei
1651 1430 1833 1457 memoriam.

1252 1502 1286 1534 111
1311 1511 1463 1545 supremo
1489 1501 1659 1535 militantis
1683 1501 1848 1534 Ecclesiae
1870 1501 1953 1534 solio
1990 1510 2109 1541 sto-ratum.

1208 1566 1266 1599 per
1283 1554 1484 1588 ineffabilem
1506 1555 1634 1588 divinae
1659 1554 1837 1598 sapientiae
1856 1559 1953 1598 atque

1207 1609 1363 1642 bonitatis
1389 1608 1621 1641 abundantiam
1647 1608 1737 1640 nullo
1759 1607 1835 1641 licet
1859 1606 1954 1640 meri-

1207 1667 1311 1695 torum
1337 1660 1490 1705 suffragio
1509 1661 1686 1701 constituti,
1704 1671 1740 1694 ea
1758 1671 1842 1705 quae
1857 1672 1874 1694 a
1892 1661 1954 1694 Ro-

1207 1716 1309 1748 manis
1335 1715 1545 1749 Pontificibus
1564 1715 1876 1759 praedecessoribus
1896 1725 1952 1749 no-

1208 1769 1284 1803 stris
1309 1770 1348 1802 ad
1383 1769 1525 1803 savorem
1559 1766 1797 1803 catholieorum
1832 1768 1952 1802 antisti-

1208 1828 1274 1856 tum
1294 1834 1475 1867 eorumque
1498 1823 1682 1856 officialium
1704 1823 1838 1867 provide
1856 1826 1952 1866 atque

1208 1877 1372 1920 sapienter
1409 1876 1586 1910 constituta
1625 1883 1656 1909 et
1692 1876 1841 1909 ordinata
1878 1885 1951 1908 esse

1207 1934 1408 1969 noscuntur,
1434 1934 1468 1961 ut
1495 1929 1583 1962 firma
1614 1939 1743 1972 semper
1768 1934 1864 1972 atque
1891 1928 1952 1961 illi-

1206 1982 1280 2015 bata
1298 1988 1478 2023 serventur,
1498 1992 1555 2015 nee
1571 1982 1742 2015 temerario
1761 1982 1952 2025 cuiusquam

1206 2046 1286 2068 ausu
1304 2035 1476 2075 violentur,
1499 2035 1670 2078 apostolici
1689 2034 1878 2068 muniminis
1896 2044 1950 2066 no·

1207 2089 1261 2121 stri
1288 2088 1470 2132 patrocinio
1496 2089 1638 2121 libenter
1661 2088 1866 2121 roboramus.

1251 2143 1264 2185 ᾖ
1292 2141 1322 2174 1.
1342 2142 1466 2175 Dudum
1484 2142 1655 2185 siquidem,
1680 2146 1851 2185 postquam
1880 2140 1950 2174 seli·
1987 2147 2016 2168 Ab
2043 2146 2138 2167 Innocen-

1207 2196 1252 2229 cis
1279 2196 1515 2229 reeordationis
1540 2195 1749 2228 Innocentius
1768 2195 1854 2238 Papa
1874 2172 2141 2235 V111,¹0';?15{.i{2¹0⁵i3‘51i¹.¹2

1241 2275 1253 2301 1
1278 2274 1333 2302 Hac
1353 2275 1385 2301 de
1406 2283 1435 2301 re
1456 2274 1516 2301 vide
1537 2274 1686 2301 Innocentii
1704 2273 1761 2301 VIII
1778 2277 1863 2302 const.
1884 2273 1949 2300 edit.

1206 2325 1313 2351 ncnxffl,
1334 2318 1376 2345 die
1397 2320 1412 2346 8
1433 2318 1511 2352 iunii,
1528 2318 1621 2353 pontis.
1637 2324 1674 2344 vu
1687 2340 1693 2352 ‚
1706 2326 1814 2345 necnon
1831 2317 1902 2344 Pauli
1915 2316 1949 2344 III

1206 2363 1314 2390 constit.
1331 2362 1394 2390 edit.
1408 2369 1554 2396 MDxxxvui,
1573 2362 1616 2389 die
1632 2362 1667 2388 22
1681 2362 1798 2397 augusti,
1814 2362 1909 2397 pontis.
1923 2369 1948 2395 v,

1206 2411 1233 2435 et
1253 2408 1289 2434 Pii
1310 2407 1345 2434 IV
1365 2408 1473 2434 constit.
1504 2407 1568 2433 edit.
1601 2412 1685 2439 MDLx,
1706 2406 1750 2433 die
1770 2406 1804 2432 20
1823 2406 1948 2442 augusti,

1206 2452 1299 2486 pontif.
1313 2458 1339 2478 n.
1356 2451 1443 2478 Huius
1455 2450 1595 2478 Pontiticis
1606 2451 1715 2477 constit.
1728 2449 1792 2477 edit.
1805 2456 1948 2482 mocexxtv,

1206 2496 1248 2522 die
1260 2495 1294 2521 23
1307 2495 1406 2527 martii,
1419 2495 1515 2530 pontif.
1530 2502 1548 2527 1,
1561 2495 1738 2522 confirmatur
1754 2498 1841 2521 const.
1859 2494 1899 2520 Pii
1912 2493 1948 2520 III

1206 2540 1238 2566 de
1259 2539 1391 2565 fructibus
1421 2539 1615 2565 beneficiorum
1643 2539 1796 2565 vacantium
1816 2538 1948 2566 dioecesis

1207 2583 1414 2610 Beneventanae
1442 2582 1632 2610 convertendis
1652 2582 1678 2608 in
1699 2582 1901 2618 reparationem
1922 2585 1948 2610 et

1206 2628 1403 2656 incrementum
1426 2627 1555 2655 ecclesiae
1576 2626 1792 2655 Beneventanae.
