2170 3147
17 203 67 230 An.
83 202 113 229 C.
134 201 200 228 179.st

206 249 346 292 positum
374 247 503 279 turbare
530 251 689 289 possunt,
716 252 941 284 removentur,

206 306 252 339 ut,
272 300 361 332 nulla
387 310 421 331 re
447 298 638 341 praepediti,
659 309 693 330 ac
718 298 851 330 sublatis
878 298 966 344 ani-'3

206 362 331 384 morum
348 350 493 383 dissidiis
511 356 539 382 et
558 349 840 388 aermitationibus,
857 350 945 381 iuxta
965 383 967 400 1

206 402 369 445 regularia
394 413 526 435 suorum
552 401 710 434 Ordinum
738 401 896 439 instituta,
914 401 944 432 in
966 405 968 438 ζ

206 455 294 498 pacis
319 454 514 487 amoenitate
538 460 661 496 gratum
688 453 852 485 Altissimo
882 452 943 484 im-

206 508 352 550 pendant
389 507 593 545 famulatum,
622 505 887 547 felicioribusque
914 504 945 536 in

208 561 277 593 dies
293 560 324 592 in
339 560 386 592 via
400 559 527 593 Domini
542 558 714 602 proficiant.
729 557 947 590 incrementis.

15 626 197 657 munros-aomi-
251 612 322 655 §L
360 612 438 645 Cum
475 612 600 653 itaque,
637 610 718 642 510111
754 609 970 652 accepimus„

15 656 198 709 22233'223127„
210 664 335 697 tametsi
362 665 477 696 fratres
502 663 631 696 Ordinis
656 662 814 694 Minornm
846 660 947 693 sancti
969 662 971 704 [

16 709 372 760 iii‘iiiaee‘e’ii'e‘issf'rancisci
411 717 449 749 de
486 714 714 756 Observantia,
752 712 947 752 Excalceati,
969 705 971 741 1

17 766 153 782 ⁰⁰”'“‘'⁰‘⁹‘
208 769 385 802 Recollccti
408 780 443 802 ac
464 768 639 801 Reformati
666 767 843 811 respective
869 777 950 798 nun-
970 782 971 786 =

209 823 328 865 cupati,
350 822 479 854 unicum
504 831 621 864 eorpus
647 819 814 862 religionis
840 829 876 851 ac
899 818 951 851 Or-

210 875 319 907 dinem
357 875 486 907 insimul
524 874 733 913 constituam,
760 878 854 916 atque
892 872 950 904 sub

210 938 274 961 uno
300 928 482 971 eodemque
500 927 604 970 capite
630 932 662 959 et
687 926 835 958 ministro
855 935 952 967 gene·
972 927 974 967 ¹,

210 981 289 1021 rati,
317 981 375 1013 etsi
413 981 472 1013 sub
509 981 642 1013 diversis
667 978 975 1012 constitutionibus*

212 1035 244 1066 in
262 1033 407 1067 Ecclesia
427 1033 482 1066 Dei
501 1033 651 1073 militent,
673 1032 825 1075 antiquus
844 1037 952 1063 tamen
974 1020 976 1038 ³

211 1097 290 1119 usus
317 1098 352 1120 ac
378 1085 538 1129 generalis
556 1096 659 1129 prope
686 1084 885 1118 consuetudo
911 1083 956 1116 in.

211 1141 331 1181 valuit,
359 1146 393 1172 ut
419 1139 477 1182 ipsi
516 1139 630 1171 fratres
660 1139 698 1171 de
724 1137 955 1176 Observantia,

212 1193 334 1236 ubique
360 1193 477 1225 nedum
512 1192 544 1224 in
570 1191 760 1229 Galliarum,
787 1179 977 1234 Hispania-¹

213 1257 293 1286 rum,
308 1245 525 1288 Portugalliae
544 1250 575 1277 et
594 1244 815 1286 Algarbiorum
835 1243 954 1286 regnis,
977 1234 978 1239 ¹

214 1312 251 1334 ac
271 1300 421 1333 universa
440 1297 623 1335 Germania,
643 1308 753 1330 verum
780 1303 812 1330 et
837 1297 868 1329 in
896 1297 956 1330 bac

215 1353 296 1386 alma
331 1352 415 1385 Urbe
456 1354 567 1385 nostra
608 1356 639 1383 et
676 1351 801 1394 reliqua
837 1351 978 1394 passiml

213 1407 324 1446 ltalia,
351 1406 406 1438 ubi
444 1405 545 1438 felicis
576 1404 813 1437 recordationis
839 1396 979 1454 Grego}

214 1459 254 1492 rii
280 1459 345 1491 xllt
368 1456 631 1501 praedecessoris
648 1457 748 1489 nostri
768 1456 956 1489 constitutio

215 1522 314 1555 super
331 1511 560 1555 praecedentia
586 1510 673 1543 edita
698 1509 834 1542 maxime
859 1510 955 1552 viget,
977 1504 979 1538 i

217 1565 350 1598 eosdem
377 1564 492 1596 fratres
516 1563 734 1601 Excalceatos,
754 1563 957 1595 Recollcctos
978 1561 980 1603 ζ

217 1617 465 1651 etReformatos
484 1616 516 1648 in
534 1615 803 1658 processionibus
821 1615 957 1658 aliisque
978 1633 980 1664 ·3

217 1676 282 1704 tum
307 1669 440 1714 privatis
457 1674 524 1702 tum
541 1668 681 1712 publicis
698 1669 824 1701 actibus
843 1674 873 1701 et
893 1669 958 1700 fun›

218 1723 379 1757 ctionibus
413 1722 686 1766 quibuscumque,
725 1723 813 1754 nulla
849 1721 958 1754 habita

217 1776 343 1809 ratione
369 1775 499 1808 maioris
523 1775 571 1807 vel
597 1775 732 1807 minoris
758 1774 958 1817 antiquitatis

218 1839 352 1863 suorum
377 1833 603 1868 conventuum,
623 1828 831 1871 praecedant,
845 1829 961 1861 solum·
981 1834 982 1860 ἶ

220 1893 282 1926 que
304 1881 427 1925 aliquot
451 1881 490 1913 ab
517 1880 592 1913 binc
618 1880 709 1912 annis
728 1890 786 1923 pro
804 1886 894 1924 parte
913 1880 960 1912 di·
981 1877 983 1927 ξ

220 1942 345 1969 ctorum
362 1935 493 1967 fratrum
509 1933 768 1967 Reformatorum
783 1935 960 1966 nonnullae
981 1955 983 1969 1

221 1988 430 2032 quaestiones
449 1997 546 2030 super
560 1986 719 2019 eiusmodi
735 1986 961 2029 praecedentia
982 1975 983 2026 J

220 2040 406 2074 memoratis
437 2039 587 2072 fratribus
621 2039 659 2072 de
685 2039 897 2072 Observantia
930 2029 983 2080 in}

221 2092 413 2137 quibusdam
440 2092 550 2125 ltaliae
576 2091 750 2135 provinciis
775 2092 984 2146 1110100111οἻ

221 2151 310 2192 runt,
337 2147 396 2179 sub
422 2146 555 2178 obtentu
582 2145 667 2188 quod
694 2144 823 2188 quidam
850 2148 984 2177 eorum}

812 197 1007 222 BENEDICTUS
1033 197 1089 221 xut
1113 196 1161 220 ΓΡ.

1619 182 1683 216 3⁶23
1733 190 1918 216 11101116

1029 246 1043 288 ἓ
1069 245 1100 277 ⁶2.
1120 244 1194 283 Nos,
1210 243 1454 276 considerantes
1476 240 1635 274 eiusmodi
1654 249 1727 272 con·
1813 250 1920 271 sisinium

988 297 1161 330 troversias
1181 296 1265 329 inter
1287 296 1399 327 fratres
1418 295 1493 327 dicti
1513 293 1652 329 Ordinis.
1672 276 1925 337 quxissE‘T-lls'⁰¹.'13“¹50“1‚“.'

987 355 1061 382 vota
1089 360 1144 381 sua
1170 349 1201 380 in
1227 348 1341 391 spiritu
1369 346 1563 379 humilitatis
1596 350 1626 377 et
1652 330 1891 387 pau-“mmmm

988 402 1120 444 perlatis
1152 401 1288 433 Domino
1321 400 1475 432 exhibere
1513 397 1726 441 profitentur,

966 445 1120 485 ⁵:1ninime
1157 453 1273 485 decere
1290 479 1297 491 ,
1325 463 1360 484 ac
1394 452 1500 483 turbas
1526 451 1556 483 in
1579 449 1728 482 eumdem

990 505 1154 544 Ordinem,
1177 516 1243 538 non
1269 505 1337 537 sine
1355 506 1506 537 scandalo
1525 514 1560 536 ac
1577 500 1729 535 mutuae¹

992 557 1076 590 inter
1093 568 1148 590 eos
1166 557 1330 589 charitatis
1350 557 1556 595 detrimento,
1578 554 1730 586 invehere

991 620 1096 653 posse,
1123 610 1270 652 adeoque
1296 610 1368 642 illas
1393 609 1479 641 omni
1506 608 1631 640 ratione
1657 605 1733 638 reci—

993 663 1087 701 dere,
1113 672 1276 705 unamque
1309 672 1345 694 ac
1379 667 1498 694 certam
1537 661 1597 692 hac
1633 659 1664 690 in
1697 668 1731 690 re

993 715 1127 748 sormam
1154 714 1192 747 ab
1217 714 1368 747 omuibus
1395 714 1545 746 fratribus
1571 712 1733 744 Reforma-

994 769 1034 801 tis
1070 767 1245 811 praedictis
1286 767 1472 799 servandam
1510 764 1733 809 praescribere

995 822 1152 859 volentes,
1180 830 1305 852 necnon
1332 819 1478 861 Gregorii
1505 817 1736 861 praedecesso-

972 911 974 923 1
995 873 1038 905 115
1063 873 1244 906 litterarum
1271 873 1510 916 praedictarum
1530 877 1684 907 tenorem,
1704 873 1733 900 et

996 926 1058 958 alia
1084 935 1332 968 quaecumque,
1358 925 1454 957 etiam
1493 920 1678 966 specificam
1704 925 1735 950 et

997 978 1196 1011 individuam
1214 978 1412 1011 mentionem
1439 982 1468 1010 et
1492 974 1736 1019 expressionem

997 1032 1216 1075 requirentia,
1244 1031 1469 1074 praesentibus
1494 1040 1554 1073 pro
1581 1028 1675 1071 1110110
1707 1032 1739 1059 et

998 1086 1197 1118 sufficienter
1229 1084 1389 1128 expressis
1415 1089 1446 1116 et
1472 1087 1579 1116 exacte
1613 1078 1738 1123 specifi-

1000 1139 1078 1171 catis
1094 1139 1262 1177 babentes,
1279 1143 1366 1170 motu
1387 1136 1532 1179 proprio,
1547 1140 1578 1167 et
1596 1144 1631 1166 ex
1651 1134 1738 1166 cri-ta

1000 1191 1137 1224 scientia
1153 1194 1342 1234 maturaque
1358 1189 1591 1223 deliberatione
1608 1184 1737 1223 nostris,

1000 1245 1104 1288 deque
1122 1244 1317 1288 apostolicae
1335 1243 1503 1286 potcstatis
1519 1239 1739 1285 plenitudine,

999 1310 1220 1343 quascumque
1237 1309 1359 1338 causas,
1378 1299 1450 1330 lites
1469 1307 1524 1330 seu
1551 1301 1739 1328 controver-

1000 1354 1074 1393 sias,
1094 1354 1178 1386 inter
1204 1353 1317 1385 fratres
1343 1352 1381 1384 (10
1399 1349 1609 1383 Ohservantia
1634 1351 1664 1381 01
1681 1347 1737 1380 Rc-

1001 1407 1153 1440 formatos
1178 1405 1365 1449 praedictos
1392 1415 1488 1447 super
1509 1402 1740 1446 praecedentia

999 1460 1143 1504 praefata
1180 1459 1316 1492 ubilibet
1353 1463 1385 1490 et
1423 1468 1533 1490 coram
1574 1457 1740 1500 quibusvis

1000 1513 1162 1545 iudicibus
1189 1510 1436 1554 quomodolibet
1461 1515 1562 1542 motas
1595 1520 1629 1542 ac
1655 1520 1737 1553 pen-

1001 1566 1127 1605 dentes,
1147 1564 1185 1597 ad
1204 1575 1262 1597 nos
1287 1564 1400 1596 harum
1420 1563 1504 1595 serie
1524 1563 1738 1602 advocamus,

1001 1620 1139 1662 illasque
1158 1617 1286 1661 penitus
1313 1622 1343 1649 et
1369 1616 1503 1649 omnino
1525 1615 1742 1658 extinguimus

1001 1683 1037 1705 ac
1063 1670 1303 1714 supprimimus,
1327 1675 1358 1702 et
1383 1675 1574 1712 perpetuum
1600 1669 1742 1712 desuper

1002 1725 1168 1758 silentium
1206 1723 1411 1766 imponimus.
1449 1722 1553 1765 thue
1589 1722 1742 1765 deinceps

1002 1778 1088 1810 idem
1114 1787 1190 1809 usus
1216 1787 1251 1808 ac
1277 1787 1368 1815 11105,
1397 1775 1449 1818 (1111
1476 1775 1507 1807 111
1532 1775 1617 1808 Urbe
1649 1785 1743 1818 prae—

1004 1831 1065 1863 fata
1091 1841 1127 1862 ac
1152 1829 1228 1862 alibi
1255 1829 1340 1861 inter
1366 1829 1481 1860 fratres
1508 1828 1547 1861 de
1568 1828 1744 1860 Observan-

1004 1884 1045 1916 tia
1070 1888 1102 1916 et
1127 1882 1331 1915 Reformatos
1348 1886 1494 1913 servatur
1512 1891 1547 1913 ac
1568 1880 1742 1921 retinetur,

1004 1936 1035 1969 in
1061 1936 1211 1968 universa
1247 1934 1336 1966 Italia
1363 1933 1527 1966 observari
1554 1938 1586 1966 et
1610 1933 1744 1967 retineri

1005 1989 1143 2027 debeat,
1170 1987 1255 2030 quod
1292 1985 1416 2019 scilicet
1451 1985 1526 2018 dicti
1565 1986 1680 2018 fratres
1705 1986 1744 2019 de

1004 2040 1215 2074 observantia
1254 2040 1376 2083 ubique
1414 2039 1444 2071 in
1482 2039 1745 2082 processionibus

1005 2095 1140 2137 aliisque
1167 2094 1304 2132 actibus,
1323 2098 1385 2124 tam
1405 2091 1545 2134 publicis
1571 2102 1667 2135 quam
1685 2092 1746 2134 pri·

1004 2147 1094 2188 vatis,
1123 2146 1303 2189 digniorem
1330 2150 1362 2178 et
1391 2145 1673 2177 honorabiliorem
1700 2145 1746 2177 10-

224 2205 401 2233 conventus
424 2203 569 2240 tempore
595 2202 625 2229 et
652 2197 842 2230 fundatione
875 2197 962 2230 illius
983 2208 985 2223 ›
1005 2209 1075 2231 eum
1102 2198 1289 2237 obtineant,
1318 2207 1354 2229 ac
1378 2197 1467 2239 ipsos
1494 2196 1608 2228 fratres
1634 2196 1746 2228 Refor-

224 2253 357 2285 fratrum
383 2251 421 2284 de
447 2250 656 2283 observantia
694 2250 799 2283 forent
824 2249 960 2293 priores,
1005 2257 1107 2284 matos
1132 2250 1341 2294 praecedant,
1360 2254 1460 2288 motu,
1481 2249 1616 2281 scientia
1641 2254 1673 2281 et
1691 2259 1746 2292 po-

224 2305 301 2339 licet
324 2305 356 2336 in
382 2303 517 2346 reliquis
543 2303 688 2336 eiusdem
707 2303 817 2335 ltaliae
839 2303 965 2345 provin-

224 2358 281 2390 ciis
321 2357 435 2390 fratres
476 2356 515 2389 de
555 2355 761 2388 observantia
806 2355 965 2398 praedicti

225 2409 488 2453 praecedentiam
514 2409 690 2452 praefatam
716 2407 850 2451 pacifice
887 2408 967 2440 obti-

226 2468 346 2503 neant,
372 2462 497 2495 etiamsi
535 2471 650 2494 eorum
683 2466 858 2494 conventus
894 2466 968 2504 post

228 2516 308 2550 alios
333 2516 465 2548 fratrum
483 2515 741 2548 Reformatorum
763 2513 841 2546 inibi
868 2513 966 2547 erecti

228 2568 453 2614 reperiantur:

1006 2304 1130 2336 testatis
1148 2302 1353 2345 plenitudine
1368 2301 1507 2344 paribus,
1523 2306 1638 2334 tenore
1655 2312 1747 2344 prae-

1007 2356 1157 2395 sentium,
1177 2355 1344 2387 statuimus
1359 2360 1388 2387 et
1406 2354 1595 2386 ordinamus
1613 2366 1620 2393 ;
1640 2354 1747 2387 distri-

1008 2414 1056 2441 cte
1082 2408 1114 2440 in
1139 2408 1256 2440 virtute
1294 2412 1424 2439 sanctae
1460 2406 1687 2447 obedientiae,
1715 2412 1747 2439 et

1008 2461 1066 2494 sub
1106 2459 1450 2493 excommunicationis
1490 2459 1622 2492 maioris
1663 2460 1745 2492 latae

1046 2531 1056 2557 1
1080 2530 1197 2557 Pessime
1217 2530 1282 2558 edit.
1298 2529 1378 2557 Main.
1393 2530 1458 2565 legit
1471 2533 1605 2559 maturae
1622 2538 1669 2566 pro
1687 2539 1746 2557 mu-

1009 2577 1071 2603 cuae
1090 2576 1130 2610 (11.
1149 2575 1198 2609 1.).
