2170 3147
0 242 37 265 ln.
52 236 80 264 C.
104 236 171 263 1724

39 1085 168 1112 Praecipiun-

3 1113 127 1134 rarnentium
138 1113 168 1134 le-

5 2031 159 2053 Praescribam·
169 2049 173 2056 ,

0 2061 16 2078 it
26 2059 134 2084 deputatio
145 2059 175 2079 sa-

0 2085 98 2105 uitiatum
110 2087 130 2104 et
140 2085 174 2105 ds-

0 2111 78 2131 ltinatio
86 2116 176 2131 eonven-

2 2142 50 2157 uum
66 2138 86 2157 in
96 2138 173 2163 capitu*

1 2163 18 2183 is
32 2165 176 2189 etcongrega-

3 2189 175 2214 ionibusprovin-

0 2215 82 2236 eialibus
90 2215 175 2237 floride·

0 2243 50 2263 ›eat-

755 233 949 259 BENEDICTI'S
975 233 1033 257 xm
1057 234 1109 257 1²1⁸.

178 284 416 328 provinciarum
431 284 517 317 bono
535 283 635 325 magis
652 283 827 316 convenire
846 293 916 315 cen-

178 337 314 370 suerint.
334 337 415 380 Ipsis
440 336 536 369 ctiam
562 336 802 378 provinciarum
828 335 937 384 nuni-⁴,

177 389 268 428 stris,
294 388 483 421 custodibus
509 398 545 420 ac
570 386 797 420 definitoribus
829 398 915 419 nunc

178 447 208 473 et
228 451 287 484 pro
310 447 459 484 tempore
481 439 704 479 existentibus,
724 439 782 471 sub
803 439 915 472 eudem

176 495 283 536 poena
308 494 498 537 privationis
529 492 726 531 officiorum,
752 502 834 534 quae
861 492 916 524 ob-

178 546 294 586 tinent,
322 557 361 579 eo
386 547 457 589 ipso
483 555 613 589 quoque
639 545 853 582 incurrendo,
874 545 916 576 di-

176 599 286 631 stricte
311 599 514 637 inhibemus,
541 608 582 631 ne
609 598 701 631 titulo
727 597 916 630 convenien-

178 651 241 684 tiae
261 653 309 685 vel
331 651 519 685 directionis
541 661 595 684 seu
622 651 686 684 alio
712 661 915 693 quocumque

177 704 309 736 nomine
328 709 504 737 conventus
523 704 657 736 invicem
676 703 789 746 partiri
808 703 839 735 in
858 703 916 736 eis-

178 765 242 798 que
262 756 458 798 guardianos
480 755 665 795 nominare,
683 765 867 799 proponere
886 761 917 788 et

177 814 384 850 praesentare
421 808 580 849 audeaut3
619 818 688 840 cum
724 807 915 841 intentionis

177 865 306 893 nostrae
327 860 368 893 sit
399 871 511 894 omnes
536 866 567 893 et
592 871 807 904 quascumque
834 860 917 893 eius—

177 913 262 946 modi
288 919 503 947 conventuum
538 913 797 953 distributiones,
824 924 916 956 guar-

178 965 346 999 dianorum
365 966 604 999 nominationes
631 972 663 998 et
687 966 917 1008 praesentatio-

178 1027 235 1051 nes
263 1019 391 1062 penitus
416 1020 531 1052 tollere
557 1024 588 1051 et
612 1019 783 1061 abrogare.

222 1071 237 1114 g
261 1070 293 1103 6.
320 1070 557 1114 Praecipientes
582 1071 732 1104 omnibus
757 1076 788 1104 et
812 1070 917 1113 singu-

178 1123 217 1156 lis
241 1123 394 1156 fratribus
419 1124 496 1156 dicti
522 1123 650 1156 Ordinis
676 1123 864 1166 suffragium
885 1130 916 1157 et

178 1186 292 1209 vocem
318 1177 453 1209 activam
488 1176 684 1209 habentibus
711 1177 741 1208 in
766 1177 915 1219 capitulis

179 1234 211 1262 et
233 1230 539 1272 congregationibus
565 1229 837 1272 provincialibus,
862 1236 914 1271 ut,

179 1282 369 1325 priusquam
395 1283 433 1314 ad
453 1282 632 1315 electiones
654 1282 840 1323 deveniant,
858 1283 916 1316 bas

178 1341 367 1377 praesentes
394 1335 516 1368 litteras
544 1335 604 1378 legi
632 1335 761 1375 saciant,
789 1346 917 1369 omues-

179 1398 243 1431 que
277 1394 308 1421 et
338 1388 457 1431 singuli
498 1387 664 1421 observari
703 1388 826 1428 iurent,
854 1399 917 1432 quo

179 1440 322 1481 seilicet,
341 1441 496 1484 depositis
523 1441 655 1484 privatis
681 1441 793 1473 studiis
819 1447 851 1474 et
875 1441 918 1474 as-

179 1493 384 1534 sectionibus,
418 1494 572 1537 nullaque
605 1493 764 1527 dictorum
791 1499 917 1537 patrum

179 1546 289 1580 habita
315 1547 459 1587 ratione,
486 1556 540 1580 cos
574 1551 698 1579 tantum
729 1547 762 1579 in
787 1547 918 1590 provin-

179 1599 288 1640 ciales,
315 1601 482 1640 custodes,
506 1599 693 1633 definitores
720 1606 749 1633 et
774 1601 918 1644 guardia-

179 1665 237 1689 nos
260 1656 362 1689 libere
387 1656 510 1698 eligere
528 1662 559 1688 ct
576 1657 758 1699 approbare
780 1658 918 1696 valeant,

180 1708 234 1752 qui
258 1708 346 1741 iuxta
378 1709 573 1752 apostolicas
610 1715 641 1742 et
678 1709 752 1741 dicti
789 1709 918 1743 Ordinis

180 1761 426 1795 ‘constitutiones
464 1762 539 1804 eligi
586 1762 727 1802 debent,
771 1773 918 1806 quosque

182 1815 312 1857 praevia
329 1815 521 1848 meritorum
544 1815 783 1858 qualificatione
797 1816 920 1857 dignio-

181 1878 232 1900 res
257 1878 294 1900 ac
318 1868 398 1911 ipsis
431 1868 609 1911 provinciis
643 1874 674 1900 et
706 1869 920 1902 conventibus

181 1920 332 1961 regendis
345 1920 494 1954 utiliores
510 1926 540 1953 et
561 1921 599 1953 ad
617 1920 648 1954 id
666 1921 766 1964 magis
785 1921 919 1955 idoneos

184 1972 440 2006 diiudicaverint.

228 2025 243 2068 ἓ
267 2026 297 2058 7.
316 2026 350 2058 ln
372 2027 580 2070 deputatione
600 2033 706 2060 autem
726 2028 919 2061 familiarum

187 2087 243 2110 seu
269 2078 483 2112 destinatione
509 2086 725 2113 conventuum
743 2081 775 2113 in
802 2082 921 2124 capitu-

187 2129 225 2162 lis
258 2136 289 2162 et
325 2132 631 2174 congregationibus
668 2134 919 2175 provincialibus

188 2182 372 2216 huiusmodi
407 2184 575 2225 facienda,
602 2191 637 2217 ut
661 2185 746 2218 iuxta
782 2197 921 2219 conveu-

187 2240 275 2268 tuum
302 2236 493 2278 exigentiam
518 2242 549 2270 et
573 2248 785 2279 personarum
809 2239 922 2271 merita

186 2288 329 2331 religiosi
355 2295 537 2332 opportune
562 2290 773 2330 collocentur,
800 2292 924 2333 praeci-

186 2342 290 2384 pimus
316 2347 347 2374 et
370 2343 581 2382 mandamus,
607 2343 665 2375 sub
689 2343 776 2375 vocis
801 2344 922 2376 activae

186 2394 365 2437 privatione
391 2395 530 2438 aliisque
556 2395 689 2429 arbitrio
715 2396 923 2439 superiorum

187 2447 387 2489 generalium
424 2447 608 2490 infligendis
648 2448 777 2491 poenis,
816 2453 851 2481 ut
890 2449 923 2482 in

186 2499 302 2533 iisdem
327 2500 476 2544 capitulis
503 2505 533 2533 et
551 2501 859 2544 congregationibus
881 2502 923 2534 sa-

185 2553 291 2586 miliae
326 2554 459 2587 fratrum
496 2555 535 2587 ab
573 2555 700 2597 integro
737 2555 922 2588 definitorio

187 2606 384 2651 deputentur
420 2612 451 2642 et
487 2613 662 2643 conventus
700 2608 920 2649 destinentur,

1587 221 1651 255 115
1698 228 1794 256 Amo.
1817 228 1884 257 1724

959 282 1074 314 fratres
1098 291 1185 321 vero,
1210 281 1269 315 sub
1293 281 1400 325 poena
1431 281 1526 314 etiam
1556 279 1693 313 carceris

959 335 1102 367 formalis
1140 335 1273 367 arbitrio
1298 334 1434 368 ministri
1468 332 1690 377 provincialis,

958 387 996 419 ad
1014 392 1189 420 conventus
1209 387 1269 420 sibi
1291 388 1473 430 assignatos
1492 397 1525 419 se
1543 385 1692 419 conferre

959 438 1068 481 ibique
1105 439 1295 472 commorari
1323 444 1502 479 teneantur,
1527 437 1588 470 nisi
1613 436 1693 479 legi-

959 491 1034 523 tima
1059 497 1253 524 excusentur
1277 493 1371 524 causa
1396 492 1434 524 ab
1460 491 1529 534 ipso
1549 489 1695 523 definito-

960 544 1008 577 rio
1033 544 1259 588 approbanda,
1285 549 1317 577 et
1341 544 1526 587 guardiaui,
1552 544 1692 586 aliquem

959 597 1026 630 sine
1049 599 1143 630 causa
1177 603 1382 641 respuentes,
1416 597 1607 640 privationis
1644 596 1693 630 sui

958 650 1052 683 oflicii
1088 661 1226 694 poenam
1252 651 1440 690 incurrant;
1467 655 1514 689 at,
1548 649 1573 681 si
1600 659 1696 682 causa

959 703 1062 736 subsit
1087 703 1178 736 illum
1204 703 1385 744 reiiciendi‚
1419 713 1489 735 eam
1523 701 1697 745 superiori-

959 756 1018 789 bus
1031 755 1283 799 provincialibus
1301 755 1428 789 deferre
1446 755 1594 795 debeant,
1613 764 1695 797 quae

959 809 986 841 si
1011 808 1156 851 legitima
1180 813 1211 841 et
1235 808 1438 841 rationabilis
1471 818 1580 842 eorum
1614 807 1697 839 iudi-

960 861 1009 894 cio
1033 861 1237 904 probabitur,
1265 866 1340 894 tunc
1365 861 1554 904 religiosum
1580 860 1625 893 sic
1646 870 1696 893 re-

960 914 1078 946 iectum
1118 914 1157 946 ad
1197 914 1295 947 alium
1336 920 1527 948 conventum
1568 913 1695 947 mittere

959 967 1099 999 valeant.

1003 1020 1017 1062 g
1043 1018 1073 1051 8.
1101 1018 1179 1057 Quia
1206 1024 1312 1052 tamen
1337 1019 1369 1052 in
1390 1019 1631 1063 provinciarum
1652 1029 1698 1052 re·
1726 1031 1891 1060 nummatum

960 1072 1079 1115 gimine
1116 1083 1177 1106 nee
1213 1072 1330 1106 abusus
1367 1073 1457 1112 tolli,
1495 1073 1553 1105 sed
1590 1058 1893 1119 potiusff-i'lssfssr'ffmpfiffl'.

960 1125 1081 1168 augeri,
1108 1136 1167 1159 nec
1192 1126 1409 1159 omnimodam
1447 1126 1628 1159 libertatem
1665 1110 1892 1162 infillsssslffl's‘llssssl

960 1179 1174 1212 electionibus
1207 1184 1238 1212 et
1269 1179 1532 1221 deputationibus
1566 1169 1744 1212 familia-‘³¹³
1759 1165 1869 1189 *mmm*

961 1242 1030 1264 rum
1068 1231 1264 1272 huiusmodi,
1290 1237 1389 1275 prout
1420 1241 1479 1275 par
1504 1237 1598 1272 esset,
1624 1232 1698 1275 ptu-

960 1285 1047 1317 ribus
1066 1285 1104 1317 ab
1125 1286 1202 1318 hinc
1227 1285 1318 1318 annis
1344 1285 1484 1318 obtineri
1510 1296 1616 1329 posse,
1632 1295 1698 1318 non

961 1349 1025 1372 uno
1052 1339 1275 1382 experimento
1301 1343 1504 1383 compertum
1529 1339 1699 1378 babemus,

962 1396 994 1424 et
1027 1391 1135 1434 quod¹
1161 1391 1346 1435 superiores
1373 1392 1478 1425 officio
1515 1392 1627 1433 suncti,
1665 1401 1702 1424 ac

962 1445 1063 1477 ferme
1090 1454 1218 1487 semper
1242 1444 1341 1478 iidem
1372 1445 1612 1488 provinciarum
1644 1456 1699 1488 pa-

964 1503 1026 1530 tres
1053 1496 1237 1531 definitorio
1262 1498 1498 1540 ingrediantur,
1525 1498 1637 1541 ibique
1655 1499 1702 1531 lo-

962 1561 1032 1583 cum
1051 1557 1083 1584 et
1107 1556 1215 1584 votum
1242 1551 1401 1593 habeant3
1428 1551 1621 1595 perniciosis
1646 1551 1703 1584 hu-

963 1604 1100 1637 iusmodi
1116 1605 1208 1637 malis
1222 1614 1390 1637 occurrere
1405 1604 1587 1648 cupientes,
1602 1609 1701 1647 utque

963 1658 1200 1700 provinciarum
1227 1657 1388 1700 gubernia
1413 1657 1499 1690 iuxta
1525 1657 1625 1700 ipsius
1647 1656 1703 1690 Or-

963 1711 1046 1744 dinis
1073 1711 1324 1744 constitutiones
1345 1710 1479 1754 singulis
1499 1710 1647 1743 trienniis
1665 1720 1701 1742 ex

964 1764 1090 1806 integro
1117 1763 1337 1803 immutentur,
1362 1768 1393 1795 et
1419 1764 1605 1796 nullatenus
1630 1773 1704 1806 per-

964 1821 1058 1859 petua
1093 1817 1290 1858 reddantur,
1331 1816 1503 1859 providere
1545 1818 1704 1855 volentes,

964 1880 1036 1902 cum
1063 1870 1241 1913 aliquando
1267 1870 1433 1912 contingat
1458 1869 1611 1912 suffragia
1632 1880 1706 1912 per-

964 1928 1059 1966 petua
1084 1929 1229 1966 patrum,
1257 1933 1337 1966 quos
1364 1923 1547 1956 liabituales
1571 1928 1705 1962 vocant,

963 1976 1045 2008 votis
1068 1975 1275 2009 definitorum
1294 1975 1468 2009 actualium
1488 1975 1638 2019 aequalia
1656 1986 1706 2009 es-

965 2038 1007 2068 se,
1027 2028 1125 2061 immo
1145 2028 1200 2061 illa
1219 2028 1375 2060 excedere
1393 2028 1423 2060 in
1444 2038 1540 2070 grave
1563 2028 1704 2071 ipsarum

965 2081 1204 2124 provinciarum
1230 2081 1478 2124 praeiudicium,
1501 2081 1705 2124 quandoqui-

966 2135 1038 2167 dem
1064 2134 1143 2177 ipsis
1168 2134 1333 2167 dumtaxat
1354 2133 1580 2166 definitoribus
1602 2135 1649 2167 ius
1667 2134 1706 2166 sit

966 2187 997 2219 in
1023 2187 1172 2229 capitulis
1205 2187 1393 2220 huiusmodi
1429 2196 1487 2229 pro
1520 2187 1705 2219 earumdem

965 2240 1205 2282 provinciarum
1230 2239 1345 2272 maiori
1371 2240 1457 2272 bono
1484 2245 1516 2271 et
1542 2239 1625 2272 f'elici
1646 2250 1705 2283 gu-

966 2293 1080 2326 bernio
1106 2292 1277 2335 religiosos
1305 2293 1343 2325 ad
1369 2292 1472 2325 officia
1501 2293 1632 2336 eligere,
1669 2304 1705 2326 ac

966 2345 1104 2387 proinde
1130 2345 1162 2377 in
1199 2345 1260 2377 hac
1291 2350 1382 2388 parte
1418 2345 1534 2378 litteris
1574 2352 1704 2379 sanctae

967 2397 1143 2430 memoriae
1168 2397 1213 2429 Pii
1239 2397 1271 2437 V,
1297 2397 1470 2431 Clementis
1495 2399 1558 2431 Vlll
1584 2404 1616 2432 et
1635 2399 1708 2432 Gre-

967 2450 1049 2491 gorii
1075 2450 1125 2482 XV
1150 2450 1367 2483 Romanorum
1393 2451 1584 2484 Pontificum
1615 2462 1707 2495 prae-

967 2502 1173 2535 decessorum
1191 2502 1304 2536 itidem
1326 2509 1512 2537 nostrorum
1531 2505 1592 2537 hac
1609 2514 1707 2547 super

967 2566 1001 2587 re
1029 2555 1183 2589 emanatis
1208 2556 1403 2599 insistentes,
1423 2558 1529 2591 omnia
1555 2563 1587 2590 et
1612 2567 1706 2600 quae-

1003 2619 1013 2644 1
1037 2617 1148 2647 Videtur
1163 2617 1307 2654 legendum
1323 2628 1353 2647 eo
1370 2620 1447 2655 quod
1461 2622 1498 2655 (n.
1518 2624 1566 2653 r).
