2170 3147
220 181 268 208 An.
287 182 316 208 c.
342 181 408 208 ¹7⁶2ss
455 173 519 206 394
997 182 1179 205 artaxium
1205 181 1361 206 nomnen
1949 183 1996 213 Αῃ,
2018 183 2046 211 c,
2068 184 2135 213 ¹723

250 1514 279 1534 De
303 1518 390 1533 numero
402 1528 406 1535 ,

222 1540 295 1560 ordine
319 1543 339 1560 ot
363 1540 407 1559 ele—

222 1568 291 1587 ctione
352 1572 388 1592 pru
399 1576 407 1581 -

221 1599 266 1614 rum
293 1593 406 1617 hospitalis

222 1620 262 1641 SS.
280 1620 383 1641 Crucilixi.

263 2258 308 2278 0:2⁴1
320 2262 351 2275 ani
369 2257 386 2275 il
399 2267 408 2271 -

252 2493 280 2513 Do
292 2493 407 2513 ratimari)

223 2521 352 2541 reddituum.

418 232 516 265 lautia
555 231 730 271 gubernari
747 258 754 270 ,
790 240 901 263 eorum
929 230 1077 263 redditus
1091 257 1098 269 ,
1125 230 1156 262 in
1203 230 1265 265 ejus
1282 231 1467 261 reddituum¹
1483 232 1520 262 sit
1535 241 1650 273 semper
1663 237 1832 272 extraneus,
1848 241 1865 263 a
1880 232 1944 264 solo

417 285 668 328 peregrinorum
696 289 727 315 et
752 293 935 326 pauperum
960 282 1158 316 beneficium
1203 279 1340 319 episeopo
1369 280 1534 320 eligendus>
1567 282 1652 312 cuius
1679 282 1767 312 eliam
1801 286 1876 312 ”⁰2¹¹
1908 291 1942 313 ΘΧ

418 337 674 375 converit-ndo&
713 336 768 368 Dei
808 336 921 369 timore
960 337 1158 379 postposito,
1203 327 1299 381 OsfiP³0
1331 337 1384 382 *5¹1⁰
1416 330 1561 359 sssfflOVffi'i
1594 331 1696 369 POSSU·
1734 330 1776 360 Ad
1808 331 1943 361 Oumdem

418 389 590 432 dissipari,
630 399 781 431 quaeque
808 388 851 431 pii
888 388 1076 421 eorumdem
1110 399 1160 421 au,
1203 380 1393 407 rationarium
1408 383 1435 407 et
1451 378 1656 408 calculatorem
1674 379 1821 418 pertineat
1836 379 1944 409 exami-

418 446 524 472 MOOES
559 439 612 471 Dei
639 440 801 482 Obsequio
828 444 860 471 et
884 439 1038 476 religioni
1066 439 1161 472 desii,
1204 434 1274 455 nare
1292 431 1320 456 et
1344 436 1556 465 recognoscere
1579 427 1847 458 administrationes
1870 437 1944 468 quae

950 473 964 482 ⁹
1205 474 1277 504 liunt
1299 475 1328 504 in
1361 476 1468 505 ceteris
1497 475 1569 505 locis
1598 476 1654 514 piis
1676 476 1825 513 civitatis;
1855 486 1944 516 quae-

1205 532 1262 561 que
1284 528 1439 563 propterea
1463 533 1527 553 eam
1554 525 1716 563 portionem
1750 525 1779 554 in
1811 534 1942 556 annuum

1205 571 1336 601 eiusdem
1359 572 1512 601 rationarii
1528 572 1708 611 stipendium
1724 573 1759 602 de
1777 582 1829 603 suo
1845 574 1944 605 confe-

1206 624 1272 650 rant
1294 629 1380 660 quam
1405 620 1559 659 episcopus
1581 621 1607 650 ei
1630 620 1817 650 tribuendam
1833 625 1862 652 et
1877 631 1944 652 con·
1968 647 1971 650 Δ

1205 668 1356 699 ferendam
1379 668 1531 705 iudicabit,
1551 669 1630 698 omni
1653 678 1776 699 recursu
1799 674 1828 701 et
1845 670 1945 710 appel·

1205 717 1313 748 latione
1335 719 1457 749 remota.

418 498 590 532 naverunt,
618 492 680 525 iam
708 493 830 524 dudum
857 492 1055 535 dilapidari:
1083 503 1158 533 nos,

419 544 494 575 liuic
521 544 605 575 malo
632 543 812 575 remedium
851 543 980 586 aliquod
1015 543 1157 582 allaturi,

418 601 624 638 praesentem
642 595 911 628 constitutionem
930 602 1072 628 nostram
1089 596 1162 628 ede-

419 659 453 682 re
481 649 697 689 decrevimus,
733 649 905 681 duodecim
933 649 1038 691 capita
1073 658 1161 681 com-

418 704 628 746 plectentem,
652 712 710 745 pro
731 702 921 734 eorumdem
940 702 1162 735 xenodochio-

419 766 491 788 rum
516 756 581 788 sire
611 755 823 798 hospitalium
843 761 874 788 et
895 755 1010 787 Montis
1029 755 1161 788 Pietatis

420 808 528 841 tutiori
556 808 837 841 administratione
864 807 896 840 in
924 813 1090 851 posterum
1109 807 1162 840 ob-

418 862 585 900 servanda,
600 872 640 893 ne
656 862 796 905 amplius
813 872 861 901 ea,
876 872 959 905 quae
974 862 1161 905 peregrlnis

419 922 450 949 et
476 916 678 959 pauperibus
700 915 821 948 Cliristi
841 921 988 948 veterum
1007 915 1162 948 Caesena-

420 970 560 1004 tensium
593 969 697 1012 pietas
733 969 837 1001 danda
872 979 942 1001 esse
976 969 1101 1010 voluit,
1130 970 1160 1002 in

419 1024 500 1056 alios
519 1034 595 1055 usus
620 1029 732 1055 contra
752 1033 864 1055 eorum
892 1029 1032 1055 mentem
1060 1023 1161 1056 mani-

420 1077 498 1109 festa
515 1077 570 1109 Dei
587 1075 768 1109 ofsensione
785 1075 1034 1109 transferantur.
1051 1076 1161 1119 Capita

418 1141 504 1169 vero,
524 1141 605 1173 quae
628 1129 777 1168 diximus,
799 1130 876 1162 huic
894 1136 1023 1163 nostrae
1042 1130 1162 1162 consti-

419 1183 534 1217 tutioni
558 1183 677 1215 inseri¹
696 1185 854 1223 volumus,
874 1188 907 1215 ut
927 1183 1097 1227 perpetuis
1116 1184 1162 1215 su-

419 1237 499 1269 turis
528 1236 734 1280 temporibus
761 1236 844 1279 legi,
870 1246 978 1280 neque
1005 1236 1044 1267 ab
1120 1247 1137 1269 ο

1386 794 1440 823 Pro
1462 794 1593 833 hospitali
1613 793 1642 824 S.
1668 795 1774 825 Tobiae.

1245 868 1284 890 iv.
1309 860 1348 890 Ex
1372 860 1525 890 duodecim
1557 860 1717 900 prioribus,
1752 861 1787 891 ad
1815 862 1945 900 regimen
1992 871 2024 894 ne
2038 877 2139 901 numero,

1206 909 1359 949 hospitalis
1374 909 1461 939 aliis²
1482 909 1511 940 S.
1528 909 1635 940 Tobiae
1658 910 1821 950 deputatis,
1844 899 2031 951 perpe-gfff?
2055 904 2140 952 ζξοξζξ,

1207 960 1265 989 tuis
1289 960 1396 990 suturis
1418 959 1599 999 temporibus
1627 969 1677 989 sex
1706 960 1764 990 sint
1786 969 1819 990 ex
1842 960 1945 991 ordine
1956 954 2140 1003 ssfjgj¹³¹¹⁵s·T⁰·

1207 1008 1407 1038 ecclesiastico
1431 1009 1587 1045 saeculari,
1604 1008 1744 1038 nimirum
1761 1008 1818 1039 duo
1840 1018 1877 1039 ex
1899 1018 1947 1039 ca-

1207 1056 1321 1086 nonicis
1344 1057 1485 1087 ecclesiae
1508 1057 1695 1092 catliedraliS,
1725 1057 1781 1087 duo
1804 1066 1840 1087 ex
1863 1067 1948 1097 paro·-

1206 1105 1280 1143 ehis,
1305 1106 1362 1136 duo
1385 1115 1419 1136 ex
1453 1106 1637 1146 simplicibus
1664 1106 1868 1146 preshyteris3
1894 1107 1946 1137 hos

1207 1164 1256 1184 sex
1292 1155 1370 1184 solus
1403 1155 1558 1194 episcopus
1590 1155 1695 1194 eligat,
1735 1165 1851 1196 semper
1883 1156 1946 1186 eius

1206 1208 1280 1233 nutu
1302 1204 1369 1233 inde
1391 1204 1582 1234 amovendos:
1600 1204 1692 1234 ceteri
1707 1213 1759 1234 sex
1776 1205 1836 1236 sint
1852 1214 1886 1235 ex
1902 1214 1947 1236 or-

1206 1252 1274 1282 dine
1293 1252 1448 1290 laicorum,
1466 1262 1499 1282 eo
1516 1252 1600 1282 modo
1616 1253 1761 1291 eligendi,
1776 1263 1863 1293 quem
1880 1263 1947 1284 con-

1206 1301 1372 1331 stitutiones
1394 1301 1527 1331 eiusdem
1549 1301 1703 1341 hospitalis
1730 1303 1944 1342 praescribunt.

1246 1358 1272 1379 v.
1297 1349 1333 1380 Ut
1356 1350 1410 1380 hae
1432 1354 1550 1380 nostrae
1573 1351 1742 1381 sanctiones
1774 1351 1894 1391 plenum
1917 1357 1946 1384 et
1975 1368 2142 1390 Exeenuocom·

1205 1399 1383 1430 citissimum
1411 1400 1546 1430 effectum
1576 1399 1750 1438 obtineant,
1784 1401 1946 1433 venerabili
1957 1396 2048 1450 psimm-
2060 1396 2142 1423 epi-eo-

1205 1448 1288 1478 fratri
1312 1453 1412 1479 nostro
1435 1449 1537 1479 Ioanni
1559 1449 1709 1489 Baptistae
1731 1450 1871 1490 episcopo
1900 1451 1946 1481 in-

1204 1497 1365 1536 iungimus,
1383 1502 1426 1536 ut,
1443 1498 1542 1528 statim
1561 1507 1594 1527 ac
1617 1498 1789 1537 praesertim
1813 1503 1945 1529 nostram

1204 1547 1444 1578 constitutionem
1462 1547 1621 1586 acceperit,
1640 1556 1674 1576 ex
1688 1547 1836 1587 prioribus
1852 1547 1945 1585 laicis,

1204 1597 1342 1634 regimini
1365 1597 1494 1626 eiusdem
1529 1596 1682 1635 hospitalis
1708 1596 1738 1627 S.
1763 1596 1871 1626 Tobiae
1897 1596 1947 1626 de-

1204 1646 1325 1684 putam,
1349 1655 1399 1675 sex
1421 1646 1498 1676 solos
1521 1646 1703 1684 antiquiores
1727 1645 1758 1675 in
1776 1654 1829 1675 suo
1851 1645 1947 1676 officio

1204 1695 1372 1734 relinquam
1404 1695 1455 1724 sed
1483 1704 1536 1734 pro
1557 1704 1607 1724 sex
1630 1694 1751 1734 reliquis
1775 1695 1948 1725 recentiori-

1205 1743 1259 1773 bus
1281 1744 1381 1774 itidem
1405 1744 1499 1781 laicis,
1524 1744 1585 1783 ipse
1609 1743 1698 1782 eligat
1730 1752 1782 1773 sex
1808 1744 1882 1774 alios
1911 1753 1948 1774 ex

1204 1793 1306 1823 ordine
1322 1793 1540 1829 ecclesiastico,
1560 1797 1591 1822 ut
1606 1792 1741 1832 superius
1758 1793 1870 1823 dietum
1886 1798 1944 1823 est.

1246 1851 1282 1872 vi.
1317 1842 1357 1872 Ne
1392 1842 1524 1872 redditus
1558 1841 1723 1881 hospitalis,
1757 1842 1808 1881 qui
1840 1842 1948 1873 Christi
2003 1853 2144 1882 Dilapidatio.

1206 1890 1385 1930 pauperibus
1408 1894 1435 1920 et
1460 1890 1624 1930 peregrinis
1647 1890 1851 1930 alendis-sunt
1873 1891 1949 1922 adsi·
1958 1884 2142 1930 22{.2„⁵2¹,¹,¹,I¹}'¹¹²⁰¹¹¹

1205 1940 1307 1978 gnati,
1331 1940 1470 1979 deinceps
1500 1939 1530 1969 in
1559 1939 1807 1977 comessationes,
1831 1949 1949 1980 compo-

1207 1989 1332 2018 tationes
1363 1992 1392 2018 et
1425 1988 1559 2018 convivia
1593 1989 1819 2028 impendantur,
1853 1989 1948 2028 primo

1207 2038 1353 2075 volumus,
1378 2041 1465 2077 atque
1488 2038 1592 2067 harum
1623 2042 1723 2068 tenore
1752 2037 1888 2068 iubemus
1920 2041 1950 2068 et

420 1291 458 1323 ad
482 1301 579 1333 quem
598 1290 767 1333 pertinere
790 1289 995 1330 videbuntur,
1016 1289 1159 1332 ignorari

419 1353 562 1386 unquam
589 1342 729 1386 possint.
751 1343 836 1375 Haec
855 1348 963 1375 autem
991 1348 1081 1375 sunt:

569 1428 623 1457 Pro
645 1428 776 1467 hospitali
797 1427 850 1458 SS.
873 1427 1018 1467 Crneisioez'.

458 1509 477 1529 1.
502 1499 631 1535 Priores,
656 1498 691 1527 ad
708 1498 842 1536 regimen
859 1498 1015 1537 hospitalis
1027 1498 1076 1528 SS.
1090 1498 1160 1532 Cru-

417 1546 499 1575 cifixi
521 1546 663 1584 deputati,
689 1546 837 1584 perpetuis
856 1545 960 1575 suturis
976 1546 1160 1585 temporibus

417 1596 475 1625 sint
498 1596 596 1624 deceni
623 1599 746 1623 tantum.
772 1594 881 1623 Horum
905 1594 1035 1633 quinque
1051 1595 1109 1624 sint
1125 1604 1159 1623 ex

418 1645 520 1673 ordine
543 1643 744 1673 ecclesiastico
768 1643 930 1680 saeculari,
956 1653 1031 1672 unus
1054 1652 1087 1672 ex
1114 1653 1161 1672 ca-

416 1693 531 1723 nonicis
555 1692 695 1721 ecclesiae
718 1691 896 1721 cathedralis
913 1692 1098 1721 decretorum
1112 1693 1161 1721 do-

417 1746 492 1779 ctor,
518 1742 568 1780 qui
592 1741 752 1780 priiniceiii
778 1739 920 1769 vocabulo
952 1744 1068 1777 ulatur,
1103 1743 1159 1770 duo

417 1790 468 1820 alii
491 1790 550 1819 sint
567 1800 599 1819 ex
618 1799 741 1819 numero
762 1789 975 1829 parochorum,
999 1791 1089 1820 ceteri
1103 1790 1160 1820 duo

417 1850 450 1869 ex
468 1848 590 1869 numero
607 1839 786 1878 simplicium
804 1838 1058 1878 p1·esb3'te1·orum;
1077 1840 1161 1879 quin-

417 1899 473 1929 que
497 1889 603 1929 reliqui
626 1889 662 1918 de
680 1897 760 1918 more
784 1889 843 1918 sint
862 1898 897 1917 ex
913 1888 1007 1918 laicis.
1025 1888 1160 1928 Quinque

417 1949 485 1969 rere
508 1940 550 1969 illi
575 1938 768 1968 ecclesiastici
792 1938 827 1967 ab
846 1939 983 1977 episcopo
1000 1939 1158 1977 eligantur,

417 1989 451 2018 ad
475 1994 577 2018 nutum
602 1989 732 2017 ciusdem
756 1988 896 2028 episcopi,
915 1988 1161 2028 quandocumque

417 2042 445 2068 et
468 2037 741 2077 quomodocumque
764 2037 820 2076 ipsi
844 2037 1010 2076 placuerit,
1040 2037 1108 2067 inde
1132 2047 1162 2066 a-

417 2088 576 2123 moventli3
601 2087 651 2116 sed
682 2087 815 2126 quinque
848 2087 955 2125 reliqui
989 2096 1023 2116 ex
1058 2087 1160 2117 ordine
1206 2086 1400 2124 declaramus,
1426 2091 1456 2116 ut
1479 2086 1532 2116 tria
1564 2087 1699 2126 prandia,
1729 2086 1899 2127 sumptibus
1920 2096 1951 2117 e-

417 2137 572 2173 laicorum,
597 2137 631 2165 de
664 2145 754 2171 more,
787 2145 800 2165 a
825 2136 944 2175 publico
973 2140 1001 2165 et
1029 2136 1161 2174 generali
1206 2136 1318 2165 iusdem
1342 2136 1493 2175 hospitalis
1522 2136 1552 2166 S.
1576 2136 1683 2166 Tobiae
1710 2137 1764 2166 sub
1793 2140 1947 2176 praetextu

417 2191 500 2215 caetu
525 2185 763 2215 consiliariorum
786 2185 914 2214 civitatis
937 2184 1094 2222 eligantur.
1183 2193 1185 2224 ς
1207 2184 1350 2214 viatorum
1374 2185 1532 2223 quotannis
1555 2185 1653 2224 parari
1676 2185 1777 2223 solita,
1812 2185 1842 2214 in
1875 2185 1949 2215 sesto

458 2243 487 2263 11.
513 2234 544 2263 In
568 2244 754 2273 [piceumque
774 2243 897 2263 munere
914 2238 942 2263 et
957 2234 1066 2272 ol'licio,
1084 2234 1160 2273 quod
1206 2234 1372 2263 Nativitatis
1394 2234 1504 2263 domini
1528 2234 1620 2263 nostri
1644 2234 1708 2263 lesu
1736 2234 1852 2268 Christi,
1876 2234 1949 2264 seria

419 2283 496 2312 inter
520 2282 632 2320 priores
655 2282 786 2311 eiusdem
811 2282 966 2321 hospitalis
989 2281 1038 2311 SS.
1063 2281 1163 2312 Cruci·
1206 2284 1312 2322 quinta
1333 2283 1363 2312 in
1385 2284 1478 2313 Coena
1498 2283 1624 2319 Domini,
1642 2287 1670 2313 et
1693 2283 1724 2312 in
1746 2283 1819 2312 sesto
1842 2283 1950 2313 Resur-

419 2332 469 2359 lixi
493 2330 631 2359 distribui
655 2331 823 2369 contigerit,
855 2340 1005 2372 nunquam
1029 2330 1091 2360 bini
1112 2336 1162 2361 aut
1207 2331 1347 2361 rectionis
1360 2331 1537 2367 dominicae,
1555 2331 1674 2361 omnino
1690 2331 1877 2369 aboleantur,
1895 2341 1950 2362 nec

420 2379 527 2416 singuli
553 2384 665 2408 tantum
690 2379 757 2408 laici
774 2379 949 2417 habeantur,
966 2379 1017 2409 sed
1036 2389 1111 2409 unus
1127 2390 1161 2410 ex
1206 2381 1334 2419 amplius
1352 2381 1449 2419 parari
1473 2381 1605 2419 possint,
1628 2381 1768 2417 secundo,
1791 2389 1892 2410 omnes
1916 2389 1947 2410 e-

419 2428 628 2457 ecclesiasticis
643 2450 650 2463 ,
674 2428 748 2457 alter
770 2437 804 2457 ex
828 2428 922 2457 laicis.
1207 2429 1393 2467 leeiiiosynae
1418 2429 1518 2466 tritici,
1543 2429 1637 2468 panis,
1655 2429 1847 2467 leguminum,
1865 2438 1949 2458 num-

460 2485 499 2505 ni.
526 2476 604 2505 Inter
628 2477 778 2506 ministros
801 2477 954 2515 hospitalis
984 2476 1032 2507 SS.
1058 2477 1163 2507 Cruci—
1206 2487 1332 2516 morum,
1357 2478 1470 2516 carnis,
1506 2478 1584 2516 vini,
1608 2478 1791 2517 aliarumque
1824 2486 1944 2514 rerum,

420 2525 468 2555 fixi
492 2525 669 2554 rationarius
696 2535 747 2553 seu
780 2525 941 2555 calculator
972 2529 1000 2555 et
1033 2526 1161 2556 director
1243 2542 1252 2567 l
1278 2540 1348 2566 Edit.
1367 2540 1447 2566 Mai„-
1465 2540 1529 2574 legit
1549 2540 1699 2568 redditum
1719 2541 1756 2571 (R⁴
1776 2539 1825 2573 T¹),

457 2585 466 2611 1
486 2583 535 2610 Ea.
552 2583 631 2610 llam.
648 2583 731 2610 habet
746 2584 846 2618 inseri,
863 2584 927 2612 sors.
945 2585 1054 2619 inferri
1069 2584 1160 2620 (ullu).
1240 2584 1256 2611 2
1272 2584 1374 2612 Forsan
1391 2585 1477 2620 alias,
1495 2584 1536 2612 vel
1553 2584 1636 2619 alius,
1655 2583 1695 2610 vel
1711 2584 1833 2611 alterius
1848 2583 1947 2618 (uxr.)-
