2170 3147
36 214 85 242 An.
99 215 128 240 C.
152 213 218 240 1725

72 2447 184 2468 Clauuilne
193 2452 228 2473 pe-

47 2473 143 2495 cultas-ss.

820 211 1013 236 BENEDICTUS
1040 211 1097 234 3:111
1121 210 1169 234 PP.

226 261 364 301 refectis,
380 260 433 303 qui
448 260 589 303 aliquam
607 271 643 293 ex
663 259 836 302 praedictis
862 260 963 291 eccle-

226 313 280 345 siis
306 313 356 345 die
382 314 465 345 festo
491 312 577 344 illius
603 311 704 344 sancti
733 311 870 344 titularis
898 311 962 343 sive

226 365 354 408 patroni
381 375 397 397 a
422 364 534 407 primis
558 364 702 406 vesperis
729 374 830 406 usqne
859 363 895 395 ad
914 373 965 395 oc-

226 428 335 450 casum
350 418 427 450 solis
443 417 506 449 diei
520 417 703 449 huiusmodi
719 415 853 458 singulis
872 415 963 447 annis
985 419 987 438 ῐ

227 471 341 503 devote
366 470 575 509 visitaverint,
597 475 627 502 et
654 468 695 501 ibi
722 479 782 512 pro
816 467 963 500 christia·
985 466 987 485 l

228 534 344 556 norum
371 524 555 567 principum
581 523 767 560 concordia,
795 522 964 554 haeresum

228 575 454 619 extirpatione,
480 587 516 609 ac
541 576 572 609 S.
598 575 707 608 Matris
732 574 894 607 Ecclesiae
916 583 965 605 ex·-

228 629 381 662 altatione
397 629 466 672 pias
484 629 523 662 ad
539 629 638 661 Deum
652 638 765 671 preces
781 626 963 665 effuderint,

228 682 422 726 plenariam,
456 682 615 725 dictisque
638 681 765 714 clericis
794 679 966 713 saeculari-

228 736 288 769 bus
310 745 396 768 nunc
422 740 453 768 et
481 746 540 779 pro
566 740 713 778 tempore
733 733 963 772 existentibus,

229 788 382 821 similiter
396 788 637 832 poenitentibus
653 793 684 821 et
698 785 849 820 confessis
869 796 903 818 ac
918 796 966 818 sa-

230 843 281 874 cra
300 841 527 873 communione
555 841 692 881 refectis,
720 840 774 883 qui
802 840 832 871 in
859 839 967 881 aliqua

232 905 268 927 ex
284 894 376 927 dictis
401 894 547 927 ecelesiis
573 894 623 927 die
649 904 687 927 xv
712 892 823 936 aprilis
841 891 968 924 cuiusli-

230 949 285 981 bet
303 948 389 988 anni,
409 959 470 992 qua
490 948 540 981 die
558 954 628 981 vota
647 959 701 980 sua
719 957 873 979 renovare
893 956 968 978 con-

231 1007 430 1041 sueverunt,
454 1007 489 1033 ut.
514 1001 695 1044 praefertur
719 1000 890 1040 oraverint,
917 1009 969 1041 pa-

231 1054 312 1087 riter
336 1054 532 1097 plenariam:
551 1054 685 1096 insuper
703 1052 822 1086 eisdem
841 1051 968 1085 clericis

231 1107 459 1146 saecularibus,
480 1106 532 1149 qui
556 1105 707 1139 exercitia
734 1104 916 1148 spiritualia
937 1108 969 1136 et

231 1170 340 1193 sacras
379 1160 551 1192 missiones
588 1169 646 1202 per
681 1158 806 1201 aliquot
843 1158 968 1190 dierum

232 1213 371 1256 spatium
397 1213 603 1256 peregerint,
632 1222 755 1245 necnon
777 1210 971 1244 christifide-

232 1268 318 1301 libus
350 1267 404 1310 qui
439 1267 533 1299 dictis
560 1265 722 1299 exercitiis
748 1264 971 1308 spiritualibus

233 1321 428 1360 vacaverint,
454 1326 485 1353 et
509 1320 548 1353 ad
575 1330 656 1363 quos
678 1319 752 1352 dicti
772 1319 880 1352 clerici
897 1319 971 1351 mis-

233 1375 365 1408 sionarii
403 1374 598 1407 accesserint
620 1400 626 1414 ‚
665 1378 693 1405 et
732 1373 859 1406 interea
896 1383 971 1405 vere

234 1439 363 1472 quoque
389 1427 598 1471 poenitentes
625 1431 657 1459 et
681 1426 820 1459 confessi
839 1425 973 1458 sanctis·

234 1483 349 1515 simum
374 1480 595 1514 Eucharistiae
620 1484 858 1512 sacramentum
888 1489 972 1511 sum—

234 1535 376 1578 pserint,
394 1540 425 1568 et
442 1534 523 1566 sicut
549 1533 767 1577 praemittitur
792 1533 971 1573 oraverint,

233 1588 386 1622 similiter
410 1587 601 1631 plenariam,
626 1589 688 1619 una
716 1587 783 1620 vice
810 1587 973 1619 dumtaxat

233 1642 368 1675 durante
395 1648 540 1684 tempore
566 1640 791 1674 exercitiorum
815 1645 845 1673 et
862 1640 974 1672 unius-

233 1696 388 1739 cuiusque
415 1694 579 1728 missionis
604 1694 806 1733 huiusmodi,
827 1694 972 1727 omnium

232 1754 441 1792 peccatorum
469 1758 602 1781 snorum
620 1747 857 1791 indulgentiam
877 1753 907 1780 et
926 1757 974 1780 re-

234 1801 419 1835 missionem
460 1801 717 1834 misericorditer
765 1801 796 1834 in
836 1800 973 1834 Domino

235 1855 458 1888 concedimus.
486 1853 630 1897 Ipsisque
670 1853 797 1888 clericis
831 1854 862 1886 in
903 1859 972 1885 actu

234 1907 424 1941 missionum
458 1912 532 1940 vota
557 1917 781 1951 quaecumque
816 1905 973 1949 simplicia

235 1960 413 2002 (castitatis,
435 1960 603 2003 ingressus
620 1959 802 2002 religionis,
820 1959 974 1992 visitatio-

235 2013 286 2046 nis
310 2013 485 2057 Sepulchri
514 2013 685 2052 Dominici,
708 2013 865 2045 Liminum
893 2013 974 2055 Apo-

237 2067 417 2105 stolorum,
454 2076 489 2099 ac
526 2065 557 2099 S.
596 2065 701 2098 Iacobi
739 2066 973 2108 Compostellae

237 2119 394 2162 exceptis)
420 2119 653 2157 commutandi,
679 2124 709 2151 et
735 2119 765 2151 in
793 2118 855 2151 fine
870 2118 975 2152 cuins-

236 2172 316 2206 libet
340 2172 502 2205 missionis
528 2171 805 2211 christifidelibus,
832 2172 870 2204 ad
897 2181 975 2214 quos

237 2226 442 2267 accesserint,
461 2231 603 2259 nostram
629 2230 659 2258 et
685 2225 895 2268 apostolicam
921 2226 976 2258 be-

237 2279 454 2312 nedictionem
477 2278 694 2322 impertiendi,
713 2283 903 2321 potestatem
924 2277 977 2310 tri-

237 2332 367 2366 buimus
392 2337 424 2365 et
449 2332 640 2365 facultatem.
659 2331 885 2364 Praesentibus
903 2341 975 2374 per-

238 2386 345 2430 petuis
372 2385 487 2419 futuris
515 2386 717 2429 temporibus
743 2384 900 2418 valituris⁸

282 2440 297 2484 ἓ
321 2440 353 2473 6.
375 2439 606 2478 Decernentes‚
632 2439 760 2471 easdem
787 2443 978 2481 praesentes

240 2493 364 2526 litteras
389 2497 420 2525 et
445 2492 477 2524 in
502 2491 548 2524 eis
573 2496 727 2524 contenta
741 2499 976 2533 quaecumque,

241 2546 336 2579 etiam
362 2556 399 2578 ex
426 2555 463 2578 eo
489 2544 573 2588 quod
607 2543 744 2587 quilibet
770 2543 800 2576 in
827 2544 979 2587 praemis-

242 2599 284 2633 sis
309 2608 365 2632 seu
392 2608 502 2631 eorum
535 2597 645 2641 aliquo
672 2597 719 2629 ius
745 2597 794 2630 vel
820 2596 1002 2636 interesse,

1633 197 1697 230 275

1008 259 1165 291 babentes
1183 268 1239 291 scu
1254 258 1376 291 habere
1391 255 1635 300 quomodolibet
1655 264 1745 298 prae-

1008 311 1199 350 tendentes,
1227 310 1366 342 cuiusvis
1382 314 1491 349 status,
1510 308 1640 351 gradum,
1657 317 1747 350 prae-

1007 363 1213 403 eminentiae,
1241 362 1488 405 superioritatis‚
1517 360 1653 400 ordinis,
1673 369 1746 393 con-

1008 415 1137 447 ditionis
1163 417 1211 448 vel
1238 414 1404 456 dignitatis
1430 415 1591 451 existant,
1622 412 1745 446 etiamsi

1008 467 1225 499 cardinalatus
1252 467 1377 500 bonore
1406 468 1570 508 fulgeant,
1606 471 1658 497 aut
1687 465 1747 496 alia

1009 518 1121 561 quavis
1148 519 1368 551 ecclesiastica
1395 520 1443 552 rel
1469 518 1630 551 mundana
1648 516 1748 559 dIgni·

1010 575 1072 603 tate
1097 571 1264 614 praediti,
1287 581 1342 604 seu
1369 572 1447 604 alias
1475 570 1607 613 speciali
1634 574 1662 602 et
1700 570 1748 602 in-

1010 624 1138 657 dividua
1164 625 1330 657 mentione
1357 630 1387 657 et
1413 624 1622 668 expressione
1659 623 1748 666 digni

1010 678 1089 717 sint,
1114 678 1178 711 illis
1206 689 1268 710 non
1295 678 1542 717 consenserint,
1569 682 1622 709 aut
1647 676 1686 709 ad
1712 686 1749 708 ea

1010 733 1128 771 vocati,
1147 731 1232 765 citati
1260 736 1287 764 et
1315 731 1427 771 auditI,
1446 742 1500 764 scu
1526 741 1655 771 causae,
1675 740 1751 773 pro-

1010 790 1083 828 ptcr
1107 795 1186 828 quas
1212 790 1400 828 praesentes
1428 789 1631 824 emanarunt,
1651 783 1751 816 addu-

1010 843 1091 877 ctae,
1117 838 1297 871 verificatae
1324 843 1352 870 et
1373 838 1575 870 sufficienter
1593 837 1749 873 autnullo

1012 892 1107 924 modo
1126 891 1315 924 iustiticatae
1333 891 1461 929 fuerint,
1477 892 1524 923 rel
1544 901 1578 922 cv
1597 890 1657 922 alia
1675 899 1752 932 qua-

1012 955 1148 987 cumque
1175 944 1379 987 quantumvis
1407 943 1506 983 iusta,
1531 942 1679 981 iuridica,
1699 940 1752 984 pia

1013 1003 1042 1029 et
1068 997 1271 1040 privilegiata
1298 999 1402 1037 causa,
1428 996 1608 1035 occasione,
1630 996 1751 1035 colore,

1013 1050 1156 1093 ingenio,
1169 1055 1335 1093 praetextu
1355 1056 1385 1083 et
1400 1050 1513 1092 capite,
1528 1049 1623 1082 ctiam
1636 1049 1668 1080 in
1682 1058 1752 1080 cor-

1014 1114 1092 1146 pore
1119 1103 1196 1135 iuris
1222 1103 1341 1142 clauso,
1369 1102 1465 1135 etiam
1492 1102 1644 1141 enormis,
1663 1111 1754 1134 enor-

1014 1156 1174 1189 missimae
1215 1161 1246 1189 et
1288 1156 1392 1189 totalis
1434 1154 1588 1189 laesionis
1608 1181 1615 1194 ,
1660 1154 1752 1187 nullo

1015 1221 1155 1253 unquam
1191 1215 1334 1253 tempore
1372 1210 1410 1242 de
1445 1209 1666 1252 subreptionis
1704 1207 1752 1240 vel

1015 1263 1218 1307 obreptionis
1245 1268 1298 1296 ant
1322 1263 1481 1296 nullitatis
1508 1263 1603 1302 vitio,
1629 1262 1678 1294 vel
1708 1261 1755 1293 in-

1017 1317 1170 1351 tentionis
1195 1323 1334 1355 nostrae,
1361 1328 1419 1350 seu
1446 1317 1493 1349 ius
1519 1317 1565 1349 vel
1593 1319 1754 1349 interesse

1017 1371 1206 1404 habentium
1232 1382 1287 1403 seu
1315 1372 1437 1403 habere
1471 1369 1754 1414 praetendentium

1016 1426 1203 1461 consensus,
1230 1425 1359 1468 alioque
1385 1424 1499 1467 quovis
1517 1422 1756 1466 quantumlibet

1016 1489 1151 1521 magno,
1177 1478 1314 1515 formali,
1340 1476 1544 1510 substantiali
1570 1487 1606 1509 ac
1631 1475 1756 1519 incogi-

1017 1537 1081 1565 tato
1108 1537 1139 1565 et.
1172 1531 1442 1574 inexcogitabili,
1482 1527 1756 1572 necessarioque⁴

1017 1591 1047 1619 et
1072 1585 1252 1629 specificam
1284 1584 1530 1628 expressionem
1568 1583 1756 1627 requirente

1017 1639 1145 1672 defectu
1179 1638 1284 1671 notari
1304 1665 1312 1678 ,
1350 1636 1509 1680 infringi,
1545 1637 1756 1680 impugnari,

1017 1692 1206 1731 retractari,
1232 1690 1382 1731 limitari,
1410 1690 1596 1736 modificari,
1624 1690 1655 1722 in
1681 1699 1758 1722 con-

1018 1745 1208 1779 troversiam
1236 1744 1353 1783 vocari,
1379 1748 1432 1776 aut
1450 1744 1488 1776 ad
1506 1742 1659 1776 terminos
1678 1741 1756 1775 iuris

1017 1800 1151 1839 reduci,
1179 1810 1247 1838 seu,
1265 1799 1419 1831 adversus
1445 1797 1515 1831 illas
1542 1803 1574 1830 et
1600 1797 1663 1837 illa,
1682 1805 1759 1839 ape-

1017 1853 1145 1886 ritionis
1172 1852 1248 1891 oris,
1276 1851 1489 1884 restitutionis
1515 1850 1546 1882 in
1573 1850 1754 1892 integrum,

1017 1907 1144 1940 aliudve
1166 1906 1395 1949 quodcumque
1418 1904 1507 1944 iuris,
1528 1903 1600 1936 facti
1622 1904 1670 1937 vel
1690 1913 1759 1946 gra-

1018 1960 1079 1992 tiae
1106 1958 1283 1992 remedium
1309 1957 1476 2001 impetrari
1503 1957 1551 1990 vel
1583 1956 1757 1996 intentari,

1018 2018 1071 2045 aut
1096 2011 1278 2055 impetrato,
1306 2012 1356 2044 vel
1383 2011 1479 2043 etiarn
1502 2015 1600 2049 motu,
1621 2009 1759 2042 scientia

1019 2072 1050 2099 ct
1074 2065 1246 2110 potestatis
1272 2064 1473 2108 plenitudine
1499 2063 1658 2096 similibus
1683 2073 1760 2096 con-

1018 2130 1109 2152 cesso
1134 2120 1183 2152 vel
1210 2124 1358 2151 emanato
1378 2118 1562 2161 quempiam
1588 2117 1619 2150 in
1641 2116 1759 2150 iudicio

1019 2173 1068 2205 vel
1094 2177 1182 2205 extra
1207 2171 1286 2205 illud
1313 2171 1357 2204 uti
1383 2182 1437 2203 seu
1464 2181 1496 2203 se
1523 2170 1630 2203 iuvare
1653 2180 1760 2213 posse,

1019 2236 1126 2269 neque
1153 2225 1237 2268 ipsas
1263 2229 1453 2268 praesentes
1473 2224 1594 2257 litteras
1614 2224 1672 2257 sub
1691 2223 1761 2267 qni-

1019 2277 1129 2310 busvis
1145 2277 1298 2310 similium
1313 2278 1361 2310 vel
1378 2276 1582 2310 dissimilium
1594 2276 1761 2317 unionum,

1021 2330 1286 2363 coniunctionum
1304 2357 1311 2369 ,
1337 2334 1548 2370 statutorum,
1576 2330 1758 2363 ordinatio-

1023 2393 1119 2424 num,
1149 2383 1401 2416 concessionum
1430 2388 1461 2416 et
1487 2383 1687 2416 indultorum
1713 2393 1762 2415 re-

1022 2437 1263 2476 vocationibus,
1288 2436 1571 2477 restrictionibus,
1598 2436 1762 2469 limitatio-

1021 2489 1136 2529 nibus,
1155 2489 1434 2532 derogationibus,
1454 2489 1564 2523 aliisve
1591 2488 1761 2522 contrariis

1022 2542 1302 2586 dispositionibus,
1330 2542 1426 2576 etiam
1451 2553 1509 2586 per
1534 2553 1592 2575 nos
1618 2547 1648 2575 et
1667 2550 1761 2585 quos-

1061 2607 1069 2632 1
1093 2604 1249 2641 Legendum
1278 2606 1528 2640 necessariamque
1546 2606 1586 2641 (n.
1605 2612 1654 2641 r).

1745 206 1794 231 An.
1816 204 1844 231 C.
1870 205 1939 233 1725
