2170 3147
219 247 268 271 An.
284 246 314 271 c.
334 245 401 272 ¹726
446 236 510 270 340

413 305 484 327 rum
503 293 685 337 provincias
703 304 820 337 magno
842 294 1024 327 animarum
1048 295 1154 328 fructu

414 348 573 387 intulisse,
600 359 634 380 ac
661 347 732 390 piae
759 348 993 381 recordationis
1012 355 1158 381 anteces-

415 411 523 433 sorem
550 407 697 433 nostrum
720 400 944 434 Innocentium
971 401 1090 445 Papam
1106 401 1156 434 XII

414 454 605 487 huiusmodi
646 454 837 488 exercitium
877 455 1051 499 largitione
1088 466 1158 489 cae-

414 506 544 539 lestium
572 517 744 539 numerum
770 508 977 551 promovisse
1016 519 1074 552 per
1109 508 1160 541 lit-

416 565 500 593 teras
527 560 725 603 apostolicas
762 560 792 593 in
829 561 931 594 forma
955 561 1065 595 Brevis
1098 562 1158 595 sub

415 615 538 647 annulo
564 614 740 647 Piscatoris
764 615 960 659 incipientes
976 615 1030 649 Ad
1047 626 1083 649 ea
1102 627 1159 659 per

413 678 499 710 quar
524 668 645 701 Itomae
671 669 760 701 datas
783 669 868 712 apud
890 670 921 702 5.
949 668 1079 702 Mariam
1098 670 1159 702 Ma-

414 719 518 753 iorem
536 721 586 753 dic
602 732 681 755 mv.
705 721 890 755 decembris
910 733 994 755 anuo
1013 732 1157 763 MDCXCH,

414 774 621 816 pontificatus
648 785 688 813 11,
715 775 786 814 ubi,
812 775 898 808 iuter
915 776 986 814 alia,
1006 777 1158 809 omnibus

415 831 447 859 et
468 827 604 867 singulis
627 827 781 860 fratribus
803 834 834 861 et
851 829 1045 861 monialibus
1063 835 1159 871 atque

416 879 488 912 aliis
513 880 684 923 unius-«pie
711 891 806 914 setius
832 881 985 924 personis
1003 881 1160 915 Ordinum

415 939 447 965 et
472 934 784 975 Coiigiegatioiium,
810 935 1018 968 obedieutiae
1036 946 1091 968 seu
1111 936 1159 968 di-

416 986 551 1019 rectioni
580 987 720 1019 ministri
748 988 913 1030 generalis
939 988 1074 1021 fratrum
1107 988 1159 1021 Mi-

415 1050 531 1072 norum
559 1040 597 1072 de
625 1040 839 1073 observantia
872 1041 1047 1081 subiectis,
1075 1041 1161 1074 chri-

416 1093 610 1126 stifidelibus
636 1094 854 1127 confratribus
877 1100 909 1127 et
926 1095 1159 1128 consororibus

416 1157 693 1190 quarumcumque
720 1148 1025 1181 confraternitatum
1055 1154 1086 1181 ct
1111 1159 1161 1181 so-

416 1200 568 1232 cietatum
585 1227 592 1240 ‚
618 1200 683 1233 sive
717 1200 777 1232 sub
813 1201 906 1234 titulo
931 1201 1160 1244 Conceptionis

415 1253 451 1285 B.
472 1253 587 1286 Mariae
610 1254 749 1296 Virginis
768 1254 996 1288 immaculatae
1015 1255 1079 1288 sive
1100 1255 1160 1288 sub

416 1306 478 1339 alia
504 1307 649 1349 qualibet
674 1307 891 1347 invocatione,
911 1308 943 1340 in
970 1308 1159 1341 eorumdem

417 1359 547 1391 fratrum
576 1365 606 1392 et
632 1360 812 1393 mouialum
839 1361 985 1394 ecelesiis
1003 1361 1159 1394 canonice

417 1419 601 1446 erectarum
639 1413 704 1446 sive
742 1413 993 1456 erigendarum,
1020 1414 1159 1447 orationi

415 1467 563 1506 mentali,
591 1478 673 1509 quae
700 1467 817 1500 dicitur
842 1467 918 1501 Yiae
936 1467 1044 1501 Crucis
1070 1479 1161 1502 exer-

416 1519 555 1559 citium,
584 1530 648 1562 quo
685 1520 812 1553 ratione
852 1531 928 1554 suae
966 1522 1097 1564 regulae
1129 1527 1161 1555 et

416 1573 689 1606 constitutionum
715 1574 861 1617 quotidie
892 1581 1057 1615 tenentur,
1085 1586 1161 1619 ope-

415 1637 483 1659 ram
503 1627 664 1667 dantibus,
683 1638 742 1670 pro
765 1628 912 1671 qualibet
931 1628 1012 1668 vice,
1033 1629 1160 1662 dierum

417 1686 558 1720 centuni,
588 1691 646 1723 per
671 1681 751 1714 duos
771 1682 968 1725 quadrantes
990 1693 1067 1715 vero
1086 1693 1160 1716 eon-

416 1734 584 1774 timmtos,
611 1735 662 1767 vel
699 1735 814 1768 saltem
851 1746 910 1779 per
947 1737 1158 1779 quadrantem

416 1787 519 1821 horae
545 1787 681 1830 singulis
719 1789 858 1830 diebus,
895 1800 1021 1833 perque
1059 1795 1159 1822 totum

416 1852 560 1875 mensem
579 1842 718 1875 orationi
737 1848 768 1875 et
789 1843 946 1876 exercitio
974 1844 1159 1877 huiusmodi

416 1896 624 1935 vacantibus,
650 1896 827 1929 dummodo
854 1907 927 1930 vere
952 1898 1161 1940 poenitentes

418 1954 449 1981 et
474 1955 607 1991 peecata
644 1960 703 1981 sua
739 1949 883 1982 confessi
919 1951 1159 1983 sanctissimum

416 2002 640 2036 Eucharistiae
667 2009 909 2037 sacramentum
935 1995 1159 2048 sumpsissent,

417 2067 544 2099 proque
581 2057 832 2090 christianorum
866 2058 1051 2101 principum
1087 2069 1160 2091 eon-

418 2110 540 2148 cordia,
555 2110 724 2142 haeresum
737 2111 966 2154 exstirpatione,
983 2122 1018 2144 ac
1032 2117 1160 2144 sanctae

418 2163 531 2195 matris
545 2163 707 2196 Ecclesiae
718 2165 912 2197 exaltatione
926 2164 997 2208 pias
1012 2165 1049 2197 ad
1062 2165 1159 2197 Deum

419 2227 533 2259 preces
560 2218 728 2257 fudissent,
756 2218 855 2250 semel
882 2218 1030 2261 quolibet
1050 2229 1160 2252 mense

420 2271 599 2313 plenariam
626 2277 835 2313 peccatorum
867 2271 1105 2313 indulgentiam
1131 2279 1162 2305 et

419 2323 658 2364 remissionem,
675 2335 768 2367 quam
789 2335 848 2368 per
865 2325 998 2358 modum
1017 2325 1160 2368 suffragii

420 2377 588 2409 animabus
616 2378 877 2411 eiu-istitidetium
904 2378 969 2411 Deo
995 2378 1028 2411 in
1056 2379 1162 2411 chari-

420 2435 484 2462 tate
504 2429 702 2463 coniunctis¹
722 2442 757 2463 ex
779 2432 839 2464 hac
857 2431 920 2464 vita
946 2432 1162 2474 migrantibus

420 2484 585 2526 applicare
608 2491 749 2526 possent,
772 2486 951 2528 apostolica
969 2487 1161 2519 auctoritate

420 2538 588 2580 perpetuis
616 2538 729 2570 futuris
758 2539 958 2581 temporibus
980 2540 1160 2573 misericor-

421 2591 505 2623 diter
530 2591 704 2623 concessit..

454 2653 468 2679 1
490 2653 562 2680 Edit.
584 2653 664 2680 titain.
686 2653 751 2688 legit
769 2654 919 2683 coniuncti
937 2656 976 2690 (n.
998 2656 1047 2691 Τ.).

993 246 1175 270 BULLARIUM
1201 246 1358 271 ROMANUM

1244 295 1314 338 §2
1350 295 1557 329 Postmodum
1595 295 1699 329 dictus
1734 295 1942 329 Innocentius

1201 354 1390 381 antecessor
1415 360 1472 392 per
1493 349 1571 382 alias
1589 349 1783 392 apostolicas
1805 349 1941 389 litteras,

1202 401 1397 445 incipientes
1441 401 1509 435 Sua
1544 403 1660 443 nobis,
1708 402 1768 435 sub
1809 401 1943 445 plumbo

1201 456 1321 489 Romae
1357 457 1447 489 datas
1487 457 1572 499 apud
1609 456 1641 489 S.
1677 455 1805 489 Mariam
1839 455 1940 488 Maio-

1202 520 1269 542 rem
1294 520 1337 543 vu
1364 509 1516 542 kalendas
1551 510 1713 542 ianuarias
1730 536 1738 550 ,
1766 519 1851 542 anuo
1887 508 1942 541 do-

1201 562 1339 595 minicae
1364 562 1601 596 iucarnationis
1626 571 1776 602 iuncxcv,
1811 561 1941 605 pontifi-

1203 624 1291 648 catus
1305 627 1331 655 v,
1348 616 1432 649 inter
1447 616 1508 648 alia
1526 616 1692 649 decretum
1709 615 1944 648 venerabilium

1203 670 1335 703 fratrum
1371 680 1503 702 suorum
1528 670 1559 702 S.
1587 669 1624 702 R.
1656 669 1691 702 E.
1728 668 1943 702 cardinalium

1203 724 1336 757 Concilii
1362 724 1541 757 Tridentini
1568 723 1780 766 interpretum
1808 723 1869 756 diei
1900 731 1946 756 ΧΠ

1203 776 1389 810 novembris
1421 776 1497 809 anni
1534 786 1663 810 mncxcv
1687 787 1747 820 per
1771 786 1805 809 se
1831 775 1882 809 die
1907 786 1945 809 xv

1204 830 1349 862 eiusdem
1388 829 1511 862 mensis
1550 829 1764 872 approbatum
1801 829 1947 862 declara-

1204 889 1299 923 verat,
1319 884 1371 926 pia
1397 884 1470 916 loca
1486 883 1561 916 'Viae
1586 882 1695 916 Crucis
1721 893 1776 916 seu
1798 881 1946 922 Calvarii,

1204 937 1242 970 ad
1269 937 1480 970 recolendam
1513 942 1543 970 et
1578 936 1799 970 meditandam
1826 935 1945 970 Christi

1205 990 1392 1023 Passionem
1421 1001 1438 1022 a
1463 989 1638 1032 praedictis
1657 990 1813 1023 fratribus
1835 996 1866 1022 et
1883 1000 1948 1022 mo—

1204 1043 1344 1075 nialibus
1380 1043 1490 1087 aliisve
1516 1043 1668 1086 personis
1692 1043 1732 1076 ad
1757 1042 1859 1076 instar
1889 1049 1948 1076 sta-

1205 1097 1330 1129 tionum
1361 1096 1507 1130 0Calvarii
1547 1097 1662 1129 Montis
1703 1102 1810 1130 erecta
1849 1101 1946 1140 atque

1205 1150 1359 1190 instituta,
1386 1150 1417 1182 in
1444 1150 1691 1193 privilegiorum
1718 1156 1815 1193 atque
1842 1150 1947 1183 indul-

1205 1203 1387 1245 gentiarum
1420 1204 1641 1246 plenariarum
1677 1204 1823 1237 nondum
1854 1214 1948 1237 revo-

1205 1262 1346 1288 catarum
1384 1256 1529 1298 generali
1566 1258 1676 1289 mutua
1713 1262 1744 1290 et
1777 1256 1947 1300 reciproca

1205 1308 1500 1342 conmmnicatione
1519 1319 1577 1352 per
1595 1309 1813 1352 Apostolicain
1830 1309 1947 1343 Sedem

1205 1364 1359 1395 concessa
1385 1367 1415 1395 et
1441 1362 1557 1394 litteris
1583 1363 1655 1405 piae
1688 1363 1864 1396 memoriae
1890 1374 1948 1397 an-

1207 1416 1381 1449 tecessoris
1419 1415 1521 1448 nostri
1546 1415 1729 1449 iunocentii
1764 1416 1822 1450 PP.
1850 1417 1889 1450 XI
1913 1416 1948 1450 in

1206 1470 1309 1502 forma
1334 1470 1443 1503 Brevis
1469 1470 1529 1503 sub
1556 1470 1609 1503 die
1627 1481 1644 1503 v
1662 1471 1855 1514 septembris
1871 1470 1947 1504 anni

1205 1523 1442 1556 incarnationis
1469 1523 1652 1557 dominicae
1667 1534 1847 1558 MDCLxxxw
1865 1527 1950 1558 comi

1206 1577 1386 1619 prehendi,
1412 1576 1552 1620 ideoque
1589 1576 1650 1609 frui
1677 1582 1710 1610 et
1734 1577 1877 1620 gaudere
1903 1577 1949 1610 in-

1206 1630 1382 1672 dulgentiis
1409 1630 1441 1662 in
1467 1630 1583 1663 iisdem
1618 1630 1735 1663 litteris
1764 1630 1947 1664 Innocentii

1205 1683 1263 1716 ΡΡ.
1285 1683 1323 1716 XI
1349 1683 1527 1726 expressis:
1555 1694 1637 1726 quae
1659 1683 1776 1722 omnia,
1794 1684 1853 1717 sub
1874 1694 1949 1717 sen-

1206 1737 1324 1777 tentiis,
1349 1737 1497 1770 censuris
1530 1742 1561 1770 et
1592 1737 1705 1780 poenis
1730 1738 1763 1770 in
1788 1737 1949 1771 contradi-

1205 1796 1310 1824 ctores
1345 1791 1553 1834 infligendis,
1581 1791 1764 1824 executioni
1795 1791 1878 1825 tradi
1916 1796 1948 1825 et

1205 1844 1363 1887 publicari
1391 1845 1568 1885 mandavit,
1594 1851 1626 1878 ut
1653 1845 1683 1878 in
1710 1844 1881 1889 utrisque¹
1899 1845 1949 1879 lit-

1207 1899 1282 1930 teris
1307 1897 1453 1931 eiusdcm
1471 1897 1650 1931 Innocentii
1668 1898 1727 1931 Pe.
1743 1898 1796 1931 XII
1814 1898 1948 1942 plenius

1205 1952 1403 1984 continetur.

1249 2008 1263 2049 {i
1288 2005 1318 2038 3.
1345 2005 1422 2038 Cum
1450 2011 1567 2046 autem,
1595 2006 1675 2039 sieut
1693 2007 1806 2039 eadem
1831 2006 1947 2050 petitio

1206 2059 1311 2092 fratris
1335 2059 1466 2102 Iosephi
1508 2060 1548 2092 ab
1588 2059 1692 2092 Ebora
1719 2059 1948 2103 subiungebat,

1206 2112 1409 2155 praedictum
1449 2112 1636 2146 exercitium
1677 2113 1752 2146 Viae
1777 2112 1890 2146 Crucis
1915 2112 1948 2146 in

1205 2167 1354 2199 omnibus
1381 2167 1482 2199 ferme
1501 2167 1647 2200 eeclesiis
1666 2166 1795 2200 Ordinis
1813 2167 1948 2200 fratrum

1205 2220 1363 2253 Minorum
1399 2220 1438 2253 de
1474 2220 1685 2253 observanti-:1
1719 2221 1832 2254 diebus
1858 2221 1947 2255 festis

1207 2280 1267 2306 tam
1292 2274 1346 2317 pio
1372 2274 1464 2316 operi
1498 2274 1676 2316 adsignatis
1712 2274 1866 2317 religiose
1891 2285 1949 2318 pe—

1206 2332 1346 2368 ragatur,
1388 2327 1637 2370 quamplurimis
1676 2326 1946 2360 christifidelibus

1207 2380 1357 2413 ministro
1384 2380 1528 2422 generali
1556 2391 1760 2424 nequaquam
1793 2380 1947 2414 subiectis

1206 2439 1296 2466 extra
1320 2433 1474 2466 Ordinem
1513 2444 1644 2477 quoque
1680 2433 1758 2466 iiiuc
1790 2433 1948 2466 acceden-

1208 2487 1300 2525 tibus,
1324 2487 1444 2519 idcirco
1470 2486 1570 2519 iidem
1593 2487 1719 2526 fratres,
1740 2491 1775 2519 ut
1795 2491 1856 2519 tam
1876 2496 1948 2519 san-

1205 2546 1291 2571 ctum
1317 2540 1502 2572 exercitium
1541 2550 1601 2583 pro
1635 2539 1814 2572 animarum
1842 2540 1946 2572 salute

1205 2593 1340 2626 ulterius
1367 2598 1576 2636 propagetur,
1594 2592 1813 2635 indulgentias
1835 2598 1867 2625 et
1883 2592 1948 2636 pri-

1242 2658 1253 2682 1
1266 2655 1332 2683 iilale
1344 2656 1387 2682 ed.
1400 2655 1434 2683 tt.
1446 2655 1473 2682 b.
1487 2657 1636 2690 utriusque
1645 2663 1694 2690 pro
1707 2655 1839 2690 utrisque
1848 2654 1945 2691 (nun).

1954 248 2008 274 An.
2025 247 2054 275 C.
2069 248 2138 278 ¹726

2016 309 2046 330 Ab
2063 309 2136 332 eodem

1956 335 2012 356 aliae
2029 336 2138 362 induigen-

1956 363 1997 382 tiae
2023 363 2138 385 eommuni-

1956 391 2019 409 σευ-ιε
2035 388 2100 411 suere.

1974 2012 2050 2032 Preces
2064 2010 2141 2038 priori!

1959 2037 2065 2062 generatis
2103 2042 2142 2064 pro

1959 2064 2137 2091 indulgentiarum

1973 2091 2133 2112 contii-matium

1959 2123 2076 2145 earumque
2099 2122 2143 2140 am·

1959 2145 2070 2172 phanone,
