2170 3147
0 241 34 260 m.
55 232 83 258 C.
104 232 172 259 ¹7:216

7 1505 71 1527 Fides
85 1505 168 1527 haben-

1 1537 13 1553 a
21 1534 166 1560 transumptus.

762 229 955 253 BENEDICTUS
981 229 998 252 Χ
1005 229 1037 252 ΙΙΙ
1062 229 1109 252 PP.

174 289 292 323 corpus
317 278 506 322 requiescit,
531 282 562 311 et
587 278 618 310 in
645 278 799 310 universo
824 276 916 310 Ordi-

174 342 215 364 ne
240 331 271 364 S.
291 331 451 364 Francisci
478 336 540 363 tam
565 330 699 362 fratrum
726 340 821 372 quam
848 339 915 361 mo—

174 383 331 423 nialium,
360 388 413 424 et,
445 389 600 426 quantum
631 382 671 415 ad
700 382 816 414 missas
841 383 913 413 atti-

174 442 248 477 net,
275 436 372 469 etiam
408 446 425 468 a
460 436 684 469 sacerdotibus
718 433 915 467 confluenti-

176 490 249 522 bus.
275 489 463 528 Praeterea,
491 489 594 532 primo
620 488 786 521 dumtaxat
811 497 913 526 anno,

176 553 193 575 a
218 541 300 575 datis
325 541 416 574 hisce
440 541 578 582 litteris,
599 545 652 580 et,
672 539 778 583 quoad
796 536 914 578 Indias,

176 605 193 627 a
213 594 265 627 die
286 605 349 637 quo
374 594 507 627 eaedem
528 598 717 637 praesentes
734 592 861 625 litterae
880 591 915 624 il-

176 647 228 680 luc
257 646 487 690 pervenerint,
514 646 724 685 inchoando,
753 645 787 677 in
812 644 915 677 eccle-

176 699 231 732 siis
257 705 383 740 terrae,
409 698 547 732 civitatis
573 703 604 731 et
627 697 755 730 Ordinis
788 697 914 740 praesa>

178 756 283 785 torum
308 752 467 785 solemnia
494 750 741 784 beatificationis
766 749 910 782 eiusdem

176 814 288 837 servae
312 804 368 837 Dei
393 814 464 837 cum
483 804 586 837 officio
603 809 635 836 et
655 803 754 835 missa
771 802 831 835 suh
850 803 912 834 ritu

177 857 296 900 duplici
319 856 450 895 maiori,
475 857 526 890 die
552 856 591 889 ah
609 855 786 888 Ordinariis
806 864 915 897 respe-

176 909 258 942 ctive
276 909 452 942 constituta
472 915 502 942 et
526 909 610 942 intra
627 919 680 941 sex
699 917 826 940 menses
845 917 915 950 pro

176 962 365 1005 mulganda,
392 967 565 1005 postquam
593 967 698 994 tamen
723 960 755 992 in
780 959 917 992 basilica

177 1014 336 1057 Principis
373 1015 607 1058 Apostolorum
640 1013 678 1046 de
711 1012 797 1045 Urbe
833 1012 917 1044 cele-

176 1068 268 1100 brata
292 1067 412 1099 suerint
437 1067 551 1100 eadem
578 1065 752 1106 solemnia,
774 1075 834 1108 pro
853 1075 916 1107 qua

178 1131 215 1153 re
236 1120 321 1154 diem
340 1120 475 1163 primam
494 1119 614 1152 mensis
633 1117 826 1161 septembris
843 1127 916 1160 pro-

178 1173 263 1206 xime
294 1173 421 1206 venturi
446 1172 662 1215 assignamus,
689 1170 810 1214 pariter
834 1172 917 1204 cele-

176 1226 295 1259 brandi
314 1226 449 1259 facimus
477 1230 683 1268 potestatem.
703 1224 773 1257 Non
791 1224 916 1257 obstan-

179 1280 264 1312 tibus
285 1279 574 1312 constitutionibus
600 1284 631 1310 et
655 1278 916 1310 ordinationibus

179 1332 388 1376 apostolicis,
409 1343 444 1365 ac
463 1331 602 1365 decretis
621 1331 660 1364 de
680 1336 711 1363 et
735 1341 834 1374 super
852 1341 917 1364 non

179 1386 265 1418 cultu
300 1385 414 1425 editis,
447 1384 628 1427 ceterisque
663 1384 820 1417 contraris
847 1383 918 1426 qui-

178 1439 394 1482 buscumque.

223 1492 237 1536 ἓ
268 1492 300 1525 4.
333 1491 484 1524 Volumus
519 1496 626 1524 autem
664 1495 699 1522 ut
730 1491 916 1523 earumdem

178 1545 402 1589 praesentium
417 1545 598 1578 litterarum
621 1544 842 1586 transumptis,
861 1553 916 1575 seu

178 1598 345 1641 exemplis,
371 1598 467 1631 etiarn
493 1596 668 1640 impressis,
686 1607 782 1628 manu
808 1606 918 1628 secre-

178 1650 252 1684 tarii
278 1650 442 1693 praefatae
469 1649 739 1692 Congregationis
773 1648 918 1681 cardina·
938 1669 940 1682 l

178 1703 257 1737 lium
290 1703 486 1746 subscriptis
508 1730 515 1743 ,
557 1709 588 1735 et
624 1701 730 1745 sigillo
762 1701 940 1745 praefectiX

178 1756 323 1789 eiusdem
348 1755 618 1798 Congregationis
642 1755 785 1794 munitis,
804 1755 917 1787 eadem
938 1770 940 1781 ι

176 1820 315 1854 prorsus
333 1808 413 1842 fides
431 1808 469 1841 ab
488 1808 639 1841 omnibus
665 1813 696 1840 et
720 1808 917 1850 ubicumque

179 1868 243 1896 tam
269 1863 302 1895 in
327 1862 446 1895 iudicio
472 1872 568 1905 quam
589 1867 679 1894 extra
701 1861 782 1894 illud
800 1861 918 1893 habea-

178 1922 248 1957 tur,
275 1927 356 1960 quae
382 1915 460 1959 ipsis
487 1915 714 1958 praesentibus
741 1915 920 1947 haberetur

177 1970 204 2004 si
229 1970 337 2003 forent
364 1969 530 2002 exhibitae
552 1970 603 2002 vel
628 1974 789 2002 ostensae.

218 2023 336 2056 Datum
354 2022 490 2062 Romae,
511 2021 598 2065 apud
616 2021 648 2054 S.
668 2021 801 2053 Mariam
823 2020 922 2054 Maio-

176 2087 259 2117 rem,
278 2075 341 2109 sub
359 2076 483 2108 annulo
503 2074 694 2114 piscatoris,
721 2074 775 2107 die
796 2084 841 2107 vn
866 2084 921 2107 au-

178 2128 264 2172 gusti
288 2138 465 2168 MDccxxv1‚
494 2126 707 2171 pontificatus
733 2127 841 2160 nostri
869 2137 922 2160 an·

179 2192 221 2215 no
249 2192 298 2215 111.

214 2243 275 2270 Dat.
297 2242 342 2271 die
363 2243 376 2270 7
397 2243 505 2278 augusti
529 2242 609 2277 172⁶,
626 2242 727 2278 pontif.
751 2250 826 2270 anno
843 2248 882 2270 111.

508 2444 596 2480 CXL.

180 2551 385 2592 Decernilur,
413 2555 449 2584 ut
474 2550 622 2594 deinceps
648 2549 734 2583 locus
758 2550 919 2584 consulto-

225 2605 272 2640 ris
295 2615 404 2639 sacrae
420 2605 559 2639 Rituum
577 2604 842 2648 Conyreyationis
858 2605 920 2639 uni

1586 215 1645 249 391

1001 287 1040 310 ex
1062 276 1220 320 fratribus
1243 276 1376 310 Ordinis
1393 275 1561 308 Servorum
1588 274 1697 306 beatae

1002 331 1127 366 Mariae
1156 330 1304 373 Virginis
1328 326 1548 362 concedatur¹.

1699 224 1748 248 An.
1770 223 1797 249 c.
1825 219 1889 249 1726

1134 418 1314 445 Benedictus
1335 418 1415 450 Papa
1436 417 1515 449 XIII,

1088 463 1124 489 ad
1139 465 1316 495 perpetuam
1324 461 1377 507 ‘rei
1393 461 1574 488 memoriam.

1003 542 1096 574 Ratio
1122 541 1263 574 iustitiae
1288 541 1388 583 exigit
1411 545 1446 572 ut
1465 541 1695 583 religiosorum
1735 547 1855 567 Ειιϊιιιιιιιιι

958 595 1100 627 virorum
1137 593 1272 626 Ordines
1308 594 1340 626 in
1376 593 1517 626 Ecclesia
1552 594 1607 626 Dei
1642 594 1695 637 pie

960 652 1135 689 sancteque
1161 645 1311 685 instituti,
1337 646 1392 688 qui
1415 647 1533 679 multos
1559 657 1617 689 pro
1644 657 1691 678 re-

960 699 1082 757 ligione
1100 699 1229 731 labores
1253 699 1408 732 continuo
1426 698 1596 737 sustinent,
1615 709 1693 731 con-

961 751 1050 794 giuis
1076 751 1258 783 honoiibus
1283 756 1314 783 et
1339 751 1450 792 glatiis
1476 751 1678 783 decmemus.

1005 803 1019 846 ξ
1047 803 1076 835 l
1104 803 1181 836 Cum
1204 803 1322 860 itaque,
1344 803 1428 835 sicut
1455 803 1592 835 dilectus
1612 802 1696 834 silius
1735 812 1761 830 ι
1779 816 1813 829 ι
1805 812 1873 856 1ιιιι
1874 818 1892 829 ι-

960 857 1135 889 modernus
1166 855 1257 899 piior
1289 856 1450 898 geneialis
1474 855 1602 888 Ordinis
1636 855 1698 887 sia·
1710 865 1847 884 ιιιιιιι..
1863 839 1893 857 ‘¹¹'

961 916 1044 942 trum
1071 909 1241 943 Se1voiu1n
1278 909 1392 942 beatae
1418 908 1534 940 Maiiae
1561 908 1698 950 Xiiginis

959 962 1054 995 nobis
1080 971 1184 1005 nuper
1201 962 1319 1005 exponi
1340 961 1423 1000 fecit,
1443 961 1522 1004 ipse,
1542 961 1595 1004 qui
1617 971 1699 992 unus

960 1027 997 1049 ex
1023 1014 1269 1048 consultoribus
1303 1014 1571 1056 Congregationis
1604 1024 1700 1046 vene-

959 1069 1108 1102 rabilium
1135 1068 1268 1100 fratrum
1292 1070 1476 1100 nostrorum
1499 1066 1614 1099 S.R.E.
1635 1076 1700 1098 car-

960 1121 1114 1155 dinalium
1142 1119 1241 1153 sacris
1261 1119 1386 1152 Ritibus
1405 1119 1609 1162 praepositae
1636 1118 1701 1151 exi-

961 1174 1025 1214 stit,
1051 1175 1161 1207 locum
1188 1173 1283 1206 fixum
1302 1170 1567 1205 consultoribus²
1588 1171 1700 1204 huius-

960 1228 1045 1261 modi
1079 1228 1183 1260 eidem
1209 1237 1267 1260 suo
1290 1226 1401 1259 Ordini
1429 1225 1587 1268 assignari
1613 1236 1700 1257 sum-

960 1291 1092 1324 mopere
1119 1280 1301 1314 desideret:
1329 1280 1421 1312 nobis
1444 1285 1621 1322 propterea
1642 1278 1702 1310 liu-

960 1334 1081 1367 militer
1106 1333 1283 1377 supplicari
1311 1332 1385 1365 fecit
1408 1338 1443 1364 ut
1464 1332 1496 1364 in
1515 1331 1700 1375 praemissis

960 1393 1143 1430 opportune
1169 1386 1341 1428 providere
1368 1390 1399 1418 et
1424 1390 1459 1417 ut
1484 1384 1568 1416 int'ra
1594 1384 1701 1416 indul-

961 1450 1037 1482 gere
1073 1440 1112 1472 de
1143 1437 1347 1481 benignitate
1382 1438 1561 1481 apostolica
1588 1437 1701 1479 digna-

961 1503 1080 1526 r.emur

1005 1547 1019 1589 ἓ
1044 1546 1073 1578 02.
1099 1545 1162 1578 Nos
1187 1545 1399 1588 ioiuu‚e1ga
1418 1544 1621 1588 piaedictum
1643 1543 1699 1576 Οι-
1712 1551 1742 1598 p
1741 1553 1896 1597 Ιιιιιιιοιῦιιιιιζ

962 1599 1080 1641 dinem,
1101 1609 1196 1642 quem
1215 1598 1247 1630 in
1265 1597 1444 1631 viseeiibus
1464 1596 1604 1639 gerimus
1624 1597 1700 1629 cha·
1711 1606 1777 1625 ειιιιιιι

961 1653 1077 1692 litatis,
1104 1652 1235 1695 aliquod
1261 1656 1419 1694 pateinae
1446 1655 1537 1682 nostr
1541 1661 1577 1683 ae
1602 1650 1701 1682 bene-

961 1705 1123 1738 volentiae
1141 1709 1389 1736 monumentum
1408 1713 1557 1736 exercere
1575 1703 1702 1745 cupien-

962 1764 1022 1799 tes,
1050 1749 1227 1801 ipsumque
1250 1757 1394 1800 priorem
1421 1757 1608 1799 generalem
1633 1767 1705 1800 spo-

962 1811 1096 1845 cialibus
1133 1810 1297 1843 favoribus
1331 1815 1362 1842 et
1395 1810 1507 1852 gratiis
1546 1809 1703 1853 prosequi

962 1866 1121 1905 volentes,
1149 1871 1180 1896 et
1205 1874 1222 1896 a
1248 1863 1415 1906 quibusvis
1442 1863 1704 1896 excommunica-

963 1917 1071 1957 tionis,
1102 1915 1326 1959 suspensionis
1352 1921 1383 1948 et
1408 1915 1586 1955 interdicti,
1608 1915 1700 1948 aliis-

963 1981 1026 2014 que
1053 1969 1281 2003 ecclesiasticis
1306 1969 1486 2009 sententiis,
1509 1969 1653 2002 censuris
1672 1973 1703 2001 et

963 2023 1094 2067 poenis,
1120 2034 1136 2055 a
1161 2023 1232 2055 iure
1258 2022 1305 2055 vel
1340 2021 1378 2054 ab
1416 2022 1565 2061 homine,
1592 2021 1703 2065 quavis

962 2076 1134 2110 occasione
1157 2077 1208 2109 vel
1233 2077 1327 2109 causa
1344 2075 1426 2115 latis,
1446 2075 1471 2108 si
1490 2075 1606 2118 quibus
1624 2086 1704 2118 quo-

963 2129 1143 2162 modolibet
1164 2128 1338 2161 innodatus
1358 2127 1476 2167 existit,
1496 2128 1532 2160 ad
1552 2126 1702 2160 effectum

962 2182 1183 2225 praesentium
1213 2182 1380 2213 dumtaxat
1414 2180 1700 2223 consequendum,

962 2235 1075 2267 harum
1101 2234 1186 2267 serie
1216 2234 1420 2266 absolventes
1454 2239 1486 2266 et
1517 2233 1702 2266 absolutum

963 2287 1031 2319 sore
1050 2292 1230 2327 censentes,
1251 2285 1439 2319 huiusmodi
1458 2285 1703 2329 supplicationi-

998 2392 1010 2417 1
1033 2390 1126 2417 Simile
1146 2390 1318 2426 privilegium
1335 2398 1494 2417 concessum
1515 2390 1564 2417 suit
1583 2390 1634 2418 alia
1653 2391 1702 2418 hu-

962 2435 1004 2462 ius
1025 2435 1122 2461 Pontis.
1153 2435 1259 2461 constit.
1290 2434 1353 2460 edit.
1383 2441 1526 2469 MDCCXXV,
1553 2435 1597 2462 die
1618 2436 1631 2462 7
1653 2444 1702 2462 au-

962 2479 1051 2514 gusti,
1073 2479 1167 2513 pontit'.
1188 2486 1224 2513 11,
1245 2478 1291 2505 uni
1310 2486 1341 2505 ex
1362 2478 1491 2506 fratribus
1511 2479 1702 2507 Conventuali-

962 2525 1012 2551 bus
1033 2524 1059 2550 S.
1081 2524 1227 2551 Francisci.

997 2570 1012 2595 2
1025 2563 1134 2595 'Forsan
1150 2569 1228 2596 inter
1242 2569 1424 2602 consultores,
1443 2569 1482 2596 vel
1506 2569 1592 2597 unius
1607 2577 1620 2595 e
1636 2577 1702 2596 con-

962 2613 1119 2642 suttorz‘bus
1139 2613 1179 2648 (n.
1196 2613 1244 2648 in).
