<?xml version="1.0" encoding="UTF-8"?>
<!DOCTYPE html PUBLIC "-//W3C//DTD XHTML 1.0 Transitional//EN"
    "http://www.w3.org/TR/xhtml1/DTD/xhtml1-transitional.dtd">
<html xmlns="http://www.w3.org/1999/xhtml" xml:lang="en" lang="en">
 <head>
  <title>
</title>
<meta http-equiv="Content-Type" content="text/html;charset=utf-8" />
  <meta name='ocr-system' content='tesseract 3.04.00' />
  <meta name='ocr-capabilities' content='ocr_page ocr_carea ocr_par ocr_line ocrx_word'/>
</head>
<body>
  <div class='ocr_page' id='page_1' title='image "./bullarumdiplomat22cath_0939.png"; bbox 0 0 2139 3142; ppageno 0'>
   <div class='ocr_carea' id='block_1_1' title="bbox 851 272 1683 306">
    <p class='ocr_par' dir='ltr' id='par_1_1' title="bbox 851 272 1683 306">
     <span class='ocr_line' id='line_1_1' title="bbox 851 272 1683 306; baseline -0.002 -1"><span class='ocrx_word' id='word_1_1' title='bbox 851 283 947 306; x_wconf 59' lang='lat' dir='ltr'>tubex</span> <span class='ocrx_word' id='word_1_2' title='bbox 974 283 1077 306; x_wconf 66' lang='lat' dir='ltr'>aarum</span> <span class='ocrx_word' id='word_1_3' title='bbox 1620 272 1683 304; x_wconf 72' lang='lat'>899</span> 
     </span>
    </p>
   </div>
   <div class='ocr_carea' id='block_1_2' title="bbox 281 332 1733 534">
    <p class='ocr_par' dir='ltr' id='par_1_2' title="bbox 281 332 1733 534">
     <span class='ocr_line' id='line_1_2' title="bbox 281 332 1725 377; baseline -0.002 -9"><span class='ocrx_word' id='word_1_4' title='bbox 281 336 338 368; x_wconf 75' lang='lat' dir='ltr'>bas</span> <span class='ocrx_word' id='word_1_5' title='bbox 362 335 519 377; x_wconf 83' lang='lat' dir='ltr'>generalis</span> <span class='ocrx_word' id='word_1_6' title='bbox 550 335 588 367; x_wconf 82' lang='lat' dir='ltr'>ad</span> <span class='ocrx_word' id='word_1_7' title='bbox 620 334 803 368; x_wconf 79' lang='lat' dir='ltr'>sexennium</span> <span class='ocrx_word' id='word_1_8' title='bbox 833 334 1022 377; x_wconf 75' lang='lat' dir='ltr'><strong>eligeretur,</strong></span> <span class='ocrx_word' id='word_1_9' title='bbox 1055 334 1163 367; x_wconf 80' lang='lat' dir='ltr'>statuit</span> <span class='ocrx_word' id='word_1_10' title='bbox 1196 334 1310 367; x_wconf 85' lang='lat' dir='ltr'>Paulus</span> <span class='ocrx_word' id='word_1_11' title='bbox 1334 334 1375 374; x_wconf 89' lang='lat' dir='ltr'>V,</span> <span class='ocrx_word' id='word_1_12' title='bbox 1400 339 1434 366; x_wconf 90' lang='lat' dir='ltr'>ut</span> <span class='ocrx_word' id='word_1_13' title='bbox 1458 334 1574 373; x_wconf 79' lang='lat' dir='ltr'><strong>refert,</strong></span> <span class='ocrx_word' id='word_1_14' title='bbox 1598 332 1662 366; x_wconf 70' lang='lat'>302</span> <span class='ocrx_word' id='word_1_15' title='bbox 1687 342 1725 370; x_wconf 88' lang='lat' dir='ltr'>a;</span> 
     </span>
     <span class='ocr_line' id='line_1_3' title="bbox 283 386 1727 430; baseline -0.002 -10"><span class='ocrx_word' id='word_1_16' title='bbox 283 387 410 420; x_wconf 88' lang='lat' dir='ltr'>easdem</span> <span class='ocrx_word' id='word_1_17' title='bbox 439 387 526 420; x_wconf 86' lang='lat' dir='ltr'>Pauli</span> <span class='ocrx_word' id='word_1_18' title='bbox 551 387 573 419; x_wconf 94' lang='lat' dir='ltr'>V</span> <span class='ocrx_word' id='word_1_19' title='bbox 598 388 716 419; x_wconf 76' lang='lat' dir='ltr'>litteras</span> <span class='ocrx_word' id='word_1_20' title='bbox 748 397 843 430; x_wconf 87' lang='lat' dir='ltr'>super</span> <span class='ocrx_word' id='word_1_21' title='bbox 867 387 1019 419; x_wconf 79' lang='lat' dir='ltr'>electione</span> <span class='ocrx_word' id='word_1_22' title='bbox 1043 386 1166 418; x_wconf 83' lang='lat' dir='ltr'>abbatis</span> <span class='ocrx_word' id='word_1_23' title='bbox 1190 387 1347 428; x_wconf 83' lang='lat' dir='ltr'>generalis</span> <span class='ocrx_word' id='word_1_24' title='bbox 1377 386 1507 430; x_wconf 84' lang='lat' dir='ltr'>praefati</span> <span class='ocrx_word' id='word_1_25' title='bbox 1540 386 1727 423; x_wconf 86' lang='lat' dir='ltr'>confirmat,</span> 
     </span>
     <span class='ocr_line' id='line_1_4' title="bbox 282 437 1733 483; baseline -0.003 -10"><span class='ocrx_word' id='word_1_26' title='bbox 282 439 346 473; x_wconf 72' lang='lat'>362</span> <span class='ocrx_word' id='word_1_27' title='bbox 369 441 403 479; x_wconf 80' lang='lat' dir='ltr'>b;</span> <span class='ocrx_word' id='word_1_28' title='bbox 429 441 556 473; x_wconf 85' lang='lat' dir='ltr'>eosdem</span> <span class='ocrx_word' id='word_1_29' title='bbox 573 440 632 472; x_wconf 86' lang='lat' dir='ltr'>sibi</span> <span class='ocrx_word' id='word_1_30' title='bbox 650 445 856 483; x_wconf 71' lang='lat' dir='ltr'>procurantes</span> <span class='ocrx_word' id='word_1_31' title='bbox 881 439 1170 483; x_wconf 72' lang='lat' dir='ltr'>archiepiscopatus</span> <span class='ocrx_word' id='word_1_32' title='bbox 1189 445 1219 471; x_wconf 85' lang='lat' dir='ltr'>et</span> <span class='ocrx_word' id='word_1_33' title='bbox 1243 440 1444 482; x_wconf 75' lang='lat' dir='ltr'>episcopatus</span> <span class='ocrx_word' id='word_1_34' title='bbox 1468 439 1607 482; x_wconf 88' lang='lat' dir='ltr'>aliasque</span> <span class='ocrx_word' id='word_1_35' title='bbox 1630 437 1733 480; x_wconf 82' lang='lat' dir='ltr'>digni·</span> 
     </span>
     <span class='ocr_line' id='line_1_5' title="bbox 281 490 1409 534; baseline -0.001 -9"><span class='ocrx_word' id='word_1_36' title='bbox 281 499 375 531; x_wconf 82' lang='lat' dir='ltr'>tates,</span> <span class='ocrx_word' id='word_1_37' title='bbox 399 493 553 525; x_wconf 82' lang='lat' dir='ltr'>inhabiles</span> <span class='ocrx_word' id='word_1_38' title='bbox 578 493 616 525; x_wconf 86' lang='lat' dir='ltr'>ad</span> <span class='ocrx_word' id='word_1_39' title='bbox 641 493 744 525; x_wconf 81' lang='lat' dir='ltr'>officia</span> <span class='ocrx_word' id='word_1_40' title='bbox 769 497 799 524; x_wconf 87' lang='lat' dir='ltr'>et</span> <span class='ocrx_word' id='word_1_41' title='bbox 823 492 990 534; x_wconf 73' lang='lat' dir='ltr'>dignitates</span> <span class='ocrx_word' id='word_1_42' title='bbox 1016 491 1169 531; x_wconf 80' lang='lat' dir='ltr'>declarat,</span> <span class='ocrx_word' id='word_1_43' title='bbox 1196 490 1259 524; x_wconf 85' lang='lat'>758</span> <span class='ocrx_word' id='word_1_44' title='bbox 1284 503 1304 524; x_wconf 90' lang='grc' dir='ltr'><em>α</em></span> <span class='ocrx_word' id='word_1_45' title='bbox 1328 497 1359 524; x_wconf 86' lang='lat' dir='ltr'>et</span> <span class='ocrx_word' id='word_1_46' title='bbox 1382 492 1409 524; x_wconf 86' lang='lat' dir='ltr'>b.</span> 
     </span>
    </p>
   </div>
   <div class='ocr_carea' id='block_1_3' title="bbox 193 543 1730 691">
    <p class='ocr_par' dir='ltr' id='par_1_3' title="bbox 193 543 1730 691">
     <span class='ocr_line' id='line_1_6' title="bbox 194 543 1729 586; baseline -0.002 -8"><span class='ocrx_word' id='word_1_47' title='bbox 194 546 336 578; x_wconf 77' lang='lat' dir='ltr'>Monachi</span> <span class='ocrx_word' id='word_1_48' title='bbox 362 545 486 579; x_wconf 77' lang='lat' dir='ltr'>Ordinis</span> <span class='ocrx_word' id='word_1_49' title='bbox 510 545 607 577; x_wconf 89' lang='lat' dir='ltr'>sancti</span> <span class='ocrx_word' id='word_1_50' title='bbox 632 545 801 577; x_wconf 81' lang='lat' dir='ltr'>Benedicti.</span> <span class='ocrx_word' id='word_1_51' title='bbox 826 563 868 569; x_wconf 87' lang='lat'>——</span> <span class='ocrx_word' id='word_1_52' title='bbox 893 544 1117 577; x_wconf 58' lang='lat' dir='ltr'>Monac-tiorum</span> <span class='ocrx_word' id='word_1_53' title='bbox 1143 543 1268 576; x_wconf 88' lang='lat' dir='ltr'>Ordinis</span> <span class='ocrx_word' id='word_1_54' title='bbox 1292 543 1390 577; x_wconf 86' lang='lat' dir='ltr'>sancti</span> <span class='ocrx_word' id='word_1_55' title='bbox 1426 543 1583 576; x_wconf 86' lang='lat' dir='ltr'>Benedicti</span> <span class='ocrx_word' id='word_1_56' title='bbox 1619 543 1650 575; x_wconf 92' lang='lat' dir='ltr'>in</span> <span class='ocrx_word' id='word_1_57' title='bbox 1675 553 1729 586; x_wconf 82' lang='lat' dir='ltr'>ge-</span> 
     </span>
     <span class='ocr_line' id='line_1_7' title="bbox 282 596 934 641; baseline -0.002 -11"><span class='ocrx_word' id='word_1_58' title='bbox 282 608 359 630; x_wconf 88' lang='lat' dir='ltr'>nere</span> <span class='ocrx_word' id='word_1_59' title='bbox 384 598 553 641; x_wconf 83' lang='lat' dir='ltr'>praeconia</span> <span class='ocrx_word' id='word_1_60' title='bbox 577 597 791 640; x_wconf 80' lang='lat' dir='ltr'>prosequitur,</span> <span class='ocrx_word' id='word_1_61' title='bbox 812 596 871 629; x_wconf 74' lang='lat'>⁶231</span> <span class='ocrx_word' id='word_1_62' title='bbox 902 608 934 629; x_wconf 85' lang='lat' dir='ltr'>a.</span> 
     </span>
     <span class='ocr_line' id='line_1_8' title="bbox 193 648 1730 691; baseline -0.003 -8"><span class='ocrx_word' id='word_1_63' title='bbox 193 650 335 683; x_wconf 73' lang='lat' dir='ltr'>Monachi</span> <span class='ocrx_word' id='word_1_64' title='bbox 353 650 478 683; x_wconf 89' lang='lat' dir='ltr'>Ordinis</span> <span class='ocrx_word' id='word_1_65' title='bbox 497 650 595 682; x_wconf 84' lang='lat' dir='ltr'>sancti</span> <span class='ocrx_word' id='word_1_66' title='bbox 620 650 777 682; x_wconf 85' lang='lat' dir='ltr'>Benedicti</span> <span class='ocrx_word' id='word_1_67' title='bbox 804 648 1069 691; x_wconf 74' lang='lat' dir='ltr'>Congregationis</span> <span class='ocrx_word' id='word_1_68' title='bbox 1089 649 1298 690; x_wconf 79' lang='lat' dir='ltr'>Augustanae.</span> <span class='ocrx_word' id='word_1_69' title='bbox 1317 668 1358 672; x_wconf 97' lang='lat'><strong>—</strong></span> <span class='ocrx_word' id='word_1_70' title='bbox 1382 648 1542 681; x_wconf 82' lang='lat' dir='ltr'>Monacbis</span> <span class='ocrx_word' id='word_1_71' title='bbox 1560 648 1730 691; x_wconf 86' lang='lat' dir='ltr'>praedietis</span> 
     </span>
    </p>
   </div>
   <div class='ocr_carea' id='block_1_4' title="bbox 196 699 1733 2106">
    <p class='ocr_par' dir='ltr' id='par_1_4' title="bbox 283 699 1731 797">
     <span class='ocr_line' id='line_1_9' title="bbox 283 699 1731 745; baseline -0.001 -10"><span class='ocrx_word' id='word_1_72' title='bbox 283 703 600 735; x_wconf 75' lang='lat' dir='ltr'>communicationem</span> <span class='ocrx_word' id='word_1_73' title='bbox 627 703 868 745; x_wconf 73' lang='lat' dir='ltr'>privilegiorum</span> <span class='ocrx_word' id='word_1_74' title='bbox 894 699 1153 744; x_wconf 71' lang='lat' dir='ltr'>Congregationis</span> <span class='ocrx_word' id='word_1_75' title='bbox 1178 701 1369 734; x_wconf 82' lang='lat' dir='ltr'>Cassinensis</span> <span class='ocrx_word' id='word_1_76' title='bbox 1393 701 1498 743; x_wconf 85' lang='lat' dir='ltr'>quoad</span> <span class='ocrx_word' id='word_1_77' title='bbox 1526 701 1643 742; x_wconf 81' lang='lat' dir='ltr'>gratias</span> <span class='ocrx_word' id='word_1_78' title='bbox 1667 699 1731 743; x_wconf 82' lang='lat' dir='ltr'>spi-</span> 
     </span>
     <span class='ocr_line' id='line_1_10' title="bbox 284 754 1024 797; baseline -0.003 -10"><span class='ocrx_word' id='word_1_79' title='bbox 284 755 413 787; x_wconf 80' lang='lat' dir='ltr'>rituales</span> <span class='ocrx_word' id='word_1_80' title='bbox 439 759 558 788; x_wconf 86' lang='lat' dir='ltr'>tantnm</span> <span class='ocrx_word' id='word_1_81' title='bbox 586 755 752 793; x_wconf 78' lang='lat' dir='ltr'>concessit,</span> <span class='ocrx_word' id='word_1_82' title='bbox 777 754 842 786; x_wconf 75' lang='lat' dir='ltr'>too</span> <span class='ocrx_word' id='word_1_83' title='bbox 867 754 883 786; x_wconf 85' lang='lat' dir='ltr'>b</span> <span class='ocrx_word' id='word_1_84' title='bbox 909 760 938 786; x_wconf 84' lang='lat' dir='ltr'>et</span> <span class='ocrx_word' id='word_1_85' title='bbox 963 765 1024 797; x_wconf 69' lang='lat' dir='ltr'>seq.</span> 
     </span>
    </p>

    <p class='ocr_par' dir='ltr' id='par_1_5' title="bbox 196 806 1730 955">
     <span class='ocr_line' id='line_1_11' title="bbox 196 806 1728 848; baseline -0.002 -8"><span class='ocrx_word' id='word_1_86' title='bbox 196 806 337 840; x_wconf 74' lang='lat' dir='ltr'>Monachi</span> <span class='ocrx_word' id='word_1_87' title='bbox 364 806 489 840; x_wconf 83' lang='lat' dir='ltr'>Ordinis</span> <span class='ocrx_word' id='word_1_88' title='bbox 512 807 541 839; x_wconf 88' lang='lat' dir='ltr'>S.</span> <span class='ocrx_word' id='word_1_89' title='bbox 563 806 721 839; x_wconf 78' lang='lat' dir='ltr'>Benedicti</span> <span class='ocrx_word' id='word_1_90' title='bbox 747 807 1005 848; x_wconf 69' lang='lat' dir='ltr'>Congregationis</span> <span class='ocrx_word' id='word_1_91' title='bbox 1029 806 1288 839; x_wconf 85' lang='lat' dir='ltr'>Caelestinorum.</span> <span class='ocrx_word' id='word_1_92' title='bbox 1314 825 1356 830; x_wconf 97' lang='lat'><strong>—</strong></span> <span class='ocrx_word' id='word_1_93' title='bbox 1382 806 1625 839; x_wconf 89' lang='lat' dir='ltr'>Instrumentum</span> <span class='ocrx_word' id='word_1_94' title='bbox 1657 815 1728 837; x_wconf 87' lang='lat' dir='ltr'>ces-</span> 
     </span>
     <span class='ocr_line' id='line_1_12' title="bbox 283 857 1730 903; baseline -0.002 -11"><span class='ocrx_word' id='word_1_95' title='bbox 283 860 381 892; x_wconf 84' lang='lat' dir='ltr'>sionis</span> <span class='ocrx_word' id='word_1_96' title='bbox 406 860 480 903; x_wconf 89' lang='lat' dir='ltr'>ipsis</span> <span class='ocrx_word' id='word_1_97' title='bbox 505 860 602 892; x_wconf 83' lang='lat' dir='ltr'>sactae</span> <span class='ocrx_word' id='word_1_98' title='bbox 626 859 768 891; x_wconf 85' lang='lat' dir='ltr'>abbatiae</span> <span class='ocrx_word' id='word_1_99' title='bbox 792 859 822 891; x_wconf 89' lang='lat' dir='ltr'>S.</span> <span class='ocrx_word' id='word_1_100' title='bbox 848 858 1017 891; x_wconf 87' lang='lat' dir='ltr'>Clementis</span> <span class='ocrx_word' id='word_1_101' title='bbox 1044 858 1073 890; x_wconf 95' lang='lat' dir='ltr'>in</span> <span class='ocrx_word' id='word_1_102' title='bbox 1099 858 1237 891; x_wconf 72' lang='lat' dir='ltr'>piscaria</span> <span class='ocrx_word' id='word_1_103' title='bbox 1262 859 1414 898; x_wconf 85' lang='lat' dir='ltr'>refertur,</span> <span class='ocrx_word' id='word_1_104' title='bbox 1441 857 1504 890; x_wconf 81' lang='lat'>679</span> <span class='ocrx_word' id='word_1_105' title='bbox 1529 869 1564 897; x_wconf 82' lang='lat' dir='ltr'>a;</span> <span class='ocrx_word' id='word_1_106' title='bbox 1595 862 1625 890; x_wconf 89' lang='lat' dir='ltr'>et</span> <span class='ocrx_word' id='word_1_107' title='bbox 1650 867 1730 890; x_wconf 83' lang='lat' dir='ltr'>con·</span> 
     </span>
     <span class='ocr_line' id='line_1_13' title="bbox 284 911 712 955; baseline -0.002 -11"><span class='ocrx_word' id='word_1_108' title='bbox 284 912 439 951; x_wconf 80' lang='lat' dir='ltr'>firmatur,</span> <span class='ocrx_word' id='word_1_109' title='bbox 464 911 529 944; x_wconf 73' lang='lat'>694</span> <span class='ocrx_word' id='word_1_110' title='bbox 553 923 573 944; x_wconf 85' lang='lat' dir='ltr'>a</span> <span class='ocrx_word' id='word_1_111' title='bbox 597 917 625 943; x_wconf 92' lang='lat' dir='ltr'>et</span> <span class='ocrx_word' id='word_1_112' title='bbox 650 923 712 955; x_wconf 67' lang='lat' dir='ltr'>seq.</span> 
     </span>
    </p>

    <p class='ocr_par' dir='ltr' id='par_1_6' title="bbox 196 960 1732 1270">
     <span class='ocr_line' id='line_1_14' title="bbox 196 960 1729 1004; baseline -0.003 -7"><span class='ocrx_word' id='word_1_113' title='bbox 196 965 337 997; x_wconf 73' lang='lat' dir='ltr'>Monachi</span> <span class='ocrx_word' id='word_1_114' title='bbox 363 964 487 998; x_wconf 84' lang='lat' dir='ltr'>Ordinis</span> <span class='ocrx_word' id='word_1_115' title='bbox 511 964 608 996; x_wconf 86' lang='lat' dir='ltr'>sancti</span> <span class='ocrx_word' id='word_1_116' title='bbox 633 964 791 996; x_wconf 75' lang='lat' dir='ltr'>Benedicti</span> <span class='ocrx_word' id='word_1_117' title='bbox 817 962 1076 1004; x_wconf 73' lang='lat' dir='ltr'>Congregationis</span> <span class='ocrx_word' id='word_1_118' title='bbox 1100 962 1303 995; x_wconf 83' lang='lat' dir='ltr'>Cassinensis.</span> <span class='ocrx_word' id='word_1_119' title='bbox 1322 981 1364 987; x_wconf 88' lang='lat'>—-</span> <span class='ocrx_word' id='word_1_120' title='bbox 1383 963 1607 995; x_wconf 82' lang='lat' dir='ltr'>Monaehorum</span> <span class='ocrx_word' id='word_1_121' title='bbox 1632 960 1729 995; x_wconf 88' lang='lat' dir='ltr'>Cassi-</span> 
     </span>
     <span class='ocr_line' id='line_1_15' title="bbox 285 1013 1732 1060; baseline -0.001 -11"><span class='ocrx_word' id='word_1_122' title='bbox 285 1018 427 1049; x_wconf 83' lang='lat' dir='ltr'>nensium</span> <span class='ocrx_word' id='word_1_123' title='bbox 453 1017 581 1060; x_wconf 89' lang='lat' dir='ltr'>capituli</span> <span class='ocrx_word' id='word_1_124' title='bbox 606 1017 763 1059; x_wconf 84' lang='lat' dir='ltr'>generalis</span> <span class='ocrx_word' id='word_1_125' title='bbox 789 1013 1016 1048; x_wconf 75' lang='lat' dir='ltr'>declat-:itiories</span> <span class='ocrx_word' id='word_1_126' title='bbox 1041 1021 1070 1047; x_wconf 90' lang='lat' dir='ltr'>et</span> <span class='ocrx_word' id='word_1_127' title='bbox 1099 1016 1276 1048; x_wconf 78' lang='lat' dir='ltr'>sanctiones</span> <span class='ocrx_word' id='word_1_128' title='bbox 1300 1016 1465 1048; x_wconf 88' lang='lat' dir='ltr'>nonnullas</span> <span class='ocrx_word' id='word_1_129' title='bbox 1490 1016 1600 1054; x_wconf 83' lang='lat' dir='ltr'>refert,</span> <span class='ocrx_word' id='word_1_130' title='bbox 1625 1014 1685 1047; x_wconf 77' lang='lat'>471</span> <span class='ocrx_word' id='word_1_131' title='bbox 1714 1014 1732 1046; x_wconf 86' lang='lat' dir='ltr'><em>b</em></span> 
     </span>
     <span class='ocr_line' id='line_1_16' title="bbox 286 1052 1730 1112; baseline -0.001 -12"><span class='ocrx_word' id='word_1_132' title='bbox 286 1075 315 1101; x_wconf 87' lang='lat' dir='ltr'>et</span> <span class='ocrx_word' id='word_1_133' title='bbox 338 1080 412 1112; x_wconf 83' lang='lat' dir='ltr'>seq.;</span> <span class='ocrx_word' id='word_1_134' title='bbox 446 1071 560 1102; x_wconf 84' lang='lat' dir='ltr'>relatas</span> <span class='ocrx_word' id='word_1_135' title='bbox 584 1069 814 1101; x_wconf 79' lang='lat' dir='ltr'>declarationes</span> <span class='ocrx_word' id='word_1_136' title='bbox 842 1072 872 1101; x_wconf 89' lang='lat' dir='ltr'>et</span> <span class='ocrx_word' id='word_1_137' title='bbox 903 1069 1080 1101; x_wconf 82' lang='lat' dir='ltr'>sanctiones</span> <span class='ocrx_word' id='word_1_138' title='bbox 1112 1068 1288 1106; x_wconf 76' lang='lat' dir='ltr'>confirmat,</span> <span class='ocrx_word' id='word_1_139' title='bbox 1312 1067 1377 1100; x_wconf 76' lang='lat'>473</span> <span class='ocrx_word' id='word_1_140' title='bbox 1402 1068 1435 1107; x_wconf 86' lang='lat' dir='ltr'>b;</span> <span class='ocrx_word' id='word_1_141' title='bbox 1462 1068 1561 1101; x_wconf 90' lang='lat' dir='ltr'>dictae</span> <span class='ocrx_word' id='word_1_142' title='bbox 1587 1052 1730 1109; x_wconf 53' lang='lat' dir='ltr'>Congr‘e-</span> 
     </span>
     <span class='ocr_line' id='line_1_17' title="bbox 284 1119 1729 1165; baseline -0.002 -11"><span class='ocrx_word' id='word_1_143' title='bbox 284 1123 418 1165; x_wconf 84' lang='lat' dir='ltr'>gationis</span> <span class='ocrx_word' id='word_1_144' title='bbox 444 1123 633 1155; x_wconf 84' lang='lat' dir='ltr'>monasteria</span> <span class='ocrx_word' id='word_1_145' title='bbox 658 1133 675 1154; x_wconf 82' lang='lat' dir='ltr'>a</span> <span class='ocrx_word' id='word_1_146' title='bbox 699 1121 832 1164; x_wconf 70' lang='lat' dir='ltr'>depositi</span> <span class='ocrx_word' id='word_1_147' title='bbox 860 1121 1043 1164; x_wconf 87' lang='lat' dir='ltr'>capitularis</span> <span class='ocrx_word' id='word_1_148' title='bbox 1068 1121 1224 1154; x_wconf 85' lang='lat' dir='ltr'>solutione</span> <span class='ocrx_word' id='word_1_149' title='bbox 1250 1120 1374 1161; x_wconf 79' lang='lat' dir='ltr'>eximit,</span> <span class='ocrx_word' id='word_1_150' title='bbox 1406 1121 1500 1160; x_wconf 71' lang='lat' dir='ltr'>2·t›z·d.;</span> <span class='ocrx_word' id='word_1_151' title='bbox 1524 1130 1541 1152; x_wconf 90' lang='lat' dir='ltr'>a</span> <span class='ocrx_word' id='word_1_152' title='bbox 1566 1119 1729 1152; x_wconf 83' lang='lat' dir='ltr'>monachis</span> 
     </span>
     <span class='ocr_line' id='line_1_18' title="bbox 285 1171 1727 1215; baseline -0.003 -8"><span class='ocrx_word' id='word_1_153' title='bbox 285 1175 395 1208; x_wconf 73' lang='lat' dir='ltr'>Montis</span> <span class='ocrx_word' id='word_1_154' title='bbox 421 1175 538 1208; x_wconf 82' lang='lat' dir='ltr'>Cassini</span> <span class='ocrx_word' id='word_1_155' title='bbox 563 1175 702 1207; x_wconf 81' lang='lat' dir='ltr'>osticium</span> <span class='ocrx_word' id='word_1_156' title='bbox 728 1174 757 1206; x_wconf 83' lang='lat' dir='ltr'>S.</span> <span class='ocrx_word' id='word_1_157' title='bbox 789 1174 922 1206; x_wconf 74' lang='lat' dir='ltr'>Victoris</span> <span class='ocrx_word' id='word_1_158' title='bbox 947 1174 1050 1215; x_wconf 78' lang='lat' dir='ltr'>Papae</span> <span class='ocrx_word' id='word_1_159' title='bbox 1078 1174 1117 1206; x_wconf 88' lang='lat'>111</span> <span class='ocrx_word' id='word_1_160' title='bbox 1145 1184 1179 1206; x_wconf 74' lang='lat' dir='ltr'>ex-</span> <span class='ocrx_word' id='word_1_161' title='bbox 1206 1173 1290 1205; x_wconf 75' lang='lat' dir='ltr'>dicta</span> <span class='ocrx_word' id='word_1_162' title='bbox 1318 1172 1571 1215; x_wconf 78' lang='lat' dir='ltr'>Congregatione</span> <span class='ocrx_word' id='word_1_163' title='bbox 1602 1171 1651 1204; x_wconf 88' lang='lat' dir='ltr'>die</span> <span class='ocrx_word' id='word_1_164' title='bbox 1675 1180 1727 1204; x_wconf 84' lang='lat' dir='ltr'>xvt</span> 
     </span>
     <span class='ocr_line' id='line_1_19' title="bbox 290 1224 1440 1270; baseline -0.002 -11"><span class='ocrx_word' id='word_1_165' title='bbox 290 1227 479 1270; x_wconf 82' lang='lat' dir='ltr'>septembris</span> <span class='ocrx_word' id='word_1_166' title='bbox 504 1228 658 1259; x_wconf 76' lang='lat' dir='ltr'>celebrari</span> <span class='ocrx_word' id='word_1_167' title='bbox 684 1237 775 1270; x_wconf 85' lang='lat' dir='ltr'>posse</span> <span class='ocrx_word' id='word_1_168' title='bbox 800 1227 961 1265; x_wconf 81' lang='lat' dir='ltr'>concedit,</span> <span class='ocrx_word' id='word_1_169' title='bbox 987 1224 1051 1257; x_wconf 71' lang='lat'>(505</span> <span class='ocrx_word' id='word_1_170' title='bbox 1075 1237 1110 1266; x_wconf 84' lang='grc' dir='ltr'>α;</span> <span class='ocrx_word' id='word_1_171' title='bbox 1138 1226 1208 1258; x_wconf 75' lang='lat' dir='ltr'>vide</span> <span class='ocrx_word' id='word_1_172' title='bbox 1231 1225 1440 1258; x_wconf 81' lang='lat' dir='ltr'>Cassinenses.</span> 
     </span>
    </p>

    <p class='ocr_par' dir='ltr' id='par_1_7' title="bbox 199 1275 1732 1476">
     <span class='ocr_line' id='line_1_20' title="bbox 199 1275 1730 1320; baseline -0.003 -8"><span class='ocrx_word' id='word_1_173' title='bbox 199 1280 340 1312; x_wconf 71' lang='lat' dir='ltr'>Monachi</span> <span class='ocrx_word' id='word_1_174' title='bbox 366 1280 491 1313; x_wconf 85' lang='lat' dir='ltr'>Ordinis</span> <span class='ocrx_word' id='word_1_175' title='bbox 516 1281 612 1312; x_wconf 68' lang='lat' dir='ltr'>sancti</span> <span class='ocrx_word' id='word_1_176' title='bbox 640 1279 795 1311; x_wconf 72' lang='lat' dir='ltr'>Benedicti</span> <span class='ocrx_word' id='word_1_177' title='bbox 829 1279 1088 1320; x_wconf 68' lang='lat' dir='ltr'>Congu-egationis</span> <span class='ocrx_word' id='word_1_178' title='bbox 1121 1278 1159 1309; x_wconf 88' lang='lat' dir='ltr'>de</span> <span class='ocrx_word' id='word_1_179' title='bbox 1184 1277 1400 1310; x_wconf 68' lang='lat' dir='ltr'>Observantizi.</span> <span class='ocrx_word' id='word_1_180' title='bbox 1428 1297 1471 1300; x_wconf 91' lang='lat'>—</span> <span class='ocrx_word' id='word_1_181' title='bbox 1495 1276 1654 1309; x_wconf 85' lang='lat' dir='ltr'>Monacliis</span> <span class='ocrx_word' id='word_1_182' title='bbox 1684 1275 1730 1307; x_wconf 90' lang='lat' dir='ltr'>di-</span> 
     </span>
     <span class='ocr_line' id='line_1_21' title="bbox 287 1328 1728 1375; baseline -0.003 -10"><span class='ocrx_word' id='word_1_183' title='bbox 287 1339 355 1365; x_wconf 88' lang='lat' dir='ltr'>ctae</span> <span class='ocrx_word' id='word_1_184' title='bbox 386 1333 647 1375; x_wconf 69' lang='lat' dir='ltr'>congregationis</span> <span class='ocrx_word' id='word_1_185' title='bbox 678 1343 695 1364; x_wconf 91' lang='lat' dir='ltr'>a</span> <span class='ocrx_word' id='word_1_186' title='bbox 731 1332 891 1364; x_wconf 81' lang='lat' dir='ltr'>Clemente</span> <span class='ocrx_word' id='word_1_187' title='bbox 918 1332 980 1364; x_wconf 89' lang='lat' dir='ltr'>Vlll</span> <span class='ocrx_word' id='word_1_188' title='bbox 1014 1331 1090 1363; x_wconf 69' lang='lat' dir='ltr'>alifis</span> <span class='ocrx_word' id='word_1_189' title='bbox 1114 1331 1204 1373; x_wconf 88' lang='lat' dir='ltr'>plura</span> <span class='ocrx_word' id='word_1_190' title='bbox 1230 1330 1393 1372; x_wconf 79' lang='lat' dir='ltr'>privilegia</span> <span class='ocrx_word' id='word_1_191' title='bbox 1418 1340 1474 1372; x_wconf 85' lang='lat' dir='ltr'>per</span> <span class='ocrx_word' id='word_1_192' title='bbox 1498 1329 1648 1371; x_wconf 82' lang='lat' dir='ltr'>quasdam</span> <span class='ocrx_word' id='word_1_193' title='bbox 1674 1328 1728 1360; x_wconf 90' lang='lat' dir='ltr'>lit—</span> 
     </span>
     <span class='ocr_line' id='line_1_22' title="bbox 288 1381 1732 1424; baseline -0.003 -6"><span class='ocrx_word' id='word_1_194' title='bbox 288 1390 370 1419; x_wconf 82' lang='lat' dir='ltr'>teras</span> <span class='ocrx_word' id='word_1_195' title='bbox 395 1387 424 1417; x_wconf 91' lang='lat' dir='ltr'>in</span> <span class='ocrx_word' id='word_1_196' title='bbox 450 1386 550 1418; x_wconf 70' lang='lat' dir='ltr'>format</span> <span class='ocrx_word' id='word_1_197' title='bbox 576 1385 682 1418; x_wconf 75' lang='lat' dir='ltr'>Brevis</span> <span class='ocrx_word' id='word_1_198' title='bbox 706 1384 890 1417; x_wconf 84' lang='lat' dir='ltr'>confirmata</span> <span class='ocrx_word' id='word_1_199' title='bbox 916 1385 1010 1417; x_wconf 78' lang='lat' dir='ltr'>fuisse</span> <span class='ocrx_word' id='word_1_200' title='bbox 1036 1384 1147 1421; x_wconf 75' lang='lat' dir='ltr'>rel&#39;ert,</span> <span class='ocrx_word' id='word_1_201' title='bbox 1172 1382 1234 1414; x_wconf 63' lang='lat'>(107</span> <span class='ocrx_word' id='word_1_202' title='bbox 1259 1394 1279 1415; x_wconf 83' lang='lat' dir='ltr'>a</span> <span class='ocrx_word' id='word_1_203' title='bbox 1305 1388 1334 1414; x_wconf 89' lang='lat' dir='ltr'>et</span> <span class='ocrx_word' id='word_1_204' title='bbox 1359 1382 1391 1421; x_wconf 73' lang='lat'>(23</span> <span class='ocrx_word' id='word_1_205' title='bbox 1416 1381 1533 1414; x_wconf 86' lang='lat' dir='ltr'>eisdem</span> <span class='ocrx_word' id='word_1_206' title='bbox 1555 1381 1732 1424; x_wconf 83' lang='lat' dir='ltr'>praedictas</span> 
     </span>
     <span class='ocr_line' id='line_1_23' title="bbox 287 1437 906 1476; baseline -0.003 -6"><span class='ocrx_word' id='word_1_207' title='bbox 287 1438 455 1471; x_wconf 85' lang='lat' dir='ltr'>Clementis</span> <span class='ocrx_word' id='word_1_208' title='bbox 480 1438 597 1470; x_wconf 84' lang='lat' dir='ltr'>litteras</span> <span class='ocrx_word' id='word_1_209' title='bbox 623 1437 806 1476; x_wconf 82' lang='lat' dir='ltr'>confirmat,</span> <span class='ocrx_word' id='word_1_210' title='bbox 831 1437 906 1469; x_wconf 78' lang='lat' dir='ltr'>ibid.</span> 
     </span>
    </p>

    <p class='ocr_par' dir='ltr' id='par_1_8' title="bbox 201 1487 1731 1636">
     <span class='ocr_line' id='line_1_24' title="bbox 201 1487 1730 1531; baseline -0.003 -8"><span class='ocrx_word' id='word_1_211' title='bbox 201 1490 342 1523; x_wconf 77' lang='lat' dir='ltr'>Monachi</span> <span class='ocrx_word' id='word_1_212' title='bbox 366 1490 491 1523; x_wconf 78' lang='lat' dir='ltr'>Ordinis</span> <span class='ocrx_word' id='word_1_213' title='bbox 516 1490 612 1522; x_wconf 89' lang='lat' dir='ltr'>sancti</span> <span class='ocrx_word' id='word_1_214' title='bbox 640 1490 797 1522; x_wconf 82' lang='lat' dir='ltr'>Benedicti</span> <span class='ocrx_word' id='word_1_215' title='bbox 822 1489 1083 1531; x_wconf 72' lang='lat' dir='ltr'>Congregationis</span> <span class='ocrx_word' id='word_1_216' title='bbox 1107 1489 1219 1520; x_wconf 86' lang='lat' dir='ltr'>Montis</span> <span class='ocrx_word' id='word_1_217' title='bbox 1243 1488 1363 1521; x_wconf 77' lang='lat' dir='ltr'>oliveti.</span> <span class='ocrx_word' id='word_1_218' title='bbox 1389 1508 1432 1512; x_wconf 70' lang='lat'>—-</span> <span class='ocrx_word' id='word_1_219' title='bbox 1457 1488 1614 1520; x_wconf 82' lang='lat' dir='ltr'>Monachis</span> <span class='ocrx_word' id='word_1_220' title='bbox 1638 1487 1730 1520; x_wconf 87' lang='lat' dir='ltr'>Ordi-</span> 
     </span>
     <span class='ocr_line' id='line_1_25' title="bbox 286 1539 1731 1585; baseline -0.003 -10"><span class='ocrx_word' id='word_1_221' title='bbox 286 1542 336 1575; x_wconf 90' lang='lat' dir='ltr'>nis</span> <span class='ocrx_word' id='word_1_222' title='bbox 360 1543 458 1575; x_wconf 89' lang='lat' dir='ltr'>sancti</span> <span class='ocrx_word' id='word_1_223' title='bbox 484 1542 640 1575; x_wconf 88' lang='lat' dir='ltr'>Benedicti</span> <span class='ocrx_word' id='word_1_224' title='bbox 676 1542 935 1585; x_wconf 78' lang='lat' dir='ltr'>Congregatiouis</span> <span class='ocrx_word' id='word_1_225' title='bbox 967 1542 1078 1574; x_wconf 83' lang='lat' dir='ltr'>Montis</span> <span class='ocrx_word' id='word_1_226' title='bbox 1103 1541 1214 1573; x_wconf 80' lang='lat' dir='ltr'>Oliveti</span> <span class='ocrx_word' id='word_1_227' title='bbox 1250 1540 1376 1574; x_wconf 84' lang='lat' dir='ltr'>decreta</span> <span class='ocrx_word' id='word_1_228' title='bbox 1411 1540 1565 1583; x_wconf 86' lang='lat' dir='ltr'>quaedam</span> <span class='ocrx_word' id='word_1_229' title='bbox 1602 1539 1731 1582; x_wconf 86' lang='lat' dir='ltr'>capituli</span> 
     </span>
     <span class='ocr_line' id='line_1_26' title="bbox 286 1593 1347 1636; baseline -0.002 -9"><span class='ocrx_word' id='word_1_230' title='bbox 286 1595 442 1636; x_wconf 84' lang='lat' dir='ltr'>generalis</span> <span class='ocrx_word' id='word_1_231' title='bbox 467 1595 550 1628; x_wconf 85' lang='lat' dir='ltr'>circa</span> <span class='ocrx_word' id='word_1_232' title='bbox 574 1595 702 1627; x_wconf 88' lang='lat' dir='ltr'>abbates</span> <span class='ocrx_word' id='word_1_233' title='bbox 727 1595 867 1627; x_wconf 86' lang='lat' dir='ltr'>titulares</span> <span class='ocrx_word' id='word_1_234' title='bbox 893 1594 1074 1633; x_wconf 78' lang='lat' dir='ltr'>confirmat,</span> <span class='ocrx_word' id='word_1_235' title='bbox 1100 1593 1164 1626; x_wconf 75' lang='lat'>339</span> <span class='ocrx_word' id='word_1_236' title='bbox 1189 1605 1209 1626; x_wconf 86' lang='lat' dir='ltr'>a</span> <span class='ocrx_word' id='word_1_237' title='bbox 1233 1597 1263 1627; x_wconf 90' lang='lat' dir='ltr'>et</span> <span class='ocrx_word' id='word_1_238' title='bbox 1285 1604 1347 1636; x_wconf 80' lang='lat' dir='ltr'>seq.</span> 
     </span>
    </p>

    <p class='ocr_par' dir='ltr' id='par_1_9' title="bbox 197 1646 1733 2106">
     <span class='ocr_line' id='line_1_27' title="bbox 197 1646 1733 1690; baseline -0.001 -10"><span class='ocrx_word' id='word_1_239' title='bbox 197 1647 339 1680; x_wconf 79' lang='lat' dir='ltr'>Monachi</span> <span class='ocrx_word' id='word_1_240' title='bbox 363 1647 488 1680; x_wconf 87' lang='lat' dir='ltr'>Ordinis</span> <span class='ocrx_word' id='word_1_241' title='bbox 512 1647 609 1680; x_wconf 84' lang='lat' dir='ltr'>sancti</span> <span class='ocrx_word' id='word_1_242' title='bbox 634 1647 792 1680; x_wconf 76' lang='lat' dir='ltr'>Benedicti</span> <span class='ocrx_word' id='word_1_243' title='bbox 811 1647 1072 1690; x_wconf 78' lang='lat' dir='ltr'>Congregationis</span> <span class='ocrx_word' id='word_1_244' title='bbox 1088 1647 1199 1679; x_wconf 82' lang='lat' dir='ltr'>Montis</span> <span class='ocrx_word' id='word_1_245' title='bbox 1219 1646 1367 1688; x_wconf 79' lang='lat' dir='ltr'>Virginis.</span> <span class='ocrx_word' id='word_1_246' title='bbox 1389 1665 1430 1670; x_wconf 94' lang='lat'><strong>—</strong></span> <span class='ocrx_word' id='word_1_247' title='bbox 1450 1646 1619 1679; x_wconf 76' lang='lat' dir='ltr'>Monaclios</span> <span class='ocrx_word' id='word_1_248' title='bbox 1642 1656 1733 1689; x_wconf 90' lang='lat' dir='ltr'>prae-</span> 
     </span>
     <span class='ocr_line' id='line_1_28' title="bbox 285 1699 1733 1742; baseline -0.001 -11"><span class='ocrx_word' id='word_1_249' title='bbox 285 1700 384 1733; x_wconf 81' lang='lat' dir='ltr'>dictos</span> <span class='ocrx_word' id='word_1_250' title='bbox 409 1700 440 1732; x_wconf 89' lang='lat' dir='ltr'>in</span> <span class='ocrx_word' id='word_1_251' title='bbox 465 1700 657 1733; x_wconf 87' lang='lat' dir='ltr'>monasterio</span> <span class='ocrx_word' id='word_1_252' title='bbox 681 1701 839 1742; x_wconf 80' lang='lat' dir='ltr'>degentes,</span> <span class='ocrx_word' id='word_1_253' title='bbox 865 1701 937 1733; x_wconf 89' lang='lat' dir='ltr'>licet</span> <span class='ocrx_word' id='word_1_254' title='bbox 962 1706 1048 1732; x_wconf 79' lang='lat' dir='ltr'>extra</span> <span class='ocrx_word' id='word_1_255' title='bbox 1073 1702 1209 1732; x_wconf 88' lang='lat' dir='ltr'>claustra</span> <span class='ocrx_word' id='word_1_256' title='bbox 1234 1699 1432 1742; x_wconf 78' lang='lat' dir='ltr'>deliquerint,</span> <span class='ocrx_word' id='word_1_257' title='bbox 1451 1705 1612 1742; x_wconf 78' lang='lat' dir='ltr'>exemptos</span> <span class='ocrx_word' id='word_1_258' title='bbox 1629 1709 1695 1731; x_wconf 73' lang='lat' dir='ltr'>esse</span> <span class='ocrx_word' id='word_1_259' title='bbox 1715 1709 1733 1730; x_wconf 84' lang='lat' dir='ltr'>a</span> 
     </span>
     <span class='ocr_line' id='line_1_29' title="bbox 285 1751 1733 1796; baseline -0.001 -12"><span class='ocrx_word' id='word_1_260' title='bbox 285 1753 500 1785; x_wconf 87' lang='lat' dir='ltr'>iurisdictione</span> <span class='ocrx_word' id='word_1_261' title='bbox 517 1753 622 1785; x_wconf 89' lang='lat' dir='ltr'>nuncii</span> <span class='ocrx_word' id='word_1_262' title='bbox 640 1753 834 1796; x_wconf 81' lang='lat' dir='ltr'>Neapolitani</span> <span class='ocrx_word' id='word_1_263' title='bbox 860 1752 1064 1792; x_wconf 84' lang='lat' dir='ltr'>demonstrat,</span> <span class='ocrx_word' id='word_1_264' title='bbox 1088 1751 1152 1784; x_wconf 73' lang='lat'>824</span> <span class='ocrx_word' id='word_1_265' title='bbox 1177 1764 1196 1784; x_wconf 85' lang='grc' dir='ltr'><em>α</em></span> <span class='ocrx_word' id='word_1_266' title='bbox 1214 1758 1244 1783; x_wconf 86' lang='lat' dir='ltr'>et</span> <span class='ocrx_word' id='word_1_267' title='bbox 1262 1752 1289 1790; x_wconf 80' lang='lat' dir='ltr'>b;</span> <span class='ocrx_word' id='word_1_268' title='bbox 1314 1752 1469 1794; x_wconf 83' lang='lat' dir='ltr'>praefatos</span> <span class='ocrx_word' id='word_1_269' title='bbox 1487 1752 1567 1784; x_wconf 88' lang='lat' dir='ltr'>inter</span> <span class='ocrx_word' id='word_1_270' title='bbox 1587 1757 1617 1784; x_wconf 90' lang='lat' dir='ltr'>et</span> <span class='ocrx_word' id='word_1_271' title='bbox 1640 1761 1733 1794; x_wconf 88' lang='lat' dir='ltr'>prae-</span> 
     </span>
     <span class='ocr_line' id='line_1_30' title="bbox 286 1802 1733 1848; baseline -0.001 -11"><span class='ocrx_word' id='word_1_272' title='bbox 286 1805 404 1837; x_wconf 78' lang='lat' dir='ltr'>dictum</span> <span class='ocrx_word' id='word_1_273' title='bbox 430 1806 579 1837; x_wconf 85' lang='lat' dir='ltr'>nuncium</span> <span class='ocrx_word' id='word_1_274' title='bbox 605 1812 744 1837; x_wconf 80' lang='lat' dir='ltr'>exortam</span> <span class='ocrx_word' id='word_1_275' title='bbox 771 1806 857 1838; x_wconf 87' lang='lat' dir='ltr'>litem</span> <span class='ocrx_word' id='word_1_276' title='bbox 883 1806 941 1838; x_wconf 83' lang='lat' dir='ltr'>hac</span> <span class='ocrx_word' id='word_1_277' title='bbox 965 1816 1062 1848; x_wconf 82' lang='lat' dir='ltr'>super</span> <span class='ocrx_word' id='word_1_278' title='bbox 1087 1815 1120 1836; x_wconf 85' lang='lat' dir='ltr'>re</span> <span class='ocrx_word' id='word_1_279' title='bbox 1145 1805 1261 1843; x_wconf 83' lang='lat' dir='ltr'>abolet,</span> <span class='ocrx_word' id='word_1_280' title='bbox 1294 1802 1357 1836; x_wconf 66' lang='lat'>825</span> <span class='ocrx_word' id='word_1_281' title='bbox 1382 1815 1402 1836; x_wconf 81' lang='grc' dir='ltr'>(ι</span> <span class='ocrx_word' id='word_1_282' title='bbox 1428 1809 1457 1835; x_wconf 88' lang='lat' dir='ltr'>et</span> <span class='ocrx_word' id='word_1_283' title='bbox 1481 1803 1514 1842; x_wconf 74' lang='lat' dir='ltr'>h;</span> <span class='ocrx_word' id='word_1_284' title='bbox 1547 1803 1733 1836; x_wconf 63' lang='lat' dir='ltr'>eorumdem.</span> 
     </span>
     <span class='ocr_line' id='line_1_31' title="bbox 284 1856 1732 1901; baseline -0.001 -12"><span class='ocrx_word' id='word_1_285' title='bbox 284 1857 399 1897; x_wconf 75' lang='lat' dir='ltr'>favore,</span> <span class='ocrx_word' id='word_1_286' title='bbox 424 1857 601 1890; x_wconf 84' lang='lat' dir='ltr'>facultatem</span> <span class='ocrx_word' id='word_1_287' title='bbox 627 1857 742 1890; x_wconf 87' lang='lat' dir='ltr'>nuncio</span> <span class='ocrx_word' id='word_1_288' title='bbox 766 1858 973 1901; x_wconf 75' lang='lat' dir='ltr'>Neapolitano</span> <span class='ocrx_word' id='word_1_289' title='bbox 998 1867 1179 1890; x_wconf 88' lang='lat' dir='ltr'>concessam</span> <span class='ocrx_word' id='word_1_290' title='bbox 1203 1856 1396 1899; x_wconf 88' lang='lat' dir='ltr'>procedendi</span> <span class='ocrx_word' id='word_1_291' title='bbox 1421 1861 1530 1888; x_wconf 86' lang='lat' dir='ltr'>contra</span> <span class='ocrx_word' id='word_1_292' title='bbox 1554 1856 1732 1888; x_wconf 87' lang='lat' dir='ltr'>cuiuscum-</span> 
     </span>
     <span class='ocr_line' id='line_1_32' title="bbox 284 1908 1732 1953; baseline -0.001 -12"><span class='ocrx_word' id='word_1_293' title='bbox 284 1920 345 1952; x_wconf 92' lang='lat' dir='ltr'>que</span> <span class='ocrx_word' id='word_1_294' title='bbox 368 1909 495 1943; x_wconf 88' lang='lat' dir='ltr'>Ordinis</span> <span class='ocrx_word' id='word_1_295' title='bbox 526 1910 707 1952; x_wconf 71' lang='lat' dir='ltr'>religiosos,</span> <span class='ocrx_word' id='word_1_296' title='bbox 731 1915 817 1942; x_wconf 91' lang='lat' dir='ltr'>motu</span> <span class='ocrx_word' id='word_1_297' title='bbox 843 1911 973 1953; x_wconf 87' lang='lat' dir='ltr'>proprio</span> <span class='ocrx_word' id='word_1_298' title='bbox 997 1910 1145 1950; x_wconf 83' lang='lat' dir='ltr'>declarat,</span> <span class='ocrx_word' id='word_1_299' title='bbox 1174 1910 1272 1949; x_wconf 66' lang='lat' dir='ltr'>t&#39;ltt&#39;d.;</span> <span class='ocrx_word' id='word_1_300' title='bbox 1299 1909 1329 1940; x_wconf 93' lang='lat' dir='ltr'>in</span> <span class='ocrx_word' id='word_1_301' title='bbox 1354 1909 1586 1952; x_wconf 84' lang='lat' dir='ltr'>praedictorum</span> <span class='ocrx_word' id='word_1_302' title='bbox 1612 1908 1732 1951; x_wconf 86' lang='lat' dir='ltr'>pariter</span> 
     </span>
     <span class='ocr_line' id='line_1_33' title="bbox 286 1961 1732 2006; baseline -0.001 -12"><span class='ocrx_word' id='word_1_303' title='bbox 286 1963 437 2004; x_wconf 81' lang='lat' dir='ltr'>gratiam,</span> <span class='ocrx_word' id='word_1_304' title='bbox 461 1963 581 1994; x_wconf 88' lang='lat' dir='ltr'>litteras</span> <span class='ocrx_word' id='word_1_305' title='bbox 606 1963 795 2006; x_wconf 85' lang='lat' dir='ltr'>apostolicas</span> <span class='ocrx_word' id='word_1_306' title='bbox 820 1963 935 1995; x_wconf 88' lang='lat' dir='ltr'>Urbani</span> <span class='ocrx_word' id='word_1_307' title='bbox 961 1963 1010 2000; x_wconf 83' lang='lat' dir='ltr'>IV,</span> <span class='ocrx_word' id='word_1_308' title='bbox 1036 1962 1150 2004; x_wconf 82' lang='lat' dir='ltr'>quibus</span> <span class='ocrx_word' id='word_1_309' title='bbox 1174 1962 1247 1994; x_wconf 82' lang='lat' dir='ltr'>dicti</span> <span class='ocrx_word' id='word_1_310' title='bbox 1274 1961 1418 1993; x_wconf 81' lang='lat' dir='ltr'>monachi</span> <span class='ocrx_word' id='word_1_311' title='bbox 1444 1961 1579 2003; x_wconf 86' lang='lat' dir='ltr'>exempti</span> <span class='ocrx_word' id='word_1_312' title='bbox 1603 1961 1690 1992; x_wconf 87' lang='lat' dir='ltr'>fuere</span> <span class='ocrx_word' id='word_1_313' title='bbox 1714 1970 1732 1991; x_wconf 80' lang='lat' dir='ltr'>a</span> 
     </span>
     <span class='ocr_line' id='line_1_34' title="bbox 287 2014 1732 2058; baseline -0.001 -12"><span class='ocrx_word' id='word_1_314' title='bbox 287 2015 502 2047; x_wconf 87' lang='lat' dir='ltr'>iurisdictione</span> <span class='ocrx_word' id='word_1_315' title='bbox 526 2016 656 2058; x_wconf 85' lang='lat' dir='ltr'>praefati</span> <span class='ocrx_word' id='word_1_316' title='bbox 682 2017 806 2055; x_wconf 85' lang='lat' dir='ltr'>nuncii,</span> <span class='ocrx_word' id='word_1_317' title='bbox 831 2026 950 2048; x_wconf 85' lang='lat' dir='ltr'>necnon</span> <span class='ocrx_word' id='word_1_318' title='bbox 970 2015 1155 2046; x_wconf 84' lang='lat' dir='ltr'>senteutiam</span> <span class='ocrx_word' id='word_1_319' title='bbox 1181 2016 1215 2046; x_wconf 83' lang='lat' dir='ltr'>A.</span> <span class='ocrx_word' id='word_1_320' title='bbox 1237 2014 1267 2048; x_wconf 89' lang='lat' dir='ltr'>C.</span> <span class='ocrx_word' id='word_1_321' title='bbox 1289 2014 1473 2046; x_wconf 86' lang='lat' dir='ltr'>eorumdem</span> <span class='ocrx_word' id='word_1_322' title='bbox 1498 2014 1603 2046; x_wconf 80' lang='lat' dir='ltr'>favore</span> <span class='ocrx_word' id='word_1_323' title='bbox 1624 2015 1732 2052; x_wconf 67' lang='lat' dir='ltr'>latam7</span> 
     </span>
     <span class='ocr_line' id='line_1_35' title="bbox 287 2066 708 2106; baseline 0 -7"><span class='ocrx_word' id='word_1_324' title='bbox 287 2067 464 2106; x_wconf 83' lang='lat' dir='ltr'>confirmat,</span> <span class='ocrx_word' id='word_1_325' title='bbox 492 2066 556 2099; x_wconf 61' lang='lat'>8026</span> <span class='ocrx_word' id='word_1_326' title='bbox 580 2079 600 2100; x_wconf 85' lang='grc' dir='ltr'><em>α</em></span> <span class='ocrx_word' id='word_1_327' title='bbox 626 2073 656 2099; x_wconf 85' lang='lat' dir='ltr'>et</span> <span class='ocrx_word' id='word_1_328' title='bbox 681 2068 708 2099; x_wconf 85' lang='lat' dir='ltr'>b.</span> 
     </span>
    </p>
   </div>
   <div class='ocr_carea' id='block_1_5' title="bbox 198 2119 1731 2267">
    <p class='ocr_par' dir='ltr' id='par_1_10' title="bbox 198 2119 1731 2267">
     <span class='ocr_line' id='line_1_36' title="bbox 198 2119 1731 2162; baseline -0.001 -9"><span class='ocrx_word' id='word_1_329' title='bbox 198 2120 341 2153; x_wconf 74' lang='lat' dir='ltr'>Monachi</span> <span class='ocrx_word' id='word_1_330' title='bbox 365 2120 492 2153; x_wconf 85' lang='lat' dir='ltr'>Ordinis</span> <span class='ocrx_word' id='word_1_331' title='bbox 516 2120 614 2151; x_wconf 86' lang='lat' dir='ltr'>sancti</span> <span class='ocrx_word' id='word_1_332' title='bbox 641 2120 800 2152; x_wconf 85' lang='lat' dir='ltr'>Benedicti</span> <span class='ocrx_word' id='word_1_333' title='bbox 826 2120 1088 2162; x_wconf 72' lang='lat' dir='ltr'>Congregationis</span> <span class='ocrx_word' id='word_1_334' title='bbox 1120 2119 1342 2162; x_wconf 77' lang='lat' dir='ltr'>Portugalliae.</span> <span class='ocrx_word' id='word_1_335' title='bbox 1376 2138 1416 2143; x_wconf 95' lang='lat'><strong>—</strong></span> <span class='ocrx_word' id='word_1_336' title='bbox 1449 2119 1609 2152; x_wconf 80' lang='lat' dir='ltr'>Monaehis</span> <span class='ocrx_word' id='word_1_337' title='bbox 1640 2129 1731 2161; x_wconf 84' lang='lat' dir='ltr'>prae-</span> 
     </span>
     <span class='ocr_line' id='line_1_37' title="bbox 287 2171 1730 2215; baseline -0.001 -11"><span class='ocrx_word' id='word_1_338' title='bbox 287 2172 378 2205; x_wconf 84' lang='lat' dir='ltr'>dictis</span> <span class='ocrx_word' id='word_1_339' title='bbox 417 2183 634 2215; x_wconf 88' lang='lat' dir='ltr'>quaecumque</span> <span class='ocrx_word' id='word_1_340' title='bbox 675 2172 838 2215; x_wconf 81' lang='lat' dir='ltr'>privilegia</span> <span class='ocrx_word' id='word_1_341' title='bbox 878 2172 1055 2215; x_wconf 82' lang='lat' dir='ltr'>personalia</span> <span class='ocrx_word' id='word_1_342' title='bbox 1093 2172 1168 2204; x_wconf 75' lang='lat' dir='ltr'>alias</span> <span class='ocrx_word' id='word_1_343' title='bbox 1208 2182 1357 2204; x_wconf 82' lang='lat' dir='ltr'>concessa</span> <span class='ocrx_word' id='word_1_344' title='bbox 1395 2172 1581 2214; x_wconf 82' lang='lat' dir='ltr'>abrogavit,</span> <span class='ocrx_word' id='word_1_345' title='bbox 1613 2171 1679 2203; x_wconf 70' lang='lat'>4⁶24</span> <span class='ocrx_word' id='word_1_346' title='bbox 1710 2182 1730 2203; x_wconf 85' lang='grc' dir='ltr'><em>α</em></span> 
     </span>
     <span class='ocr_line' id='line_1_38' title="bbox 287 2230 399 2267; baseline 0.009 -11"><span class='ocrx_word' id='word_1_347' title='bbox 287 2230 316 2256; x_wconf 85' lang='lat' dir='ltr'>et</span> <span class='ocrx_word' id='word_1_348' title='bbox 340 2235 399 2267; x_wconf 81' lang='lat' dir='ltr'>seq.</span> 
     </span>
    </p>
   </div>
   <div class='ocr_carea' id='block_1_6' title="bbox 198 2276 1730 2689">
    <p class='ocr_par' dir='ltr' id='par_1_11' title="bbox 198 2276 1730 2425">
     <span class='ocr_line' id='line_1_39' title="bbox 198 2276 1730 2320; baseline 0.001 -10"><span class='ocrx_word' id='word_1_349' title='bbox 198 2277 339 2310; x_wconf 76' lang='lat' dir='ltr'>Monaclii</span> <span class='ocrx_word' id='word_1_350' title='bbox 364 2277 488 2309; x_wconf 84' lang='lat' dir='ltr'>Ordinis</span> <span class='ocrx_word' id='word_1_351' title='bbox 511 2277 608 2309; x_wconf 89' lang='lat' dir='ltr'>sancti</span> <span class='ocrx_word' id='word_1_352' title='bbox 634 2276 791 2309; x_wconf 84' lang='lat' dir='ltr'>Benedicti</span> <span class='ocrx_word' id='word_1_353' title='bbox 817 2276 1078 2319; x_wconf 76' lang='lat' dir='ltr'>Congregationis</span> <span class='ocrx_word' id='word_1_354' title='bbox 1102 2278 1147 2311; x_wconf 86' lang='lat' dir='ltr'>Ss.</span> <span class='ocrx_word' id='word_1_355' title='bbox 1167 2277 1267 2310; x_wconf 87' lang='lat' dir='ltr'>Vitoni</span> <span class='ocrx_word' id='word_1_356' title='bbox 1292 2283 1321 2309; x_wconf 92' lang='lat' dir='ltr'>et</span> <span class='ocrx_word' id='word_1_357' title='bbox 1341 2277 1502 2320; x_wconf 80' lang='lat' dir='ltr'>Hidutphi.</span> <span class='ocrx_word' id='word_1_358' title='bbox 1521 2297 1561 2302; x_wconf 89' lang='lat'>—-</span> <span class='ocrx_word' id='word_1_359' title='bbox 1580 2278 1640 2310; x_wconf 86' lang='lat' dir='ltr'>Pro</span> <span class='ocrx_word' id='word_1_360' title='bbox 1661 2288 1730 2311; x_wconf 90' lang='lat' dir='ltr'>mo-</span> 
     </span>
     <span class='ocr_line' id='line_1_40' title="bbox 287 2329 1729 2373; baseline 0.001 -12"><span class='ocrx_word' id='word_1_361' title='bbox 287 2329 393 2361; x_wconf 84' lang='lat' dir='ltr'>nachis</span> <span class='ocrx_word' id='word_1_362' title='bbox 416 2329 674 2371; x_wconf 82' lang='lat' dir='ltr'>Congrcgationis</span> <span class='ocrx_word' id='word_1_363' title='bbox 697 2329 742 2360; x_wconf 75' lang='lat' dir='ltr'>SS.</span> <span class='ocrx_word' id='word_1_364' title='bbox 768 2329 870 2361; x_wconf 89' lang='lat' dir='ltr'>Vitoni</span> <span class='ocrx_word' id='word_1_365' title='bbox 896 2335 926 2361; x_wconf 92' lang='lat' dir='ltr'>et</span> <span class='ocrx_word' id='word_1_366' title='bbox 951 2329 1098 2373; x_wconf 76' lang='lat' dir='ltr'>llidulplii</span> <span class='ocrx_word' id='word_1_367' title='bbox 1124 2329 1248 2362; x_wconf 87' lang='lat' dir='ltr'>Ordinis</span> <span class='ocrx_word' id='word_1_368' title='bbox 1273 2330 1369 2361; x_wconf 82' lang='lat' dir='ltr'>sancti</span> <span class='ocrx_word' id='word_1_369' title='bbox 1403 2329 1561 2362; x_wconf 83' lang='lat' dir='ltr'>Benedicti</span> <span class='ocrx_word' id='word_1_370' title='bbox 1592 2330 1729 2373; x_wconf 84' lang='lat' dir='ltr'>provisis</span> 
     </span>
     <span class='ocr_line' id='line_1_41' title="bbox 287 2381 1118 2425; baseline 0.001 -12"><span class='ocrx_word' id='word_1_371' title='bbox 287 2381 326 2413; x_wconf 89' lang='lat' dir='ltr'>de</span> <span class='ocrx_word' id='word_1_372' title='bbox 350 2382 542 2424; x_wconf 84' lang='lat' dir='ltr'>prioratibus</span> <span class='ocrx_word' id='word_1_373' title='bbox 566 2381 715 2414; x_wconf 85' lang='lat' dir='ltr'>nonnulla</span> <span class='ocrx_word' id='word_1_374' title='bbox 740 2381 865 2421; x_wconf 87' lang='lat' dir='ltr'>statuit,</span> <span class='ocrx_word' id='word_1_375' title='bbox 889 2381 953 2414; x_wconf 75' lang='lat'>458</span> <span class='ocrx_word' id='word_1_376' title='bbox 978 2383 994 2413; x_wconf 88' lang='lat' dir='ltr'><em>b</em></span> <span class='ocrx_word' id='word_1_377' title='bbox 1012 2387 1118 2425; x_wconf 79' lang='lat' dir='ltr'>etseq.</span> 
     </span>
    </p>

    <p class='ocr_par' dir='ltr' id='par_1_12' title="bbox 200 2433 1728 2689">
     <span class='ocr_line' id='line_1_42' title="bbox 200 2433 1728 2476; baseline 0.001 -11"><span class='ocrx_word' id='word_1_378' title='bbox 200 2433 341 2466; x_wconf 68' lang='lat' dir='ltr'>Monachi</span> <span class='ocrx_word' id='word_1_379' title='bbox 366 2433 489 2466; x_wconf 85' lang='lat' dir='ltr'>Ordinis</span> <span class='ocrx_word' id='word_1_380' title='bbox 514 2433 610 2465; x_wconf 82' lang='lat' dir='ltr'>sancti</span> <span class='ocrx_word' id='word_1_381' title='bbox 636 2433 791 2466; x_wconf 87' lang='lat' dir='ltr'>Benedicti</span> <span class='ocrx_word' id='word_1_382' title='bbox 816 2434 1074 2476; x_wconf 79' lang='lat' dir='ltr'>Congregationis</span> <span class='ocrx_word' id='word_1_383' title='bbox 1091 2434 1338 2467; x_wconf 88' lang='lat' dir='ltr'>Vallisoletanae.</span> <span class='ocrx_word' id='word_1_384' title='bbox 1366 2453 1407 2458; x_wconf 97' lang='lat'><strong>—</strong></span> <span class='ocrx_word' id='word_1_385' title='bbox 1427 2434 1649 2467; x_wconf 80' lang='lat' dir='ltr'>Monachorum</span> <span class='ocrx_word' id='word_1_386' title='bbox 1671 2434 1728 2468; x_wconf 88' lang='lat' dir='ltr'>Or·</span> 
     </span>
     <span class='ocr_line' id='line_1_43' title="bbox 288 2485 1728 2529; baseline 0.003 -13"><span class='ocrx_word' id='word_1_387' title='bbox 288 2485 367 2517; x_wconf 89' lang='lat' dir='ltr'>dinis</span> <span class='ocrx_word' id='word_1_388' title='bbox 391 2485 488 2517; x_wconf 83' lang='lat' dir='ltr'>sancti</span> <span class='ocrx_word' id='word_1_389' title='bbox 514 2485 669 2517; x_wconf 83' lang='lat' dir='ltr'>Benedicti</span> <span class='ocrx_word' id='word_1_390' title='bbox 695 2486 952 2528; x_wconf 81' lang='lat' dir='ltr'>Congregationis</span> <span class='ocrx_word' id='word_1_391' title='bbox 976 2486 1213 2519; x_wconf 85' lang='lat' dir='ltr'>Vallisoletanae</span> <span class='ocrx_word' id='word_1_392' title='bbox 1247 2487 1344 2519; x_wconf 89' lang='lat' dir='ltr'>abbas</span> <span class='ocrx_word' id='word_1_393' title='bbox 1375 2487 1530 2529; x_wconf 84' lang='lat' dir='ltr'>generalis</span> <span class='ocrx_word' id='word_1_394' title='bbox 1562 2487 1609 2520; x_wconf 85' lang='lat' dir='ltr'>bis</span> <span class='ocrx_word' id='word_1_395' title='bbox 1638 2494 1728 2521; x_wconf 85' lang='lat' dir='ltr'>antea</span> 
     </span>
     <span class='ocr_line' id='line_1_44' title="bbox 290 2538 1728 2582; baseline 0.001 -12"><span class='ocrx_word' id='word_1_396' title='bbox 290 2539 368 2570; x_wconf 78' lang='lat' dir='ltr'>infra</span> <span class='ocrx_word' id='word_1_397' title='bbox 393 2539 440 2570; x_wconf 83' lang='lat' dir='ltr'>sui</span> <span class='ocrx_word' id='word_1_398' title='bbox 467 2539 607 2570; x_wconf 87' lang='lat' dir='ltr'>muneris</span> <span class='ocrx_word' id='word_1_399' title='bbox 642 2538 885 2580; x_wconf 87' lang='lat' dir='ltr'>quadriennium</span> <span class='ocrx_word' id='word_1_400' title='bbox 917 2540 1123 2572; x_wconf 84' lang='lat' dir='ltr'>visitationem</span> <span class='ocrx_word' id='word_1_401' title='bbox 1157 2549 1308 2582; x_wconf 79' lang='lat' dir='ltr'>peragere</span> <span class='ocrx_word' id='word_1_402' title='bbox 1341 2539 1527 2580; x_wconf 87' lang='lat' dir='ltr'>tenebatur,</span> <span class='ocrx_word' id='word_1_403' title='bbox 1551 2540 1594 2572; x_wconf 85' lang='lat' dir='ltr'>uti</span> <span class='ocrx_word' id='word_1_404' title='bbox 1620 2546 1728 2572; x_wconf 86' lang='lat' dir='ltr'>narrat</span> 
     </span>
     <span class='ocr_line' id='line_1_45' title="bbox 287 2589 1726 2636; baseline 0.001 -13"><span class='ocrx_word' id='word_1_405' title='bbox 287 2589 351 2623; x_wconf 81' lang='lat'>396</span> <span class='ocrx_word' id='word_1_406' title='bbox 374 2590 391 2622; x_wconf 82' lang='lat' dir='ltr'><em>b</em></span> <span class='ocrx_word' id='word_1_407' title='bbox 408 2596 435 2622; x_wconf 90' lang='lat' dir='ltr'>et</span> <span class='ocrx_word' id='word_1_408' title='bbox 453 2601 536 2633; x_wconf 56' lang='grc' dir='ltr'>πιμ-</span> <span class='ocrx_word' id='word_1_409' title='bbox 554 2590 737 2633; x_wconf 83' lang='lat' dir='ltr'>praedictis,</span> <span class='ocrx_word' id='word_1_410' title='bbox 765 2596 796 2622; x_wconf 90' lang='lat' dir='ltr'>ut</span> <span class='ocrx_word' id='word_1_411' title='bbox 821 2591 960 2634; x_wconf 84' lang='lat' dir='ltr'>ipsorum</span> <span class='ocrx_word' id='word_1_412' title='bbox 986 2591 1081 2623; x_wconf 83' lang='lat' dir='ltr'>abbas</span> <span class='ocrx_word' id='word_1_413' title='bbox 1104 2592 1259 2634; x_wconf 84' lang='lat' dir='ltr'>generalis</span> <span class='ocrx_word' id='word_1_414' title='bbox 1279 2593 1376 2625; x_wconf 84' lang='lat' dir='ltr'>semel</span> <span class='ocrx_word' id='word_1_415' title='bbox 1401 2597 1518 2624; x_wconf 86' lang='lat' dir='ltr'>tantum</span> <span class='ocrx_word' id='word_1_416' title='bbox 1545 2592 1624 2624; x_wconf 78' lang='lat' dir='ltr'>infra</span> <span class='ocrx_word' id='word_1_417' title='bbox 1648 2603 1726 2636; x_wconf 88' lang='lat' dir='ltr'>qua-</span> 
     </span>
     <span class='ocr_line' id='line_1_46' title="bbox 288 2643 1728 2689; baseline 0.002 -14"><span class='ocrx_word' id='word_1_418' title='bbox 288 2643 464 2675; x_wconf 84' lang='lat' dir='ltr'>driennium</span> <span class='ocrx_word' id='word_1_419' title='bbox 490 2644 535 2675; x_wconf 88' lang='lat' dir='ltr'>sui</span> <span class='ocrx_word' id='word_1_420' title='bbox 561 2643 655 2675; x_wconf 84' lang='lat' dir='ltr'>officii</span> <span class='ocrx_word' id='word_1_421' title='bbox 682 2643 887 2676; x_wconf 79' lang='lat' dir='ltr'>visitationem</span> <span class='ocrx_word' id='word_1_422' title='bbox 912 2654 1063 2687; x_wconf 83' lang='lat' dir='ltr'>peragere</span> <span class='ocrx_word' id='word_1_423' title='bbox 1085 2649 1252 2686; x_wconf 72' lang='lat' dir='ltr'>teneretur,</span> <span class='ocrx_word' id='word_1_424' title='bbox 1272 2644 1408 2685; x_wconf 85' lang='lat' dir='ltr'>indulsit,</span> <span class='ocrx_word' id='word_1_425' title='bbox 1424 2643 1487 2677; x_wconf 80' lang='lat'>397</span> <span class='ocrx_word' id='word_1_426' title='bbox 1512 2645 1529 2677; x_wconf 87' lang='lat' dir='ltr'>b</span> <span class='ocrx_word' id='word_1_427' title='bbox 1553 2651 1583 2678; x_wconf 88' lang='lat' dir='ltr'>et</span> <span class='ocrx_word' id='word_1_428' title='bbox 1605 2656 1686 2689; x_wconf 77' lang='lat' dir='ltr'>seq.,·</span> <span class='ocrx_word' id='word_1_429' title='bbox 1708 2655 1728 2677; x_wconf 71' lang='lat' dir='ltr'>a</span> 
     </span>
    </p>
   </div>
  </div>
 </body>
</html>
