2170 3147
15 203 62 231 An.
83 200 112 228 C.
131 199 197 228 1725

54 1635 104 1657 Post.
118 1636 197 1656 nbitnm

15 1663 108 1689 episcopi
128 1662 197 1687 Eur'u·

15 1689 57 1710 bini
87 1692 107 1709 et
129 1690 198 1709 carm-i

15 1715 91 1736 dinalis
108 1716 133 1735 de
158 1717 197 1735 Sa-

16 1742 76 1762 battis
107 1742 198 1762 Urbina-

37 1774 83 1788 nses
92 1769 163 1789 ari-hi·-
168 1769 197 1794 pi-

15 1795 73 1820 κομι
83 1795 114 1815 ius
123 1798 198 1815 metro·

15 1821 122 1847 politicum
130 1821 148 1841 in
157 1821 199 1841 Eu-

15 1847 93 1872 flubina
103 1849 196 1868 dioecesi

16 1874 99 1900 pat-nice
139 1880 197 1895 exer·

16 1902 109 1921 tuterunt.

783 202 976 226 BENEDICTt's
1004 203 1059 226 xlll
1085 203 1133 226 ΡΡ.

208 248 246 281 ad
272 248 302 281 id
328 248 405 291 ipsis
422 248 609 291 specialiter
627 249 797 292 deputatos
814 261 945 293 expres-

208 311 251 339 se,
279 300 360 333 sicut
384 301 551 341 asseritur,
567 308 809 341 consenserunt,
828 308 857 335 et
875 304 947 335 sub-

208 353 284 386 inde
311 353 592 396 archiepiscopum
618 353 878 395 Urbinatensem,
912 342 968 387 ut1

208 416 329 445 verum,
356 407 523 450 proprium
550 412 645 450 atque
677 406 853 449 legitimum
880 408 968 440 ine-:¹

738 460 943 503 debitamque
966 457 968 485 ι’

209 461 441 503 tropolitanum
477 466 701 503 agnoverunt,

208 513 444 546 subiectionem
470 513 515 546 illi
543 519 704 556 tamquam
732 512 878 545 membra
899 524 946 546 ca-

207 565 265 608 piti
296 566 549 609 praestiterunt,
576 572 607 599 et.
639 566 743 599 adbuc
777 566 884 609 quiete
909 576 945 598 ac

207 619 342 662 pacifice
379 620 499 662 absque
540 620 605 652 ulla
645 630 779 662 prorsus
812 620 945 662 querela

207 677 262 704 ant
285 672 543 705 contradictione
568 677 755 715 praestant3
782 683 945 705 memora·
965 681 966 686 ¹

209 730 259 757 tus
286 730 392 758 autem
417 725 605 767 Eugubinae
631 726 787 758 ecclesiae
814 725 943 768 episco-

208 788 282 820 pus,
318 783 393 811 tunc
422 778 582 811 Marianus
620 779 659 812 de
695 778 851 819 Sabellis,
879 789 943 811 non

208 884 360 925 defertur,
386 895 452 917 non
478 884 639 928 praebuit,
665 885 720 918 sed
754 895 829 917 suae
857 885 945 917 insu-

207 947 266 980 per
299 938 454 970 ecclesiae
490 938 672 970 libertatem
712 943 743 970 et
778 934 966 981 antiquam*

207 990 425 1024 immediatam
450 990 524 1024 Sedi
547 991 753 1034 Apostolicae
772 991 944 1024 subiectio-
964 985 966 998 ³

207 1055 280 1077 nem
308 1044 390 1077 tueri
417 1050 578 1086 satagens,
605 1055 676 1077 cum
699 1055 783 1077 anno
801 1055 943 1078 aioiixvni
965 1071 966 1077 ,

208 1097 292 1130 iuxta
317 1097 396 1130 sacri
423 1097 603 1129 Tridentini
636 1097 770 1130 Concilii
808 1090 966 1139 disposi-³

209 1149 327 1182 tionem
352 1160 412 1193 pro
438 1150 562 1193 synodo
592 1150 782 1193 provinciali
810 1149 945 1182 Urbina-

209 1208 332 1235 tensem
357 1202 565 1245 metropolim
591 1202 758 1245 elegisset,
785 1202 943 1235 eiusmodi
965 1191 967 1203 ’

208 1256 401 1289 electionem
421 1256 526 1289 facere
543 1256 724 1294 declaravit,
744 1266 780 1288 ac
798 1255 944 1288 solemni-

208 1362 313 1404 prisea
337 1363 495 1395 ecclesiae
521 1362 712 1405 Eugubinae
738 1363 944 1405 exemptione

208 1425 244 1447 ae
261 1414 447 1449 immediata
463 1415 591 1448 Summo
611 1415 756 1448 Pontifici
776 1415 945 1448 subiectio-

207 1478 258 1508 ne,
284 1468 363 1501 itant
388 1479 446 1511 per
471 1468 557 1501 hunc
582 1474 685 1501 actum
712 1468 816 1501 eidem
844 1470 946 1501 eccle-

209 1521 274 1554 siae
296 1522 420 1554 nullum
445 1532 586 1564 unquam
612 1522 848 1565 praeiudicium
868 1522 945 1554 irro-

209 1574 322 1617 getur¹,
337 1580 368 1608 et
382 1585 446 1607 non
463 1575 552 1614 alias,
566 1575 672 1615 aliter,
688 1586 745 1608 nec
760 1575 823 1608 alio
838 1576 944 1608 modo

251 1628 266 1670 ἑ
290 1628 321 1661 3.
349 1628 586 1668 Verumtamen,
614 1634 783 1671 postquam
809 1629 944 1672 praelati

208 1761 407 1830 migrarunt,
433 1756 665 1820 Libinatenses
691 1787 943 1831 archiepiscopi,

209 1944 290 1988 quiri
314 1955 506 1979 consensum
532 1947 692 1989 praesulis
717 1946 890 1989 Ewgubini,
913 1947 945 1980 il-

209 2318 399 2360 praesertim
436 2318 690 2361 appellationum
718 2329 734 2350 a
760 2317 849 2350 curia
878 2317 946 2360 epi-

209 2371 329 2414 scopali
344 2371 513 2414 Eugnbinzi
530 2371 651 2415 pluries
678 2376 898 2413 cognoverunt
916 2376 947 2403 et

210 2423 411 2463 iudicarnn13
437 2424 513 2468 quin
540 2425 634 2457 etiam
661 2424 790 2467 ipsimet
807 2423 947 2465 Eugubi-

210 2477 241 2510 ni
267 2479 431 2520 praesules
466 2488 524 2520 per
560 2489 596 2510 ea
633 2482 779 2520 tempora
804 2487 872 2510 sese
898 2487 947 2510 ar-

210 2529 414 2573 chiepiscopi
433 2530 597 2563 Urbinatis
615 2529 834 2572 suffraganeos
854 2539 947 2573 aper-

247 2594 257 2622 1
280 2591 381 2621 Forsan
401 2593 588 2628 irrogaretur
607 2593 645 2628 (a.
661 2593 709 2629 τ.).

965 1362 1118 1448 fimus&
1141 1362 1347 1448 contigerunt
1377 1363 1416 1395 ab
1452 1362 1541 1395 obitu
1567 1362 1789 1418 piaedictix
1772 1404 1806 1416 m

966 1480 1173 1566 =Speielliis‚
1202 1527 1276 1554 tunc
1315 1522 1486 1565 episcopus
1526 1454 1857 1565 Erigiibinris,¹scsii¹is=ii11·

1624 193 1687 227 189
1734 202 1782 229 An.
1804 193 1918 231 εζιιιῡ

992 257 1020 284 te
1041 252 1112 284 sassi
1130 251 1136 267 ¹
1155 251 1297 291 suerunt,
1316 262 1387 284 nam
1403 244 1534 294 plurie‘s⁷
1555 252 1723 285 occasione

990 304 1185 346 provisionis
1218 304 1362 337 eiusdem
1396 304 1583 347 Eugubinae
1620 306 1724 338 eccle-

989 356 1064 396 siae,
1084 368 1100 389 a
1119 368 1244 390 summo
1263 357 1410 390 Romano
1428 357 1582 390 Pontifice
1597 358 1657 390 sibi
1671 368 1724 390 ex-

988 410 1093 452 pediri
1120 416 1274 443 curarunt
1298 411 1421 444 litteras
1443 411 1723 444 commendatitias

990 468 1201 506 nuncupatas,
1229 463 1347 506 quibus
1372 465 1518 506 praefato
1544 463 1723 506 arehiepis—

988 525 1071 558 copo
1097 516 1311 548 mandabatur
1338 521 1372 548 ut
1397 517 1526 549 eosdem
1552 517 1723 559 praesules

965 557 967 568 ¹
989 567 1221 610 ecclesiamque
1246 568 1310 601 illis
1337 568 1542 601 commissam
1572 567 1725 610 suffraga-

989 630 1081 652 neam
1107 630 1197 652 suam
1224 621 1365 663 benigne
1391 621 1577 664 respiceret,
1604 631 1723 664 eosque

989 683 1047 715 pro
1072 673 1162 706 Sedis
1198 673 1404 716 Apostolieae
1437 673 1619 706 reverentia
1643 683 1722 716 pro-

988 727 1123 768 pensius
1149 727 1389 759 commendatos
1416 726 1559 767 haberet,
1585 737 1619 758 ac
1637 726 1724 758 insu-

965 801 966 827 1
988 789 1046 821 per
1065 789 1147 811 unus
1172 789 1207 812 cx
1236 779 1358 812 eisdem
1385 779 1555 822 episcopis,
1585 779 1615 810 in
1640 778 1725 810 binis

208 832 304 865 modo
330 832 512 865 antedictae
538 832 693 865 erectioni
713 842 888 871 assensum,
909 837 943 864 ut

988 831 1201 864 relationibus
1227 838 1326 864 status
1358 832 1513 864 ecelesiae
1538 831 1725 874 Eugubinae

988 884 1073 917 iuxta
1095 885 1360 918 constitutionem
1387 885 1459 927 piac
1478 884 1587 917 itidem
1606 895 1726 917 memo·

989 938 1053 971 riae
1079 938 1156 970 Sixti
1189 939 1292 981 Papae
1330 939 1351 969 V
1376 938 1638 981 praedecessoris
1668 948 1726 970 no-

988 991 1042 1023 stri
1070 991 1318 1033 Congregationi
1338 990 1569 1023 venerabilium
1590 991 1723 1023 fratrum

991 1050 1176 1077 nostrorum
1199 1044 1230 1076 S.
1258 1044 1294 1076 R.
1322 1044 1356 1076 E.
1385 1044 1597 1076 cardinalium
1636 1043 1722 1077 Con-

989 1096 1054 1129 cilii
1072 1097 1252 1129 Tridentini
1270 1097 1484 1139 interpretum
1499 1097 1626 1135 oblatis,
1646 1106 1726 1129 eam·

989 1150 1061 1182 dem
1089 1150 1255 1182 ecclesiam
1281 1155 1458 1182 memorato
1478 1149 1725 1192 archiepiscopo

988 1202 1192 1235 Urbinatcnsi
1212 1202 1389 1235 subiectam
1410 1201 1493 1235 ιιιιιι“ἰ
1509 1213 1578 1235 esse
1604 1203 1724 1235 diserte

989 1256 1168 1289 astirzvmuit.

209 1314 257 1341 ter
282 1312 479 1352 protestatus
514 1309 590 1347 suit,
616 1309 701 1342 salva
733 1309 765 1340 in
791 1309 942 1341 omnibus
965 1303 966 1340 i

1779 1318 1814 1338 llei
1809 1323 1849 1338 nno
1865 1323 1920 1337 anno

1736 1351 1773 1365 »ιιιι
1774 1351 1807 1390 ,ιῐι
1820 1345 1858 1364 sub
1875 1344 1920 1364 Alo

1804 1371 1890 1396 uSpreo
1880 1370 1921 1390 ello

1825 1403 1836 1415 0

1032 1309 1046 1352 ἓ
1071 1308 1102 1341 8.
1130 1310 1155 1341 ΙΙ
1159 1319 1215 1341 rec
1239 1314 1346 1342 autem
1369 1309 1497 1348 omnia,
1525 1309 1609 1342 sicut
1633 1319 1725 1342 aece-

989 1576 1104 1609 studiis
1141 1575 1314 1617 indulgens
1350 1576 1479 1608 illorum
1517 1575 1648 1617 civium,
1673 1550 1776 1619 (ιη’ἰεΗ

966 1674 967 1680 ¹
989 1629 1099 1662 Uibinz
1101 1628 1193 1662 itensi
1213 1628 1463 1672 metropolitano
1482 1629 1611 1662 subesse
1631 1639 1728 1672 aegro

209 1680 370 1713 Marianus
398 1681 567 1755 episcopus
592 1687 623 1714 et
644 1682 816 1715 cardinalis
837 1682 876 1715 de
897 1682 946 1714 Sa·
966 1684 967 1689 ’

904 1735 967 1745 -ιι

989 1683 1095 1716 ιιιιίηιο
1115 1682 1332 1726 patiebantur,
1355 1682 1500 1740 debitam
1516 1687 1546 1715 et
1565 1693 1664 1726 usque
1690 1682 1727 1716 ad

965 1785 1132 1832 31³olitan0
1170 1757 1405 1822 subiectionem
1442 1789 1620 1821 detrectare
1657 1799 1730 1821 con—

209 1839 427 1873 existimantcs
454 1852 490 1873 ex
516 1841 718 1884 praescripto
747 1842 967 1874 memoratae*

209 1892 325 1925 Pinnae
352 1893 593 1926 constitutionis
627 1904 690 1926 non
728 1894 868 1937 amplius
896 1897 967 1926 1·e-'

989 1843 1104 1875 stituit.
1125 1842 1279 1880 Quocirca
1296 1840 1564 1884 archiepiscopus
1582 1840 1730 1879 Urbinas,

990 1900 1065 1927 tunc
1091 1895 1224 1927 lacobus
1246 1894 1284 1927 de
1311 1894 1453 1936 Angelis,
1477 1899 1588 1936 postea
1612 1892 1726 1926 S.R.E.

966 1952 967 1982 l
989 1947 1179 1986 cardinalis,
1206 1952 1238 1978 ut
1267 1957 1358 1979 suum
1385 1946 1431 1979 ius
1458 1946 1729 1989 metropoliticum

209 1998 271 2031 lico
297 1998 344 2032 ins
369 2000 641 2042 metropoliticum
662 2000 693 2032 in
719 2000 887 2042 Engubina
905 2000 946 2032 ci·
966 2026 968 2049 t

208 2051 305 2085 vitate
344 2053 477 2096 eiusque
510 2053 648 2086 dioecesi
684 2064 834 2086 exercere
865 2064 967 2086 coe-1

208 2110 337 2148 pertint,
365 2111 462 2149 atque
488 2106 685 2149 multiplices
713 2112 774 2138 tam
800 2105 968 2149 volunta-2

209 2158 274 2191 riae
311 2169 407 2202 quam
447 2160 672 2192 contentiosae
717 2159 968 2207 iurisdictionis}

209 2216 311 2249 actus.
338 2217 372 2244 ut
397 2212 576 2255 expositum
603 2211 697 2244 nobis
723 2212 797 2251 snit,
826 2212 968 2244 utrobi-¹

209 2275 270 2307 que
311 2264 444 2307 pacifice
489 2270 720 2305 exercuerunt,
762 2270 793 2297 et
833 2275 945 2297 causas
967 2267 968 2270 ’

990 2006 1150 2039 tueretur,
1177 2000 1262 2033 adito
1295 1999 1445 2032 Gamerae
1479 2005 1608 2032 nostrae
1644 1999 1729 2041 Apo-

989 2055 1124 2087 stolicae
1163 2053 1325 2096 generalis
1367 2052 1523 2085 auditoris
1557 2051 1727 2091 tribunali,

989 2107 1224 2150 productisque
1256 2106 1287 2138 in
1313 2116 1351 2138 eo
1377 2105 1587 2148 praeinsertis
1612 2104 1728 2137 litteris

990 2159 1176 2203 apostolicis
1202 2159 1246 2191 Pii
1280 2158 1561 2202 praedecessoris,
1588 2157 1728 2190 monito—

991 2213 1070 2245 rium
1097 2217 1289 2245 consuetum
1315 2221 1412 2253 super
1438 2221 1548 2243 earum
1579 2211 1729 2243 observa=

991 2266 1078 2298 tione
1103 2265 1163 2297 sibi
1186 2265 1319 2297 concedi
1339 2270 1370 2296 et
1387 2263 1556 2305 Eugubino
1575 2264 1728 2307 episcopo

991 2318 1107 2351 deinde
1122 2317 1323 2360 praesentari
1339 2317 1471 2349 curavit.
1485 2316 1626 2359 Cumque
1644 2316 1729 2348 idem

990 2371 1160 2413 episcopus
1192 2370 1275 2401 circa
1313 2369 1436 2401 initium
1464 2369 1627 2412 sequentis
1654 2369 1729 2401 anni

989 2433 1106 2457 iinctxi
1126 2421 1292 2465 praedicto
1312 2416 1486 2454 monitorio
1504 2431 1537 2454 se
1555 2422 1730 2465 opposuis-

1024 2502 1035 2527 1
1061 2501 1128 2527 Edit.
1151 2501 1233 2527 Main.
1255 2501 1319 2536 legit
1338 2502 1409 2534 sacti
1427 2504 1466 2533 (ιι.
1483 2502 1534 2534 τ.).

1024 2547 1040 2572 ‘2
1057 2546 1104 2572 Vel
1120 2547 1216 2580 partic.
1236 2548 1294 2573 lam
1312 2545 1436 2580 delenda,
1452 2546 1490 2573 vel
1505 2546 1652 2581 tegendum
1670 2546 1728 2573 iam

967 2612 969 2623 ,
992 2595 1037 2619 aut
1057 2590 1143 2618 etiam
1165 2591 1202 2627 (n.
1219 2590 1266 2626 Τ.).
