2170 3147
9 142 58 170 An.
79 142 108 169 C.
130 143 195 169 ¹728

784 146 975 170 ntt§Et=t‹1Tt'S
1003 146 1057 169 xt11
1084 147 1131 169 ΓΡ.

201 192 345 225 ciusdem
372 193 499 225 Ordinis
518 194 603 234 (euni
631 194 693 226 boc
722 200 827 227 tamen
854 194 940 237 quod

202 247 315 278 iratres
340 246 494 288 praedicti
521 247 551 278 in
579 246 668 279 ltalia
693 246 791 290 inque
823 247 939 280 insulis

201 298 424 330 adiacentibus
468 309 526 340 pro
572 304 718 341 tempore
762 299 938 332 existentes

201 355 344 392 quartam
370 350 558 390 l'uneralem‚
587 351 670 383 iuxta
696 356 841 384 nostram
863 363 938 384 con-

199 403 399 435 stitutionem
426 414 508 445 quae
535 403 648 445 incipit
670 404 836 436 Romanus
854 404 937 436 Pon-

200 455 288 496 tisesc,
316 465 443 487 necnon
465 456 550 487 iuxta
570 456 826 488 declarationem
848 457 878 488 in
898 457 937 489 al-

200 510 266 540 tera
291 511 402 540 nostra
434 509 669 541 constitutione
705 519 786 551 quae
822 509 959 551 incipiti

202 561 364 592 Prenosus
388 561 424 592 in
448 565 612 603 conspectu
634 561 768 593 Domini
785 571 883 603 snper
901 563 936 593 ea

199 613 320 652 factam,
334 613 566 656 parochialium
578 613 786 646 eeclesiarum
802 614 832 645 in
848 613 935 646 ltalia

197 675 232 698 ac
258 665 369 698 insulis
387 665 560 708 praedictis
575 666 779 698 existentium
803 667 935 699 rectori-

197 718 255 749 luis
269 719 452 761 persolvere
472 724 663 758 teneantur,
687 718 803 761 quibus
822 718 934 750 del'un-

197 776 321 803 clerum
337 771 490 803 cadavera
505 771 537 803 in
553 771 698 804 ecelesiis
713 771 787 803 dicti
806 771 934 804 Ordinis

197 827 250 855 aut
275 833 386 857 eorum
414 824 615 857 coemeteriis
640 824 796 868 sepelire,
822 824 934 857 missas

196 876 381 915 celebrare,
408 877 535 920 aliaque
560 877 786 910 defunctorum
821 878 932 910 huius-
955 908 956 911 ,

196 929 284 962 modi
325 929 432 963 divina
468 930 571 962 ol'licia
609 937 638 963 et
675 931 826 974 exequias
863 938 956 975 per-J

195 983 318 1015 solvere
345 983 451 1015 invilis
478 983 628 1016 fratribus
655 984 786 1016 minime
813 985 931 1026 liceat)

194 1035 279 1069 (licta
318 1037 496 1079 apostoliea
539 1037 727 1070 auctoritate
771 1043 931 1080 perpetuo
953 1039 955 1077 l

193 1089 396 1121 extendimus
423 1096 454 1122 et
478 1090 684 1133 ampliamus,
713 1091 930 1134 omnibusque
953 1124 954 1130 ,

953 1138 954 1172 i
977 1146 1044 1173 [nni
1062 1142 1150 1174 nobis
1171 1152 1276 1185 uttper
1299 1144 1381 1185 [nil.
1409 1145 1677 1186 praescribuntur
1693 1146 1714 1185 ²,

194 1147 226 1174 et
264 1141 400 1184 singulis
442 1143 678 1184 parochialium
719 1144 930 1176 ecclesiarum

194 1194 374 1228 rectoribus
400 1195 627 1238 praecipimus,
653 1206 692 1228 ne
715 1197 745 1228 in
764 1201 930 1238 posterum
952 1220 954 1243 t

192 1248 363 1290 eligendae
388 1249 575 1290 sepulturae
608 1249 792 1282 libertatem
820 1245 954 1291 liuius-s

193 1301 302 1339 modi,
342 1311 424 1343 quae
461 1311 591 1344 senipct·
627 1302 715 1334 lirma
751 1308 782 1334 et
820 1302 931 1334 illaesa

193 1359 372 1392 remaneat,
391 1353 624 1396 quoquomodo
643 1359 696 1386 aut
722 1363 930 1396 quocumque
951 1384 953 1395 ,

192 1406 276 1445 iure,
310 1406 421 1449 quavis
453 1408 570 1446 causa,
603 1413 634 1440 et
669 1408 799 1450 praevia
826 1406 953 1446 cuius-3

951 1483 952 1487 ,
974 1459 1119 1493 indebite
1146 1472 1180 1493 ac
1213 1462 1324 1505 inique
1351 1468 1518 1502 exactum,
1553 1464 1591 1496 ad
1625 1464 1710 1497 illius

191 1469 330 1502 cumque
356 1460 579 1492 conventionis
604 1466 658 1493 aut
683 1460 928 1493 consuetudinis

192 1511 288 1544 etiam
314 1512 584 1545 immemorabilis
603 1513 787 1546 cassatione
807 1519 838 1545 et
855 1513 929 1546 abo-

191 1565 321 1603 litione,
346 1565 469 1598 directe
507 1567 554 1598 vel
587 1566 744 1598 indirecte
770 1566 952 1615 impedire,

950 1625 951 1631 ¹
975 1623 1055 1651 trum
1072 1645 1079 1659 ‚
1104 1625 1137 1651 ut
1163 1620 1364 1662 praefertur,
1402 1621 1562 1655 associare
1589 1622 1710 1656 deben-

193 1619 259 1651 nllo
285 1618 380 1650 modo
406 1618 564 1657 audeant,
590 1629 696 1661 neque
722 1620 844 1652 electae
871 1620 928 1652 sub

191 1680 394 1713 quocumque
419 1677 589 1713 praetextu
617 1672 848 1713 praeimlieium
874 1672 929 1703 ali-
950 1696 951 1699 η

950 1726 951 1767 l
973 1724 1120 1767 puberis,
1139 1736 1194 1757 seu
1216 1726 1246 1757 in
1266 1736 1470 1769 quacumque
1490 1726 1549 1759 alia
1563 1728 1573 1741 ³
1591 1728 1649 1760 etsi
1677 1728 1709 1761 in

191 1724 275 1767 qnod
303 1723 422 1756 inl'erre
448 1725 691 1766 quomodolibet
712 1731 927 1768 praesumant,

191 1787 249 1820 per
274 1777 403 1809 easdem
438 1783 625 1819 praesentes
659 1784 817 1820 perpetuo
844 1778 951 1822 inhi-¹

192 1831 321 1868 bemus,
346 1839 381 1861 ac
406 1839 440 1861 ex
466 1840 550 1862 nunc
576 1830 749 1863 inhibitum
776 1841 847 1863 esse
876 1831 951 1866 ro-J'

192 1883 308 1914 lumus.
334 1881 435 1924 thue
462 1882 493 1914 in
520 1882 747 1916 detunctorum
774 1884 950 1920 sanctuli-3

192 1935 251 1966 bus
288 1934 445 1966 faciendis
481 1936 669 1968 eorumdem
704 1937 950 1978 defunctorum3

193 1980 328 2026 animas,
356 1991 385 2018 et
411 1987 507 2019 etiam
532 1988 674 2020 rivorum
700 1990 925 2031 precantium,
949 1988 950 2023 J

948 2052 1006 2089 ¹ae
1042 2046 1192 2084 parentes
1230 2042 1359 2074 cosdem
1397 2043 1435 2075 ad
1474 2045 1707 2078 transeundum

193 2041 317 2072 remota
341 2049 543 2083 quacumque
579 2041 756 2084 iurgiorum
782 2048 813 2075 et
838 2053 929 2086 prae-

194 2097 359 2125 tensorum
400 2093 690 2126 emolumei‘itorum
732 2096 925 2135 occasione,

194 2144 318 2178 animos
345 2144 579 2177 constituamus
613 2146 644 2177 in
670 2157 770 2189 pace,
804 2153 834 2180 et
868 2159 926 2192 pax

193 2197 263 2240 ipsa
295 2197 327 2229 in
361 2196 468 2229 debita
504 2197 619 2230 mentis
655 2200 832 2232 attentione
861 2201 928 2232 ani-

192 2250 299 2293 mique
327 2249 557 2293 tranquillitate
584 2252 736 2284 ascendat
760 2252 797 2285 ad
822 2253 927 2286 Domi-

192 2313 287 2342 num,
315 2313 373 2335 nos
400 2303 702 2337 determinationem
728 2306 852 2338 numeri
880 2316 927 2339 re-

191 2355 349 2398 gularium
390 2355 614 2388 defunctorum
651 2357 803 2389 cadavera
839 2368 926 2390 asso-

192 2407 278 2441 ciare
304 2407 492 2440 debentium
517 2413 665 2450 spectare
693 2410 856 2442 volumus¹
886 2411 925 2443 ad

190 2459 427 2505 parochialium
450 2461 658 2494 ecclesiarum
679 2467 822 2496 rectores
840 2463 925 2496 iuxta

223 2523 236 2549 1
258 2523 352 2550 Potius
373 2523 519 2558 legendum
539 2532 598 2551 esse
620 2526 750 2552 nolumus
762 2525 800 2560 (n.
818 2528 865 2559 τ.).

257 2578 337 2605 lsutt.
363 2579 447 2607 Rom.
467 2593 501 2598 —
521 2580 583 2607 l'ul.
603 2578 695 2609 XXII.
772 2580 806 2606 80

1617 136 1679 167 &32²3

984 204 1128 226 normam
1165 195 1357 227 clericorum
1383 194 1621 235 saecularium,
1647 205 1722 237 qua-

982 255 1119 289 cumque
1152 247 1388 281 consnetudinc
1426 248 1521 281 etiam
1553 247 1721 281 immemo-

982 299 1076 332 rabili
1110 310 1315 343 nequaquam
1353 301 1522 341 obstante3
1549 301 1719 344 minusque

981 352 1020 384 ab
1047 362 1159 385 eorum
1185 353 1403 396 parochianis,
1422 354 1453 386 in
1475 353 1547 387 aliis
1574 365 1669 397 qnam
1687 355 1718 387 in

981 404 1169 437 eorumdem
1184 406 1458 448 parochianorum
1476 406 1719 450 parochialibus

981 456 1127 489 ecclesiis
1143 458 1343 500 sepulturam
1356 459 1416 491 sibi
1432 458 1641 501 eligentibus,
1656 465 1718 492 tam

980 508 1149 541 electionis
1189 520 1284 552 quam
1326 510 1496 544 missarum
1538 512 1586 545 vel
1628 512 1718 544 anni-

979 561 1197 594 versariorum
1231 562 1462 597 celebrationis
1488 570 1542 597 aut
1567 565 1718 598 obtentus

979 613 1143 646 cadaveris
1174 615 1205 646 in
1237 615 1417 649 cathedrali
1456 618 1503 650 vel
1537 617 1717 660 parochiali

979 666 1114 699 ecclesia
1140 667 1229 710 prius
1256 670 1441 711 exponere¹
1476 681 1533 703 seu
1563 671 1715 703 transitus

978 728 1038 761 per
1063 719 1180 752 limites
1215 721 1422 763 parochiales
1455 722 1588 755 aliarum
1623 734 1717 766 paro-

978 770 1131 804 chialium
1154 773 1360 806 ecclesiarum
1379 775 1559 817 respective
1578 775 1714 817 ratione,

977 833 1032 856 seu
1059 824 1121 857 alio
1147 835 1353 869 quocumque
1381 827 1476 860 etiam
1509 829 1654 861 colorato
1682 829 1717 861 ti-

977 878 1054 916 tulo,
1074 878 1228 910 maiorem
1248 880 1487 923 eleemosynam]
1503 881 1630 924 aliaque
1646 891 1717 924 gra-

976 930 1064 963 viora
1102 932 1321 965 emolumenta
1358 939 1488 975 petere,
1525 934 1655 977 exigere
1685 940 1715 968 et

977 984 1190 1026 praetendere
1211 985 1300 1017 nullo
1320 986 1417 1018 modo
1437 996 1531 1029 posse
1553 987 1716 1027 volumus,

977 1047 1072 1079 quam
1098 1047 1180 1079 quae
1208 1048 1223 1069 a
1249 1037 1347 1070 Paulo
1368 1039 1389 1069 Y
1409 1039 1664 1081 praedecessore
1684 1039 1714 1073 in

976 1092 1032 1121 sua
1060 1090 1310 1130 constitutione,
1329 1101 1411 1133 quae
1437 1091 1550 1135 incipit
1578 1092 1714 1136 Emposi·

975 1195 1103 1237 praevia
1129 1196 1266 1228 cuiusvis
1293 1202 1485 1239 praetensae
1503 1198 1640 1231 rationis
1658 1209 1712 1231 seu

975 1249 1141 1290 praetensi
1168 1250 1246 1282 iuris
1272 1250 1453 1283 cassatione
1471 1256 1501 1283 et
1519 1251 1711 1291 abolitione,

975 1308 1067 1343 prout
1106 1313 1162 1345 pei·
1198 1303 1327 1336 casdem
1361 1310 1545 1346 praesentes
1580 1305 1712 1338 omnino

974 1354 1170 1397 penitusque
1197 1355 1376 1396 abolemus,
1402 1367 1563 1390 cassamus
1592 1364 1619 1390 et
1643 1359 1713 1391 irri-

975 1412 1100 1447 tamus,
1127 1413 1173 1447 et,
1202 1409 1226 1441 si
1254 1409 1329 1452 quid
1356 1410 1459 1452 pluris
1486 1410 1634 1453 exigant,
1667 1412 1711 1443 uti

974 1513 1217 1553 restitutionem,
1244 1520 1276 1547 et
1299 1514 1367 1557 ipso
1387 1516 1478 1555 sacto,
1500 1526 1555 1549 eos
1581 1517 1710 1550 omnino

975 1566 1076 1598 teneri
1103 1567 1316 1601 declaramus.
1345 1568 1519 1602 Numerum
1548 1580 1623 1603 vero
1653 1570 1712 1603 sra-

975 1672 1060 1710 tium,
1087 1671 1125 1704 ad
1152 1672 1309 1711 del'uncti,
1330 1673 1393 1705 sive
1415 1674 1535 1712 adulti⁷
1563 1674 1626 1707 sire
1652 1675 1711 1708 isn-

972 1777 1111 1810 inl‘antili
1136 1783 1239 1810 aetate
1256 1779 1438 1819 constituti,
1469 1780 1526 1811 ad'
1552 1779 1709 1814 haeredes

972 1837 1002 1862 et
1026 1830 1157 1862 inl'antis
1196 1836 1368 1873 parentes,
1406 1833 1494 1864 nullo
1521 1832 1634 1866 habito
1660 1844 1710 1867 re-

971 1889 1083 1925 spectu
1109 1884 1147 1916 ad
1174 1893 1345 1916 numerum
1378 1884 1570 1918 clericorum
1600 1897 1708 1920 saecu-

972 1936 1107 1976 larium,
1133 1936 1293 1969 dumtaxat
1317 1941 1460 1979 spectare
1490 1937 1707 1980 decernimus,

971 1998 1005 2021 ac
1031 1989 1146 2021 fratres
1166 1988 1296 2022 Ordinis
1315 1989 1471 2032 praedicti
1493 1997 1524 2023 et
1550 1991 1708 2026 haeredes

971 2105 1029 2137 per
1053 2095 1271 2135 cathedrales,
1299 2095 1518 2138 parochiales,
1545 2107 1600 2130 seu
1627 2099 1706 2132 alias

948 2147 1175 2189 sparoeliiales
1215 2149 1368 2181 eeclesias
1409 2149 1703 2193 parochianorum,

948 2237 950 2243 ,
971 2205 1023 2232 aut
1049 2210 1108 2243 per
1133 2211 1185 2233 eas
1212 2206 1418 2234 transeuntes
1443 2202 1481 2234 ad
1515 2205 1708 2246 exponenda

972 2253 1003 2284 in
1041 2253 1086 2285 eis
1122 2254 1295 2293 cadavera,
1327 2254 1398 2295 vel,
1432 2256 1528 2288 causa
1554 2257 1706 2291 transitus

972 2305 1177 2346 huiusmodi,
1205 2306 1325 2349 aliquid
1352 2307 1562 2349 solvendum,
1589 2314 1643 2343 aut
1667 2310 1706 2344 ad

1006 2394 1013 2419 l
1039 2392 1148 2420 Videtur
1162 2393 1310 2428 legendum
1333 2396 1495 2430 eac-ponendi
1508 2395 1548 2432 (n.
1566 2398 1615 2431 Tu).

1003 2438 1020 2464 2
1039 2437 1088 2465 Ed.
1104 2437 1187 2464 Main.
1203 2438 1268 2474 legit
1278 2440 1483 2474 praescribunt
1499 2442 1534 2477 (n.
1550 2446 1598 2475 T.).

1003 2481 1019 2508 3
1039 2480 1089 2508 Ed.
1105 2481 1187 2510 Main.
1205 2482 1269 2518 legit
1283 2484 1359 2512 alias
1374 2486 1416 2519 (R.
1431 2487 1479 2520 τ.).

1002 2525 1017 2552 4
1036 2525 1190 2562 Praeposit.
1211 2527 1249 2554 ad
1269 2527 1383 2558 delenda
1403 2528 1508 2559 videtur
1528 2530 1566 2567 (n.
1584 2533 1633 2568 T.).

1731 148 1777 172 An.
1798 149 1826 174 (ἶ.
1849 148 1913 174 1798
