2170 3147
17 191 69 219 An.
87 191 116 218 C.
135 190 203 218 ¹726

208 239 362 282 priorem,
390 241 444 272 aut
464 239 585 282 plures,
603 239 740 272 arbitrio
766 239 865 282 ipsius
884 250 948 272 car-

210 291 326 324 dinalis
352 292 566 334 protectoris,
607 292 693 324 iuxta
733 291 946 334 indigentiam

209 336 456 385 constituantur,
481 345 535 388 qui
562 344 593 377 in
613 344 796 377 hnmilitate
815 355 850 377 ac
871 345 947 377 cha—

209 396 313 429 ritatis
338 397 469 440 spiritu,
497 402 528 430 et
553 397 676 430 aeterni
710 402 849 436 tantum,
875 397 947 429 nul-

208 449 336 492 liusque
363 450 485 483 terreni
510 450 645 493 praemii
670 449 853 482 mercedem
875 458 948 491 spe-

207 507 316 535 rantes
342 508 374 536 et
398 513 475 546 prae
509 502 613 536 oculis
648 501 824 541 habentes,
863 503 948 534 solo-

209 565 272 597 que
295 555 380 588 victu
406 561 438 588 ct
464 555 579 588 vestitu
606 565 641 587 ac
667 554 738 587 aliis
755 553 948 587 necessariis

207 607 366 651 impensis
402 607 462 641 sibi
489 618 547 651 per
570 607 735 650 hospitale
767 606 946 650 praefatum

209 661 308 702 gratis
333 661 621 694 subministrandis
644 660 804 700 contenti,
832 670 865 692 ae
893 659 946 691 uni

208 714 274 747 Deo
299 714 429 757 placere
455 714 694 754 desiderantes,
720 724 850 747 omnem
876 723 949 756 ope-

208 777 275 800 ram
301 773 333 800 et
364 767 505 800 animum
541 778 666 810 ponere
707 771 739 800 et
775 766 948 799 intendere

209 821 351 854 debeant
374 831 438 854 non
464 821 562 854 modo
593 821 633 854 ad
669 820 849 854 curandum
876 829 949 852 cor-

208 875 338 917 porales
370 879 576 917 aegrotorum
602 873 807 906 infirmitates
837 873 949 906 huius-

208 927 319 968 modi,
344 927 401 960 sed
425 928 521 960 etiam
547 928 585 960 ad
617 938 693 968 eos,
720 927 772 970 qui
799 926 831 958 in
860 932 949 959 tene-

207 980 274 1014 bris
300 986 329 1014 et
356 981 388 1014 in
411 980 525 1013 umbra
542 980 655 1013 mortis
674 980 799 1020 sedent,
816 979 849 1012 in
867 979 949 1011 viam

209 1033 321 1066 salutis
348 1034 565 1076 dirigendum,
584 1044 679 1066 verae
697 1038 729 1066 et
747 1032 948 1066 orthodoxae

207 1085 284 1119 ndei
310 1087 463 1129 dogmata
490 1087 714 1127 edocendum,
748 1091 844 1130 atque
881 1097 949 1119 cae-

208 1139 282 1172 lesti
309 1145 590 1173 sacramentorum
616 1140 698 1183 dape
723 1145 755 1173 et
778 1139 866 1172 verbi
892 1139 947 1171 Dei

209 1192 330 1235 pabulo
356 1193 547 1236 frequenter
577 1193 775 1236 pascendum
811 1197 842 1225 et
872 1202 949 1225 enu-

209 1246 371 1280 triendum
390 1274 397 1287 ‚
426 1246 703 1289 quemadmodum
729 1245 775 1279 eis
807 1257 823 1278 a
862 1245 947 1278 dicto

209 1299 338 1343 priore,
357 1300 426 1340 eui,
451 1299 535 1333 sicut
559 1310 631 1333 mox
658 1299 852 1342 dispositum
873 1299 949 1338 fuit,

211 1354 348 1386 subesse
374 1363 409 1386 ac
434 1352 664 1396 obtemperare
697 1353 879 1393 debebunt,
903 1352 950 1385 in-

211 1405 352 1438 iunctum
378 1405 485 1438 suerit.
527 1405 710 1449 Presbyteri
747 1411 853 1438 autem
890 1415 948 1438 seu

210 1469 369 1502 personae
394 1459 636 1492 ecclesiastieae
663 1458 869 1498 huiusmodi,
895 1458 949 1501 qui

210 1510 243 1543 in
271 1511 392 1544 dictum
418 1511 582 1554 hospitale
607 1516 641 1544 ut
658 1522 754 1555 supra
778 1511 949 1544 admitten-

211 1569 273 1605 tur,
313 1564 503 1597 novitiatum
540 1575 594 1597 seu
627 1564 853 1607 probationem
891 1574 949 1606 per

210 1616 380 1651 biennium
399 1628 495 1660 agere
513 1622 700 1658 teneantur,
719 1628 783 1661 qno
801 1623 948 1660 tempore

212 1669 372 1710 durante,
403 1680 499 1703 mane
535 1675 567 1703 et
604 1680 739 1713 vespere
776 1670 948 1710 intersint,

213 1722 289 1755 dum
312 1722 430 1756 infirmi
456 1729 625 1764 curantur,
651 1734 688 1756 ae
714 1723 950 1756 medicamenta

212 1775 430 1809 conficiuntur
454 1781 486 1809 et
512 1777 734 1819 applicantur,
767 1782 800 1809 ut
834 1776 950 1809 exinde

212 1833 276 1862 tam
301 1834 466 1872 unguenta
499 1840 536 1862 ae
561 1831 650 1870 olea,
679 1840 762 1873 quae
794 1829 825 1861 in
858 1840 951 1872 prae-

213 1882 286 1915 fatis
318 1882 442 1915 morbis
478 1882 692 1922 adhibentur,
730 1882 950 1925 componendi

213 1935 428 1978 parandique,
446 1945 541 1978 quam
563 1935 692 1968 morbos
710 1935 800 1978 ipsos
818 1935 951 1967 curandi

214 1993 246 2020 et
268 1988 404 2020 sanandi
438 1988 628 2020 methodum
664 1992 694 2021 et
726 1993 827 2021 artem
864 1988 951 2021 addi-

214 2046 325 2080 scant·,
353 2041 547 2083 expletoque
584 2041 756 2074 novitiatus
788 2052 845 2074 seu
878 2052 950 2084 pro-

213 2094 354 2127 bationis
378 2094 513 2127 biennio
539 2095 696 2138 praefato,
714 2096 767 2139 qui
789 2096 953 2139 presbyte

214 2157 322 2180 rorum
347 2157 628 2191 personarumque
662 2148 952 2181 ecclesiasticarum

214 2199 457 2243 praedictarum
490 2210 626 2233 numero
660 2200 800 2233 adscribi
838 2206 867 2233 et
899 2212 953 2244 ag-

215 2253 344 2296 gregari
362 2253 512 2293 voluerit,
530 2264 565 2286 se
588 2254 738 2293 examini,
758 2265 817 2297 per
843 2265 953 2297 snpra-

209 2306 338 2340 vdietum
364 2306 522 2350 priorem,
547 2307 703 2340 accersito
737 2312 768 2340 et
803 2307 952 2341 adhibito

216 2369 341 2399 secum,
369 2360 394 2393 si
420 2359 448 2392 ei
473 2359 622 2400 libuerit,
641 2360 769 2393 medico
788 2360 953 2394 ordinario

216 2412 318 2455 ipsius
351 2412 525 2455 hospitalis
558 2412 726 2452 habendo,
763 2423 952 2456 supponere

217 2465 353 2506 debeat,
380 2465 473 2508 sique
498 2465 603 2498 minus
628 2466 769 2498 idoneus
802 2466 951 2498 inventus

217 2518 328 2559 suerit,
353 2519 484 2551 senario
522 2529 577 2551 seu
609 2518 723 2551 maiori
750 2529 888 2552 numero
923 2530 953 2552 e-

217 2572 358 2606 iusmodi
384 2572 518 2606 minime
544 2572 766 2613 adscribatur3
793 2572 843 2605 sin
875 2582 952 2607 vero

792 191 987 216 BENEDICTUS

1013 191 1069 215 xm
1094 192 1143 216 rr.
1618 182 1679 215 [151

990 240 1109 273 habilis
1135 245 1166 273 et
1191 245 1284 284 aptus
1302 246 1449 285 repertus
1468 241 1518 281 sit,
1534 240 1619 273 idem
1638 240 1727 282 prior

990 292 1210 325 testimonium
1237 304 1336 337 super
1361 293 1430 326 eius
1452 294 1629 326 idoneitate
1655 302 1729 335 per·

991 344 1102 377 hibeat
1127 345 1186 388 ipsi
1214 346 1370 379 cardinali
1390 346 1569 389 protectori
1601 345 1728 377 traden-

990 397 1064 429 dum
1087 402 1120 429 nt
1146 398 1235 430 illum
1262 399 1363 441 recipi
1391 399 1533 431 mandet.

1033 447 1125 489 5023.
1153 448 1190 480 Et
1215 448 1268 490 qui
1296 454 1408 482 exacto
1441 449 1596 481 novitiatu
1633 458 1678 490 pr·
1674 458 1728 480 ie·
1748 462 1784 485 ιι,
1782 462 1862 508 ¹¹¹n³
1859 463 1892 481 -.ι«ι
1895 463 1924 484 -ι,

991 499 1054 531 sato
1075 499 1120 532 sie
1144 501 1278 533 admissi
1305 501 1432 541 suerint,
1457 502 1509 534 die
1531 501 1659 534 illorum
1679 497 1744 533 :sid
1741 518 1768 535 ι...
1755 491 1844 535 ’,ῚῙἪ
1810 521 1843 537 m„-
1860 515 1884 535 a
1863 492 1924 536 ¹12²*

990 551 1180 585 missionem
1198 553 1383 586 immediteih
1398 554 1546 597 sequenti
1566 554 1727 586 exercitiis
1741 547 1759 561 ³
1762 544 1782 561 ι

991 605 1218 647 spiritualibus
1240 606 1271 638 in
1293 607 1409 640 eodem
1430 607 1585 649 hospitali
1603 617 1727 647 vacare,

992 662 1040 698 et,
1061 663 1229 701 postquam
1255 658 1310 692 illa
1335 670 1392 702 per
1410 665 1483 692 octo
1504 660 1571 692 dics
1591 670 1729 702 perege-

992 710 1075 750 rint,
1103 716 1210 744 votnm
1236 711 1369 755 simplex
1405 712 1665 755 perseverantiae
1699 711 1730 743 in

992 763 1065 806 ipso
1098 764 1273 807 hospitali,
1307 775 1342 797 ae
1378 764 1514 798 infirmis
1551 765 1630 797 inibi
1671 775 1731 808 pro

994 820 1139 860 tempore
1176 817 1391 850 existentibus
1427 818 1652 857 deserviendi,
1692 817 1731 850 il-

993 871 1105 913 losque
1130 871 1262 903 curandi
1283 876 1314 903 et
1333 871 1532 910 instruendi,
1558 871 1663 903 donee
1688 871 1732 903 ri-

993 923 1112 962 xerint,
1140 923 1171 956 in
1204 923 1355 956 manibus
1390 924 1512 967 prioris
1550 923 1729 966 praedicti,

992 977 1220 1020 praesentibus
1259 977 1392 1020 reliquis
1433 977 1632 1021 presbyteris
1675 988 1730 1009 seu

992 1029 1119 1062 clericis
1146 1030 1291 1062 eiusdem
1318 1030 1498 1073 hospitalis,
1527 1030 1557 1061 in
1578 1030 1666 1062 illius
1685 1041 1732 1062 ec-

992 1083 1088 1116 elesia
1110 1094 1164 1117 seu
1182 1084 1243 1116 alia
1265 1084 1387 1126 capella
1414 1084 1548 1127 privata,
1574 1094 1730 1126 expresse

992 1136 1143 1170 emittere
1176 1137 1360 1177 debebunt,
1395 1148 1431 1170 ac
1460 1137 1618 1170 eiusmodi
1644 1142 1732 1169 actus

992 1189 1076 1223 libro
1113 1191 1150 1223 ad
1182 1190 1212 1222 id
1250 1190 1446 1223 destinando
1472 1196 1503 1223 et
1528 1190 1560 1222 in
1586 1190 1731 1223 archivio

992 1242 1067 1276 dieti
1087 1243 1259 1287 hospitalis
1284 1244 1479 1276 asservando
1507 1243 1733 1275 describantur

992 1302 1023 1330 et
1049 1297 1274 1339 iegistrentur,
1304 1308 1343 1329 ne
1369 1308 1481 1330 eorum
1508 1297 1662 1330 memoria
1683 1298 1733 1330 de-

993 1355 1123 1393 pereat:
1161 1351 1290 1394 hocque
1324 1350 1585 1393 perseverantiae
1625 1356 1731 1383 votnm

994 1404 1096 1437 dietus
1122 1404 1269 1437 AEmilius
1296 1404 1387 1447 prior
1420 1403 1451 1436 in
1489 1404 1636 1437 manibus
1669 1415 1732 1437 me-

994 1457 1108 1490 morati
1150 1457 1324 1490 cardinalis
1371 1457 1567 1500 protectoris

994 1511 1056 1543 alia
1080 1510 1287 1543 solemnitate
1321 1521 1356 1544 ae
1382 1511 1584 1553 obligatione
1612 1511 1733 1543 exerci-

994 1564 1036 1596 tia
1061 1564 1242 1607 spiritualia
1268 1564 1456 1597 huiusmodi
1482 1564 1734 1607 peragendhsi·

994 1617 1058 1649 cuti
1101 1617 1196 1650 etiam
1237 1617 1420 1661 presbytcri
1464 1617 1518 1660 qni
1558 1618 1590 1649 in
1631 1617 1734 1660 primii

995 1671 1070 1703 dicti
1109 1670 1283 1714 hospitalis
1315 1670 1495 1714 aperitione
1527 1671 1566 1703 de
1599 1680 1733 1702 numero

995 1724 1126 1757 senario
1158 1724 1305 1766 praefato
1340 1729 1447 1764 erunt,
1477 1728 1591 1767 utpote
1622 1723 1652 1755 in
1684 1723 1734 1756 his

995 1777 1092 1810 rebus
1119 1777 1213 1820 periti
1240 1783 1271 1810 et
1296 1777 1440 1820 experti,
1468 1787 1586 1819 nempe
1613 1776 1668 1819 qui
1703 1787 1734 1809 e-

995 1836 1143 1863 narratos
1169 1830 1299 1863 morbos
1325 1830 1357 1862 in
1392 1830 1487 1862 domo
1521 1840 1579 1872 per
1612 1830 1732 1862 dictum

996 1884 1157 1917 AEmilium
1184 1884 1343 1916 conducta
1370 1883 1423 1915 diu
1449 1888 1623 1923 curarunt,
1650 1882 1734 1915 simi-

996 1936 1072 1970 liter
1098 1937 1245 1970 emitte1e
1274 1941 1460 1969 teneantur.

1040 1991 1054 2033 ἓ
1079 1989 1132 2022 024.
1160 1989 1260 2022 Porro
1285 1989 1421 2028 clericis,
1449 1989 1501 2031 qui
1522 1989 1649 2022 senario
1676 1999 1732 2021 seu
1746 1993 1806 2067 “clm
1808 1994 1927 2041 rlffmowos

996 2044 1110 2077 mai01i
1129 2054 1265 2076 numero
1287 2042 1474 2075 huiusmodi
1496 2042 1650 2085 adscripti
1671 2042 1752 2074 sue-¹
1746 2076 1764 2094 Ι
1768 2050 1927 2095 ΙειθῑιιιιιΙ

996 2097 1081 2136 rint,
1108 2108 1144 2129 ac
1171 2101 1354 2129 enarritum
1389 2101 1495 2128 votum
1522 2105 1732 2138 pe1sevcr·1n
1746 2081 1778 2127 ιιυΠ
1779 2081 1860 2121 ibim)
1872 2103 1927 2122 ιω-

998 2149 1058 2182 tiae
1083 2149 1263 2188 emiserint,
1290 2154 1324 2181 ut
1348 2148 1409 2191 ipsi
1436 2148 1475 2180 ad
1498 2159 1611 2180 omnes
1638 2148 1693 2179 cti
1685 2136 1814 2182 ιιιιιιιὶ
1818 2135 1928 2176 ‘mmm¹

996 2212 1101 2235 saeros
1126 2208 1158 2234 et
1182 2201 1425 2244 presbsstetatus
1444 2201 1583 2240 ordines,
1603 2201 1642 2233 ad
1662 2201 1734 2233 titu-

996 2255 1061 2287 tum
1087 2255 1207 2287 servitii
1236 2254 1379 2287 eiusdem
1413 2254 1585 2297 hospitalis
1612 2260 1643 2287 ct
1676 2255 1733 2287 ali-

996 2313 1180 2340 mentorum
1211 2307 1256 2340 eis
1290 2318 1307 2339 a
1340 2307 1426 2340 dieto
1461 2307 1612 2349 hospitali
1640 2318 1733 2350 prae-

996 2360 1197 2400 bendorum,
1223 2371 1241 2392 a
1265 2359 1452 2402 supradicto
1484 2359 1579 2392 Urbis
1613 2360 1732 2392 vicario

995 2423 1052 2445 seu
1085 2413 1124 2446 ab
1157 2423 1195 2446 eo
1232 2413 1439 2456 deputando,
1478 2413 1610 2445 servatis
1652 2413 1730 2445 alias

996 2466 1177 2507 servandis,
1215 2466 1399 2509 promoveri
1436 2465 1537 2499 libere
1575 2472 1606 2498 ct
1642 2467 1729 2499 licite

997 2519 1143 2560 valeant,
1170 2519 1378 2552 concedimus
1411 2519 1535 2562 pariter
1560 2524 1591 2551 ct
1624 2519 1731 2552 indul-

997 2582 1124 2616 gemus,
1151 2572 1194 2604 ita
1220 2577 1326 2605 tamen
1352 2576 1396 2613 ut,
1423 2572 1448 2605 si
1475 2582 1571 2616 quem
1599 2582 1633 2604 ex
1662 2573 1731 2605 tali—

1731 191 1781 215 An.
1801 190 1828 216 C.
1854 190 1919 217 ¹726

1612 1457 1732 1500 absque
