<?xml version="1.0" encoding="UTF-8"?>
<!DOCTYPE html PUBLIC "-//W3C//DTD XHTML 1.0 Transitional//EN"
    "http://www.w3.org/TR/xhtml1/DTD/xhtml1-transitional.dtd">
<html xmlns="http://www.w3.org/1999/xhtml" xml:lang="en" lang="en">
 <head>
  <title>
</title>
<meta http-equiv="Content-Type" content="text/html;charset=utf-8" />
  <meta name='ocr-system' content='tesseract 3.04.00' />
  <meta name='ocr-capabilities' content='ocr_page ocr_carea ocr_par ocr_line ocrx_word'/>
</head>
<body>
  <div class='ocr_page' id='page_1' title='image "./bullarumdiplomat22cath_0957.png"; bbox 0 0 2139 3142; ppageno 0'>
   <div class='ocr_carea' id='block_1_1' title="bbox 764 299 1083 322">
    <p class='ocr_par' dir='ltr' id='par_1_1' title="bbox 764 299 1083 322">
     <span class='ocr_line' id='line_1_1' title="bbox 764 299 1083 322; baseline -0.003 0"><span class='ocrx_word' id='word_1_1' title='bbox 764 300 857 322; x_wconf 71' lang='lat' dir='ltr'>INDEX</span> <span class='ocrx_word' id='word_1_2' title='bbox 886 299 1054 322; x_wconf 72' lang='lat' dir='ltr'>nUBmCAffl</span> <span class='ocrx_word' id='word_1_3' title='bbox 1064 299 1083 321; x_wconf 70' lang='lat' dir='ltr'>M</span> 
     </span>
    </p>
   </div>
   <div class='ocr_carea' id='block_1_2' title="bbox 153 349 931 2707">
    <p class='ocr_par' dir='ltr' id='par_1_2' title="bbox 241 349 893 394">
     <span class='ocr_line' id='line_1_2' title="bbox 241 349 893 394; baseline 0 -12"><span class='ocrx_word' id='word_1_4' title='bbox 241 351 270 383; x_wconf 85' lang='lat' dir='ltr'>S.</span> <span class='ocrx_word' id='word_1_5' title='bbox 291 349 452 383; x_wconf 82' lang='lat' dir='ltr'>Saturnini</span> <span class='ocrx_word' id='word_1_6' title='bbox 478 350 624 394; x_wconf 79' lang='lat' dir='ltr'>martyris</span> <span class='ocrx_word' id='word_1_7' title='bbox 648 350 721 382; x_wconf 89' lang='lat' dir='ltr'>dicti</span> <span class='ocrx_word' id='word_1_8' title='bbox 747 349 871 383; x_wconf 77' lang='lat' dir='ltr'>Ordinis</span> <span class='ocrx_word' id='word_1_9' title='bbox 886 377 893 391; x_wconf 86' lang='lat'>,</span> 
     </span>
    </p>

    <p class='ocr_par' dir='ltr' id='par_1_3' title="bbox 153 454 897 757">
     <span class='ocr_line' id='line_1_3' title="bbox 153 454 896 497; baseline 0 -10"><span class='ocrx_word' id='word_1_10' title='bbox 153 455 266 487; x_wconf 87' lang='lat' dir='ltr'>LXXV.</span> <span class='ocrx_word' id='word_1_11' title='bbox 291 454 502 488; x_wconf 85' lang='lat' dir='ltr'>Confirmatur</span> <span class='ocrx_word' id='word_1_12' title='bbox 531 454 693 487; x_wconf 85' lang='lat' dir='ltr'>decretum</span> <span class='ocrx_word' id='word_1_13' title='bbox 717 454 896 497; x_wconf 83' lang='lat' dir='ltr'>Congrega-</span> 
     </span>
     <span class='ocr_line' id='line_1_4' title="bbox 244 506 897 549; baseline 0 -10"><span class='ocrx_word' id='word_1_14' title='bbox 244 506 338 540; x_wconf 85' lang='lat' dir='ltr'>tionis</span> <span class='ocrx_word' id='word_1_15' title='bbox 362 507 488 540; x_wconf 85' lang='lat' dir='ltr'>Rituum</span> <span class='ocrx_word' id='word_1_16' title='bbox 515 507 547 539; x_wconf 91' lang='lat' dir='ltr'>in</span> <span class='ocrx_word' id='word_1_17' title='bbox 570 507 705 549; x_wconf 83' lang='lat' dir='ltr'>gratiam</span> <span class='ocrx_word' id='word_1_18' title='bbox 730 507 897 540; x_wconf 82' lang='lat' dir='ltr'>canonico-</span> 
     </span>
     <span class='ocr_line' id='line_1_5' title="bbox 243 560 897 603; baseline 0 -11"><span class='ocrx_word' id='word_1_19' title='bbox 243 563 314 593; x_wconf 84' lang='lat' dir='ltr'>rum</span> <span class='ocrx_word' id='word_1_20' title='bbox 339 560 697 593; x_wconf 84' lang='lat' dir='ltr'>Praemonstratensium</span> <span class='ocrx_word' id='word_1_21' title='bbox 718 560 897 603; x_wconf 84' lang='lat' dir='ltr'>Congrega-</span> 
     </span>
     <span class='ocr_line' id='line_1_6' title="bbox 245 611 897 656; baseline -0.002 -11"><span class='ocrx_word' id='word_1_22' title='bbox 245 611 337 645; x_wconf 87' lang='lat' dir='ltr'>tionis</span> <span class='ocrx_word' id='word_1_23' title='bbox 361 612 529 656; x_wconf 82' lang='lat' dir='ltr'>Hispaniae</span> <span class='ocrx_word' id='word_1_24' title='bbox 554 623 649 655; x_wconf 88' lang='lat' dir='ltr'>super</span> <span class='ocrx_word' id='word_1_25' title='bbox 673 612 793 645; x_wconf 89' lang='lat' dir='ltr'>indulto</span> <span class='ocrx_word' id='word_1_26' title='bbox 817 612 897 645; x_wconf 88' lang='lat' dir='ltr'>reci-</span> 
     </span>
     <span class='ocr_line' id='line_1_7' title="bbox 245 664 893 698; baseline 0.002 -2"><span class='ocrx_word' id='word_1_27' title='bbox 245 665 328 696; x_wconf 83' lang='lat' dir='ltr'>tandi</span> <span class='ocrx_word' id='word_1_28' title='bbox 360 665 463 697; x_wconf 74' lang='lat' dir='ltr'>officia</span> <span class='ocrx_word' id='word_1_29' title='bbox 495 671 676 698; x_wconf 85' lang='lat' dir='ltr'>sanctorum</span> <span class='ocrx_word' id='word_1_30' title='bbox 701 665 775 698; x_wconf 92' lang='lat' dir='ltr'>dicti</span> <span class='ocrx_word' id='word_1_31' title='bbox 800 664 893 698; x_wconf 88' lang='lat' dir='ltr'>Ordi-</span> 
     </span>
     <span class='ocr_line' id='line_1_8' title="bbox 244 717 411 757; baseline 0.006 -8"><span class='ocrx_word' id='word_1_32' title='bbox 244 717 309 757; x_wconf 86' lang='lat' dir='ltr'>nis,</span> <span class='ocrx_word' id='word_1_33' title='bbox 334 717 411 750; x_wconf 73' lang='lat'>0206.</span> 
     </span>
    </p>

    <p class='ocr_par' dir='ltr' id='par_1_4' title="bbox 154 768 897 970">
     <span class='ocr_line' id='line_1_9' title="bbox 154 768 897 812; baseline 0.001 -11"><span class='ocrx_word' id='word_1_34' title='bbox 154 768 279 801; x_wconf 93' lang='lat' dir='ltr'>LXXVI.</span> <span class='ocrx_word' id='word_1_35' title='bbox 291 769 482 802; x_wconf 73' lang='lat' dir='ltr'>Conceditur</span> <span class='ocrx_word' id='word_1_36' title='bbox 498 769 669 812; x_wconf 70' lang='lat' dir='ltr'>gymnasiis</span> <span class='ocrx_word' id='word_1_37' title='bbox 687 780 741 802; x_wconf 91' lang='lat' dir='ltr'>seu</span> <span class='ocrx_word' id='word_1_38' title='bbox 755 770 897 812; x_wconf 79' lang='lat' dir='ltr'>collegiis</span> 
     </span>
     <span class='ocr_line' id='line_1_10' title="bbox 243 821 895 864; baseline 0.002 -10"><span class='ocrx_word' id='word_1_39' title='bbox 243 821 407 854; x_wconf 85' lang='lat' dir='ltr'>Societatis</span> <span class='ocrx_word' id='word_1_40' title='bbox 430 822 498 854; x_wconf 87' lang='lat' dir='ltr'>lesu</span> <span class='ocrx_word' id='word_1_41' title='bbox 519 822 651 854; x_wconf 85' lang='lat' dir='ltr'>facultas</span> <span class='ocrx_word' id='word_1_42' title='bbox 676 821 811 864; x_wconf 78' lang='lat' dir='ltr'>eligendi</span> <span class='ocrx_word' id='word_1_43' title='bbox 836 823 895 855; x_wconf 84' lang='lat' dir='ltr'>sibi</span> 
     </span>
     <span class='ocr_line' id='line_1_11' title="bbox 243 874 895 920; baseline 0.002 -13"><span class='ocrx_word' id='word_1_44' title='bbox 243 874 274 907; x_wconf 89' lang='lat' dir='ltr'>in</span> <span class='ocrx_word' id='word_1_45' title='bbox 298 875 465 918; x_wconf 78' lang='lat' dir='ltr'>specialem</span> <span class='ocrx_word' id='word_1_46' title='bbox 493 880 661 917; x_wconf 86' lang='lat' dir='ltr'>patronum</span> <span class='ocrx_word' id='word_1_47' title='bbox 682 876 714 908; x_wconf 91' lang='lat' dir='ltr'>B.</span> <span class='ocrx_word' id='word_1_48' title='bbox 735 876 895 920; x_wconf 65' lang='lat' dir='ltr'>Aloysium</span> 
     </span>
     <span class='ocr_line' id='line_1_12' title="bbox 243 926 507 970; baseline 0 -11"><span class='ocrx_word' id='word_1_49' title='bbox 243 926 407 970; x_wconf 79' lang='lat' dir='ltr'>Gonzaga,</span> <span class='ocrx_word' id='word_1_50' title='bbox 432 926 507 960; x_wconf 72' lang='lat'>207.</span> 
     </span>
    </p>

    <p class='ocr_par' dir='ltr' id='par_1_5' title="bbox 155 979 896 1180">
     <span class='ocr_line' id='line_1_13' title="bbox 155 979 894 1024; baseline 0.001 -12"><span class='ocrx_word' id='word_1_51' title='bbox 155 979 298 1013; x_wconf 89' lang='lat' dir='ltr'>LXXVII.</span> <span class='ocrx_word' id='word_1_52' title='bbox 329 979 541 1014; x_wconf 81' lang='lat' dir='ltr'>Confirmatur</span> <span class='ocrx_word' id='word_1_53' title='bbox 570 980 730 1013; x_wconf 75' lang='lat' dir='ltr'>concessio</span> <span class='ocrx_word' id='word_1_54' title='bbox 762 981 894 1024; x_wconf 79' lang='lat' dir='ltr'>privile-</span> 
     </span>
     <span class='ocr_line' id='line_1_14' title="bbox 245 1032 896 1075; baseline 0.002 -11"><span class='ocrx_word' id='word_1_55' title='bbox 245 1032 371 1074; x_wconf 85' lang='lat' dir='ltr'>giorum</span> <span class='ocrx_word' id='word_1_56' title='bbox 392 1033 653 1075; x_wconf 82' lang='lat' dir='ltr'>Congregationis</span> <span class='ocrx_word' id='word_1_57' title='bbox 670 1033 896 1066; x_wconf 89' lang='lat' dir='ltr'>Theatinorum</span> 
     </span>
     <span class='ocr_line' id='line_1_15' title="bbox 243 1085 896 1127; baseline -0.002 -9"><span class='ocrx_word' id='word_1_58' title='bbox 243 1085 482 1126; x_wconf 77' lang='lat' dir='ltr'>Congregationi</span> <span class='ocrx_word' id='word_1_59' title='bbox 493 1085 686 1118; x_wconf 86' lang='lat' dir='ltr'>Clericorum</span> <span class='ocrx_word' id='word_1_60' title='bbox 702 1086 896 1127; x_wconf 75' lang='lat' dir='ltr'>regularium</span> 
     </span>
     <span class='ocr_line' id='line_1_16' title="bbox 243 1137 895 1180; baseline 0.003 -11"><span class='ocrx_word' id='word_1_61' title='bbox 243 1137 398 1170; x_wconf 75' lang='lat' dir='ltr'>Minoi-um</span> <span class='ocrx_word' id='word_1_62' title='bbox 416 1148 433 1170; x_wconf 87' lang='lat' dir='ltr'>a</span> <span class='ocrx_word' id='word_1_63' title='bbox 450 1138 604 1180; x_wconf 79' lang='lat' dir='ltr'>Gregorio</span> <span class='ocrx_word' id='word_1_64' title='bbox 627 1138 693 1171; x_wconf 90' lang='lat' dir='ltr'>XIV</span> <span class='ocrx_word' id='word_1_65' title='bbox 711 1138 802 1179; x_wconf 89' lang='lat' dir='ltr'>facta,</span> <span class='ocrx_word' id='word_1_66' title='bbox 819 1138 895 1171; x_wconf 67' lang='lat'>208.</span> 
     </span>
    </p>

    <p class='ocr_par' dir='ltr' id='par_1_6' title="bbox 156 1190 898 1390">
     <span class='ocr_line' id='line_1_17' title="bbox 156 1190 898 1235; baseline 0.003 -13"><span class='ocrx_word' id='word_1_67' title='bbox 156 1190 312 1223; x_wconf 80' lang='lat' dir='ltr'>LXXVIII.</span> <span class='ocrx_word' id='word_1_68' title='bbox 341 1191 482 1233; x_wconf 71' lang='lat' dir='ltr'>ErIgitur</span> <span class='ocrx_word' id='word_1_69' title='bbox 516 1191 670 1235; x_wconf 89' lang='lat' dir='ltr'>oppidum</span> <span class='ocrx_word' id='word_1_70' title='bbox 702 1191 898 1225; x_wconf 84' lang='lat' dir='ltr'>Pontiscurvi</span> 
     </span>
     <span class='ocr_line' id='line_1_18' title="bbox 242 1243 898 1286; baseline 0.003 -11"><span class='ocrx_word' id='word_1_71' title='bbox 242 1243 423 1286; x_wconf 86' lang='lat' dir='ltr'>provinciae</span> <span class='ocrx_word' id='word_1_72' title='bbox 458 1244 618 1276; x_wconf 85' lang='lat' dir='ltr'>Romanae</span> <span class='ocrx_word' id='word_1_73' title='bbox 651 1244 681 1276; x_wconf 90' lang='lat' dir='ltr'>in</span> <span class='ocrx_word' id='word_1_74' title='bbox 717 1244 898 1285; x_wconf 80' lang='lat' dir='ltr'>civitatem,</span> 
     </span>
     <span class='ocr_line' id='line_1_19' title="bbox 243 1296 898 1339; baseline 0.005 -11"><span class='ocrx_word' id='word_1_75' title='bbox 243 1296 375 1339; x_wconf 83' lang='lat' dir='ltr'>eiusque</span> <span class='ocrx_word' id='word_1_76' title='bbox 400 1297 567 1339; x_wconf 76' lang='lat' dir='ltr'>collegiata</span> <span class='ocrx_word' id='word_1_77' title='bbox 592 1297 723 1330; x_wconf 86' lang='lat' dir='ltr'>ecclesia</span> <span class='ocrx_word' id='word_1_78' title='bbox 741 1297 771 1330; x_wconf 93' lang='lat' dir='ltr'>in</span> <span class='ocrx_word' id='word_1_79' title='bbox 789 1299 898 1331; x_wconf 84' lang='lat' dir='ltr'>cathe-</span> 
     </span>
     <span class='ocr_line' id='line_1_20' title="bbox 246 1349 486 1390; baseline 0.004 -9"><span class='ocrx_word' id='word_1_80' title='bbox 246 1349 382 1390; x_wconf 87' lang='lat' dir='ltr'>dralem,</span> <span class='ocrx_word' id='word_1_81' title='bbox 410 1349 486 1382; x_wconf 63' lang='lat'>210.</span> 
     </span>
    </p>

    <p class='ocr_par' dir='ltr' id='par_1_7' title="bbox 158 1402 928 1710">
     <span class='ocr_line' id='line_1_21' title="bbox 158 1402 900 1446; baseline 0.001 -11"><span class='ocrx_word' id='word_1_82' title='bbox 158 1402 284 1435; x_wconf 81' lang='lat' dir='ltr'>LXXIX.</span> <span class='ocrx_word' id='word_1_83' title='bbox 318 1402 554 1436; x_wconf 85' lang='lat' dir='ltr'>Confirmantur</span> <span class='ocrx_word' id='word_1_84' title='bbox 588 1403 741 1446; x_wconf 77' lang='lat' dir='ltr'>quaedam</span> <span class='ocrx_word' id='word_1_85' title='bbox 776 1403 900 1436; x_wconf 76' lang='lat' dir='ltr'>litterae</span> 
     </span>
     <span class='ocr_line' id='line_1_22' title="bbox 245 1455 900 1498; baseline 0.003 -10"><span class='ocrx_word' id='word_1_86' title='bbox 245 1461 387 1498; x_wconf 86' lang='lat' dir='ltr'>patentes</span> <span class='ocrx_word' id='word_1_87' title='bbox 421 1455 553 1488; x_wconf 80' lang='lat' dir='ltr'>ministri</span> <span class='ocrx_word' id='word_1_88' title='bbox 587 1456 744 1498; x_wconf 71' lang='lat' dir='ltr'>generalis</span> <span class='ocrx_word' id='word_1_89' title='bbox 775 1456 900 1490; x_wconf 83' lang='lat' dir='ltr'>Ordinis</span> 
     </span>
     <span class='ocr_line' id='line_1_23' title="bbox 246 1509 902 1543; baseline 0.002 -2"><span class='ocrx_word' id='word_1_90' title='bbox 246 1509 402 1542; x_wconf 74' lang='lat' dir='ltr'>Minoi-um</span> <span class='ocrx_word' id='word_1_91' title='bbox 425 1510 462 1542; x_wconf 87' lang='lat' dir='ltr'>de</span> <span class='ocrx_word' id='word_1_92' title='bbox 479 1509 681 1542; x_wconf 80' lang='lat' dir='ltr'>Observantia</span> <span class='ocrx_word' id='word_1_93' title='bbox 707 1510 791 1542; x_wconf 88' lang='lat' dir='ltr'>eirca</span> <span class='ocrx_word' id='word_1_94' title='bbox 811 1510 902 1543; x_wconf 90' lang='lat' dir='ltr'>alter-</span> 
     </span>
     <span class='ocr_line' id='line_1_24' title="bbox 246 1562 901 1606; baseline 0.005 -13"><span class='ocrx_word' id='word_1_95' title='bbox 246 1562 383 1594; x_wconf 75' lang='lat' dir='ltr'>nativam</span> <span class='ocrx_word' id='word_1_96' title='bbox 409 1562 587 1595; x_wconf 85' lang='lat' dir='ltr'>officiorum</span> <span class='ocrx_word' id='word_1_97' title='bbox 617 1563 797 1606; x_wconf 71' lang='lat' dir='ltr'>provinciae</span> <span class='ocrx_word' id='word_1_98' title='bbox 824 1563 901 1596; x_wconf 87' lang='lat' dir='ltr'>Siei-</span> 
     </span>
     <span class='ocr_line' id='line_1_25' title="bbox 248 1614 928 1659; baseline 0.003 -13"><span class='ocrx_word' id='word_1_99' title='bbox 248 1614 306 1646; x_wconf 89' lang='lat' dir='ltr'>liae</span> <span class='ocrx_word' id='word_1_100' title='bbox 332 1614 473 1647; x_wconf 87' lang='lat' dir='ltr'>eiusdem</span> <span class='ocrx_word' id='word_1_101' title='bbox 499 1615 641 1656; x_wconf 82' lang='lat' dir='ltr'>Ordinis,</span> <span class='ocrx_word' id='word_1_102' title='bbox 667 1627 738 1648; x_wconf 85' lang='lat' dir='ltr'>cum</span> <span class='ocrx_word' id='word_1_103' title='bbox 763 1615 900 1659; x_wconf 89' lang='lat' dir='ltr'>deputa-</span> <span class='ocrx_word' id='word_1_104' title='bbox 927 1625 928 1631; x_wconf 63' lang='lat'>¹</span> 
     </span>
     <span class='ocr_line' id='line_1_26' title="bbox 248 1667 898 1710; baseline 0.002 -10"><span class='ocrx_word' id='word_1_105' title='bbox 248 1667 331 1700; x_wconf 87' lang='lat' dir='ltr'>tione</span> <span class='ocrx_word' id='word_1_106' title='bbox 356 1668 556 1710; x_wconf 78' lang='lat' dir='ltr'>provincIalis</span> <span class='ocrx_word' id='word_1_107' title='bbox 574 1674 603 1701; x_wconf 88' lang='lat' dir='ltr'>et</span> <span class='ocrx_word' id='word_1_108' title='bbox 619 1668 804 1709; x_wconf 80' lang='lat' dir='ltr'>definitoris,</span> <span class='ocrx_word' id='word_1_109' title='bbox 822 1669 898 1701; x_wconf 72' lang='lat'>⁶215.</span> 
     </span>
    </p>

    <p class='ocr_par' dir='ltr' id='par_1_8' title="bbox 162 1720 903 1868">
     <span class='ocr_line' id='line_1_27' title="bbox 162 1720 903 1755; baseline 0.003 -3"><span class='ocrx_word' id='word_1_110' title='bbox 162 1720 276 1753; x_wconf 88' lang='lat' dir='ltr'>LXXX.</span> <span class='ocrx_word' id='word_1_111' title='bbox 294 1720 476 1752; x_wconf 79' lang='lat' dir='ltr'>Declaratur</span> <span class='ocrx_word' id='word_1_112' title='bbox 492 1720 575 1754; x_wconf 88' lang='lat' dir='ltr'>Ordo</span> <span class='ocrx_word' id='word_1_113' title='bbox 592 1722 624 1754; x_wconf 81' lang='lat' dir='ltr'>B.</span> <span class='ocrx_word' id='word_1_114' title='bbox 636 1721 718 1754; x_wconf 59' lang='lat' dir='ltr'>MN.</span> <span class='ocrx_word' id='word_1_115' title='bbox 735 1722 773 1754; x_wconf 87' lang='lat' dir='ltr'>de</span> <span class='ocrx_word' id='word_1_116' title='bbox 790 1722 903 1755; x_wconf 86' lang='lat' dir='ltr'>Merce-</span> 
     </span>
     <span class='ocr_line' id='line_1_28' title="bbox 247 1773 901 1817; baseline 0.005 -12"><span class='ocrx_word' id='word_1_117' title='bbox 247 1773 285 1805; x_wconf 83' lang='lat' dir='ltr'>de</span> <span class='ocrx_word' id='word_1_118' title='bbox 307 1773 534 1816; x_wconf 76' lang='lat' dir='ltr'>redemptionis</span> <span class='ocrx_word' id='word_1_119' title='bbox 554 1775 751 1817; x_wconf 83' lang='lat' dir='ltr'>captivorum</span> <span class='ocrx_word' id='word_1_120' title='bbox 771 1779 803 1808; x_wconf 85' lang='lat' dir='ltr'>ut</span> <span class='ocrx_word' id='word_1_121' title='bbox 821 1786 901 1808; x_wconf 90' lang='lat' dir='ltr'>unus</span> 
     </span>
     <span class='ocr_line' id='line_1_29' title="bbox 248 1825 855 1868; baseline 0.005 -10"><span class='ocrx_word' id='word_1_122' title='bbox 248 1837 285 1859; x_wconf 88' lang='lat' dir='ltr'>ex</span> <span class='ocrx_word' id='word_1_123' title='bbox 310 1825 478 1859; x_wconf 85' lang='lat' dir='ltr'>Ordinibus</span> <span class='ocrx_word' id='word_1_124' title='bbox 503 1827 754 1868; x_wconf 79' lang='lat' dir='ltr'>Mendieantium,</span> <span class='ocrx_word' id='word_1_125' title='bbox 779 1828 855 1862; x_wconf 66' lang='lat'>218.</span> 
     </span>
    </p>

    <p class='ocr_par' dir='ltr' id='par_1_9' title="bbox 160 1878 931 2077">
     <span class='ocr_line' id='line_1_30' title="bbox 160 1878 903 1915; baseline 0.005 -4"><span class='ocrx_word' id='word_1_126' title='bbox 160 1879 291 1912; x_wconf 85' lang='lat' dir='ltr'>LXXXI.</span> <span class='ocrx_word' id='word_1_127' title='bbox 312 1878 524 1912; x_wconf 82' lang='lat' dir='ltr'>Confirmatur</span> <span class='ocrx_word' id='word_1_128' title='bbox 543 1885 573 1911; x_wconf 82' lang='lat' dir='ltr'>ct</span> <span class='ocrx_word' id='word_1_129' title='bbox 593 1880 760 1913; x_wconf 75' lang='lat' dir='ltr'>innovatur</span> <span class='ocrx_word' id='word_1_130' title='bbox 785 1883 903 1915; x_wconf 75' lang='lat' dir='ltr'>erectio</span> 
     </span>
     <span class='ocr_line' id='line_1_31' title="bbox 248 1931 931 1986; baseline 0.003 -23"><span class='ocrx_word' id='word_1_131' title='bbox 248 1931 398 1964; x_wconf 87' lang='lat' dir='ltr'>ecclesiae</span> <span class='ocrx_word' id='word_1_132' title='bbox 423 1931 594 1965; x_wconf 74' lang='lat' dir='ltr'>Setinensis</span> <span class='ocrx_word' id='word_1_133' title='bbox 620 1932 650 1964; x_wconf 89' lang='lat' dir='ltr'>in</span> <span class='ocrx_word' id='word_1_134' title='bbox 675 1934 901 1975; x_wconf 73' lang='lat' dir='ltr'>cathedralem,</span> <span class='ocrx_word' id='word_1_135' title='bbox 928 1952 931 1986; x_wconf 53' lang='grc' dir='ltr'>Ι</span> 
     </span>
     <span class='ocr_line' id='line_1_32' title="bbox 249 1983 931 2040; baseline 0.006 -25"><span class='ocrx_word' id='word_1_136' title='bbox 249 1983 454 2027; x_wconf 81' lang='lat' dir='ltr'>eiusdemque</span> <span class='ocrx_word' id='word_1_137' title='bbox 481 1984 554 2017; x_wconf 87' lang='lat' dir='ltr'>unio</span> <span class='ocrx_word' id='word_1_138' title='bbox 579 1995 650 2017; x_wconf 93' lang='lat' dir='ltr'>cum</span> <span class='ocrx_word' id='word_1_139' title='bbox 677 1986 808 2018; x_wconf 78' lang='lat' dir='ltr'>ccclesia</span> <span class='ocrx_word' id='word_1_140' title='bbox 833 1988 903 2019; x_wconf 87' lang='lat' dir='ltr'>Ter·</span> <span class='ocrx_word' id='word_1_141' title='bbox 928 1991 931 2040; x_wconf 58' lang='lat' dir='ltr'>ff</span> 
     </span>
     <span class='ocr_line' id='line_1_33' title="bbox 249 2036 525 2077; baseline 0.004 -9"><span class='ocrx_word' id='word_1_142' title='bbox 249 2037 424 2077; x_wconf 82' lang='lat' dir='ltr'>raeinensi‚</span> <span class='ocrx_word' id='word_1_143' title='bbox 450 2036 525 2069; x_wconf 65' lang='lat'>225.</span> 
     </span>
    </p>

    <p class='ocr_par' dir='ltr' id='par_1_10' title="bbox 160 2089 904 2292">
     <span class='ocr_line' id='line_1_34' title="bbox 160 2089 900 2135; baseline 0.004 -12"><span class='ocrx_word' id='word_1_144' title='bbox 160 2089 307 2123; x_wconf 83' lang='lat' dir='ltr'>LXXXII.</span> <span class='ocrx_word' id='word_1_145' title='bbox 337 2090 548 2123; x_wconf 84' lang='lat' dir='ltr'>Confirmatur</span> <span class='ocrx_word' id='word_1_146' title='bbox 579 2091 740 2124; x_wconf 86' lang='lat' dir='ltr'>decretum</span> <span class='ocrx_word' id='word_1_147' title='bbox 766 2092 900 2135; x_wconf 82' lang='lat' dir='ltr'>Congre-</span> 
     </span>
     <span class='ocr_line' id='line_1_35' title="bbox 248 2143 902 2187; baseline 0.005 -12"><span class='ocrx_word' id='word_1_148' title='bbox 248 2143 383 2185; x_wconf 86' lang='lat' dir='ltr'>gationis</span> <span class='ocrx_word' id='word_1_149' title='bbox 408 2143 631 2186; x_wconf 74' lang='lat' dir='ltr'>cpiscoporum</span> <span class='ocrx_word' id='word_1_150' title='bbox 652 2150 682 2176; x_wconf 88' lang='lat' dir='ltr'>et</span> <span class='ocrx_word' id='word_1_151' title='bbox 706 2146 902 2187; x_wconf 70' lang='lat' dir='ltr'>regularium</span> 
     </span>
     <span class='ocr_line' id='line_1_36' title="bbox 250 2197 904 2241; baseline 0.006 -13"><span class='ocrx_word' id='word_1_152' title='bbox 250 2207 309 2239; x_wconf 90' lang='lat' dir='ltr'>pro</span> <span class='ocrx_word' id='word_1_153' title='bbox 334 2198 487 2239; x_wconf 75' lang='lat' dir='ltr'>perpetua</span> <span class='ocrx_word' id='word_1_154' title='bbox 511 2207 588 2240; x_wconf 87' lang='lat' dir='ltr'>paee</span> <span class='ocrx_word' id='word_1_155' title='bbox 615 2197 643 2229; x_wconf 90' lang='lat' dir='ltr'>in</span> <span class='ocrx_word' id='word_1_156' title='bbox 669 2198 831 2241; x_wconf 72' lang='lat' dir='ltr'>provincia</span> <span class='ocrx_word' id='word_1_157' title='bbox 850 2199 904 2232; x_wconf 85' lang='grc' dir='ltr'>Ρο-</span> 
     </span>
     <span class='ocr_line' id='line_1_37' title="bbox 249 2248 899 2292; baseline 0.008 -12"><span class='ocrx_word' id='word_1_158' title='bbox 249 2249 335 2281; x_wconf 80' lang='lat' dir='ltr'>lonia</span> <span class='ocrx_word' id='word_1_159' title='bbox 359 2248 600 2282; x_wconf 87' lang='lat' dir='ltr'>Carmelitarum</span> <span class='ocrx_word' id='word_1_160' title='bbox 626 2250 799 2292; x_wconf 73' lang='lat' dir='ltr'>servanda,</span> <span class='ocrx_word' id='word_1_161' title='bbox 824 2251 899 2285; x_wconf 63' lang='lat'>0229.</span> 
     </span>
    </p>

    <p class='ocr_par' dir='ltr' id='par_1_11' title="bbox 163 2300 904 2660">
     <span class='ocr_line' id='line_1_38' title="bbox 163 2300 903 2347; baseline 0.005 -14"><span class='ocrx_word' id='word_1_162' title='bbox 163 2300 321 2334; x_wconf 79' lang='lat' dir='ltr'>LXXXIII.</span> <span class='ocrx_word' id='word_1_163' title='bbox 347 2301 582 2335; x_wconf 86' lang='lat' dir='ltr'>Confirmantur</span> <span class='ocrx_word' id='word_1_164' title='bbox 606 2303 729 2335; x_wconf 79' lang='lat' dir='ltr'>litterae</span> <span class='ocrx_word' id='word_1_165' title='bbox 753 2305 903 2347; x_wconf 85' lang='lat' dir='ltr'>apostoli-</span> 
     </span>
     <span class='ocr_line' id='line_1_39' title="bbox 250 2354 904 2395; baseline 0.003 -8"><span class='ocrx_word' id='word_1_166' title='bbox 250 2364 305 2387; x_wconf 83' lang='lat' dir='ltr'>cae</span> <span class='ocrx_word' id='word_1_167' title='bbox 329 2354 406 2387; x_wconf 84' lang='lat' dir='ltr'>Sixti</span> <span class='ocrx_word' id='word_1_168' title='bbox 430 2355 463 2395; x_wconf 83' lang='lat' dir='ltr'>V,</span> <span class='ocrx_word' id='word_1_169' title='bbox 489 2354 605 2387; x_wconf 80' lang='lat' dir='ltr'>Urbani</span> <span class='ocrx_word' id='word_1_170' title='bbox 627 2355 689 2388; x_wconf 88' lang='lat' dir='ltr'>VIII</span> <span class='ocrx_word' id='word_1_171' title='bbox 710 2362 741 2388; x_wconf 84' lang='lat' dir='ltr'>et</span> <span class='ocrx_word' id='word_1_172' title='bbox 757 2356 904 2390; x_wconf 87' lang='lat' dir='ltr'>Innocen-</span> 
     </span>
     <span class='ocr_line' id='line_1_40' title="bbox 250 2406 903 2448; baseline 0.006 -9"><span class='ocrx_word' id='word_1_173' title='bbox 250 2406 284 2440; x_wconf 86' lang='lat' dir='ltr'>tii</span> <span class='ocrx_word' id='word_1_174' title='bbox 320 2407 380 2448; x_wconf 93' lang='lat' dir='ltr'>Xl,</span> <span class='ocrx_word' id='word_1_175' title='bbox 405 2417 528 2440; x_wconf 87' lang='lat' dir='ltr'>necnon</span> <span class='ocrx_word' id='word_1_176' title='bbox 564 2408 726 2441; x_wconf 89' lang='lat' dir='ltr'>decretum</span> <span class='ocrx_word' id='word_1_177' title='bbox 763 2409 903 2443; x_wconf 89' lang='lat' dir='ltr'>iudicum</span> 
     </span>
     <span class='ocr_line' id='line_1_41' title="bbox 250 2460 903 2502; baseline 0.006 -11"><span class='ocrx_word' id='word_1_178' title='bbox 250 2460 471 2502; x_wconf 86' lang='lat' dir='ltr'>quaerelarum</span> <span class='ocrx_word' id='word_1_179' title='bbox 489 2465 519 2492; x_wconf 87' lang='lat' dir='ltr'>et</span> <span class='ocrx_word' id='word_1_180' title='bbox 543 2461 832 2495; x_wconf 88' lang='lat' dir='ltr'>controversiarum</span> <span class='ocrx_word' id='word_1_181' title='bbox 857 2473 903 2495; x_wconf 90' lang='lat' dir='ltr'>sa-</span> 
     </span>
     <span class='ocr_line' id='line_1_42' title="bbox 251 2511 903 2553; baseline 0.006 -9"><span class='ocrx_word' id='word_1_182' title='bbox 251 2511 296 2544; x_wconf 92' lang='lat' dir='ltr'>cri</span> <span class='ocrx_word' id='word_1_183' title='bbox 322 2512 451 2545; x_wconf 84' lang='lat' dir='ltr'>Concilii</span> <span class='ocrx_word' id='word_1_184' title='bbox 471 2513 616 2553; x_wconf 87' lang='lat' dir='ltr'>Romani,</span> <span class='ocrx_word' id='word_1_185' title='bbox 633 2514 664 2546; x_wconf 90' lang='lat' dir='ltr'>in</span> <span class='ocrx_word' id='word_1_186' title='bbox 684 2515 823 2547; x_wconf 83' lang='lat' dir='ltr'>favorem</span> <span class='ocrx_word' id='word_1_187' title='bbox 849 2516 903 2548; x_wconf 81' lang='lat' dir='ltr'>ab·</span> 
     </span>
     <span class='ocr_line' id='line_1_43' title="bbox 251 2563 903 2601; baseline 0.008 -5"><span class='ocrx_word' id='word_1_188' title='bbox 251 2563 376 2597; x_wconf 87' lang='lat' dir='ltr'>batialis</span> <span class='ocrx_word' id='word_1_189' title='bbox 410 2565 561 2598; x_wconf 88' lang='lat' dir='ltr'>ecclesiae</span> <span class='ocrx_word' id='word_1_190' title='bbox 592 2572 622 2598; x_wconf 87' lang='lat' dir='ltr'>et</span> <span class='ocrx_word' id='word_1_191' title='bbox 646 2566 767 2599; x_wconf 87' lang='lat' dir='ltr'>abbatis</span> <span class='ocrx_word' id='word_1_192' title='bbox 791 2568 903 2601; x_wconf 80' lang='lat' dir='ltr'>Montis</span> 
     </span>
     <span class='ocr_line' id='line_1_44' title="bbox 253 2616 878 2660; baseline 0.003 -9"><span class='ocrx_word' id='word_1_193' title='bbox 253 2616 371 2651; x_wconf 85' lang='lat' dir='ltr'>Cassini</span> <span class='ocrx_word' id='word_1_194' title='bbox 395 2617 521 2651; x_wconf 89' lang='lat' dir='ltr'>Ordinis</span> <span class='ocrx_word' id='word_1_195' title='bbox 544 2618 573 2652; x_wconf 92' lang='lat' dir='ltr'>S.</span> <span class='ocrx_word' id='word_1_196' title='bbox 600 2619 776 2660; x_wconf 84' lang='lat' dir='ltr'>Benedicti,</span> <span class='ocrx_word' id='word_1_197' title='bbox 802 2619 878 2653; x_wconf 71' lang='lat'>0230.</span> 
     </span>
    </p>

    <p class='ocr_par' dir='ltr' id='par_1_12' title="bbox 161 2670 902 2707">
     <span class='ocr_line' id='line_1_45' title="bbox 161 2670 902 2707; baseline 0.001 -3"><span class='ocrx_word' id='word_1_198' title='bbox 161 2670 319 2704; x_wconf 85' lang='lat' dir='ltr'>LXXXIV.</span> <span class='ocrx_word' id='word_1_199' title='bbox 339 2670 521 2704; x_wconf 86' lang='lat' dir='ltr'>Declaratur</span> <span class='ocrx_word' id='word_1_200' title='bbox 535 2671 622 2705; x_wconf 87' lang='lat' dir='ltr'>nulla</span> <span class='ocrx_word' id='word_1_201' title='bbox 635 2673 752 2707; x_wconf 82' lang='lat' dir='ltr'>erectio</span> <span class='ocrx_word' id='word_1_202' title='bbox 766 2673 902 2707; x_wconf 86' lang='lat' dir='ltr'>Cornelii</span> 
     </span>
    </p>
   </div>
   <div class='ocr_carea' id='block_1_3' title="bbox 922 367 930 1918">
    <p class='ocr_par' dir='ltr' id='par_1_13' title="bbox 922 367 930 1918">
     <span class='ocr_line' id='line_1_46' title="bbox 922 367 930 1918; baseline 0 0"><span class='ocrx_word' id='word_1_203' title='bbox 922 367 930 1918; x_wconf 95' lang='lat' dir='ltr'> </span> 
     </span>
    </p>
   </div>
   <div class='ocr_carea' id='block_1_4' title="bbox 928 1850 1016 1914">
    <p class='ocr_par' dir='ltr' id='par_1_14' title="bbox 928 1850 1016 1914">
     <span class='ocr_line' id='line_1_47' title="bbox 928 1850 1016 1914; baseline -0.023 0"><span class='ocrx_word' id='word_1_204' title='bbox 928 1850 930 1854; x_wconf 50' lang='lat'><em>&#39;</em></span> <span class='ocrx_word' id='word_1_205' title='bbox 957 1880 1016 1914; x_wconf 91' lang='lat' dir='ltr'>XC.</span> 
     </span>
    </p>
   </div>
   <div class='ocr_carea' id='block_1_5' title="bbox 948 290 1699 2721">
    <p class='ocr_par' dir='ltr' id='par_1_15' title="bbox 1037 290 1695 443">
     <span class='ocr_line' id='line_1_48' title="bbox 1585 290 1647 322; baseline -0.016 0"><span class='ocrx_word' id='word_1_206' title='bbox 1585 290 1647 322; x_wconf 70' lang='lat'>9¹7</span> 
     </span>
     <span class='ocr_line' id='line_1_49' title="bbox 1037 350 1695 395; baseline 0.002 -13"><span class='ocrx_word' id='word_1_207' title='bbox 1037 350 1212 383; x_wconf 87' lang='lat' dir='ltr'>Berckman</span> <span class='ocrx_word' id='word_1_208' title='bbox 1238 350 1266 382; x_wconf 91' lang='lat' dir='ltr'>in</span> <span class='ocrx_word' id='word_1_209' title='bbox 1292 351 1567 395; x_wconf 86' lang='lat' dir='ltr'>archiepiscopum</span> <span class='ocrx_word' id='word_1_210' title='bbox 1589 350 1695 383; x_wconf 84' lang='lat' dir='ltr'>Ultra·</span> 
     </span>
     <span class='ocr_line' id='line_1_50' title="bbox 1038 402 1306 443; baseline 0.004 -9"><span class='ocrx_word' id='word_1_211' title='bbox 1038 402 1204 443; x_wconf 88' lang='lat' dir='ltr'>iectinum,</span> <span class='ocrx_word' id='word_1_212' title='bbox 1230 403 1306 435; x_wconf 68' lang='lat'>241.</span> 
     </span>
    </p>

    <p class='ocr_par' dir='ltr' id='par_1_16' title="bbox 948 455 1694 705">
     <span class='ocr_line' id='line_1_51' title="bbox 948 455 1694 498; baseline 0.003 -11"><span class='ocrx_word' id='word_1_213' title='bbox 948 455 1089 488; x_wconf 84' lang='lat' dir='ltr'>LXXXV.</span> <span class='ocrx_word' id='word_1_214' title='bbox 1116 455 1302 488; x_wconf 82' lang='lat' dir='ltr'>Restituitur</span> <span class='ocrx_word' id='word_1_215' title='bbox 1321 455 1484 498; x_wconf 86' lang='lat' dir='ltr'>primaevo</span> <span class='ocrx_word' id='word_1_216' title='bbox 1509 466 1566 489; x_wconf 89' lang='lat' dir='ltr'>suo</span> <span class='ocrx_word' id='word_1_217' title='bbox 1591 456 1694 489; x_wconf 80' lang='lat' dir='ltr'>cathe-</span> 
     </span>
     <span class='ocr_line' id='line_1_52' title="bbox 1035 507 1691 550; baseline 0.002 -10"><span class='ocrx_word' id='word_1_218' title='bbox 1035 507 1132 540; x_wconf 86' lang='lat' dir='ltr'>dralis</span> <span class='ocrx_word' id='word_1_219' title='bbox 1157 508 1287 541; x_wconf 87' lang='lat' dir='ltr'>honoris</span> <span class='ocrx_word' id='word_1_220' title='bbox 1315 508 1439 550; x_wconf 80' lang='lat' dir='ltr'>fastigio</span> <span class='ocrx_word' id='word_1_221' title='bbox 1463 508 1595 541; x_wconf 89' lang='lat' dir='ltr'>ecclesia</span> <span class='ocrx_word' id='word_1_222' title='bbox 1619 508 1691 541; x_wconf 91' lang='lat' dir='ltr'>Cin-</span> 
     </span>
     <span class='ocr_line' id='line_1_53' title="bbox 1037 560 1692 604; baseline 0.002 -12"><span class='ocrx_word' id='word_1_223' title='bbox 1037 560 1170 602; x_wconf 84' lang='lat' dir='ltr'>gulana,</span> <span class='ocrx_word' id='word_1_224' title='bbox 1195 571 1318 593; x_wconf 85' lang='lat' dir='ltr'>necnon</span> <span class='ocrx_word' id='word_1_225' title='bbox 1348 571 1447 604; x_wconf 88' lang='lat' dir='ltr'>aeque</span> <span class='ocrx_word' id='word_1_226' title='bbox 1472 561 1692 604; x_wconf 82' lang='lat' dir='ltr'>principaliter</span> 
     </span>
     <span class='ocr_line' id='line_1_54' title="bbox 1036 613 1686 656; baseline 0.002 -11"><span class='ocrx_word' id='word_1_227' title='bbox 1036 613 1192 645; x_wconf 81' lang='lat' dir='ltr'>Auximati</span> <span class='ocrx_word' id='word_1_228' title='bbox 1231 613 1336 645; x_wconf 91' lang='lat' dir='ltr'>unitur</span> <span class='ocrx_word' id='word_1_229' title='bbox 1370 620 1400 646; x_wconf 91' lang='lat' dir='ltr'>et</span> <span class='ocrx_word' id='word_1_230' title='bbox 1430 614 1605 656; x_wconf 85' lang='lat' dir='ltr'>privilegiis</span> <span class='ocrx_word' id='word_1_231' title='bbox 1631 624 1686 647; x_wconf 91' lang='lat' dir='ltr'>or-</span> 
     </span>
     <span class='ocr_line' id='line_1_55' title="bbox 1037 665 1252 705; baseline 0.005 -8"><span class='ocrx_word' id='word_1_232' title='bbox 1037 672 1148 705; x_wconf 85' lang='lat' dir='ltr'>natur,</span> <span class='ocrx_word' id='word_1_233' title='bbox 1177 665 1252 698; x_wconf 57' lang='lat'>⁹243.</span> 
     </span>
    </p>

    <p class='ocr_par' dir='ltr' id='par_1_17' title="bbox 949 717 1693 969">
     <span class='ocr_line' id='line_1_56' title="bbox 949 717 1692 761; baseline 0.001 -11"><span class='ocrx_word' id='word_1_234' title='bbox 949 717 1104 751; x_wconf 84' lang='lat' dir='ltr'>LXXXVI.</span> <span class='ocrx_word' id='word_1_235' title='bbox 1123 719 1285 757; x_wconf 84' lang='lat' dir='ltr'>Statuitur,</span> <span class='ocrx_word' id='word_1_236' title='bbox 1302 729 1341 751; x_wconf 92' lang='lat' dir='ltr'>ne</span> <span class='ocrx_word' id='word_1_237' title='bbox 1357 718 1427 761; x_wconf 87' lang='lat' dir='ltr'>quis</span> <span class='ocrx_word' id='word_1_238' title='bbox 1445 718 1620 752; x_wconf 85' lang='lat' dir='ltr'>monachus</span> <span class='ocrx_word' id='word_1_239' title='bbox 1637 718 1692 752; x_wconf 91' lang='lat' dir='ltr'>Or-</span> 
     </span>
     <span class='ocr_line' id='line_1_57' title="bbox 1037 770 1692 814; baseline 0.003 -12"><span class='ocrx_word' id='word_1_240' title='bbox 1037 770 1118 802; x_wconf 88' lang='lat' dir='ltr'>dinis</span> <span class='ocrx_word' id='word_1_241' title='bbox 1143 770 1375 804; x_wconf 84' lang='lat' dir='ltr'>Carthusiensis</span> <span class='ocrx_word' id='word_1_242' title='bbox 1399 771 1531 814; x_wconf 87' lang='lat' dir='ltr'>quodvis</span> <span class='ocrx_word' id='word_1_243' title='bbox 1552 771 1692 804; x_wconf 81' lang='lat' dir='ltr'>officium</span> 
     </span>
     <span class='ocr_line' id='line_1_58' title="bbox 1037 823 1693 867; baseline 0.005 -13"><span class='ocrx_word' id='word_1_244' title='bbox 1037 833 1092 854; x_wconf 87' lang='lat' dir='ltr'>seu</span> <span class='ocrx_word' id='word_1_245' title='bbox 1109 823 1255 865; x_wconf 82' lang='lat' dir='ltr'>gratiam,</span> <span class='ocrx_word' id='word_1_246' title='bbox 1269 823 1388 867; x_wconf 85' lang='lat' dir='ltr'>absque</span> <span class='ocrx_word' id='word_1_247' title='bbox 1401 825 1602 867; x_wconf 87' lang='lat' dir='ltr'>superiorum</span> <span class='ocrx_word' id='word_1_248' title='bbox 1620 835 1693 857; x_wconf 89' lang='lat' dir='ltr'>con-</span> 
     </span>
     <span class='ocr_line' id='line_1_59' title="bbox 1037 876 1693 920; baseline 0.005 -13"><span class='ocrx_word' id='word_1_249' title='bbox 1037 885 1141 914; x_wconf 87' lang='lat' dir='ltr'>sensu,</span> <span class='ocrx_word' id='word_1_250' title='bbox 1168 886 1185 907; x_wconf 88' lang='lat' dir='ltr'>a</span> <span class='ocrx_word' id='word_1_251' title='bbox 1209 876 1289 909; x_wconf 83' lang='lat' dir='ltr'>Sede</span> <span class='ocrx_word' id='word_1_252' title='bbox 1312 876 1495 920; x_wconf 72' lang='lat' dir='ltr'>Apostolica</span> <span class='ocrx_word' id='word_1_253' title='bbox 1519 877 1693 920; x_wconf 84' lang='lat' dir='ltr'>impetrare</span> 
     </span>
     <span class='ocr_line' id='line_1_60' title="bbox 1038 927 1622 969; baseline 0.007 -11"><span class='ocrx_word' id='word_1_254' title='bbox 1038 928 1155 969; x_wconf 79' lang='lat' dir='ltr'>possit,</span> <span class='ocrx_word' id='word_1_255' title='bbox 1180 927 1256 960; x_wconf 55' lang='lat'>⁹248.</span> <span class='ocrx_word' id='word_1_256' title='bbox 1619 940 1622 943; x_wconf 87' lang='lat'>·</span> 
     </span>
    </p>

    <p class='ocr_par' dir='ltr' id='par_1_18' title="bbox 948 978 1697 1336">
     <span class='ocr_line' id='line_1_61' title="bbox 948 978 1694 1025; baseline 0.004 -14"><span class='ocrx_word' id='word_1_257' title='bbox 948 978 1120 1012; x_wconf 79' lang='lat' dir='ltr'>LXXXVII.</span> <span class='ocrx_word' id='word_1_258' title='bbox 1145 979 1331 1012; x_wconf 84' lang='lat' dir='ltr'>Conceditur</span> <span class='ocrx_word' id='word_1_259' title='bbox 1356 981 1539 1023; x_wconf 90' lang='lat' dir='ltr'>provinciali</span> <span class='ocrx_word' id='word_1_260' title='bbox 1564 982 1694 1025; x_wconf 81' lang='lat' dir='ltr'>provin-</span> 
     </span>
     <span class='ocr_line' id='line_1_62' title="bbox 1039 1032 1694 1074; baseline 0.006 -11"><span class='ocrx_word' id='word_1_261' title='bbox 1039 1032 1105 1064; x_wconf 88' lang='lat' dir='ltr'>ciae</span> <span class='ocrx_word' id='word_1_262' title='bbox 1144 1033 1321 1074; x_wconf 83' lang='lat' dir='ltr'>Aragoniac</span> <span class='ocrx_word' id='word_1_263' title='bbox 1356 1033 1484 1066; x_wconf 83' lang='lat' dir='ltr'>Ordinis</span> <span class='ocrx_word' id='word_1_264' title='bbox 1519 1034 1551 1066; x_wconf 87' lang='grc' dir='ltr'>Β.</span> <span class='ocrx_word' id='word_1_265' title='bbox 1587 1035 1625 1067; x_wconf 90' lang='grc' dir='ltr'>Μ.</span> <span class='ocrx_word' id='word_1_266' title='bbox 1654 1035 1694 1067; x_wconf 87' lang='lat' dir='ltr'>de</span> 
     </span>
     <span class='ocr_line' id='line_1_63' title="bbox 1040 1085 1693 1120; baseline 0.006 -4"><span class='ocrx_word' id='word_1_267' title='bbox 1040 1085 1142 1117; x_wconf 82' lang='lat' dir='ltr'>Monte</span> <span class='ocrx_word' id='word_1_268' title='bbox 1171 1085 1313 1119; x_wconf 83' lang='lat' dir='ltr'>Carmelo</span> <span class='ocrx_word' id='word_1_269' title='bbox 1348 1087 1478 1119; x_wconf 83' lang='lat' dir='ltr'>facultas</span> <span class='ocrx_word' id='word_1_270' title='bbox 1511 1087 1693 1120; x_wconf 76' lang='lat' dir='ltr'>conferendi</span> 
     </span>
     <span class='ocr_line' id='line_1_64' title="bbox 1040 1137 1694 1183; baseline 0.006 -14"><span class='ocrx_word' id='word_1_271' title='bbox 1040 1137 1158 1179; x_wconf 74' lang='lat' dir='ltr'>gradus</span> <span class='ocrx_word' id='word_1_272' title='bbox 1182 1138 1364 1172; x_wconf 85' lang='lat' dir='ltr'>doctoratus</span> <span class='ocrx_word' id='word_1_273' title='bbox 1389 1139 1419 1171; x_wconf 90' lang='lat' dir='ltr'>in</span> <span class='ocrx_word' id='word_1_274' title='bbox 1450 1139 1550 1172; x_wconf 86' lang='lat' dir='ltr'>tribus</span> <span class='ocrx_word' id='word_1_275' title='bbox 1574 1140 1694 1183; x_wconf 84' lang='lat' dir='ltr'>prima-</span> 
     </span>
     <span class='ocr_line' id='line_1_65' title="bbox 1040 1191 1697 1235; baseline 0.005 -12"><span class='ocrx_word' id='word_1_276' title='bbox 1040 1191 1095 1223; x_wconf 86' lang='lat' dir='ltr'>riis</span> <span class='ocrx_word' id='word_1_277' title='bbox 1112 1192 1320 1224; x_wconf 81' lang='lat' dir='ltr'>conventibus</span> <span class='ocrx_word' id='word_1_278' title='bbox 1340 1203 1511 1235; x_wconf 79' lang='lat' dir='ltr'>regnorum</span> <span class='ocrx_word' id='word_1_279' title='bbox 1529 1193 1697 1227; x_wconf 85' lang='lat' dir='ltr'>Caeserau-</span> 
     </span>
     <span class='ocr_line' id='line_1_66' title="bbox 1039 1245 1692 1290; baseline 0.005 -14"><span class='ocrx_word' id='word_1_280' title='bbox 1039 1245 1185 1286; x_wconf 83' lang='lat' dir='ltr'>gustani,</span> <span class='ocrx_word' id='word_1_281' title='bbox 1217 1245 1445 1278; x_wconf 86' lang='lat' dir='ltr'>Valentinensis</span> <span class='ocrx_word' id='word_1_282' title='bbox 1476 1251 1507 1278; x_wconf 87' lang='lat' dir='ltr'>et</span> <span class='ocrx_word' id='word_1_283' title='bbox 1531 1246 1692 1290; x_wconf 77' lang='lat' dir='ltr'>Pampilo·</span> 
     </span>
     <span class='ocr_line' id='line_1_67' title="bbox 1040 1296 1263 1336; baseline 0.004 -8"><span class='ocrx_word' id='word_1_284' title='bbox 1040 1297 1162 1336; x_wconf 68' lang='lat' dir='ltr'>nensis,</span> <span class='ocrx_word' id='word_1_285' title='bbox 1188 1296 1263 1329; x_wconf 36' lang='lat'>2⁴28.</span> 
     </span>
    </p>

    <p class='ocr_par' dir='ltr' id='par_1_19' title="bbox 951 1349 1699 1606">
     <span class='ocr_line' id='line_1_68' title="bbox 951 1349 1696 1394; baseline 0.005 -13"><span class='ocrx_word' id='word_1_286' title='bbox 951 1349 1132 1383; x_wconf 74' lang='lat' dir='ltr'>LXXXVIII.</span> <span class='ocrx_word' id='word_1_287' title='bbox 1159 1351 1299 1393; x_wconf 81' lang='lat' dir='ltr'>Erigitur</span> <span class='ocrx_word' id='word_1_288' title='bbox 1332 1351 1505 1394; x_wconf 82' lang='lat' dir='ltr'>hospitium</span> <span class='ocrx_word' id='word_1_289' title='bbox 1539 1352 1696 1385; x_wconf 82' lang='lat' dir='ltr'>Matriten-</span> 
     </span>
     <span class='ocr_line' id='line_1_69' title="bbox 1040 1403 1696 1447; baseline 0.006 -14"><span class='ocrx_word' id='word_1_290' title='bbox 1040 1413 1073 1434; x_wconf 83' lang='lat' dir='ltr'>se</span> <span class='ocrx_word' id='word_1_291' title='bbox 1113 1403 1246 1435; x_wconf 84' lang='lat' dir='ltr'>fratrum</span> <span class='ocrx_word' id='word_1_292' title='bbox 1282 1403 1561 1445; x_wconf 76' lang='lat' dir='ltr'>praedicatorum,</span> <span class='ocrx_word' id='word_1_293' title='bbox 1599 1404 1696 1447; x_wconf 76' lang='lat' dir='ltr'>vulgo</span> 
     </span>
     <span class='ocr_line' id='line_1_70' title="bbox 1041 1454 1695 1499; baseline 0.005 -12"><span class='ocrx_word' id='word_1_294' title='bbox 1041 1454 1077 1487; x_wconf 80' lang='lat' dir='ltr'>de</span> <span class='ocrx_word' id='word_1_295' title='bbox 1093 1455 1124 1487; x_wconf 78' lang='lat' dir='ltr'>Ia</span> <span class='ocrx_word' id='word_1_296' title='bbox 1137 1456 1288 1495; x_wconf 70' lang='lat' dir='ltr'>passion,</span> <span class='ocrx_word' id='word_1_297' title='bbox 1307 1456 1337 1488; x_wconf 92' lang='lat' dir='ltr'>in</span> <span class='ocrx_word' id='word_1_298' title='bbox 1356 1458 1535 1499; x_wconf 77' lang='lat' dir='ltr'>regularem</span> <span class='ocrx_word' id='word_1_299' title='bbox 1553 1458 1695 1490; x_wconf 87' lang='lat' dir='ltr'>eiusdem</span> 
     </span>
     <span class='ocr_line' id='line_1_71' title="bbox 1043 1507 1699 1550; baseline 0.005 -10"><span class='ocrx_word' id='word_1_300' title='bbox 1043 1507 1170 1541; x_wconf 78' lang='lat' dir='ltr'>Ordinis</span> <span class='ocrx_word' id='word_1_301' title='bbox 1184 1515 1383 1550; x_wconf 79' lang='lat' dir='ltr'>conventum,</span> <span class='ocrx_word' id='word_1_302' title='bbox 1398 1520 1468 1542; x_wconf 83' lang='lat' dir='ltr'>cum</span> <span class='ocrx_word' id='word_1_303' title='bbox 1487 1510 1634 1543; x_wconf 87' lang='lat' dir='ltr'>omnibus</span> <span class='ocrx_word' id='word_1_304' title='bbox 1651 1521 1699 1543; x_wconf 89' lang='lat' dir='ltr'>ce-</span> 
     </span>
     <span class='ocr_line' id='line_1_72' title="bbox 1044 1562 1695 1606; baseline 0.006 -14"><span class='ocrx_word' id='word_1_305' title='bbox 1044 1566 1183 1593; x_wconf 84' lang='lat' dir='ltr'>terorum</span> <span class='ocrx_word' id='word_1_306' title='bbox 1199 1568 1410 1594; x_wconf 86' lang='lat' dir='ltr'>conventuum</span> <span class='ocrx_word' id='word_1_307' title='bbox 1425 1562 1609 1606; x_wconf 84' lang='lat' dir='ltr'>privilegiis,</span> <span class='ocrx_word' id='word_1_308' title='bbox 1619 1562 1695 1596; x_wconf 73' lang='lat'>⁶249.</span> 
     </span>
    </p>

    <p class='ocr_par' dir='ltr' id='par_1_20' title="bbox 955 1613 1697 1659">
     <span class='ocr_line' id='line_1_73' title="bbox 955 1613 1697 1659; baseline 0.003 -13"><span class='ocrx_word' id='word_1_309' title='bbox 955 1613 1110 1646; x_wconf 80' lang='lat' dir='ltr'>LXXXIX.</span> <span class='ocrx_word' id='word_1_310' title='bbox 1132 1613 1346 1647; x_wconf 85' lang='lat' dir='ltr'>Confirmatur</span> <span class='ocrx_word' id='word_1_311' title='bbox 1366 1615 1524 1648; x_wconf 88' lang='lat' dir='ltr'>ordinatio</span> <span class='ocrx_word' id='word_1_312' title='bbox 1542 1615 1697 1659; x_wconf 82' lang='lat' dir='ltr'>quaedam</span> 
     </span>
    </p>

    <p class='ocr_par' dir='ltr' id='par_1_21' title="bbox 1044 1667 1698 1710">
     <span class='ocr_line' id='line_1_74' title="bbox 1044 1667 1698 1710; baseline 0.005 -12"><span class='ocrx_word' id='word_1_313' title='bbox 1044 1667 1172 1710; x_wconf 86' lang='lat' dir='ltr'>capituli</span> <span class='ocrx_word' id='word_1_314' title='bbox 1197 1668 1353 1709; x_wconf 80' lang='lat' dir='ltr'>generalis</span> <span class='ocrx_word' id='word_1_315' title='bbox 1384 1668 1632 1710; x_wconf 84' lang='lat' dir='ltr'>Carthusiensis,</span> <span class='ocrx_word' id='word_1_316' title='bbox 1657 1679 1698 1701; x_wconf 89' lang='lat' dir='ltr'>ne</span> 
     </span>
    </p>

    <p class='ocr_par' dir='ltr' id='par_1_22' title="bbox 1044 1720 1698 1816">
     <span class='ocr_line' id='line_1_75' title="bbox 1045 1720 1696 1754; baseline 0.005 -3"><span class='ocrx_word' id='word_1_317' title='bbox 1045 1720 1190 1752; x_wconf 79' lang='lat' dir='ltr'>monachi</span> <span class='ocrx_word' id='word_1_318' title='bbox 1216 1720 1355 1753; x_wconf 87' lang='lat' dir='ltr'>eiusdem</span> <span class='ocrx_word' id='word_1_319' title='bbox 1383 1720 1508 1753; x_wconf 90' lang='lat' dir='ltr'>Ordinis</span> <span class='ocrx_word' id='word_1_320' title='bbox 1532 1721 1696 1754; x_wconf 88' lang='lat' dir='ltr'>Missarum</span> 
     </span>
     <span class='ocr_line' id='line_1_76' title="bbox 1044 1773 1698 1816; baseline 0.005 -12"><span class='ocrx_word' id='word_1_321' title='bbox 1044 1773 1259 1815; x_wconf 63' lang='lat' dir='ltr'>eleemosynas</span> <span class='ocrx_word' id='word_1_322' title='bbox 1278 1774 1307 1805; x_wconf 91' lang='lat' dir='ltr'>in</span> <span class='ocrx_word' id='word_1_323' title='bbox 1325 1773 1463 1816; x_wconf 88' lang='lat' dir='ltr'>privatos</span> <span class='ocrx_word' id='word_1_324' title='bbox 1480 1784 1555 1806; x_wconf 88' lang='lat' dir='ltr'>usus</span> <span class='ocrx_word' id='word_1_325' title='bbox 1568 1785 1698 1808; x_wconf 83' lang='lat' dir='ltr'>convcr-</span> 
     </span>
    </p>

    <p class='ocr_par' dir='ltr' id='par_1_23' title="bbox 1045 1827 1226 1866">
     <span class='ocr_line' id='line_1_77' title="bbox 1045 1827 1226 1866; baseline -0.011 -5"><span class='ocrx_word' id='word_1_326' title='bbox 1045 1831 1125 1866; x_wconf 81' lang='lat' dir='ltr'>tant‚</span> <span class='ocrx_word' id='word_1_327' title='bbox 1150 1827 1226 1859; x_wconf 63' lang='lat'>254.</span> 
     </span>
    </p>

    <p class='ocr_par' dir='ltr' id='par_1_24' title="bbox 1044 1879 1696 1924">
     <span class='ocr_line' id='line_1_78' title="bbox 1044 1879 1696 1924; baseline 0.002 -12"><span class='ocrx_word' id='word_1_328' title='bbox 1044 1880 1230 1913; x_wconf 87' lang='lat' dir='ltr'>Statuuntur</span> <span class='ocrx_word' id='word_1_329' title='bbox 1264 1880 1367 1912; x_wconf 84' lang='lat' dir='ltr'>variae</span> <span class='ocrx_word' id='word_1_330' title='bbox 1396 1879 1611 1913; x_wconf 84' lang='lat' dir='ltr'>ordinationes</span> <span class='ocrx_word' id='word_1_331' title='bbox 1635 1891 1696 1924; x_wconf 90' lang='lat' dir='ltr'>pro</span> 
     </span>
    </p>

    <p class='ocr_par' dir='ltr' id='par_1_25' title="bbox 1044 1932 1698 1975">
     <span class='ocr_line' id='line_1_79' title="bbox 1044 1932 1698 1975; baseline 0.002 -10"><span class='ocrx_word' id='word_1_332' title='bbox 1044 1934 1127 1966; x_wconf 82' lang='lat' dir='ltr'>hono</span> <span class='ocrx_word' id='word_1_333' title='bbox 1152 1933 1305 1975; x_wconf 81' lang='lat' dir='ltr'>regimine</span> <span class='ocrx_word' id='word_1_334' title='bbox 1330 1933 1462 1965; x_wconf 87' lang='lat' dir='ltr'>fratrum</span> <span class='ocrx_word' id='word_1_335' title='bbox 1487 1932 1613 1966; x_wconf 75' lang='lat' dir='ltr'>OrdInis</span> <span class='ocrx_word' id='word_1_336' title='bbox 1628 1943 1698 1966; x_wconf 75' lang='lat' dir='ltr'>sau·</span> 
     </span>
    </p>

    <p class='ocr_par' dir='ltr' id='par_1_26' title="bbox 1046 1984 1428 2026">
     <span class='ocr_line' id='line_1_80' title="bbox 1046 1984 1428 2026; baseline 0 -9"><span class='ocrx_word' id='word_1_337' title='bbox 1046 1986 1084 2018; x_wconf 89' lang='lat' dir='ltr'>cti</span> <span class='ocrx_word' id='word_1_338' title='bbox 1112 1985 1233 2018; x_wconf 88' lang='lat' dir='ltr'>loannis</span> <span class='ocrx_word' id='word_1_339' title='bbox 1258 1985 1326 2026; x_wconf 85' lang='lat' dir='ltr'>Dei,</span> <span class='ocrx_word' id='word_1_340' title='bbox 1352 1984 1428 2017; x_wconf 73' lang='lat'>⁶256.</span> 
     </span>
    </p>

    <p class='ocr_par' dir='ltr' id='par_1_27' title="bbox 1055 2038 1697 2081">
     <span class='ocr_line' id='line_1_81' title="bbox 1055 2038 1697 2081; baseline 0.002 -10"><span class='ocrx_word' id='word_1_341' title='bbox 1055 2040 1275 2081; x_wconf 79' lang='lat' dir='ltr'>Reintegratur</span> <span class='ocrx_word' id='word_1_342' title='bbox 1299 2039 1337 2071; x_wconf 89' lang='lat' dir='ltr'>ad</span> <span class='ocrx_word' id='word_1_343' title='bbox 1358 2038 1627 2071; x_wconf 86' lang='lat' dir='ltr'>cathedralitatem</span> <span class='ocrx_word' id='word_1_344' title='bbox 1646 2049 1697 2072; x_wconf 88' lang='lat' dir='ltr'>ec-</span> 
     </span>
    </p>

    <p class='ocr_par' dir='ltr' id='par_1_28' title="bbox 1046 2091 1694 2132">
     <span class='ocr_line' id='line_1_82' title="bbox 1046 2091 1694 2132; baseline -0.003 -7"><span class='ocrx_word' id='word_1_345' title='bbox 1046 2091 1141 2125; x_wconf 87' lang='lat' dir='ltr'>clesia</span> <span class='ocrx_word' id='word_1_346' title='bbox 1170 2091 1394 2132; x_wconf 82' lang='lat' dir='ltr'>Privernensis,</span> <span class='ocrx_word' id='word_1_347' title='bbox 1416 2097 1444 2123; x_wconf 90' lang='lat' dir='ltr'>et</span> <span class='ocrx_word' id='word_1_348' title='bbox 1475 2091 1694 2124; x_wconf 87' lang='lat' dir='ltr'>Terracinensi</span> 
     </span>
    </p>

    <p class='ocr_par' dir='ltr' id='par_1_29' title="bbox 1044 2144 1697 2187">
     <span class='ocr_line' id='line_1_83' title="bbox 1044 2144 1697 2187; baseline 0 -10"><span class='ocrx_word' id='word_1_349' title='bbox 1044 2147 1105 2177; x_wconf 72' lang='lat' dir='ltr'>una</span> <span class='ocrx_word' id='word_1_350' title='bbox 1131 2156 1201 2177; x_wconf 88' lang='lat' dir='ltr'>cum</span> <span class='ocrx_word' id='word_1_351' title='bbox 1227 2144 1330 2177; x_wconf 73' lang='lat' dir='ltr'>Setina</span> <span class='ocrx_word' id='word_1_352' title='bbox 1355 2154 1454 2187; x_wconf 89' lang='lat' dir='ltr'>aeque</span> <span class='ocrx_word' id='word_1_353' title='bbox 1478 2144 1697 2187; x_wconf 85' lang='lat' dir='ltr'>principaliter</span> 
     </span>
    </p>

    <p class='ocr_par' dir='ltr' id='par_1_30' title="bbox 1045 2197 1273 2235">
     <span class='ocr_line' id='line_1_84' title="bbox 1045 2197 1273 2235; baseline -0.004 -5"><span class='ocrx_word' id='word_1_354' title='bbox 1045 2199 1169 2235; x_wconf 85' lang='lat' dir='ltr'>unitur.</span> <span class='ocrx_word' id='word_1_355' title='bbox 1198 2197 1273 2230; x_wconf 66' lang='lat'>262.</span> 
     </span>
    </p>

    <p class='ocr_par' dir='ltr' id='par_1_31' title="bbox 957 2249 1698 2449">
     <span class='ocr_line' id='line_1_85' title="bbox 957 2249 1698 2293; baseline -0.003 -8"><span class='ocrx_word' id='word_1_356' title='bbox 957 2251 1045 2285; x_wconf 88' lang='lat' dir='ltr'>XCII.</span> <span class='ocrx_word' id='word_1_357' title='bbox 1074 2251 1255 2283; x_wconf 81' lang='lat' dir='ltr'>Declaratur</span> <span class='ocrx_word' id='word_1_358' title='bbox 1289 2250 1469 2292; x_wconf 79' lang='lat' dir='ltr'>superiores</span> <span class='ocrx_word' id='word_1_359' title='bbox 1499 2249 1698 2293; x_wconf 77' lang='lat' dir='ltr'>presbytero-</span> 
     </span>
     <span class='ocr_line' id='line_1_86' title="bbox 1045 2302 1698 2344; baseline -0.002 -8"><span class='ocrx_word' id='word_1_360' title='bbox 1045 2314 1113 2336; x_wconf 91' lang='lat' dir='ltr'>rum</span> <span class='ocrx_word' id='word_1_361' title='bbox 1131 2302 1340 2336; x_wconf 81' lang='lat' dir='ltr'>saeculariurn</span> <span class='ocrx_word' id='word_1_362' title='bbox 1354 2302 1615 2344; x_wconf 74' lang='lat' dir='ltr'>Congregationis</span> <span class='ocrx_word' id='word_1_363' title='bbox 1628 2302 1698 2335; x_wconf 84' lang='lat' dir='ltr'>Mis-</span> 
     </span>
     <span class='ocr_line' id='line_1_87' title="bbox 1044 2355 1696 2388; baseline 0 0"><span class='ocrx_word' id='word_1_364' title='bbox 1044 2356 1140 2388; x_wconf 84' lang='lat' dir='ltr'>sionis</span> <span class='ocrx_word' id='word_1_365' title='bbox 1165 2355 1281 2387; x_wconf 87' lang='lat' dir='ltr'>habere</span> <span class='ocrx_word' id='word_1_366' title='bbox 1305 2355 1481 2387; x_wconf 80' lang='lat' dir='ltr'>facultatem</span> <span class='ocrx_word' id='word_1_367' title='bbox 1503 2355 1696 2388; x_wconf 85' lang='lat' dir='ltr'>concedendi</span> 
     </span>
     <span class='ocr_line' id='line_1_88' title="bbox 1043 2407 1694 2449; baseline 0 -8"><span class='ocrx_word' id='word_1_368' title='bbox 1043 2409 1162 2442; x_wconf 81' lang='lat' dir='ltr'>litteras</span> <span class='ocrx_word' id='word_1_369' title='bbox 1176 2407 1371 2441; x_wconf 82' lang='lat' dir='ltr'>dimissorias</span> <span class='ocrx_word' id='word_1_370' title='bbox 1384 2407 1518 2440; x_wconf 88' lang='lat' dir='ltr'>subditis</span> <span class='ocrx_word' id='word_1_371' title='bbox 1532 2408 1606 2449; x_wconf 87' lang='lat' dir='ltr'>suis,</span> <span class='ocrx_word' id='word_1_372' title='bbox 1620 2408 1694 2442; x_wconf 69' lang='lat'>267.</span> 
     </span>
    </p>

    <p class='ocr_par' dir='ltr' id='par_1_32' title="bbox 955 2460 1697 2663">
     <span class='ocr_line' id='line_1_89' title="bbox 955 2460 1695 2504; baseline -0.003 -8"><span class='ocrx_word' id='word_1_373' title='bbox 955 2461 1057 2497; x_wconf 88' lang='lat' dir='ltr'>XCIII.</span> <span class='ocrx_word' id='word_1_374' title='bbox 1076 2461 1263 2495; x_wconf 86' lang='lat' dir='ltr'>Conceditur</span> <span class='ocrx_word' id='word_1_375' title='bbox 1278 2460 1380 2504; x_wconf 90' lang='lat' dir='ltr'>priori</span> <span class='ocrx_word' id='word_1_376' title='bbox 1409 2461 1549 2503; x_wconf 87' lang='lat' dir='ltr'>generali</span> <span class='ocrx_word' id='word_1_377' title='bbox 1567 2461 1695 2494; x_wconf 85' lang='lat' dir='ltr'>carthu-</span> 
     </span>
     <span class='ocr_line' id='line_1_90' title="bbox 1043 2513 1696 2557; baseline 0.002 -11"><span class='ocrx_word' id='word_1_378' title='bbox 1043 2515 1105 2547; x_wconf 84' lang='lat' dir='ltr'>siae</span> <span class='ocrx_word' id='word_1_379' title='bbox 1131 2513 1259 2547; x_wconf 86' lang='lat' dir='ltr'>maioris</span> <span class='ocrx_word' id='word_1_380' title='bbox 1279 2514 1437 2547; x_wconf 91' lang='lat' dir='ltr'>indultum</span> <span class='ocrx_word' id='word_1_381' title='bbox 1457 2514 1639 2557; x_wconf 84' lang='lat' dir='ltr'>egrediendi</span> <span class='ocrx_word' id='word_1_382' title='bbox 1657 2525 1696 2548; x_wconf 86' lang='lat' dir='ltr'>ex</span> 
     </span>
     <span class='ocr_line' id='line_1_91' title="bbox 1043 2566 1697 2607; baseline -0.002 -7"><span class='ocrx_word' id='word_1_383' title='bbox 1043 2567 1221 2600; x_wconf 63' lang='lat' dir='ltr'>essdemmet</span> <span class='ocrx_word' id='word_1_384' title='bbox 1245 2566 1423 2607; x_wconf 71' lang='lat' dir='ltr'>carthusia,</span> <span class='ocrx_word' id='word_1_385' title='bbox 1451 2572 1481 2600; x_wconf 84' lang='lat' dir='ltr'>et</span> <span class='ocrx_word' id='word_1_386' title='bbox 1505 2567 1697 2600; x_wconf 85' lang='lat' dir='ltr'>monasteria</span> 
     </span>
     <span class='ocr_line' id='line_1_92' title="bbox 1044 2618 1696 2663; baseline 0 -11"><span class='ocrx_word' id='word_1_387' title='bbox 1044 2624 1105 2653; x_wconf 87' lang='lat' dir='ltr'>tam</span> <span class='ocrx_word' id='word_1_388' title='bbox 1132 2618 1360 2652; x_wconf 85' lang='lat' dir='ltr'>monachorum</span> <span class='ocrx_word' id='word_1_389' title='bbox 1385 2629 1479 2663; x_wconf 84' lang='lat' dir='ltr'>quarn</span> <span class='ocrx_word' id='word_1_390' title='bbox 1510 2619 1696 2652; x_wconf 89' lang='lat' dir='ltr'>monialium</span> 
     </span>
    </p>

    <p class='ocr_par' dir='ltr' id='par_1_33' title="bbox 1017 2670 1673 2721">
     <span class='ocr_line' id='line_1_93' title="bbox 1017 2670 1673 2721; baseline 0.002 -17"><span class='ocrx_word' id='word_1_391' title='bbox 1017 2713 1019 2715; x_wconf 17' lang='grc' dir='ltr'><strong><em>ι</em></strong></span> <span class='ocrx_word' id='word_1_392' title='bbox 1044 2672 1074 2705; x_wconf 90' lang='lat' dir='ltr'>in</span> <span class='ocrx_word' id='word_1_393' title='bbox 1095 2672 1266 2715; x_wconf 83' lang='lat' dir='ltr'>provinciis</span> <span class='ocrx_word' id='word_1_394' title='bbox 1282 2672 1399 2721; x_wconf 83' lang='lat' dir='ltr'>Galliae</span> <span class='ocrx_word' id='word_1_395' title='bbox 1418 2672 1578 2714; x_wconf 85' lang='lat' dir='ltr'>visitandi,</span> <span class='ocrx_word' id='word_1_396' title='bbox 1596 2670 1673 2706; x_wconf 70' lang='lat'>268.</span> 
     </span>
    </p>
   </div>
   <div class='ocr_carea' id='block_1_6' title="bbox 956 2039 1031 2074">
    <p class='ocr_par' dir='ltr' id='par_1_34' title="bbox 956 2039 1031 2074">
     <span class='ocr_line' id='line_1_94' title="bbox 956 2039 1031 2074; baseline -0.013 -1"><span class='ocrx_word' id='word_1_397' title='bbox 956 2039 1031 2074; x_wconf 87' lang='lat' dir='ltr'>XCI.</span> 
     </span>
    </p>
   </div>
  </div>
 </body>
</html>
