2170 3147
452 234 515 268 758

458 293 537 325 Dato
553 292 603 325 dal
626 298 738 325 nostro
757 292 888 335 palazzo
904 291 1086 335 apostolico
1103 290 1158 322 Ya-

414 346 529 384 ticano,
552 351 664 388 questo
681 345 710 378 di
729 356 748 378 x
763 344 936 378 decembre
955 354 1153 378 itinccxxvnl.

451 408 509 433 liat.
532 407 576 433 die
595 407 626 434 10
641 406 794 434 decembris
817 407 896 439 1758,
920 406 1019 442 pontis.
1041 414 1113 432 anno
1130 412 1155 431 v.

220 243 271 270 An.
289 243 318 270 C.
337 243 405 271 1728

743 549 822 582 CCL.

412 629 633 662 Dcclarantur
664 628 827 662 inhabiles
858 628 899 661 acl
924 628 1031 671 officia
1055 632 1083 661 el
1108 627 1157 660 cli-

457 683 599 724 qm'lales
612 681 762 724 religiosi
774 681 807 715 S.
825 681 949 714 Basilii·
964 680 1080 723 Mayni
1096 680 1158 712 sibi

454 739 664 778 procurantes
681 735 978 778 archiepiscopatus
995 738 1024 767 et
1041 734 1156 777 episco-

454 793 571 831 palus,
598 788 745 833 aliasque
769 787 980 831 (Iiyizilczlcs¹.

589 868 773 896 Benedictus
794 868 874 901 Papa
895 868 974 900 XIII,

553 912 590 940 ad
610 913 745 939 futuram
764 912 810 939 rei
829 912 1014 939 memoriam.

243 991 323 1012 (Tau-xv¹
340 991 402 1011 linus

371 1026 373 1028 q
457 984 472 1028 g
497 983 528 1016 1.
556 983 645 1023 Cum,
666 983 750 1015 sicut
767 982 905 1016 dilectus
923 982 1009 1014 filius
1027 981 1155 1014 moder-

218 1022 302 1058 c's¹¹‘'·''¹
317 1021 473 1070 „ia'srifnug
499 1041 695 1080 procurator
720 1035 883 1078 generalis
901 1034 1032 1068 Ordinis
1053 1033 1153 1067 sancti

247 1107 258 1119 tt
277 1073 401 1119 „sniisiiiiss
414 1090 521 1122 Basilii
548 1090 673 1131 Magni,
709 1094 771 1121 tam
804 1099 862 1121 suo
888 1098 982 1132 quam
1010 1087 1154 1120 eiusdem

412 1142 541 1175 Ordinis
566 1143 707 1182 nomine,
726 1143 821 1175 nobis
841 1152 946 1185 nuper
972 1141 1088 1184 exponi
1111 1141 1156 1173 se-

412 1196 467 1236 cit,
495 1196 581 1228 iuxta
608 1195 878 1228 consuetudinem
904 1196 1062 1227 hactenus
1089 1203 1157 1227 ser-

411 1254 517 1282 vatam
543 1249 574 1281 in
601 1249 743 1281 Ecclesia
770 1253 802 1281 et
827 1248 900 1280 Ritu
926 1247 1155 1280 Gracco-unito

412 1302 450 1335 ad
478 1301 782 1344 archiepiscopatus
816 1306 847 1334 et
873 1300 1078 1344 episcopatus
1105 1310 1155 1333 re-

412 1354 521 1396 ligiosi
548 1354 700 1387 Basiliani
726 1359 939 1393 assumantur,
961 1363 1057 1397 saepe
1080 1364 1155 1387 vero

413 1407 582 1450 contingat
611 1407 696 1451 quod
722 1407 823 1450 aliqui
849 1407 1030 1450 praedictas
1051 1407 1156 1450 digni-

414 1466 495 1493 tates
520 1470 580 1504 per
611 1460 911 1494 commendationes
946 1466 1154 1503 magnatum,

413 1524 480 1546 non
499 1513 568 1546 sine
587 1513 723 1556 praelati
744 1513 875 1546 Ordinis
895 1514 1155 1558 perturbatione,

413 1567 475 1599 sibi
493 1572 691 1610 procurent:
712 1567 814 1600 dictus
840 1573 1035 1611 procurator
1060 1578 1157 1610 gene-

413 1621 509 1660 ralis,
536 1631 601 1663 quo
628 1620 809 1653 ambitiosis
835 1620 884 1653 via
909 1621 1153 1663 praecludatur,

414 1680 601 1717 opportune
627 1674 659 1706 in
684 1673 873 1716 praemissis
899 1684 915 1706 a
933 1674 1026 1707 nobis
1052 1674 1156 1717 provi-

414 1727 483 1759 deri
502 1733 533 1759 et
551 1732 584 1759 ut
607 1726 691 1759 inl'ra
716 1727 881 1770 indulgeri
908 1727 1082 1770 plurimum
1105 1728 1155 1761 dc-

413 1780 552 1813 sideret:

458 1834 472 1876 g
497 1833 528 1866 ⁶2.
555 1833 631 1874 Nos,
652 1833 796 1866 ciusdem
814 1834 1037 1877 procuratoris
1060 1844 1155 1877 genc-

415 1887 491 1919 ralis
515 1887 597 1919 votis
615 1892 770 1930 qnantum
790 1897 861 1919 cinn
887 1887 1021 1920 Domino
1040 1897 1156 1930 possu-

413 1950 484 1971 mus
509 1939 651 1982 benigne
679 1949 822 1972 annuere
840 1940 996 1979 volentes,
1016 1951 1154 1984 eumque

415 2002 431 2024 a
449 1991 616 2035 quibusvis
638 1992 995 2033 excommunicationis,
1022 2003 1156 2037 suspen-

415 2045 514 2078 sionis
541 2051 572 2078 et
600 2046 786 2086 interdicti,
818 2046 958 2090 aliisque
995 2046 1151 2080 ecclesia-

415 2099 504 2131 sticis
529 2099 719 2140 sententiis,
747 2100 893 2132 censuris
919 2105 949 2133 et
974 2100 1108 2144 poenis,
1139 2111 1155 2133 a

415 2152 484 2188 iure
510 2153 559 2185 vel
594 2152 632 2185 ab
667 2153 809 2193 bomine,
843 2153 955 2196 quavis
982 2153 1154 2187 occasione

414 2207 462 2238 vel
484 2207 580 2238 causa
607 2205 691 2246 latis,
716 2207 741 2239 si
764 2206 882 2249 quibus
909 2206 1156 2250 quomodolibet

415 2258 589 2291 innodatus
613 2259 739 2299 existit,
766 2259 804 2292 ad
831 2258 979 2292 effectum
1005 2270 1156 2303 praesen-

416 2311 493 2343 tium
520 2311 684 2344 dumtaxat
716 2313 1003 2355 consequendum,
1038 2313 1153 2346 liarnm

414 2365 496 2396 serie
522 2365 731 2398 absolventes
753 2371 785 2398 et
801 2366 986 2399 absolutum
1002 2367 1070 2399 sore
1086 2377 1156 2400 cen-

415 2422 536 2455 sentes,
554 2419 850 2462 supplicationibus
868 2420 937 2453 eius
955 2421 1086 2454 nomine
1104 2431 1156 2454 no-

416 2469 465 2501 bis
491 2480 589 2513 super
615 2472 675 2504 lioc
703 2472 1047 2516 humiliterporrectis
1068 2473 1156 2506 incli-

243 1839 364 1859 Dec-lavatio
374 1840 403 1859 in·

219 1866 336 1886 habililali*
344 1872 362 1892 pi
369 1873 403 1886 aa·

220 1894 289 1912 dictu*

453 2550 463 2575 1
488 2548 658 2576 Consiinilein
679 2551 891 2585 prohibitionem
913 2556 1005 2579 eontra
1025 2553 1155 2579 ambitum

417 2592 580 2627 officiorum,
601 2594 655 2621 sive
676 2594 745 2621 intra
764 2595 818 2621 sive
839 2600 912 2623 extra
934 2597 1093 2631 religionem
1108 2598 1156 2624 ob-

418 2637 600 2673 tinendorum,
623 2637 720 2665 liabent
740 2640 796 2666 sere
816 2648 911 2668 omnes
930 2641 1084 2676 religiones.

998 239 1183 267 BULLARIUM
1206 239 1361 265 ROMANUM

1200 289 1290 329 nati,
1311 290 1351 322 ad
1375 289 1480 322 officia
1505 295 1536 323 et
1561 289 1734 333 dignitates
1758 288 1939 322 monachos

1200 352 1315 375 omnes
1338 343 1511 376 memorati
1536 343 1665 376 Ordinis
1681 369 1688 383 ,
1714 343 1768 386 qui
1794 342 1863 376 sine
1889 352 1942 375 ex-

1200 405 1316 437 presso
1341 395 1520 438 superioris
1554 396 1715 438 generalis
1749 406 1804 428 seu
1830 400 1943 438 proto-

1200 448 1478 481 archimandritae
1503 459 1561 492 pro
1587 454 1734 492 tempore
1772 447 1940 481 existentis

1201 505 1232 533 et
1257 500 1425 533 memorati
1451 500 1579 535 Ordinis
1612 510 1774 534 consensu
1807 500 1867 532 sibi
1893 509 1943 532 ar-

1200 553 1474 598 chiepiscopatus,
1502 554 1732 597 episcopatus,
1761 553 1944 586 archiman-

1201 606 1285 639 drias
1323 612 1375 639 aut
1408 617 1631 650 quascumque
1664 607 1742 640 abas
1768 605 1943 649 dignitates

1200 666 1426 702 procurarent,
1445 671 1482 693 eo
1509 660 1579 703 ipso
1606 660 1645 693 ad
1671 660 1741 693 illas
1767 658 1941 696 inhabiles,

1199 712 1389 746 auctoritate
1415 712 1591 756 apostolica
1608 739 1615 752 ‚
1649 717 1762 745 tenore
1787 721 1942 755 praesen-

1201 764 1290 805 tium,
1316 766 1531 799 declaramus.

1244 821 1258 863 5
1283 819 1315 853 3.
1341 819 1576 860 Decernentes‚
1599 819 1729 853 easdem
1747 826 1941 863 praesentes

1199 874 1325 907 litteras
1350 883 1482 917 semper
1507 872 1617 906 sirmas
1634 900 1642 914 ,
1669 872 1745 905 etc,¹

1243 927 1257 970 g
1282 927 1314 959 4.
1334 926 1403 960 Non
1428 926 1634 960 obstantibus
1652 924 1940 959 constitutionibus

1200 985 1231 1013 ct
1251 979 1512 1013 ordinationibus
1538 979 1748 1022 apostolicis,
1767 988 1812 1018 ac,
1831 983 1943 1021 quate-

1199 1044 1259 1066 nus
1284 1043 1365 1077 opus
1390 1032 1440 1074 sit,
1462 1033 1539 1066 dicti
1565 1032 1704 1073 Ordinis,
1731 1032 1841 1072 etiam,
1868 1029 1942 1064 etc.²

1243 1087 1356 1119 Datum
1382 1087 1520 1125 Romae,
1547 1086 1634 1130 apud
1660 1085 1692 1118 S.
1718 1085 1858 1125 Petrum,
1883 1084 1942 1117 sub

1199 1141 1322 1173 annulo
1359 1139 1558 1179 piscatoris,
1591 1139 1642 1171 die
1681 1148 1731 1172 xv1
1758 1137 1942 1171 decembris

1198 1202 1399 1233 MDCCXXVIH,
1417 1192 1628 1236 pontificatus
1653 1190 1755 1224 nostri
1777 1200 1863 1224 anno
1884 1201 1909 1222 v.

1234 1256 1292 1283 Dat.
1312 1256 1357 1283 die
1376 1255 1408 1282 16
1424 1254 1582 1282 decembris
1599 1254 1677 1288 1728,
1693 1253 1796 1289 pontis.
1811 1261 1884 1280 anno
1898 1260 1924 1280 v.

1520 1397 1617 1432 CCLI.

1199 1478 1351 1521 Eriqz'lur
1398 1477 1545 1510 custodia
1584 1477 1734 1510 Alsatiae
1778 1476 1944 1509 Mc'norum

1246 1531 1505 1574 Capucciizorum
1531 1531 1565 1563 in
1590 1540 1706 1563 novam
1737 1528 1945 1573 provinciam

1243 1585 1426 1618 Alsaticmn
1451 1582 1747 1629 ozuizcupandamss.

1376 1665 1556 1693 Benedictus
1578 1665 1657 1699 Papa
1677 1664 1767 1697 xm,

1313 1711 1350 1737 acl
1374 1713 1555 1744 perpetuam
1578 1710 1624 1736 rei
1644 1709 1830 1736 memoriam.

1243 1782 1417 1816 Pastoralis
1444 1782 1558 1821 officii,
1585 1793 1649 1826 quo
1675 1782 1853 1815 catholicae
1885 1781 1943 1815 Ec-

1200 1836 1319 1869 clesiae
1345 1846 1404 1879 per
1429 1836 1614 1869 universum
1643 1841 1803 1869 terrarum
1828 1836 1941 1869 orbem

1200 1889 1334 1922 diffusae
1374 1889 1527 1932 regimini
1571 1889 1678 1923 divina
1726 1889 1941 1933 dispositione

1181 1942 1442 1986 praesidemus,
1470 1942 1657 1976 sollicitudo
1684 1952 1743 1976 nos
1768 1943 1940 1983 admonet,

1198 2001 1233 2028 ut
1250 1995 1337 2029 felici
1362 2006 1589 2040 prosperoque
1608 1996 1838 2039 religiosorum
1858 1996 1944 2029 viro·

1199 2059 1269 2081 rum
1296 2049 1414 2081 divinis
1450 2049 1618 2092 obsequiis
1656 2049 1715 2082 sub
1752 2049 1941 2082 austerioris

1198 2102 1280 2135 vitae
1303 2101 1474 2145 disciplina
1499 2102 1770 2145 mancipatorum,
1787 2102 1942 2146 suavique

1198 2154 1314 2188 Christi
1333 2155 1433 2188 odore
1452 2155 1491 2187 de
1509 2156 1596 2188 bona
1618 2155 1866 2188 conversatione
1885 2155 1945 2188 sra-

1199 2208 1363 2251 grantium
1390 2209 1497 2249 statui,
1519 2208 1669 2251 regimini
1692 2214 1723 2242 et
1739 2208 1940 2253 progressui,

1199 2262 1363 2295 interdum
1383 2261 1479 2294 etiam
1500 2272 1560 2305 per
1582 2273 1737 2295 novarum
1763 2261 1942 2306 provincia-

1236 2333 1246 2359 1
1270 2332 1303 2359 Ut
1322 2340 1405 2368 supra
1425 2340 1485 2367 pag.
1508 2333 1559 2360 587
1580 2334 1595 2360 b
1614 2334 1655 2367 (a.
1671 2335 1722 2366 T.).

1234 2376 1250 2402 ⁹2
1272 2376 1303 2403 Ut
1319 2385 1400 2412 supra
1416 2386 1477 2413 pag.
1495 2378 1543 2404 471
1561 2386 1577 2404 α
1595 2380 1633 2412 ln.
1655 2379 1704 2412 T.).

1234 2422 1249 2448 3
1270 2422 1309 2448 De
1330 2421 1460 2448 divisione
1481 2422 1635 2457 provinciae
1665 2423 1813 2450 Insulensis
1832 2431 1942 2450 eorum-

1199 2464 1259 2491 dem
1280 2466 1395 2492 fratrum
1409 2488 1416 2500 ‚
1438 2466 1497 2492 vide
1517 2466 1665 2493 Clementis
1685 2467 1718 2493 xl
1748 2467 1854 2494 constit.
1876 2467 1941 2494 edit.

1200 2517 1322 2543 zinccxxi,
1339 2510 1382 2536 die
1400 2512 1428 2537 11
1444 2511 1569 2545 ianuarii,
1582 2511 1677 2547 pontis.
1695 2518 1756 2544 xx¹3
1774 2515 1801 2538 et
1819 2511 1846 2538 in
1863 2511 1942 2537 huius

1200 2554 1338 2580 l’outiticis
1359 2555 1467 2581 constit.
1485 2555 1550 2582 edit.
1567 2562 1711 2590 iiinccxxix,
1728 2555 1772 2582 die
1791 2556 1823 2582 12
1837 2555 1940 2587 martii,

1199 2598 1294 2632 pontis.
1317 2606 1341 2630 v,
1362 2599 1450 2633 agitur
1469 2599 1502 2626 dc
1522 2600 1682 2627 alternatim
1703 2599 1859 2627 officialium
1876 2606 1941 2633 pro-

1201 2642 1304 2670 vinciae
1325 2642 1480 2671 Brixiensis.

1946 237 1999 267 An.
2016 237 2045 265 C.
2063 237 2130 268 1728

1980 831 2099 854 clausulae.

2020 940 2132 962 Deruentio

1951 968 2114 989 contrariorum.

1979 1790 2099 1811 Exordium.
