2170 3147
17 189 76 217 An.
91 186 118 213 C.
141 185 209 213 ¹725

213 232 252 265 tis
278 231 439 274 octoginta
464 235 606 273 septem,
633 233 663 262 et
686 228 792 262 obulis
816 227 949 270 quadra·
969 233 972 268 Ι

213 283 322 326 ginta,
349 283 418 316 lieri
445 283 586 315 debeant
620 286 779 324 perpetuo
813 277 973 321 singulis*

212 336 305 368 annis
330 335 568 373 mutuationeS‚
597 334 719 366 scilicet
745 333 774 364 in
802 323 973 374 portione²

213 394 376 421 scutorum
402 388 569 430 sexaginta
594 386 730 418 millium
747 411 754 424 ‚
782 384 949 426 agricolis,

213 441 386 474 fundorum
400 440 550 479 dominis,
565 444 595 472 et
609 436 865 471 conductoribus
877 435 951 477 Agri
973 437 975 445 '

213 493 374 533 Romani;
402 503 460 525 nec
486 498 589 524 tamen
617 490 821 532 magistratus
847 498 949 520 anno-

213 557 273 579 nae
299 546 340 579 ob
366 546 487 579 dictum
505 550 650 576 mutuum
670 541 843 585 quicquam
861 549 953 583 prae-

215 599 350 631 tendere
387 603 442 630 aut
477 607 611 640 sperare
644 595 745 627 valeat
777 594 808 625 in
835 601 978 648 genere}

215 661 353 691 census,
376 661 492 683 usurae
517 654 572 682 aut
596 648 731 681 alterius
756 645 885 689 generis
911 645 955 676 lu-

215 705 279 745 t·1·i·,
307 705 345 738 de
371 705 493 736 summa
510 708 615 735 autem
634 701 771 733 aliorum
793 703 956 731 scutorum

215 757 449 801 quinquaginta
473 756 610 788 millium
638 752 768 796 disponi
795 752 954 790 volumus⁷

215 810 489 854 quemadmodum
509 807 704 841 auctoritate
724 807 835 838 nostra
854 804 957 846 dispo-

215 863 337 902 nimus,
360 863 391 894 in
418 861 624 894 commodum
651 864 683 891 et
710 858 848 890 savorem
875 855 957 898 agri-

215 917 382 955 colarum,
409 915 616 949 dominorum
653 918 681 945 et
720 905 979 944 conductorum

216 980 366 1012 agrorum
387 968 417 1001 in
437 968 585 1001 districtu
617 974 761 1004 romano,
788 964 824 996 ea
851 968 957 995 tamen

216 1021 424 1060 conditione,
451 1025 505 1059 ut,
532 1029 602 1051 cum
631 1018 668 1050 ad
697 1025 858 1049 annonam
884 1014 980 1057 per-‘

217 1075 318 1106 lineat
351 1073 383 1106 in
415 1071 582 1105 nonnullis
616 1069 694 1102 locis
731 1068 874 1101 eiusdem
912 1066 981 1112 di-1

216 1127 347 1160 strictus
372 1126 541 1158 ministros
566 1122 730 1166 stipendio
753 1121 956 1159 conducere,

216 1179 314 1212 iidem
332 1179 495 1222 agricolae
522 1176 738 1210 districtuales
757 1185 816 1218 pro
835 1183 960 1217 repara-
979 1190 981 1218 g

217 1233 306 1265 tione
332 1242 367 1265 ac
388 1230 647 1273 reintegratione
682 1227 869 1260 eorumdem
905 1225 982 1278 sti-l

217 1286 411 1330 pendiorum
423 1285 549 1318 solvere
563 1283 703 1316 debeant
718 1281 847 1324 publico
863 1290 961 1313 anno-
980 1283 983 1301 ⁸

217 1349 278 1372 nae
304 1338 503 1382 magistratui
531 1341 623 1369 scuta
648 1336 712 1368 duo
729 1345 789 1378 pro
814 1334 961 1377 quolibet

981 1379 983 1394 l

793 179 987 204 BENEDICTUS
1013 180 1067 203 §tltt
1094 180 1141 203 FP.

218 1393 407 1426 centenario
432 1402 466 1425 ex
495 1396 606 1423 mutuo
624 1394 778 1432 accepto,
798 1387 959 1430 reliquum

218 1456 293 1479 vero
312 1445 409 1479 totius
425 1444 520 1477 sortis
536 1448 699 1476 scutorum
726 1440 960 1485 quinquaginta
981 1446 983 1485 j

218 1498 313 1531 unius
340 1498 477 1531 millium
510 1496 759 1540 quingentorum
794 1493 983 1536 octoginta4

221 1559 367 1595 septem,
395 1556 426 1584 et
452 1551 625 1583 obulorum
652 1547 877 1592 quadraginta,
903 1557 959 1579 seu
981 1537 983 1593 ξ

221 1604 379 1650 quidquid
405 1604 444 1637 ad
470 1604 564 1636 aliam
600 1602 758 1635 maiorem
786 1606 816 1634 et
842 1600 983 1660 certio-i

220 1669 290 1692 rem
322 1668 477 1691 summam
518 1655 711 1695 ascenderit,
747 1656 893 1688 volumus
930 1660 983 1702 et4

220 1712 420 1751 mandamus,
440 1716 474 1743 ut
494 1711 531 1743 ea
552 1720 614 1753 qua
635 1719 692 1752 par
717 1713 764 1741 est
789 1707 959 1750 diligentia
982 1714 983 1738 1

222 1771 254 1799 et
277 1764 494 1799 sollicitudine
526 1762 667 1805 (exactis
692 1761 876 1794 nominibus
905 1762 959 1794 de-
982 1784 983 1801 ,

220 1818 363 1852 bitorum
390 1826 553 1857 annonae,
576 1821 782 1859 retractoque
799 1816 906 1858 pretio
924 1826 960 1847 ex
982 1838 983 1851 t

221 1872 410 1906 venditione
466 1870 618 1902 frumenti
674 1868 962 1912 superexcedentis

222 1926 435 1970 quantitatem
463 1924 635 1956 rubrorum
666 1922 798 1965 triginta
824 1921 961 1954 millium
983 1938 984 1946 ι

223 1979 320 2013 tritici
363 1983 521 2022 perpetuo
563 1976 601 2008 ad
635 1976 782 2019 publicae
817 1985 962 2008 annonae

223 2032 426 2066 commodata
451 2029 663 2071 serrandum)
697 2028 814 2062 debeat
838 2033 963 2061 consta-
983 2020 984 2046 ³

222 2085 310 2119 biliri
336 2090 432 2128 atque
470 2082 614 2116 investiri
641 2082 672 2114 in
701 2087 746 2114 tot
772 2081 852 2114 locis
879 2091 984 2122 mon-3

224 2140 304 2173 tium
328 2138 541 2171 cameralihus
568 2147 632 2169 non
657 2135 866 2169 vacabilibus.
900 2135 964 2168 llo-

225 2205 297 2228 rum
322 2194 460 2236 insuper
484 2193 627 2225 locorum
653 2190 783 2229 fructus,
804 2191 867 2222 una
892 2199 963 2221 cum

226 2247 378 2281 omnibus
405 2244 476 2278 aliis
502 2244 600 2277 lucris
633 2253 715 2286 quae
747 2243 785 2275 ad
815 2242 962 2275 eamdem

226 2310 399 2342 annonam,
427 2304 488 2331 tam
515 2309 549 2330 ex
577 2296 675 2329 firmis
700 2295 964 2338 quotidianisque

226 2353 423 2392 redditibus,
445 2361 539 2394 quam
567 2361 601 2382 ex
629 2349 713 2382 omni
741 2349 803 2381 alio
831 2348 965 2381 fortuito

227 2412 407 2451 proventu,
433 2404 596 2448 pertinere
631 2412 771 2445 unquam
797 2406 964 2444 poterunt,

228 2461 375 2494 volumus
413 2462 448 2490 ut
477 2467 607 2500 semper
643 2461 676 2489 et
707 2455 739 2487 in
772 2460 964 2498 perpetuum

229 2512 315 2546 uniri
341 2511 491 2551 debeant,
511 2515 543 2542 et
559 2508 704 2553 quolibet
720 2518 804 2540 anno
822 2507 965 2540 investiri

231 2567 264 2600 in
288 2565 358 2599 aliis
384 2564 465 2599 locis
492 2562 660 2604 montium,
681 2572 717 2594 ex
743 2561 789 2594 eis
816 2560 967 2594 constitui

1621 163 1685 197 283
1735 172 1787 197 Λη.
1808 171 1836 198 c.
1857 170 1924 197 1725

993 232 1200 271 augmentum
1239 226 1304 258 sive
1342 223 1568 267 multiplicum,
1602 227 1635 254 ut
1672 221 1733 253 liae

994 283 1146 324 prompta
1172 284 1203 312 et
1229 280 1338 322 parata
1371 277 1508 320 pecunia
1540 275 1732 316 cuicumque

996 332 1181 365 necessitati
1208 330 1305 363 liuius
1333 334 1460 362 nostrae
1498 328 1599 360 almae
1624 326 1731 366 Urbis,

996 385 1130 426 eiusque
1152 383 1326 421 districtus,
1347 389 1376 415 et
1394 383 1567 425 praecipuo
1588 385 1733 422 tempore

996 437 1175 469 sterilitatis
1202 442 1255 468 aut
1282 436 1452 479 penuriae,
1480 447 1496 467 a
1520 435 1637 478 quibus
1662 433 1735 465 sub-

998 489 1080 521 ditos
1106 493 1235 521 nostros
1255 489 1360 521 divina
1380 487 1552 521 clementia
1573 487 1734 519 immunes

998 541 1168 580 custodiat,
1194 547 1379 585 opportune
1410 540 1573 573 subveniri
1600 550 1636 572 ac
1660 549 1737 582 pro-

999 594 1099 627 videri
1123 594 1237 637 possit.

1043 647 1134 690 ἓΜ.
1173 646 1263 680 Circa
1300 657 1375 679 vcro
1413 646 1669 689 praemissorum
1707 649 1738 677 et
1774 652 1932 675 Statuam-,ut

1718 697 1723 701 .
1747 679 1858 704 praedicta
1878 678 1933 698 Con-

1001 700 1143 733 omuium
1170 711 1186 732 a
1211 699 1304 732 nobis
1322 705 1516 732 statutorum
1545 703 1573 731 et
1601 697 1933 752 dispos''5s51{³‡¹⁰,ss³fleffl

1001 760 1104 787 torum
1123 755 1253 796 plenam
1272 753 1495 786 executionem
1519 757 1549 784 et
1575 751 1789 793 integrumtur.

1002 806 1303 848 adimplcuicntuni,
1337 804 1482 836 camdem
1508 801 1738 844 Congregatio-

1003 870 1074 891 nem
1102 859 1322 901 praelatorum
1353 857 1554 898 aliorumque
1581 861 1615 887 ut
1641 865 1740 897 supra

1002 922 1018 943 a
1044 911 1137 944 nobis
1168 910 1406 943 nominatorum
1444 914 1475 941 ct
1511 909 1739 951 deputatorum

1002 965 1114 998 scdulo
1134 964 1323 997 incumbere
1341 969 1369 996 ct
1389 962 1556 1004 invigilare
1575 962 1738 994 iubemus.

1001 1018 1098 1057 Quam
1124 1018 1419 1060 Congregatiouem
1437 1016 1486 1048 bis
1505 1015 1535 1047 in
1554 1024 1661 1048 mense
1687 1023 1742 1045 sn-

1002 1073 1109 1115 perius
1133 1071 1247 1104 liaberi
1284 1069 1507 1103 mandavimus
1532 1074 1566 1100 ut
1590 1067 1742 1101 crebiori-

1002 1126 1059 1157 bus
1078 1123 1309 1166 congressibus
1324 1123 1439 1155 melius
1457 1121 1659 1163 celeriusque
1679 1126 1741 1152 tam

1003 1178 1152 1221 regimini
1201 1176 1413 1210 oeconomico
1461 1185 1609 1207 annonae
1647 1184 1740 1217 quam

1003 1231 1138 1275 politico
1179 1230 1324 1273 agrariae
1365 1229 1442 1261 artis
1483 1228 1671 1260 consulatur
1711 1227 1741 1259 in

1004 1286 1171 1329 utriusque
1206 1283 1399 1317 beneficium
1431 1288 1462 1315 et
1495 1282 1741 1321 incrementum,

1004 1339 1177 1377 audiendo,
1206 1338 1230 1370 si
1259 1337 1312 1380 qui
1339 1337 1429 1377 licut,
1453 1341 1671 1368 mercatorum
1696 1334 1745 1377 pi-

981 1398 1192 1434 *storumque
1226 1400 1387 1429 recursus,
1414 1389 1517 1432 iisque
1551 1386 1744 1430 opportunis

1005 1443 1332 1478 determinationibus
1359 1441 1570 1485 providendo,
1590 1445 1745 1473 mercatu-

1005 1509 1082 1537 ram,
1102 1496 1322 1529 venditionem
1341 1500 1372 1528 et
1390 1494 1528 1538 pretium
1556 1493 1663 1532 tritici,
1681 1497 1744 1525 tam

1005 1550 1079 1593 Agri
1105 1550 1239 1583 Romani
1277 1554 1308 1581 et
1344 1547 1506 1580 districtus
1540 1547 1621 1586 eius,
1649 1555 1744 1589 quam

1006 1605 1103 1637 totius
1128 1603 1229 1636 nostri
1252 1601 1393 1641 dominii,
1414 1600 1557 1633 curando
1584 1604 1615 1632 et
1636 1598 1746 1631 mode-

1006 1657 1122 1697 rando,
1159 1667 1194 1689 ac
1234 1655 1364 1688 demum
1405 1664 1504 1697 super
1540 1651 1747 1686 observantia

1006 1711 1151 1744 oninium
1178 1714 1207 1743 et
1233 1709 1434 1751 singulorum
1471 1707 1502 1739 in
1537 1706 1600 1739 hoc
1634 1711 1746 1738 nostro

1006 1763 1234 1807 motuproprio
1271 1765 1496 1794 contentorum
1534 1770 1570 1792 ac
1606 1768 1747 1801 praece—-

1006 1822 1134 1861 ptorum
1161 1816 1300 1849 solerter
1325 1813 1522 1856 invigilando
1548 1818 1643 1855 atque
1669 1811 1747 1844 insi-

1006 1870 1134 1904 stendo.

1050 1924 1065 1967 g
1091 1922 1144 1955 102.
1172 1920 1396 1964 Praecipimus
1432 1919 1527 1952 etiam
1565 1918 1941 1974 Congrega-quaedameidem

1008 1978 1085 2010 tioni
1108 1982 1139 2010 et
1165 1974 1327 2019 deputatis
1354 1972 1537 2017 praedietis
1575 1978 1607 2004 et
1631 1976 1943 2023 eorum[1¹3³113'ffftffinrtu2xzffi

1006 2030 1153 2073 singulis,
1176 2034 1210 2061 ut
1234 2033 1422 2071 praesentes
1460 2031 1585 2058 nostras
1611 2025 1744 2064 litteras,
1756 2009 1837 2077 330ιίἓὶ
1856 2028 1942 2055 praedi—

1006 2084 1104 2127 inque
1131 2083 1177 2115 eis
1203 2086 1354 2115 contenta
1380 2089 1616 2122 quaecumque,
1638 2077 1748 2111 obser·
1840 2071 1845 2077 ’

1007 2142 1080 2170 vent
1106 2141 1138 2170 et
1162 2139 1375 2178 exequantur,
1395 2143 1430 2165 ac
1447 2131 1583 2164 firmiter
1601 2136 1632 2164 et
1648 2130 1749 2164 invio-

1007 2190 1150 2223 labiliter
1187 2187 1373 2222 executioni
1410 2185 1554 2218 mandari
1581 2191 1613 2218 et
1637 2185 1750 2218 obser-

1007 2243 1072 2275 vari
1099 2242 1215 2275 saciant
1237 2241 1274 2273 ab
1302 2238 1460 2272 universis
1477 2243 1509 2270 et
1525 2237 1661 2280 singulis
1678 2247 1750 2281 per-

1008 2295 1096 2329 sonis
1123 2300 1183 2327 tam
1211 2291 1447 2331 ecclesiasticis,
1474 2290 1700 2324 saecularibus
1718 2295 1751 2323 et

1009 2347 1232 2390 regularibus,
1257 2357 1353 2389 quam
1391 2345 1491 2385 laicis,
1518 2344 1750 2386 cuiuscumque

1009 2406 1122 2440 status,
1160 2399 1287 2442 gradus,
1324 2397 1449 2430 ordinis
1486 2402 1517 2430 et
1552 2396 1750 2430 conditionis

1010 2454 1159 2493 existant,
1173 2453 1287 2485 dantes
1306 2461 1364 2484 nos
1379 2451 1483 2484 eidem
1498 2449 1749 2492 Congregationi

1010 2507 1041 2539 in
1068 2505 1255 2550 praemissis
1292 2510 1324 2537 et
1360 2504 1446 2537 circa
1481 2514 1518 2537 ea
1554 2504 1684 2546 plenam
1718 2506 1750 2534 et

1011 2558 1230 2593 omnimodam
1257 2562 1351 2601 atque
1378 2567 1447 2591 eam
1469 2567 1565 2601 quam
1594 2565 1653 2589 nos
1686 2554 1747 2599 ipsi

1818 1920 1940 1941 Facultates
