2170 3147
3 198 51 223 An.
65 196 95 222 C.
119 195 187 222 1726

34 1846 119 1867 Sanctio
136 1852 187 1873 poe-

7 1874 67 1894 natis.

783 197 977 221 BENEDICTUS
1002 198 1061 222 xm
1086 199 1135 223 PP.

197 243 303 277 eidem
328 244 589 277 confraternitati
614 255 673 287 per
697 255 755 278 nos
779 251 814 277 ut
842 256 936 288 prae-

197 296 297 329 fertur
319 307 514 339 suppressae
541 303 572 330 et
597 297 769 337 extinctae,
797 309 936 331 conven-

195 348 280 381 tibus
304 355 335 382 et
359 349 468 382 Ordini
506 360 542 382 ac
577 350 730 382 fratribus
756 351 932 393 praefatis,

195 406 227 433 et
251 401 416 444 quibusvis
441 403 511 435 aliis
538 403 699 445 personis,
725 403 783 434 sub
806 402 935 445 quibus-

195 465 334 498 cumque
358 455 529 488 verborum
558 455 723 488 tenoribus
754 461 785 487 et
810 456 933 496 formis,

195 518 232 541 ac
245 519 316 541 cum
331 508 497 551 quibusvis
509 507 785 550 derogatoriarum
798 508 935 550 deroga-

195 561 307 601 toriis‚
334 560 446 594 aliisve
483 560 738 600 efficacioribus,
777 560 933 593 efficacis-

195 613 286 646 simis
304 619 337 647 et
360 613 498 646 insolitis
522 613 689 652 clausulis,
716 612 935 645 irritantibus-

196 677 258 710 que
284 671 314 700 et
335 666 406 700 aliis
432 666 584 706 decretis,
614 665 646 698 in
677 676 797 708 genere
822 666 871 698 vel
902 665 931 696 ir.

195 719 314 762 specie,
331 730 368 752 ac
392 719 472 752 alias
492 720 525 752 in
551 718 750 751 contrarium
776 718 933 761 praemis—

195 781 303 804 sorum
328 771 575 815 quomodolibet
599 772 783 811 concessis,
819 770 935 803 contir-

195 824 289 857 matis
319 830 350 857 et
378 824 559 864 innovatis;
588 824 703 867 quibus
729 824 879 857 omuibus
906 828 935 857 et

195 877 342 919 singulis,
370 877 495 910 etiamsi
513 878 552 910 de
570 877 635 910 illis
655 887 833 920 eorumque
860 877 935 909 totis

195 931 365 963 tenoribus
391 931 558 974 specialis,
585 929 754 974 specifica,
781 940 935 974 expressa

196 989 229 1017 et
254 984 430 1025 individua,
454 995 520 1017 non
554 989 660 1017 autem
694 994 753 1027 per
776 984 935 1016 clausulas

196 1038 366 1079 generales
382 1037 467 1069 idem
487 1037 699 1079 importantes
716 1063 723 1076 ‚
739 1036 863 1068 mentio
879 1045 934 1068 seu

196 1089 328 1132 quaevis
365 1089 426 1122 alia
453 1089 620 1132 expressio
638 1088 793 1121 habenda
810 1094 865 1121 aut
882 1088 936 1120 ali-

197 1153 259 1186 qua
283 1143 347 1175 alia
371 1142 530 1186 exquisita
562 1143 667 1175 forma
703 1142 742 1174 ad
772 1142 836 1174 hoc
870 1152 935 1174 ser-

196 1196 298 1228 vanda
330 1196 428 1236 foret,
463 1206 573 1228 eorum
607 1200 751 1234 tenores,
784 1206 819 1227 ac
844 1195 869 1227 si
896 1195 935 1228 de

195 1250 295 1282 verbo
325 1249 364 1282 ad
394 1249 527 1281 verbum
553 1249 636 1281 nihil
658 1248 788 1292 penitus
814 1249 935 1281 omisso

197 1307 228 1336 et
253 1302 356 1334 forma
387 1302 418 1334 i'n
452 1302 516 1334 illis
542 1302 659 1334 tradita
685 1302 855 1334 observata
888 1301 935 1333 in-

196 1356 273 1390 serti
299 1356 421 1395 forent,
456 1356 578 1388 eisdem
614 1355 840 1398 praesentibus
876 1365 935 1398 pro

197 1409 359 1453 expressis
396 1409 573 1449 habentes,
604 1408 668 1441 illis
705 1408 783 1441 alias
819 1408 850 1440 in
877 1419 935 1441 suo

196 1463 316 1496 robore
334 1462 568 1506 permansuris,
590 1461 747 1494 latissime
766 1466 798 1494 et
815 1462 937 1505 plenis-

197 1516 277 1549 sime
299 1526 335 1547 ac
352 1515 539 1558 specialiter
560 1520 591 1547 et
609 1525 759 1557 expresse
777 1515 846 1555 Jhac
868 1515 935 1548 vice

197 1569 380 1609 dumtaxat,
414 1573 517 1607 motu,
552 1568 685 1600 scientia
714 1573 745 1600 et
770 1568 936 1610 potestatis

196 1621 398 1665 plenitudine
425 1621 578 1664 paribus,
605 1621 643 1653 ad
681 1620 936 1663 praemissorum

198 1674 354 1713 effectum,
375 1675 489 1707 harum
515 1674 598 1707 serie
626 1674 818 1716 derogamus
837 1679 868 1706 et
886 1674 937 1706 dc-

196 1733 344 1771 rogatum
372 1738 443 1761 esse
468 1729 634 1769 volumus;
662 1727 844 1771 ceterisque
865 1738 937 1760 con-

198 1781 306 1814 trariis
332 1781 604 1824 quibuscumque.

241 1834 256 1878 ἕ
281 1834 312 1867 7.
334 1834 419 1867 Nulli
447 1845 523 1876 ergo
550 1834 683 1867 omnino
709 1834 879 1866 hominum
905 1835 938 1867 li<

199 1892 268 1921 ceat
285 1888 369 1920 hanc
382 1887 534 1930 paginam
553 1891 682 1920 nostrae
708 1886 936 1926 absolutionis,

197 1939 448 1984 suppressionis,
475 1939 693 1978 extinctionis,
721 1939 855 1978 decreti,
883 1949 937 1982 ap-

197 1992 692 2037 plicationis,incorporationis,
707 1991 937 2032 concessionis,

198 2045 442 2089 assignationis,
469 2045 659 2088 posterioris
685 2044 817 2084 decreti,
844 2045 938 2078 dero-

199 2097 346 2141 gationis,
373 2097 558 2137 voluntatis,
576 2102 607 2129 et
633 2097 864 2129 declarationis
890 2097 938 2129 in-

200 2151 343 2193 fringere
359 2151 410 2183 vel
426 2150 454 2182 ci
471 2150 647 2183 temerario
663 2160 738 2182 ausu
754 2149 914 2182 contraire
928 2161 936 2190 ;

200 2203 225 2236 si
258 2203 328 2246 quis
353 2208 459 2235 autem
494 2203 555 2235 hoc
580 2208 740 2235 attentare
774 2213 938 2245 praesum-

200 2256 320 2300 pserit,
348 2255 604 2298 indignationem
630 2255 863 2298 omnipotentis
884 2256 938 2288 Dei

200 2321 237 2343 ac
265 2310 436 2342 beatorum
460 2308 543 2340 Petri
562 2314 594 2341 et
610 2308 698 2341 Pauli
717 2310 938 2352 apostolorum

201 2362 269 2396 eius
307 2372 342 2394 se
374 2361 500 2394 noverit
524 2361 743 2393 incursurum.

244 2415 357 2448 Datum
376 2414 512 2453 Romae,
529 2414 614 2456 apud
639 2413 670 2447 S.
690 2414 827 2454 Petrum,
855 2425 939 2448 anno

200 2467 433 2502 incarnationis
449 2466 632 2499 dominicae
642 2476 816 2507 unccxxv1‚
828 2468 940 2501 xv1ka-

202 2522 316 2556 lendas
337 2521 421 2561 iulii,
439 2519 652 2564 pontificatus
668 2520 771 2553 nostri
792 2532 938 2555 annom.

235 2583 299 2612 Dat.
319 2582 363 2610 dle
385 2583 418 2610 16
437 2582 505 2610 iunii
525 2582 605 2618 1726,
628 2581 728 2617 pontif.
750 2590 822 2612 anno
842 2589 879 2611 111.

1282 249 1416 283 cxxix.

979 327 1144 360 Statuitur
1167 328 1320 361 ministro
1344 328 1491 371 generati
1525 329 1719 371 Capuccz'no-

1020 390 1095 411 rum
1130 385 1303 423 competere
1343 382 1531 424 facultatem
1571 382 1717 424 eriyendi

1020 431 1138 474 ubique
1166 433 1310 464 Tertium
1329 433 1483 466 Ordinem
1498 433 1531 466 S.
1551 434 1719 466 Francisci

1021 483 1154 526 eiusque
1179 485 1411 527 professoribus
1441 486 1611 528 scapulare
1645 496 1717 518 cum

1021 536 1154 578 cinyulo
1179 538 1363 579 conserendi
1377 538 1397 570 ¹.

1160 616 1341 643 Benedictus
1361 617 1532 650 episcopus,

1160 666 1266 687 servus
1297 668 1452 688 servorum
1477 662 1540 694 Dei,

1095 704 1132 730 ad
1151 708 1330 738 perpetuam
1349 705 1395 732 rei
1416 706 1598 734 memoriam.

1022 774 1115 807 Ratio
1141 775 1312 818 apostolici
1331 776 1502 809 ministerii
1522 777 1615 810 nobis
1641 777 1718 810 licet

978 827 1148 860 immeritis
1185 838 1201 860 a
1241 827 1367 860 Christo
1405 829 1541 862 Domino
1581 829 1718 862 iniuncti

978 880 1077 923 exigit
1094 886 1128 913 ut
1148 880 1250 923 litigia
1275 886 1307 913 et
1332 881 1518 922 discordias,
1541 893 1633 925 quae,
1660 883 1720 915 hu-

978 933 1061 965 mani
1088 934 1215 976 generis
1247 933 1340 966 hoste
1371 933 1495 966 zizania
1524 935 1721 977 supersemi-

978 991 1085 1026 nante,
1112 986 1250 1019 Ordines
1275 987 1449 1029 regulares,
1470 988 1508 1020 ad
1532 988 1721 1021 caelestium

979 1039 1222 1072 meditationem
1264 1040 1506 1081 incumbentes,
1546 1041 1721 1083 aliquando

979 1092 1185 1135 perturbant,
1213 1092 1301 1125 omni
1328 1095 1405 1125 cura
1430 1094 1571 1126 evellere
1597 1093 1720 1126 studea-

979 1156 1066 1185 mus,
1094 1155 1133 1178 ne
1159 1144 1211 1177 Dei
1240 1146 1346 1178 cultus
1373 1145 1404 1177 in
1438 1146 1538 1178 sacris
1562 1146 1638 1178 viris
1664 1146 1720 1178 sri-

979 1204 1108 1241 gesem,
1135 1199 1234 1242 inque
1265 1198 1381 1232 animis
1407 1199 1640 1239 saecularium,
1667 1199 1721 1243 qui

979 1261 1034 1284 eos
1072 1251 1156 1283 inter
1193 1262 1226 1284 se
1264 1251 1460 1284 dissidentes
1486 1252 1717 1296 conspiciunt,

979 1304 1131 1336 scandala
1155 1310 1331 1347 propterea
1357 1305 1556 1337 exoriantur.

1024 1357 1092 1400 gl.
1118 1356 1227 1399 Nuper
1260 1357 1435 1390 admodum
1472 1358 1506 1390 in
1538 1357 1717 1399 Tertiariis,
1757 1366 1914 1390 Causaorrae-

1813 1394 1915 1411 ruusltlu·

980 1464 1113 1495 fratrum
1139 1463 1295 1496 Minorum
1322 1464 1408 1496 beati
1445 1464 1607 1496 Francisci
1642 1464 1720 1497 alias

979 1527 996 1548 a
1029 1516 1171 1558 regulari
1209 1515 1419 1549 Observantia
1455 1522 1718 1560 nuncupatorum

979 1568 1172 1608 viventibus,
1197 1568 1367 1612 spirituale
1395 1569 1546 1602 solatium
1573 1575 1604 1602 et
1621 1570 1721 1613 pieta-

981 1621 1019 1653 tis
1046 1622 1186 1654 savorem
1213 1632 1332 1664 augere
1359 1622 1540 1654 studuimus
1564 1623 1721 1666 apostoli-

980 1673 1024 1706 cis
1050 1674 1166 1707 littcris
1191 1674 1320 1715 nostris,
1342 1685 1423 1717 quae
1450 1674 1611 1718 incipiunt
1651 1676 1719 1709 Pa-

981 1731 1073 1760 terna
1112 1727 1204 1760 Sedis
1243 1727 1448 1770 Apostolirae
1485 1728 1715 1771 providentia,

980 1781 1100 1814 Romae
1126 1781 1263 1822 vulgatis
1288 1791 1374 1814 anno
1405 1781 1530 1814 Domini
1556 1791 1716 1823 unccxw,

979 1844 1010 1867 1v
1037 1835 1106 1867 idus
1132 1834 1331 1875 decembris,
1371 1834 1579 1877 pontificatus
1616 1835 1719 1868 nostri

980 1898 1128 1927 annon,
1167 1887 1286 1930 quibus
1327 1887 1445 1920 litteris
1482 1888 1717 1929 immunitates,

980 1941 1117 1984 gratias,
1155 1940 1325 1983 privilegia
1358 1946 1390 1973 et
1415 1942 1538 1974 indulta
1563 1942 1603 1974 ab
1629 1948 1720 1975 ante-

980 1994 1161 2027 cessoribus
1187 1994 1307 2026 nostris
1333 1993 1486 2027 Romanis
1507 1995 1719 2029 Pontificibus

980 2047 1103 2079 eisdem
1129 2046 1294 2079 Tertiariis
1313 2057 1469 2080 concessa
1493 2048 1719 2082 renovavimus

981 2105 1012 2132 et
1036 2099 1317 2139 confirmavimus,
1350 2105 1384 2132 ut
1415 2100 1553 2133 alacrius
1578 2106 1610 2133 et
1645 2111 1717 2134 san-

980 2153 1062 2185 ctius
1088 2153 1152 2185 Deo
1179 2153 1328 2185 famulari
1358 2158 1545 2196 pergerent.
1573 2153 1634 2186 Sed
1661 2164 1719 2197 po-

980 2210 1059 2245 stea,
1076 2215 1140 2238 nou
1162 2205 1231 2238 sinc
1257 2205 1473 2238 admiratione
1500 2211 1597 2248 atque
1620 2206 1719 2239 animi

981 2257 1082 2290 nostri
1110 2258 1268 2298 molestia,
1288 2258 1363 2290 inde
1382 2263 1468 2290 ortas
1489 2259 1718 2292 altercationes

981 2310 1177 2350 audivimus,
1205 2311 1401 2354 easdemque
1422 2316 1548 2344 nostras
1578 2312 1717 2353 litteras,

1016 2408 1027 2432 1
1051 2406 1106 2433 Hac
1126 2406 1158 2433 de
1179 2415 1209 2433 re
1228 2406 1290 2433 vide
1311 2407 1457 2434 Clementis
1472 2407 1509 2434 XI
1536 2411 1623 2435 const.
1652 2409 1718 2436 edit.

980 2457 1089 2481 ιιιῡεαιν,
1110 2450 1153 2477 die
1173 2450 1207 2477 29
1227 2451 1326 2484 martii,
1347 2452 1442 2486 pontif.
1463 2458 1505 2486 tv,
1526 2456 1553 2479 et
1572 2453 1652 2479 aliam
1673 2453 1721 2480 hu-

980 2495 1021 2521 ius
1042 2494 1178 2521 Pontificis
1197 2499 1284 2521 const.
1304 2495 1369 2522 edit.
1391 2501 1522 2528 MDccxxv‚
1553 2496 1596 2523 die
1618 2497 1650 2524 10
1670 2497 1720 2524 de-

980 2539 1106 2570 cembris,
1128 2539 1224 2573 pontif.
1245 2545 1274 2573 11,
1295 2539 1341 2566 ubi
1362 2544 1489 2568 concessa
1507 2541 1618 2568 suerunt
1639 2541 1720 2577 privi-

979 2583 1051 2618 legia
1069 2583 1147 2611 dictis
1165 2583 1317 2612 Tertiariis.

1612 189 1675 223 367
1724 199 1770 227 An.
1789 199 1817 226 e.
1839 199 1909 227 1726

1755 786 1879 806 Extis-lium.

1730 1395 1795 1412 souti<

979 1411 1018 1443 de
1042 1410 1248 1442 Paenitentia
1274 1412 1454 1453 appellatis,
1477 1412 1534 1443 sub
1562 1411 1802 1454 regiminetiouw-
