2139 3142
222 239 272 265 An.
294 238 323 265 c.
347 238 415 265 1729
461 229 524 262 846

418 287 578 320 observari
607 288 735 327 debere,
762 297 798 320 ae
823 290 1012 329 praesentes
1034 283 1180 317 litteras¹

418 341 476 372 snb
513 341 769 383 quibuscumque
803 339 955 372 5111111111111
991 339 1038 370 vel
1064 335 1180 369 dissi-¹

295 1671 408 1691 cantuariis

228 1699 348 1723 derogatut.

417 393 540 425 milium
565 393 842 435 imlulgentiarutn
870 397 900 424 61
925 391 1062 423 aliarum
1090 399 1158 431 gra-

419 444 531 476 tiarum
559 445 836 483 revocationibus,
868 442 1156 485 suspensionibus,

418 497 685 538 liniitatiouibus,
720 497 1004 540 derogationibus,
1032 501 1063 528 et
1087 495 1158 528 aliis

418 551 588 583 contrariis
625 551 911 594 dispositionibus,
938 549 1032 582 etiam
1058 549 1089 580 in
1115 548 1159 580 sa-

417 614 492 636 1016
519 604 670 636 basilicae
695 602 851 646 Principis
877 603 1103 646 Apostolorum
1120 601 1157 633 de

417 656 520 695 Urbe,
546 667 600 689 seu
627 656 794 689 Cruciatae
825 660 977 693 sanctae,
1004 659 1056 687 aut
1081 654 1158 686 alias

418 720 476 752 per
512 720 569 742 nos
607 715 637 742 et
672 709 750 742 alios
790 709 952 741 Romanos
990 707 1158 741 Pontifices

418 772 623 795 successores
650 767 792 802 nostros,
819 767 874 794 aut
899 761 1156 800 dictamSedem,

419 815 513 847 etiam
541 821 625 847 motu
662 815 796 858 proprio
820 821 850 848 et
876 814 1155 854 consistorialiter,

418 873 450 900 et
475 878 510 900 ex
538 871 625 901 certa
661 868 797 902 scientia
828 873 861 901 et
894 868 933 900 de
963 868 1158 911 apostolicae

418 919 585 962 potestatis
604 919 818 962 plenitudine,
838 930 892 952 seu
912 918 949 951 ad
970 919 1159 961 quorumvis

420 972 514 1004 etiam
534 972 780 1016 imperatorum,
807 982 936 1015 regum,
956 971 1158 1014 reginarum,

420 1025 534 1057 dueum
558 1030 588 1058 et
610 1025 745 1058 aliorum
771 1025 953 1068 principum
976 1025 1158 1056 instantiam

419 1088 478 1121 pro
505 1083 652 1121 tempore
686 1078 929 1121 quomodolibet
964 1077 1076 1116 saetis,
1102 1077 1160 1109 mi-

419 1131 505 1164 nime
532 1131 786 1174 comprehendi,
812 1131 870 1163 sed
891 1141 1022 1173 semper
1039 1130 1078 1162 ab
1097 1130 1160 1162 illis

420 1182 535 1226 excipi,
554 1183 730 1226 et,quoties
749 1183 823 1216 illae
846 1182 1052 1222 emanabunt,
1068 1182 1159 1215 toties

419 1237 452 1269 in
485 1236 658 1279 pristinum
695 1242 810 1269 statum
847 1236 1036 1276 restitutas,
1068 1246 1161 1279 repo-

419 1290 496 1323 sitas
534 1297 565 1323 61
600 1290 745 1334 plenarie
781 1290 995 1332 reintegratas
1039 1300 1076 1322 ae
1121 1290 1160 1323 de

420 1354 503 1377 novo
528 1355 697 1377 concessas
724 1355 793 1377 esse
813 1349 844 1377 et
862 1343 1007 1382 censeri,
1033 1353 1159 1376 necnon

421 1397 584 1437 omnibus,
617 1398 782 1440 quoslibet
815 1400 1025 1435 concernunt,
1051 1395 1161 1429 suffra-

419 1450 486 1493 gari
506 1451 636 1490 debere,
663 1451 788 1483 irritum
809 1460 936 1493 quoque
956 1454 987 1481 et
1005 1450 1114 1490 inane,
1134 1449 1160 1482 si

419 1514 511 1536 secus
538 1514 636 1547 super
661 1504 712 1536 liis
733 1514 750 1536 a
775 1514 955 1547 quoquam,
980 1503 1091 1546 quavis
1107 1514 1161 1536 au-

419 1556 592 1597 ctoritate,
621 1556 762 1590 scienter
788 1558 835 1589 vel
861 1557 1061 1599 ignoranter,
1089 1566 1161 1589 6011-

421 1610 532 1652 tigerit
556 1610 721 1642 attentari.

464 1664 478 1706 ἓ
504 1663 556 1696 10.
584 1663 654 1696 Non
680 1663 883 1697 obstantibus
900 1664 1101 1707 praemissis,
1125 1675 1160 1697 ac

422 1717 540 1749 nostris
577 1723 608 1749 et
643 1716 860 1750 Cancellariae
887 1717 1085 1760 apostolicae
1112 1727 1161 1750 re-

422 1769 504 1811 gulis
531 1770 569 1802 de
606 1769 820 1811 indulgentiis
856 1769 952 1802 etiam
986 1769 1024 1802 ad
1059 1770 1161 1802 instar

421 1833 485 1855 non
523 1822 763 1863 concedendis,
790 1828 820 1856 et
846 1823 1000 1855 clausulis
1031 1823 1061 1855 in
1097 1823 1160 1856 illis

422 1876 601 1918 ponendis,
636 1876 771 1919 aliisque
808 1876 1094 1909 constitutionibus
1132 1880 1163 1908 et

422 1929 679 1961 ordinationibus
697 1929 896 1972 apostolicis,
919 1929 1036 1971 quibus
1058 1929 1162 1961 omni-

422 1982 481 2014 bus
503 1987 534 2014 et
552 1982 830 2024 singulis,etianisi
853 1992 910 2024 pro
930 1981 1058 2014 illorum
1077 1981 1162 2014 suffi-

423 2035 518 2067 cienti
563 2035 775 2077 derogatione
809 2035 847 2067 de
878 2034 942 2068 illis
981 2045 1161 2077 eorumque

424 2087 498 2120 totis
526 2087 689 2121 tenoribus
722 2088 891 2131 specialis,
917 2087 1084 2132 specifica,
1111 2098 1162 2119 ex-

423 2151 534 2183 pressa
571 2146 601 2173 et
638 2140 826 2181 individua,
861 2151 898 2174 ae
929 2142 967 2174 de
997 2141 1097 2173 verbo
1123 2141 1161 2173 ad

424 2193 565 2232 verbum,
593 2203 655 2225 non
682 2198 788 2226 autem
815 2204 874 2237 per
911 2194 1074 2226 clausulas
1109 2204 1163 2236 ge-

424 2247 550 2278 nerales
575 2246 660 2278 idem
685 2246 912 2289 importantes,
950 2246 1072 2279 mentio
1109 2251 1164 2278 aut

424 2299 553 2341 quaevis
590 2299 651 2331 alia
691 2299 856 2342 expressio
898 2299 1069 2339 habenda,
1106 2309 1161 2331 seu

425 2351 591 2393 quaelibet
615 2353 676 2384 alia
702 2352 860 2395 exquisita
886 2357 917 2385 et
942 2352 1074 2385 insolita
1100 2352 1164 2385 sor-

425 2415 476 2437 ina
501 2406 538 2437 ad
566 2406 627 2439 hoe
653 2407 810 2439 servanda
843 2407 945 2445 soret,
976 2406 1104 2439 illorum
1131 2417 1164 2438 o-

425 2459 546 2490 mnium
572 2464 604 2491 ct
628 2459 829 2501 singulorum
856 2465 997 2500 tenores,
1024 2470 1059 2492 ac
1077 2460 1101 2492 si
1123 2460 1162 2493 de

426 2511 524 2544 verbo
550 2512 588 2544 ad
614 2512 756 2553 verbum,
784 2513 866 2546 nihil
892 2513 1020 2556 penitus
1043 2513 1163 2546 omisso

428 2569 460 2596 et
486 2564 588 2596 fornia
613 2565 643 2597 in
671 2566 734 2598 illis
771 2566 887 2599 tradita
912 2567 1090 2607 observata,
1116 2565 1163 2598 111-

429 2617 506 2650 serii
543 2617 666 2660 forent,
702 2620 928 2662 praesentibus
967 2620 1063 2654 etiam
1103 2630 1164 2663 pro

1005 235 1191 259 1311111111111111
1216 234 1375 259 ROMANUM

1950 232 1998 259 An.
2019 232 2049 260 C.
2067 233 2134 262 1729

1202 283 1365 326 expressis
1403 283 1583 324 habentes,
1619 283 1681 317 illis
1717 283 1796 317 alias
1825 281 1858 315 in
1883 291 1942 314 suo

1202 337 1320 369 robore
1346 337 1576 379 permensuris,
1598 337 1659 369 hac
1676 336 1746 370 vice
1768 336 1941 374 dumtaxat,

1202 388 1356 422 latissime
1390 394 1421 421 61
1453 389 1645 431 plenissime
1681 399 1719 422 ac
1758 388 1944 431 specialiter

1203 446 1234 473 et
1266 451 1419 483 expresse
1457 441 1570 473 haruin
1608 441 1693 474 serie
1726 440 1941 483 derogamus·,

1202 494 1381 537 ceterisque
1434 494 1606 527 contrariis
1670 494 1941 538 quibuscumque.

1202 547 1433 580 Praesentibus
1459 548 1626 591 perpetuis
1655 547 1767 580 suturis
1792 547 1945 591 tempori-

1202 600 1262 632 bus
1289 599 1465 633 duraturiS.

1245 653 1259 695 ἓ
1284 653 1337 685 ll.
1365 653 1517 686 Volumus
1544 659 1652 686 autem
1683 654 1769 698 quod
1807 654 2138 737 1113611111ἀειι-ἒνεῐῇῐὶἒιέᾏξὲἔ

2106 724 2136 737 ΠΙ.-

1202 706 1332 739 sodales
1358 706 1461 739 diotae
1481 707 1654 750 primariae
1674 707 2137 770 00113111631101115ιςτιῐιίιιῑυιιιέψέιιιπω

1179 790 1180 795 ,
1202 769 1315 792 01111165
1345 764 1376 792 61
1399 759 1545 802 singulas
1571 759 1804 802 indulgentias,
1830 770 2051 803 pecca-possunt.

1203 818 1308 845 torum
1337 812 1546 846 remissiones
1578 818 1610 845 et
1638 813 1859 847 relaxationes
1885 814 1946 846 hu-

1203 865 1359 906 iusmodi,
1387 865 1425 898 ab
1452 865 1530 908 ipsis
1556 871 1590 898 ut
1624 864 1807 909 praefertur
1831 876 1947 900 conse-

1204 919 1358 962 quendas,
1379 918 1475 951 etiam
1492 929 1551 962 per
1568 920 1698 952 modum
1721 919 1863 963 suffragii
1884 929 1945 963 pro

1203 971 1373 1004 animabus
1400 971 1666 1005 christifidelium
1696 972 1944 1012 defunctorum,

1204 1035 1287 1068 quae
1305 1025 1370 1057 Deo
1391 1024 1422 1057 in
1441 1024 1600 1057 charitate
1619 1024 1810 1058 coniunctae
1829 1026 1868 1058 ab
1886 1025 1947 1059 hac

1204 1079 1276 1111 luce
1302 1076 1534 1119 migraverint,
1562 1077 1727 1121 applicare
1753 1077 1892 1121 possint.

1248 1131 1263 1173 g
1288 1130 1339 1162 19.
1367 1130 1541 1163 Praeterea
1563 1131 1659 1163 etiam
1679 1131 1826 1164 volumus
1858 1131 1947 1175 quod
1976 1141 2138 1176 *Tr-insumptis

1205 1183 1393 1216 earumdem
1419 1184 1637 1226 praesentium
1665 1184 1873 1227 transumptis
1900 1189 1947 1217 et·
1958 1167 2086 1215 illifbfflms
2116 1169 2138 1189 n‘

1205 1236 1266 1268 iam
1301 1236 1483 1279 impressis,
1522 1236 1744 1279 procuratoris
1781 1237 1945 1279 generalis

1205 1289 1307 1333 ipsius
1329 1289 1501 1322 Societatis
1526 1290 1576 1322 vel
1603 1290 1721 1323 notarii
1740 1290 1862 1333 publici
1880 1301 1949 1324 ma-

1205 1341 1262 1374 nu¹
1282 1347 1313 1375 et
1331 1353 1493 1385 personae
1519 1342 1651 1376 alicuius
1671 1343 1704 1375 in
1726 1343 1949 1377 ecclesiastica

1206 1395 1362 1438 dignitate
1395 1395 1590 1429 constitutae
1628 1397 1677 1429 vel
1714 1407 1775 1440 pro
1801 1401 1947 1440 tempore

1207 1449 1372 1482 existentis
1391 1449 1568 1492 praepositi
1587 1455 1641 1482 aut
1657 1450 1768 1483 vicarii
1786 1450 1946 1493 generalis

1206 1502 1351 1535 eiusdem
1378 1502 1549 1536 Societatis
1579 1502 1686 1545 sigillo
1716 1503 1870 1544 munitis,
1897 1514 1949 1536 ea-

1206 1556 1277 1589 dem
1303 1566 1438 1599 prorsus
1475 1555 1554 1589 fides
1590 1556 1712 1599 ubique
1744 1556 1889 1590 1060111111
1916 1555 1948 1589 111

1205 1610 1324 1643 indicio
1349 1615 1381 1642 et
1405 1614 1496 1642 extra
1522 1609 1725 1650 adhibeatur,
1752 1620 1835 1654 quae
1855 1609 1949 1643 adhi-

1205 1663 1339 1696 beretur
1365 1663 1488 1696 eisdem
1515 1663 1744 1706 praesentibus
1776 1664 1801 1696 si
1839 1668 1948 1697 essent

1206 1716 1368 1749 exhibitae
1394 1717 1443 1749 vel
1470 1721 1630 1749 ostensae.

1249 1770 1263 1812 ἓ
1288 1769 1342 1802 13.
1369 1768 1454 1802 Nulli
1492 1779 1570 1811 ergo
1607 1769 1740 1802 omnino
1776 1768 2072 1824 hominurnmfflnctio
2090 1781 2137 1802 1³0·-

1206 1822 1299 1855 liccat
1324 1822 1408 1854 hane
1432 1821 1583 1864 paginam
1610 1827 1738 1854 nostrae
1771 1821 1948 1855 absolutio·
2017 1818 2022 1824 '

1207 1876 1267 1915 nis,
1293 1875 1477 1914 erectionis,
1505 1874 1736 1915 institutionis,
1764 1875 1948 1910 concessio—

1207 1929 1274 1967 nis,
1304 1927 1525 1971 elargitionis‚
1554 1928 1783 1965 relaxationis,
1808 1929 1945 1969 indulti,

1207 1981 1339 2021 decreti,
1358 1980 1579 2023 derogationis
1597 1985 1628 2013 et
1642 1981 1817 2014 voluntatis
1834 1981 1949 2014 infrin—

1207 2045 1301 2077 gere,
1328 2035 1377 2067 vei
1406 2034 1433 2066 ei
1460 2044 1538 2066 ausu
1570 2034 1744 2067 temerario
1769 2034 1947 2076 contraire;

1207 2087 1233 2120 51
1264 2087 1336 2131 quis
1361 2092 1468 2120 autem
1499 2087 1562 2119 hoc
1590 2092 1749 2120 attentare
1782 2097 1949 2130 praesum-

1207 2142 1308 2184 pserit
1321 2168 1328 2181 ‚
1348 2140 1611 2183 indignationem
1637 2140 1873 2184 omnipotentis
1891 2140 1949 2174 Dei

1207 2204 1242 2227 ac
1265 2194 1438 2227 beatorum
1459 2193 1544 2227 Petri
1566 2198 1598 2226 et
1615 2186 1705 2226 Pauli
1719 2194 1947 2237 apostolorum

1207 2247 1277 2280 eius
1304 2258 1338 2280 se
1364 2247 1492 2280 noverit
1516 2247 1732 2279 incursurum.

1233 2301 1347 2334 Datum
1361 2301 1492 2343 Romae,
1523 2301 1610 2344 apud
1638 2300 1670 2333 S.
1693 2300 1834 2341 Petrum,
1862 2310 1948 2334 anno

1206 2353 1444 2386 Incarnationis
1462 2353 1646 2386 dominicae
1672 2362 1844 2394 1111661111,
1862 2362 1948 2386 nono

1206 2406 1363 2439 kalendas
1399 2406 1560 2446 octobris,
1595 2404 1804 2449 pontificatus
1839 2405 1945 2439 nostri

1207 2470 1292 2493 anno
1325 2470 1368 2493 vr

1241 2521 1304 2548 Dat.
1324 2522 1368 2549 die
1383 2521 1413 2548 21
1432 2521 1597 2557 septembris
1610 2521 1688 2556 1729,
1705 2521 1805 2557 pontif.
1821 2529 1895 2549 anno
1910 2527 1947 2550 vt.

1243 2628 1253 2655 1
1276 2627 1385 2656 Videtur
1405 2628 1500 2657 deesse
1519 2628 1690 2664 subscriptis
1708 2629 1748 2664 (R.
1764 2629 1814 2663 1.).
