2170 3147
235 159 283 184 An.
305 157 332 183 C.
352 155 418 182 1728

466 146 528 178 7⁶22

430 204 511 243 duci,
531 213 585 236 seu
601 203 632 234 in
649 203 694 234 ius
709 203 758 234 rel
778 199 1031 233 controversiam
1050 197 1171 237 vocari,

429 263 485 291 aut
510 257 664 290 adversus
691 255 763 288 illos
789 259 819 286 et
844 253 916 286 illas
941 251 1171 295 quodcumque

431 310 520 350 iuris,
548 309 617 341 sacti
643 309 692 341 vel
718 307 839 351 gratiae
866 305 1046 339 remedium
1071 304 1172 346 impe-

432 362 507 394 trari
534 361 665 394 minime
692 370 787 403 posse
802 387 809 399 ,
832 369 893 391 nec
911 359 969 391 sub
988 357 1063 390 ullis
1088 357 1172 389 simi-

431 415 508 448 lium
536 416 583 447 vel
611 413 814 447 dissimilium
840 411 1017 454 gratiarum
1044 420 1172 443 revoca-

432 468 582 507 tionibus,
610 465 868 505 limitationibus,
891 463 1172 506 derogationibus,

431 527 483 553 aut
509 520 581 552 aliis
607 519 781 552 contrariis
801 517 1069 561 dispositionibus
1087 526 1172 549 coni-

431 573 615 618 prehendi,
642 573 696 605 sed
734 582 863 615 semper
888 570 926 604 ab
952 570 1016 603 illis
1043 569 1171 612 excipi,

431 633 477 667 et,
504 627 632 670 quoties
666 625 742 658 illae
768 624 987 663 emanabunt,
1022 623 1115 656 toties
1140 622 1171 655 in

431 680 617 724 pristinum,
644 684 675 711 et
700 690 796 718 eum,
820 678 852 710 in
878 689 943 722 quo
971 682 1066 710 antea
1098 686 1173 720 quo-

432 733 615 767 modolibet
636 737 737 772 erant,
756 737 882 771 statum,
898 730 1058 771 restituta,
1077 739 1173 772 repo-

432 787 490 820 sita
511 792 541 819 et
562 785 708 829 plenarie
735 784 945 827 reintegrata,
964 794 999 815 ac
1028 782 1067 815 de
1089 792 1172 814 novo

432 840 530 875 etiam
556 838 641 872 sub¹
668 849 876 882 quacumque
902 836 1075 881 posteriori
1101 836 1173 868 data

432 904 490 937 per
511 893 701 936 magistrum
725 903 782 925 seu
808 896 1055 934 procuratorem
1080 899 1174 931 gene·

435 948 518 980 rales
544 952 598 978 aut
620 957 678 989 pro
699 951 845 988 tempore
873 944 1066 977 existentem
1091 942 1173 985 prio·

432 1011 499 1032 rein
515 1000 679 1043 praefatos
695 997 982 1041 quandocurnque²
997 994 1172 1038 eligenda³,

433 1063 630 1090 concessas,
652 1062 689 1084 ac
714 1061 843 1094 semper
867 1054 1030 1093 perpetuo
1055 1047 1173 1080 validas

434 1112 466 1139 et
492 1106 639 1138 efficaces
665 1115 734 1137 esse
754 1110 786 1136 et
804 1104 882 1143 fore,
901 1112 1040 1145 suosque
1066 1102 1175 1143 plena-

432 1160 497 1192 rios
522 1164 553 1191 et
578 1159 725 1200 integros
752 1156 884 1190 effectus
909 1155 1016 1187 sortiri
1036 1159 1066 1187 et
1091 1154 1175 1186 obti-

432 1222 523 1252 nere,
538 1210 740 1254 eisdemque⁴
754 1210 903 1242 ministro
918 1219 954 1241 ae
969 1207 1173 1251 procuratori

434 1264 643 1308 generalibus
670 1274 797 1297 necnon
824 1262 926 1306 priori
952 1271 1037 1294 nunc
1058 1266 1088 1293 et
1116 1270 1175 1303 pro

434 1325 580 1361 tempore
607 1317 758 1350 existenti
777 1315 946 1358 suffragari
965 1314 1099 1353 debere,
1117 1323 1176 1345 nec

434 1382 490 1404 eos
518 1372 660 1414 desuper
689 1381 704 1402 a
731 1380 904 1412 quoquam,
932 1368 1044 1411 quavis
1069 1372 1177 1399 aucto-

434 1424 528 1456 ritate
566 1424 720 1465 fungente
747 1423 794 1455 vel
822 1422 977 1463 dignitate
1003 1420 1147 1462 fulgente
1166 1446 1173 1459 ,

434 1477 531 1510 etiam
569 1477 627 1508 sub
665 1475 778 1518 quovis
811 1480 1001 1518 praetextu,
1028 1472 1176 1516 quaesito

434 1531 545 1562 colore
572 1530 619 1562 vel
652 1528 800 1570 ingenio,
827 1529 986 1570 causaque
1013 1532 1043 1559 et
1079 1536 1175 1558 occa-

435 1583 538 1623 sione,
556 1582 742 1625 inquietari,
774 1581 941 1614 molestari
959 1608 966 1620 ,
992 1579 1176 1623 perturbari

434 1642 488 1669 aut
514 1635 663 1679 impediri
694 1636 856 1668 ullatenus
881 1644 1024 1676 unquam
1057 1643 1175 1676 posse·,

435 1689 545 1732 sicque
567 1695 598 1721 et
615 1699 678 1721 non
701 1688 779 1721 alias
806 1698 865 1730 per
895 1696 1116 1730 quoscumque
1135 1686 1178 1717 iu-

435 1744 523 1776 dices
549 1743 733 1776 ordinarios
765 1743 814 1775 vel
853 1742 1040 1783 delegatos,
1068 1740 1178 1782 quavis

435 1796 626 1830 auctoritate
652 1796 843 1838 fungentes,
870 1800 901 1827 et
934 1804 1100 1827 causarum
1127 1803 1178 1836 pa-

434 1850 500 1883 latii
528 1849 698 1892 apostolici
725 1848 912 1887 auditores,
941 1857 1067 1880 necnon
1095 1846 1179 1878 eius-

435 1904 508 1936 dem
535 1903 566 1935 S.
586 1903 622 1935 R.
640 1903 674 1935 E.
695 1901 888 1941 cardinales,
903 1901 997 1933 etiam
1017 1900 1056 1932 de
1079 1901 1178 1932 latere

435 1956 570 1998 legatos,
584 1956 792 1998 vicelegat05‚
805 1955 975 1997 dictaeque
991 1953 1082 1986 SedIs
1098 1963 1178 1985 nun-

436 2009 515 2048 cios,
532 2009 658 2041 sublata
684 2009 730 2042 eis
757 2014 787 2041 et
812 2018 924 2041 eorum
946 2006 1079 2040 cuilibet
1098 2016 1178 2049 qua-

435 2063 480 2095 vis
506 2062 602 2095 aliter
627 2062 804 2102 iudicandi,
825 2060 1003 2094 definiendi
1023 2065 1054 2092 et
1080 2059 1178 2091 inter-

436 2115 587 2158 pretandi
626 2116 776 2147 facultate
803 2119 835 2147 et
860 2113 1068 2152 auctoritate,
1097 2112 1179 2145 iudi-

436 2169 513 2208 cari,
538 2168 666 2201 definiri
689 2162 720 2201 et
740 2168 949 2211 interpretari
973 2166 1106 2207 debere,
1134 2171 1177 2205 et,

436 2221 591 2264 quidquid
618 2232 712 2254 secus
738 2232 838 2264 super
871 2221 921 2253 liis
956 2231 973 2252 a
999 2229 1177 2262 quoquam,

436 2275 547 2317 quavis
568 2274 772 2313 auctoritate,
796 2274 938 2306 scienter
956 2274 1004 2305 vel
1026 2273 1179 2315 ignoran-

475 2375 483 2396 1
505 2372 574 2397 Male
590 2371 655 2396 edit.
674 2370 751 2396 Μαίη.
768 2370 832 2404 legit
848 2379 901 2397 sua
917 2378 964 2404 pro
980 2370 1030 2396 sub
1047 2373 1083 2401 (a.
1099 2372 1148 2397 ΤΛ.

471 2415 487 2440 2
503 2414 569 2441 Male
584 2415 651 2441 edit.
669 2415 748 2441 Maia.
767 2414 831 2447 legit
851 2415 1052 2448 quodcumque
1071 2415 1110 2448 (lt.
1127 2415 1176 2446 T.).

472 2460 487 2485 3
509 2459 575 2485 Male
601 2459 667 2485 edit.
693 2459 774 2486 Μαίη.
799 2459 866 2494 legit
887 2458 1022 2493 eliyenclo
1047 2467 1095 2494 pro
1124 2459 1177 2486 eli-

437 2503 530 2538 genda
549 2506 589 2536 (n.
605 2506 654 2535 T.).

473 2547 488 2574 4
510 2546 579 2573 Edit.
601 2547 684 2574 Main.
706 2546 769 2582 legit
789 2547 897 2575 eisdem
917 2548 955 2582 (n.
971 2548 1020 2581 Τ,).

1020 149 1199 173 BULLARIUM
1226 149 1381 172 nostium!

1217 203 1274 236 ter,
1289 197 1463 239 contigerit
1481 196 1649 236 attentari,
1669 195 1796 228 irritum
1812 200 1843 227 et
1858 194 1954 227 inane

1216 250 1435 283 decernimus.

1967 146 2013 172 An.
2036 145 2063 174 C.
2080 147 2144 176 1728

1261 304 1275 346 ἓ
1300 304 1353 337 Ἠ.
1380 304 1536 343 Quocirca
1555 315 1614 347 pro
1638 310 1783 346 tempore
1805 301 1955 335 existenti
1968 312 2033 333 Huius
2048 314 2144 337 consum.

1969 339 2029 360 tionis
2054 340 2145 362 defenso-

1216 357 1247 390 S.
1270 357 1306 390 R.
1326 357 1360 390 E.
1381 357 1538 390 cardinali
1566 357 1640 390 dicti
1667 357 1796 389 Ordinis
1822 356 1955 389 fratrum
1968 366 2145 420 Loffmfficesffiffio

1218 410 1484 443 Praedicatorum
1525 410 1720 453 protectori,
1759 420 1794 442 ac
1830 410 2016 442 dilectisimi.

1217 463 1291 496 tiliis
1316 474 1483 496 causarum
1511 463 1621 496 curiae
1647 463 1801 496 Gamerae
1827 463 1958 505 Aposto-

1219 516 1299 549 licae
1336 517 1480 559 generali
1507 516 1658 554 auditori,
1700 526 1735 548 ac
1775 520 1888 548 nostro
1927 519 1959 546 et

1217 571 1308 603 Sedis
1336 570 1541 613 Apostolieae
1567 570 1687 602 nuncio
1705 570 1736 601 in
1760 579 1862 611 regno
1880 569 1958 602 Nea-

1217 624 1365 667 politano
1391 623 1616 663 commoranti,
1643 633 1730 655 nune
1752 627 1782 655 et
1800 632 1861 665 pro
1882 626 1958 654 tem-

1218 687 1298 720 pore
1324 676 1547 715 existentibus,
1584 680 1673 708 motu
1707 674 1805 707 simili
1831 684 1890 717 per
1925 684 1958 706 a·

1218 729 1380 773 postolica
1416 729 1537 772 scripta
1563 729 1768 767 mandamus,
1800 733 1960 771 quatenus

1218 784 1290 828 ipsi,
1322 784 1371 816 vel
1397 782 1472 822 duo,
1501 787 1555 815 aut
1572 792 1656 814 unus
1676 792 1801 822 eorum,
1828 792 1889 825 per
1913 792 1958 822 se,

1219 837 1267 869 vel
1294 836 1403 875 alium,
1425 846 1482 868 seu
1500 834 1593 875 alios,
1618 840 1808 877 praesentes
1833 834 1959 868 litteras

1219 896 1250 922 et
1273 890 1304 921 in
1330 889 1375 922 eis
1408 894 1562 922 contenta
1588 898 1821 931 quaecumque,
1847 887 1903 920 ubi
1930 892 1963 920 et

1219 943 1348 986 quando
1384 953 1466 985 opus
1504 942 1624 981 suerit,
1658 952 1694 973 ac
1734 941 1861 984 quoties
1900 951 1960 983 pro

1219 1002 1310 1039 parte
1336 995 1476 1028 ministri
1502 1005 1558 1027 seu
1586 994 1811 1037 procuratoris
1829 1004 1963 1036 genera-

1219 1049 1306 1088 lium,
1333 1054 1386 1081 aut
1403 1059 1463 1092 pro
1482 1053 1630 1091 tempore
1651 1047 1819 1080 existentis
1844 1047 1962 1090 prioris

1219 1102 1453 1145 praefatorum,
1473 1106 1526 1133 aut
1546 1100 1681 1133 alicuius
1702 1109 1828 1139 eorum,
1856 1099 1964 1142 requi-

1220 1155 1271 1187 siti
1300 1154 1429 1193 t'uerint,
1455 1152 1879 1196 solemniterpublicanteS,
1900 1152 1963 1185 eis-

1220 1219 1283 1251 que
1318 1214 1348 1240 et
1385 1217 1497 1240 eorum
1534 1206 1669 1239 cuilibet
1703 1206 1735 1238 in
1773 1205 1961 1248 praemissis

1220 1261 1360 1293 efficacis
1388 1259 1586 1292 defensionis
1610 1258 1775 1302 praesidio
1811 1258 1964 1291 assisten-

1222 1319 1279 1354 tes,
1307 1313 1428 1346 saciant
1463 1312 1657 1345 auctoritate
1689 1314 1800 1345 nostra
1830 1311 1964 1344 easdem

1220 1371 1410 1411 praesentes
1425 1371 1455 1399 et
1476 1366 1508 1398 in
1530 1365 1576 1398 eis
1595 1369 1750 1398 contenta
1771 1364 1964 1398 huiusmodi

1221 1422 1260 1453 ab
1300 1420 1452 1453 omnibus
1498 1419 1733 1452 inviolabiliter
1772 1418 1962 1459 observari,

1221 1484 1342 1516 eosque
1361 1479 1392 1505 et
1410 1483 1524 1505 eorum
1545 1471 1726 1515 quemlibet
1750 1471 1814 1504 illis
1832 1470 1964 1514 pacifice

1222 1527 1284 1559 frui
1311 1531 1341 1559 et
1367 1526 1524 1568 gaudere,
1551 1535 1618 1558 non
1653 1524 1881 1567 permittentes
1906 1533 1962 1556 eos

1221 1580 1364 1621 desuper
1390 1589 1448 1621 per
1473 1588 1697 1621 quoscumque
1716 1576 1965 1620 quomodolibet

1222 1633 1366 1665 indebite
1385 1631 1571 1669 molestari,
1589 1631 1846 1663 contradictores
1868 1640 1965 1673 quos-

1222 1687 1301 1718 libet
1327 1691 1358 1718 et
1384 1685 1524 1718 rebelles
1551 1695 1609 1726 per
1634 1683 1822 1723 sententias,
1849 1693 1963 1715 censu-

1222 1749 1272 1772 ras
1313 1744 1344 1771 et
1380 1747 1505 1781 poenas
1541 1737 1797 1775 ecclesiasticas,
1834 1736 1962 1778 aliaque

1222 1797 1410 1835 opportuna
1446 1791 1526 1822 iuris
1552 1795 1582 1823 et
1609 1790 1681 1822 facti
1721 1790 1877 1829 remedia,
1914 1800 1965 1832 ap-

1222 1845 1400 1888 pellatione
1426 1843 1621 1887 postposita,
1643 1843 1894 1886 compescendo,
1915 1852 1961 1882 ac,

1222 1898 1375 1942 legitimis
1412 1907 1510 1940 super
1548 1896 1597 1929 bis
1635 1895 1795 1928 habendis
1832 1895 1966 1928 servatis

1223 1951 1441 1995 processibus,
1479 1952 1669 1994 servataque
1704 1950 1805 1983 forma
1829 1949 1965 1983 Concilii

1222 2005 1415 2045 Tridentini,
1444 2003 1636 2044 sententias,
1664 2013 1819 2036 censuras
1841 2007 1872 2035 et
1889 2012 1966 2045 poe-

1224 2070 1279 2091 nas
1305 2057 1492 2091 huiusmodi
1519 2056 1693 2089 incurrisse
1715 2055 1912 2089 declarando
1930 2066 1966 2088 ac

1224 2112 1320 2145 etiam
1345 2110 1469 2143 iteratis
1503 2109 1629 2142 vicibus
1655 2109 1882 2151 aggravando:
1917 2108 1966 2140 in-

1225 2170 1337 2198 vocato
1375 2165 1471 2197 etiam
1504 2164 1542 2196 ad
1580 2164 1654 2202 hoc,
1679 2163 1704 2197 si
1737 2173 1819 2206 opus
1855 2162 1964 2202 fuerit,

1223 2219 1349 2252 brachii
1375 2217 1552 2251 saecularis
1577 2217 1710 2250 anxilio.

1268 2274 1281 2315 ᾗ
1306 2271 1360 2304 w.
1388 2271 1458 2303 Non
1483 2270 1689 2303 obstantibus
1711 2271 1821 2303 nostra
1842 2274 1875 2302 et
1891 2268 1967 2302 Can-

1223 2326 1375 2358 cellariae
1415 2324 1624 2367 Apostolicae
1664 2324 1776 2366 regula
1813 2323 1852 2356 de
1896 2322 1965 2355 iure

1223 2379 1370 2421 quaesito
1394 2387 1458 2409 non
1485 2377 1634 2409 tollendo
1651 2404 1658 2415 ,
1685 2387 1720 2408 ac
1744 2376 1817 2419 piae
1844 2384 1966 2407 memo-

1222 2431 1287 2463 riae
1314 2430 1467 2463 Bonil‘acii
1495 2429 1599 2472 Papae
1620 2428 1683 2461 Vlll
1709 2428 1858 2461 similiter
1875 2436 1965 2470 prae-

1222 2483 1405 2516 decessoris
1431 2482 1546 2523 nostri,
1571 2493 1635 2526 qua
1659 2486 1800 2521 cavetur,
1826 2490 1866 2513 ne
1893 2479 1964 2523 quis

1222 2542 1312 2569 extra
1349 2546 1439 2568 suam
1481 2535 1642 2569 civitatem
1683 2535 1731 2568 vel
1771 2532 1961 2573 dioecesim,

1996 2267 2150 2296 Derogatoriao.
