2170 3147
27 216 74 244 An.
98 215 127 243 C.
146 214 214 243 1725

85 1379 197 1400 Concessio

14 1406 133 1432 praedicta.

799 219 990 244 BLNEDICTL'S
1017 220 1072 244 xm
1096 220 1145 244 1³1³.

218 264 341 297 nitores
366 263 549 307 provinciae
571 265 749 306 Aragoniae
770 265 898 298 Ordinis
918 267 951 299 B.

217 317 301 349 M.de
320 317 424 349 Monte
442 315 598 355 carmelo,
617 317 714 359 quod,
732 328 801 350 cuin
822 319 852 350 in
872 320 954 351 dicta
975 321 977 359 ζ

217 369 381 412 provincia
403 371 450 402 lex
471 370 582 412 vigeat,
602 371 688 402 iuxta
706 371 954 404 constitutiones
975 376 977 418 ξ

216 422 316 464 ipsius
333 421 460 454 Ordinis
479 423 670 455 auctoritate
688 424 865 465 apostoliea
883 434 952 456 con⁴
974 426 976 459 ζ

216 475 369 513 firmatas,
390 476 473 518 quod
500 486 612 508 omnes
638 475 780 516 magistri
807 476 953 508 doctora-

216 533 266 560 tus
293 528 426 570 gradum
447 528 477 560 in
500 528 605 571 aliqua
631 528 759 570 publica
783 528 880 560 studii
900 539 953 570 ge·
973 534 976 570 ξ

216 579 334 612 neralis
352 580 561 612 universitate
585 580 750 623 suscipere
770 585 952 618 teneantur,

214 643 255 665 ne
273 632 351 676 ipsis
375 632 407 665 in
434 644 545 665 eorum
565 633 755 676 antiquitate
776 639 807 666 et
822 644 953 676 praece-
973 649 975 676 ¹,

215 685 324 717 dentia
342 686 575 728 praeiudicium
595 687 771 726 inseratur3
791 697 951 729 expensae
972 677 974 703 ‘l

214 748 289 770 vero
307 737 340 769 in
359 737 624 771 universitatibus
654 738 833 771 studiorum
859 749 951 780 gene-

215 789 331 822 ralium
351 790 444 822 trium
466 790 598 823 illorum
620 801 806 833 regnorum,
825 791 854 823 in
886 792 952 834 qui-
972 807 974 815 ι

214 841 271 874 bus
289 842 373 875 dicta
392 843 559 885 provincia
577 843 680 876 divisa
698 843 871 886 reperitur,
893 854 951 886 pro

214 895 450 938 consequendis
468 895 560 928 dictis
583 896 734 938 gradibus
759 897 841 929 adeo
859 897 952 928 adau-
973 924 974 928 ,

214 953 283 980 ctae
308 948 387 988 sint,
414 952 449 980 ut
474 949 586 981 eadem
612 948 773 992 provincia
800 959 950 991 magnum

213 1000 441 1033 detrimentum
478 1001 655 1043 pecuniae,
682 1012 763 1044 quae
797 1001 835 1034 ad
863 1001 974 1034 hunc*¹

212 1053 307 1086 linem
332 1053 371 1086 ab
396 1054 453 1087 illa
478 1054 556 1093 exit,
583 1054 786 1097 experiatur:
813 1054 872 1097 ipsi
899 1065 952 1087 ex-

212 1110 383 1149 ponentes,
407 1117 471 1150 quo
490 1107 571 1140 haec
597 1107 713 1140 damna
731 1118 767 1140 ac
787 1107 881 1140 etiam
900 1118 951 1139 ex-

212 1168 331 1201 pensae
357 1165 388 1191 et
412 1159 562 1193 itinerum
587 1160 868 1193 incommoditates
888 1160 949 1193 evi-

212 1216 331 1251 tentur,
358 1218 543 1256 opportune
563 1213 594 1245 in
613 1213 804 1256 praemissis
823 1224 838 1245 a
858 1213 950 1246 nobis

211 1265 373 1308 provideri
393 1271 423 1299 et
438 1271 471 1299 ut
491 1266 573 1298 inl'ra
592 1266 754 1309 indulgeri
773 1266 949 1309 plurimum

211 1319 410 1352 desiderent.

253 1373 268 1415 ἓ
293 1371 322 1404 2.
347 1371 425 1413 Nos,
453 1372 541 1415 ipsos
575 1379 776 1416 exponentes
802 1373 949 1416 speciali-

210 1425 269 1457 bus
303 1425 465 1458 favoribus
499 1431 529 1457 et
562 1426 673 1467 gratiis
706 1426 861 1470 prosequi
887 1437 944 1459 vo-

211 1478 326 1518 lentes,
354 1484 384 1510 et
410 1488 522 1511 eorum
548 1478 729 1520 singulares
756 1489 911 1521 personas
931 1489 948 1511 a

210 1530 375 1573 quibusvis
409 1531 776 1571 excommunicationis,
812 1542 947 1574 suspen-

209 1582 308 1615 sionis
333 1589 364 1615 et
389 1583 566 1623 interdicti,
589 1584 726 1627 aliisque
754 1584 947 1617 ecclesiasti-

208 1635 252 1668 cis
277 1636 456 1676 sententiis,
480 1637 622 1669 censuris
642 1644 671 1669 et
696 1638 820 1680 poenis,
839 1648 855 1670 a
876 1638 945 1671 iure

207 1689 254 1722 vel
289 1689 328 1722 ab
365 1690 518 1729 bomine,
545 1691 655 1734 quavis
691 1692 860 1724 occasione
896 1694 968 1725 veli

208 1744 301 1774 causa
325 1743 411 1782 latis,
437 1743 463 1775 si
490 1743 605 1786 quibus
631 1745 877 1786 quomodolibet
898 1745 945 1777 in-
966 1746 968 1770 ι’

208 1795 344 1829 nodatae
371 1795 520 1835 existunt,
547 1797 584 1829 ad
612 1796 760 1830 effectum
785 1808 945 1840 praesen—

209 1848 284 1880 tium
315 1849 481 1881 dumtaxat
509 1850 794 1893 consequendum,
831 1850 966 1883 haruin

206 1901 291 1934 serie
317 1902 520 1936 absolventes
539 1910 571 1936 et
588 1904 752 1936 absolutas
780 1905 846 1937 l'ore
873 1914 945 1937 cen·
965 1940 966 1943 Ἴ

207 1960 326 1995 sentes,
354 1956 646 1998 supplicationibus
673 1967 785 1990 eorum
812 1958 942 1990 nomine
964 1983 966 1993 ,η

206 2008 299 2041 nobis
324 2018 422 2051 super
441 2009 502 2042 hoc
529 2010 698 2042 humiliter
716 2010 875 2053 porrectis
902 2012 943 2042 in-

206 2059 326 2097 clinati,
347 2061 452 2094 eidem
478 2063 633 2095 moderno
661 2068 692 2095 et
713 2073 770 2106 pro
797 2069 941 2106 tempore
963 2084 965 2104 2

206 2113 354 2146 existenti
389 2114 489 2157 priori
529 2115 718 2158 provinciali
755 2117 942 2159 praedictae

205 2166 387 2209 provinciae
403 2167 597 2210 Aragoniae,
617 2175 651 2201 ut
669 2169 735 2212 ipse
752 2169 854 2201 dictos
877 2180 944 2212 gra-

205 2220 264 2252 dus
285 2220 471 2253 doctoratus
490 2221 520 2253 in
540 2222 641 2254 tribus
659 2222 822 2265 primariis
841 2223 943 2255 dieto-

204 2283 274 2305 rum
300 2273 392 2305 trium
419 2283 606 2317 regnorum,
628 2285 745 2318 nempe
771 2275 941 2307 Caesarau-

203 2326 341 2369 gustam,
360 2326 519 2360 Valentini
538 2333 569 2360 et
587 2328 852 2371 Pampilonensis‚
868 2339 942 2361 con-

204 2380 352 2413 ventibus
378 2391 450 2413 cum
482 2381 664 2413 assistentia
696 2381 850 2424 praefecti
876 2386 942 2413 stu-

204 2432 331 2465 diorum
358 2433 559 2477 aliorumque
593 2433 687 2465 trium
713 2434 940 2476 magistrorum

203 2485 376 2519 cuiuslibet
406 2486 584 2529 respective
611 2497 646 2519 ex
674 2486 752 2529 ipsis
779 2487 940 2519 conventi-

203 2539 263 2572 bus
281 2539 478 2580 huiusmodi,
493 2540 623 2572 servatis
639 2539 716 2572 alias
739 2540 777 2572 de
792 2539 859 2572 iure
875 2549 941 2572 ser-

204 2592 335 2632 vandis,
361 2594 507 2626 conset-re
539 2593 641 2626 libere
668 2599 699 2626 et
724 2593 809 2626 licite
838 2592 937 2636 possit

307 2652 386 2680 Ball.
410 2653 492 2680 Rom.
517 2668 547 2674 -
571 2654 629 2680 Vol.
653 2653 742 2682 XXII.
888 2653 921 2681 3⁶2

999 273 1029 299 et
1056 269 1166 306 valeat,
1198 268 1386 301 auctoritate
1412 268 1601 310 apostolica,
1622 273 1735 301 tenore

999 319 1235 361 praesentium,
1262 320 1444 352 facultatem
1471 320 1678 353 concedimus
1706 327 1736 352 et

998 371 1211 413 impertimur.

1041 424 1054 466 ἓ
1079 423 1109 456 3.
1135 425 1365 464 Decerneutes,
1389 426 1517 458 easdem
1545 433 1733 468 praesentes

998 475 1121 507 litteras
1139 485 1266 519 semper
1287 478 1404 516 firmas,
1426 479 1545 511 validas
1572 485 1602 511 et
1627 479 1733 512 effica-

997 538 1048 560 ces
1067 528 1205 561 existere
1224 534 1256 562 et
1274 530 1352 568 sore,
1368 541 1507 573 suosque
1526 533 1688 573 plenarios
1703 539 1734 565 et

997 582 1140 621 integros
1165 582 1298 615 effectus
1325 584 1431 616 sortiri
1458 590 1490 617 et
1515 585 1671 623 obtinere,
1699 597 1734 618 ac

997 633 1076 671 illis,
1103 635 1140 665 ad
1177 646 1257 678 quos
1289 641 1411 678 spectat
1441 642 1472 669 et
1502 648 1561 680 pro
1589 644 1734 681 tempore

996 687 1268 730 quandocumque
1295 689 1461 731 spectabit,
1480 690 1510 721 in
1534 690 1683 723 omnibus
1703 697 1734 723 et

973 738 975 747 '
996 749 1052 781 per
1071 740 1177 772 omnia
1198 741 1387 782 plenissime
1409 741 1575 783 suflragari
1594 769 1600 779 ,
1623 742 1733 784 sicque

996 792 1026 824 in
1053 792 1236 834 praemissis
1269 804 1328 836 per
1360 804 1582 836 quoscumque
1609 794 1732 827 iudices

995 843 1179 876 ordinarios
1199 850 1229 878 et
1251 845 1431 886 delegatos,
1446 845 1541 877 etiam
1564 856 1733 879 causarum

995 896 1103 939 palatii
1131 897 1300 940 apostolici
1326 898 1509 937 auditores,
1536 898 1672 931 iudicari
1701 905 1734 931 et

995 948 1121 982 definiri
1149 949 1291 989 debere,
1318 960 1353 982 ac
1375 950 1502 982 irritum
1529 955 1559 982 ct
1586 951 1680 983 inane
1706 951 1732 983 si

994 1012 1086 1033 secus
1111 1012 1211 1045 super
1237 1002 1286 1034 his
1311 1014 1327 1034 a
1353 1013 1526 1045 quoquam,
1554 1003 1664 1045 quavis
1682 1014 1732 1035 au-

994 1054 1141 1086 ctoritate
1158 1081 1165 1094 ,
1184 1054 1325 1087 scienter
1346 1055 1395 1087 vel
1422 1055 1629 1097 ignoranter,
1656 1066 1731 1089 con—

996 1106 1103 1149 tigerit
1128 1107 1287 1139 attentari.

1038 1159 1052 1201 ἓ
1077 1159 1109 1191 4.
1136 1159 1204 1191 Nou
1237 1159 1441 1192 obstantibus
1468 1161 1669 1203 praemissis,
1695 1172 1731 1194 ac

994 1212 1281 1245 constitutionibus
1308 1219 1335 1246 et
1363 1213 1623 1246 ordinationibus
1655 1225 1731 1257 apo-

995 1265 1129 1303 stolicis,
1159 1277 1206 1305 ac,
1229 1271 1387 1308 quatenus
1417 1277 1496 1310 opus
1522 1267 1572 1306 sit,
1598 1268 1730 1310 provin-

971 1354 972 1358 ,
993 1318 1060 1351 ciae
1087 1325 1114 1351 et
1142 1318 1271 1351 Ordinis
1292 1319 1548 1362 praedictorum,
1567 1320 1663 1352 etiam
1683 1320 1729 1352 iu-

994 1378 1155 1411 ramento,
1182 1371 1428 1405 confirmatione
1454 1373 1650 1415 apostolica,
1679 1375 1728 1406 vel

970 1421 1104 1467 l'quavis
1131 1425 1281 1457 firmitate
1311 1425 1372 1457 alia
1397 1425 1577 1465 roboratis,
1604 1428 1730 1459 statutis

992 1483 1024 1509 et
1044 1478 1357 1518 consuetudinibus,
1382 1479 1563 1521 prIvilegiis
1589 1490 1728 1523 quoquc,

991 1531 1125 1563 indultis
1148 1536 1179 1563 et
1204 1531 1320 1563 litteris
1346 1531 1534 1574 apostolicis
1551 1532 1584 1564 iu
1603 1538 1728 1565 eontra·

992 1584 1072 1615 rium
1098 1584 1353 1626 praemissorum
1379 1584 1627 1627 quomodolibet
1652 1597 1728 1618 eon-

991 1636 1106 1675 cessis,
1133 1636 1331 1669 confirmatis
1349 1643 1380 1669 et
1397 1637 1577 1676 innovatis
1606 1639 1727 1681 quibus

968 1689 1143 1721 ‘omnibus
1177 1695 1208 1721 et
1243 1689 1401 1731 singulis,
1439 1690 1570 1723 illorum
1599 1697 1728 1725 tenores

991 1742 1216 1785 praesentibus
1232 1754 1291 1785 pro
1306 1744 1401 1786 plene
1417 1750 1448 1776 et
1465 1744 1663 1787 sufficienter
1679 1757 1727 1778 cx·

989 1796 1108 1838 pressis
1126 1806 1161 1828 ac
1186 1796 1223 1828 ad
1244 1797 1377 1828 verbum
1395 1797 1527 1829 insertis
1553 1797 1725 1837 habentes,

989 1849 1051 1881 illis
1070 1850 1148 1881 alias
1168 1849 1199 1881 in
1224 1860 1281 1881 suo
1300 1849 1414 1882 robore
1437 1850 1667 1891 permansuris,
1686 1851 1725 1883 ad

988 1902 1237 1943 praemissorum
1257 1901 1419 1941 ell'ectuui,
1440 1903 1499 1934 liac
1517 1903 1584 1935 vice
1602 1903 1727 1936 dumta-

988 1960 1047 1994 xat,
1069 1954 1257 1997 specialiter
1282 1959 1314 1987 et
1338 1965 1490 1997 expresse
1516 1956 1723 1997 derogamus;

987 2009 1167 2051 ceterisque
1189 2008 1362 2041 contrariis
1386 2009 1655 2052 quibuscumque.

1033 2062 1145 2094 Datum
1161 2062 1289 2100 Romae,
1305 2061 1388 2104 apud
1404 2061 1433 2094 S.
1446 2061 1585 2101 Petrum,
1599 2064 1657 2095 sub
1673 2074 1725 2095 an-

988 2115 1065 2147 nulo
1082 2114 1264 2151 Piscatoris,
1281 2113 1332 2146 dic
1350 2124 1404 2147 xxx
1426 2115 1549 2155 augusti
1566 2124 1723 2153 mcccxxv,

988 2167 1194 2210 pontificatus
1221 2167 1323 2199 nostri
1351 2177 1435 2199 anuo
1461 2177 1496 2200 11.

1024 2228 1081 2254 liat.
1106 2228 1151 2254 die
1173 2228 1206 2254 30
1225 2227 1332 2262 augusti
1352 2228 1430 2260 1725,
1449 2228 1548 2263 pontif.
1565 2237 1636 2254 anno
1653 2235 1682 2255 11.

1261 2396 1444 2430 LXXXVlII.

984 2486 1136 2529 Eriqilar
1169 2486 1348 2529 hospitium
1371 2487 1560 2520 Man·z‘tense
1582 2488 1723 2530 fratrum

1028 2539 1308 2580 Praedicatorum,
1335 2540 1431 2583 milyo
1456 2540 1495 2572 de
1522 2541 1550 2573 la
1576 2540 1718 2579 passion,

1028 2593 1063 2624 in
1080 2592 1261 2635 reputarem
1282 2592 1423 2626 eiusdem
1443 2592 1577 2627 Ordinis
1595 2603 1723 2626 conven-

1636 209 1699 244 9]ιῦ
1746 219 1794 245 An.
1817 220 1843 245 c.
1864 221 1931 246 1725

1771 439 1890 460 ljlatsu'ae.

1767 1173 1889 1194 Contrarinr

1742 1201 1752 1219 tl
1764 1207 1805 1224 *rog

1808 1203 1857 1220 ΑΗΘ.
