2170 3147
31 207 80 234 An.
95 205 125 232 C.
145 203 215 232 1725

99 586 172 607 Det-ret
179 591 211 606 um

31 614 169 642 praedictum.

92 2431 224 2452 tlmssrmatio

43 2459 104 2478 retati
119 2459 205 2478 Aet-reu.

799 201 993 227 BENEDICTUS
1020 202 1037 226 X
1043 203 1077 227 ΠΙ
1102 203 1149 227 ΓΡ.

221 257 311 293 tum,
336 261 397 295 per
422 251 506 295 quod
533 262 604 284 cum
630 255 807 295 praecepto
829 251 955 284 formali

222 304 398 347 iniungitur
411 304 560 337 omnibus
574 303 756 347 praedictae
771 303 956 346 provinciae

221 356 383 398 religiosis
407 361 441 388 ut
465 367 576 389 eorum
606 355 802 389 laudabilem
835 365 955 387 morem

221 408 408 441 addiscendi
436 409 586 451 religiose
609 408 754 440 eamdem
774 407 955 440 doctrinam

221 460 252 494 S.
279 461 418 494 Thoniae
444 461 623 500 retineant,
653 459 781 492 formari
815 459 957 492 obtinuit

222 513 343 547 tenoris
375 514 427 556 qni
454 514 599 556 sequitur
618 540 625 552 ,
651 512 827 545 videlicet:

262 573 416 613 Reperitur
431 573 461 602 in
476 572 547 602 actis
563 572 712 602 consultae
731 570 876 609 generalis
898 570 956 599 cle-

222 622 350 652 ricorum
373 622 551 660 regularium
580 620 805 650 Ministrantium
829 619 955 649 lntirmis

222 671 369 701 decretum
386 680 525 710 sequens:
548 683 556 695 e
573 670 656 700 Cum¹
672 669 755 699 nobis
771 669 953 708 exploratum

222 720 271 757 sit,
288 719 414 758 aliquem
428 728 460 748 ex
474 719 583 748 nostris
599 718 628 748 in
646 718 781 757 Hispania
798 718 832 746 a²
850 717 956 747 scholis

222 769 270 798 ex³
286 767 419 797 doctrina
435 767 564 805 Angeliei
584 766 780 806 praeceptoris
795 767 955 796 discessum

223 816 334 846 moliri:
352 825 404 845 nos
414 815 531 855 (quibus
547 815 627 845 cordi
644 820 687 845 est
702 825 746 852 ea,
759 824 832 854 quae
848 815 883 844 ad
898 819 957 844 stu-

223 866 335 896 diorum
353 865 566 895 incrementum
580 868 608 893 et
620 863 784 893 felicitatem
799 864 956 902 pertinent,

224 923 275 954 pro
297 914 408 944 viribus
430 913 601 952 adimplere,
625 913 764 952 illamque
795 913 957 942 doctrinam

224 963 284 994 illic
315 963 424 993 addisci
454 967 481 992 et
513 963 622 997 doceri,
653 971 739 1001 quam
773 962 864 991 nostri
898 966 958 991 tum

224 1012 388 1050 collegiales
411 1016 470 1041 tum
494 1011 615 1042 lectores
637 1021 652 1041 e
674 1011 744 1041 solis
759 1010 818 1041 divi
834 1010 959 1040 Thomae

225 1060 353 1091 fontibus
385 1060 526 1090 hactenus
556 1059 741 1098 ebiberunt),
766 1059 810 1089 his
837 1059 959 1098 aliisque

224 1109 404 1149 gravissimis
426 1109 519 1138 causis
541 1108 675 1148 permoti,
698 1112 727 1137 et
756 1117 791 1138 ne
821 1108 886 1147 quis
907 1108 960 1137 sub

224 1159 327 1199 quovis
350 1162 502 1198 praetextu
525 1158 641 1195 audeat,
664 1162 764 1188 contra
786 1157 959 1188 laudabilem

224 1207 385 1246 priscorum
414 1207 653 1237 consuetudinem
684 1206 724 1236 ibi
747 1207 842 1236 adhuc
864 1206 962 1244 vigen-

225 1260 293 1293 tem,
317 1255 373 1285 alio
395 1255 541 1285 divertere
555 1279 562 1291 ,
579 1254 715 1285 omnibus
737 1259 765 1284 et
782 1255 904 1293 singulis
928 1264 960 1283 ex

225 1305 333 1336 nostris
368 1304 568 1344 philosophiae
604 1308 631 1334 et
666 1304 826 1341 theologiae
861 1304 963 1334 studiis

226 1362 344 1392 operam
366 1352 543 1382 navantibus
566 1352 768 1391 praesentibus
800 1356 827 1381 et
860 1352 963 1382 suturis

226 1401 358 1432 districte
381 1401 563 1438 mandamus,
580 1401 667 1430 etiam
683 1400 736 1430 sub
752 1401 864 1430 formali
881 1410 963 1440 prae-

227 1454 311 1489 cepto
333 1454 451 1480 sanctae
473 1449 666 1485 obedientiae,
689 1450 772 1479 cuius
799 1449 964 1479 violationis

227 1497 439 1529 absolutionem
462 1498 515 1528 soli
538 1498 780 1528 reverendissimo
812 1498 888 1537 patri
915 1508 965 1528 no—

227 1551 288 1577 stro
310 1547 438 1586 generali
473 1556 523 1585 pro
555 1551 685 1585 tempore
715 1556 909 1583 reservamus,
934 1553 965 1577 ut

228 1597 421 1636 imposterum
444 1595 478 1625 ad
498 1595 673 1635 praedictam
689 1595 837 1625 dumtaxat
859 1595 965 1626 doctri-

228 1654 293 1675 nam
316 1643 497 1678 incumbant,
521 1648 548 1674 et
570 1644 631 1674 sive
658 1644 687 1674 in
715 1644 822 1674 nostris
851 1644 910 1674 sive
934 1644 963 1674 in

229 1693 370 1733 cuiusque
401 1692 600 1723 universitatis
632 1692 739 1723 scholis
771 1693 850 1723 illam
879 1693 965 1723 unice

229 1742 361 1780 doceant,
385 1742 536 1772 addiscant
557 1745 585 1772 et
607 1741 772 1772 defendant.
797 1737 965 1772 Mandantes

230 1791 349 1830 insuper
377 1790 546 1831 provinciali
579 1791 699 1830 aliisque
731 1790 965 1830 quibuscumque

232 1848 284 1879 pro
305 1843 433 1879 tempore
456 1839 659 1878 Hispaniarum
676 1839 873 1879 superioribus
896 1848 966 1879 qua-

232 1896 354 1927 cumque
372 1887 511 1926 dignitate
533 1887 720 1925 fulgentibus,
746 1891 777 1917 ut
800 1889 963 1918 executioni

233 1936 394 1975 praesentis
417 1936 503 1966 huius
520 1936 612 1966 nostri
635 1936 743 1966 decreti
765 1937 884 1966 ommno
905 1941 966 1967 stu-

233 1983 331 2021 deant,
348 1993 442 2023 neque
463 1984 505 2014 illi
527 1994 642 2024 quoque
664 1985 747 2015 modo
768 1986 965 2016 contraveniri

236 2032 422 2070 permittant,
455 2031 509 2062 sub
531 2035 622 2071 poena
644 2034 845 2072 suspensionis
867 2044 881 2063 a
905 2035 965 2064 suis

238 2080 396 2118 respective
428 2079 531 2109 officiis
561 2080 623 2119 ipso
656 2081 729 2110 sacto
760 2081 963 2120 incurrendae,

238 2126 359 2165 aliisque
380 2126 462 2157 nobis
484 2127 666 2165 arbitrariis;
684 2130 813 2169 illudque
834 2130 868 2160 de
887 2140 965 2161 more

237 2175 265 2204 in
288 2175 422 2204 omnihus
454 2175 532 2206 illius
564 2177 727 2215 provinciae
758 2178 891 2217 domibus
915 2189 965 2218 pu-

236 2223 351 2262 blicari,
384 2223 460 2262 affigi
492 2228 520 2253 et
548 2225 697 2263 registrari
728 2230 840 2256 curent.
863 2227 965 2257 Datum

236 2273 355 2310 Romae,
372 2273 401 2302 in
424 2272 542 2302 aedibus
564 2275 672 2303 nostris
688 2276 716 2303 S.
734 2275 838 2305 Mariae
854 2276 965 2314 Magda-

236 2320 329 2358 lenae,
347 2321 392 2350 die
413 2330 442 2350 111
464 2321 564 2360 aprilis
586 2330 733 2352 MDCtlxxttl
752 2333 779 2351 ».
796 2325 834 2346 —*
849 2323 889 2353 lta
905 2328 966 2354 est:

235 2368 389 2399 Pfflmppcs
410 2370 501 2399 Bri-*ri
523 2370 696 2401 secretarius
717 2371 873 2409 generalis.

278 2424 292 2467 ἓ
317 2423 348 2457 2.
375 2423 450 2457 Cum
477 2430 601 2465 autem,
629 2426 710 2458 sicut
734 2427 844 2460 eadem
871 2438 968 2471 expo-

272 2507 281 2532 1
306 2504 402 2532 Vocem
421 2513 485 2532 cum
506 2513 555 2532 nos
574 2505 697 2533 addimus
718 2507 756 2539 (n.
772 2508 821 2542 T.).

269 2549 285 2575 ‘2
305 2549 456 2585 Praeposit.
477 2559 495 2576 a
514 2549 628 2577 delenda
648 2552 685 2585 (n.
702 2551 750 2583 ¹1¹.).

271 2592 286 2621 3
307 2593 398 2622 Potius
418 2593 477 2630 lege
497 2603 513 2622 α
534 2602 583 2630 pro
603 2603 639 2622 ex
658 2597 695 2628 (n.
713 2596 760 2630 r).

1000 251 1070 284 sitio
1085 251 1311 294 subiungebat,
1327 252 1429 285 dictus
1443 251 1632 284 Franciscus
1648 260 1736 294 prae-

1001 304 1108 344 misw,
1125 315 1187 347 quo
1204 304 1326 337 sirruius
1339 305 1523 345 subsistant,
1540 303 1737 347 apostolicae

1000 319 1256 390 conhrmationis
1283 363 1414 390 nostrae
1439 357 1620 401 patrocinio
1646 367 1735 389 com—

1000 409 1114 441 muniri
1133 419 1336 453 summopere
1352 410 1531 442 desideret:
1547 420 1617 450 uos,
1631 409 1736 453 ipsum

998 461 1202 494 Franciscum
1229 463 1425 506 specialibus
1445 463 1607 495 favoribus
1627 467 1658 495 et
1673 473 1740 505 gra-

1001 513 1050 545 tiis
1074 515 1227 557 prosequi
1254 515 1426 555 volentes,
1463 522 1490 547 ct
1525 528 1540 547 a
1567 514 1739 558 quibusvis

999 566 1353 605 excommunicationis,
1378 568 1603 610 suspensionis
1632 572 1663 600 ct
1695 567 1741 599 in-

1000 619 1139 660 terdicti,
1158 620 1296 663 aliisque
1311 620 1539 653 ecclesiasticis
1554 620 1739 660 sententiis,

998 674 1144 704 censuris
1164 678 1191 705 et
1211 674 1334 716 poenis,
1352 684 1366 706 a
1387 673 1455 706 iure
1475 674 1522 706 vel
1538 673 1577 705 ab
1596 672 1742 707 homine,

999 725 1112 768 quavis
1150 726 1321 759 occasione
1360 727 1407 759 vel
1449 728 1544 759 causa
1577 726 1673 763 latis,
1715 726 1741 757 si

1000 779 1116 821 quibus
1138 780 1386 822 spioinodolibet
1414 780 1588 813 innodatus
1615 778 1740 817 existit,

1000 833 1038 865 ad
1066 832 1213 865 effectum
1233 834 1456 876 praesentium
1480 834 1646 866 dumtaxat
1667 842 1744 865 con-

1000 887 1215 929 sequendum,
1243 887 1356 920 harum
1379 888 1461 920 serie
1480 887 1686 920 absolventes
1713 890 1744 917 et

1001 939 1185 972 absolutum
1207 940 1277 973 sore
1297 945 1480 981 censentes,
1499 938 1745 984 supplicationi-

1002 993 1060 1025 bus
1091 994 1159 1026 eius
1191 994 1321 1026 nominc
1352 994 1447 1027 nobis
1473 1004 1571 1037 super
1596 993 1658 1026 hoc
1686 992 1745 1025 hu-

1002 1047 1122 1081 militer
1136 1048 1295 1090 porrectis
1309 1047 1465 1086 inclinati,
1478 1048 1642 1080 decretum
1657 1056 1746 1089 prae-

1004 1102 1176 1140 insertum,
1195 1101 1389 1134 auctoritate
1415 1098 1610 1144 apostolica,
1631 1105 1745 1133 tenore

1004 1153 1243 1198 praesentium,
1272 1154 1501 1187 confirmamus
1530 1158 1562 1186 ct
1587 1154 1746 1196 approba-

1004 1218 1084 1247 mus,
1106 1208 1221 1250 illique
1248 1207 1451 1240 inviolabilis
1470 1207 1671 1250 apostolieae
1694 1206 1746 1238 tir-

1006 1261 1124 1294 mitatis
1152 1261 1252 1294 robur
1282 1261 1473 1297 adiicimus,
1500 1271 1534 1293 ae
1562 1260 1666 1304 ipsum
1693 1260 1744 1293 de-

1006 1321 1127 1348 cretum
1155 1315 1316 1348 observari
1345 1314 1545 1346 mandamus.

1050 1369 1064 1412 ἓ
1090 1369 1119 1400 li.
1148 1369 1376 1407 Decet-nentes,
1396 1368 1526 1401 casdem
1554 1373 1745 1411 praesentes
1783 1376 1906 1398 curenno.

1006 1423 1133 1456 litteras
1151 1450 1158 1462 ,
1177 1433 1307 1466 semper
1339 1422 1458 1461 sirmas,
1476 1422 1598 1455 validas
1624 1427 1655 1454 et
1681 1423 1746 1454 cffi-

1007 1486 1098 1509 caces
1123 1475 1260 1508 existere
1278 1480 1308 1508 et
1328 1475 1402 1514 sore,
1423 1486 1564 1518 suosque
1582 1476 1747 1518 plenarios

1008 1535 1039 1561 et
1057 1529 1203 1572 integros
1221 1528 1357 1561 effeetus
1376 1528 1483 1561 sortiri
1512 1533 1543 1561 et
1569 1528 1719 1561 obtinere
1739 1555 1746 1565 ,

1007 1593 1041 1615 ac
1067 1583 1104 1615 ab
1131 1582 1206 1622 illis,
1232 1582 1270 1614 ad
1298 1592 1378 1624 quus
1405 1587 1529 1624 spectat.
1544 1587 1570 1613 et
1591 1592 1650 1624 pro
1670 1587 1746 1613 tem-

1007 1643 1084 1676 pore
1111 1633 1279 1677 spectabit,
1305 1633 1535 1666 inviolabiliter
1559 1633 1743 1671 observari,

1007 1686 1118 1730 sicque
1144 1687 1174 1719 in
1209 1686 1393 1730 praemissis
1426 1696 1484 1728 per
1520 1697 1743 1729 ‹pioscumque

1008 1740 1130 1773 iudices
1162 1739 1346 1773 ordinarios
1373 1745 1403 1772 et
1429 1740 1619 1782 delegatos,
1647 1739 1744 1771 otiam

1008 1804 1176 1826 caiisarum
1208 1793 1316 1835 palatii
1350 1792 1518 1835 apostolici
1557 1792 1719 1825 auditores
1739 1819 1746 1831 ‚

1007 1846 1142 1879 iudicari
1170 1852 1196 1878 et
1226 1846 1352 1878 definiri
1381 1846 1497 1878 debere
1520 1874 1525 1885 ,
1553 1856 1588 1878 ac
1622 1845 1746 1878 irritum

1009 1906 1039 1933 et
1064 1900 1157 1933 inane
1185 1899 1208 1931 si
1235 1910 1329 1932 secus
1356 1900 1523 1943 superbis
1539 1911 1555 1932 a
1573 1910 1745 1943 quoquam,

1009 1954 1118 1996 ‹pmris
1144 1953 1350 1992 auctoritate,
1373 1953 1514 1985 scienter
1532 1954 1580 1985 vel
1597 1953 1748 1995 ignorau-

1009 2010 1071 2046 ter,
1098 2006 1271 2049 eontigerit
1296 2006 1457 2038 attentari.

1051 2060 1065 2102 g*
1091 2058 1122 2091 5.
1149 2058 1217 2091 ⁴N'on
1238 2059 1441 2091 obstantibus
1457 2058 1835 2114 constitutionilmsmatam
1853 2067 1943 2093 «tonza-

1009 2117 1040 2145 et
1070 2112 1330 2145 ordinationibus
1357 2112 1565 2155 apostolicis,
1599 2123 1746 2153 necnon,
1810 2109 1826 2114 ’“

1009 2171 1166 2208 quatenus
1181 2175 1262 2208 opus
1276 2165 1324 2205 sit,
1343 2164 1607 2207 Congregationis
1626 2172 1656 2198 et
1673 2177 1747 2209 pro-

1009 2218 1130 2251 vinciae
1156 2218 1404 2261 praedicttwum,
1433 2218 1529 2250 etiam
1549 2219 1745 2258 iuramento,

1009 2271 1254 2304 confirmatione
1279 2272 1464 2314 apostolica,
1493 2273 1541 2305 rel
1564 2274 1676 2315 quavis
1695 2273 1746 2305 su·-

1011 2324 1121 2357 mitate
1147 2324 1208 2357 alia
1234 2325 1394 2357 roboratis
1418 2352 1424 2364 ,
1461 2326 1589 2358 statutis
1614 2332 1644 2359 et
1672 2337 1747 2360 cou-

1010 2377 1251 2417 suetudinilms,
1264 2377 1443 2420 privilegiis
1459 2389 1601 2422 quoque,
1614 2380 1747 2412 indultis

1012 2435 1043 2462 et
1056 2429 1171 2462 litteris
1189 2430 1378 2473 apostolicis
1393 2431 1424 2463 in
1444 2431 1639 2464 contrarium
1653 2443 1746 2475 prae-

1011 2482 1183 2515 missorum
1209 2483 1458 2526 quomodolibet
1478 2485 1652 2523 concessis,
1672 2496 1747 2518 con<

1010 2534 1143 2568 firmatis
1173 2540 1203 2568 et
1227 2536 1388 2569 innovatis
1411 2548 1418 2576 ·‚
1453 2538 1570 2580 quibus
1596 2539 1746 2570 omnibus

1011 2593 1042 2622 et
1056 2588 1201 2632 siugulis,
1226 2589 1354 2623 illorum
1376 2596 1503 2623 tenores
1518 2591 1744 2633 praescntilms

1628 193 1692 227 147
1741 202 1790 228 An.
1810 201 1837 227 c.
1860 201 1930 228 1725
