2170 3147
194 191 230 217 An
261 190 290 216 c.
312 190 378 216 172⁶
425 180 487 214 434

193 255 225 272 tur
241 253 276 272 uui
293 258 316 271 ex

193 280 327 299 rust-numius

195 306 330 326 wimannus.

339 258 372 271 lll⁴

337 279 379 299 13--

389 239 574 272 niulativam
590 239 851 272 iurisdictionem
864 238 1046 282 respective
1061 248 1134 271 cum

390 298 544 336 praetore
579 298 610 325 et
647 292 864 335 gubernatore
897 290 1038 325 civitatis
1076 290 1138 323 Ra-

390 356 513 378 vennae
532 350 629 388 atque
649 344 744 377 etiam
763 354 835 377 cum
849 343 971 377 vicario
991 342 1136 386 generali

396 398 593 431 venerabilis
619 398 727 431 fratris
761 397 865 430 nostri
895 396 1138 440 archiepiscopi

392 451 585 484 Ravennatis
608 479 615 491 ‚
649 451 735 483 iuxta
760 456 902 483 veterem
928 449 1139 484 consuetudi-

390 515 464 537 nem
490 509 522 537 et
547 505 656 538 stilum
683 515 741 548 per
765 504 797 538 S.
826 504 862 537 R.
889 504 924 537 E.
954 503 1138 537 cardinales

391 558 539 600 legatos,
567 558 738 602 praesides
763 562 793 590 et
819 562 963 590 rectores
990 557 1139 590 eiusdem

389 611 594 654 provinciae,
621 621 681 654 pro
707 620 817 643 eorum
843 609 977 643 arbitrio
1005 609 1140 643 admini-

391 666 559 697 strandum
580 692 587 704 ‚
622 664 700 696 viris
738 664 879 706 egregiis
916 669 947 697 et
980 662 1141 706 iurispru-

395 717 524 750 dentiae
546 717 704 750 consultis
723 717 883 750 hactenus
901 716 1056 749 traditum
1075 716 1140 749 sue·

393 771 434 803 rit
455 782 461 811 ;
490 770 705 803 nibilominus
730 771 880 804 volumus
905 774 937 802 et
969 769 1137 808 iubemus,

393 829 429 856 ut.
454 824 486 857 in
512 830 680 868 posterum
705 824 792 857 idem
818 834 935 856 munus
956 822 1052 856 nobis
1073 827 1142 855 tan-

394 884 460 911 tum
489 884 520 912 et
552 878 794 911 successoribus
828 877 948 911 nostris
987 875 1142 910 Romanis

396 933 608 967 Pontificibus
655 933 746 965 nullo
787 931 896 964 medio
941 935 1140 963 reservatum

396 987 621 1029 intelligatur,
648 996 665 1018 a
691 985 786 1018 nobis
812 984 893 1028 ipsis
924 994 984 1027 per
1017 983 1141 1016 litteras

397 1040 591 1085 apostolicas
619 1040 649 1072 in
678 1039 779 1071 forma
798 1037 909 1071 Brevis
927 1037 1139 1081 postmodum

393 1094 631 1128 conserendum
657 1093 694 1126 ad
723 1092 919 1125 decennium
946 1091 1000 1124 uni
1028 1101 1063 1124 ex
1098 1090 1142 1123 ci-

393 1148 488 1181 vibus
514 1152 544 1180 et
572 1145 813 1179 iurisconsultis
839 1144 985 1178 eiusdem
1008 1143 1140 1187 collegii

395 1201 531 1234 civitatis
558 1199 813 1237 Ravennatium,
839 1198 893 1241 qui
921 1197 1140 1240 iurispruden-

393 1256 458 1288 tiae
492 1254 635 1286 studium
669 1251 868 1296 expleverit,
896 1250 1016 1294 inque¹
1043 1250 1140 1283 curiis

394 1309 493 1342 huius
519 1308 621 1339 almae
648 1305 743 1339 Urbis
769 1310 920 1344 nostrae,
947 1305 997 1338 vel
1025 1305 1140 1337 saltem

393 1361 570 1399 Bononiae,
589 1370 647 1403 per
668 1358 876 1402 septennium
902 1368 935 1391 se
962 1357 993 1390 in
1017 1358 1140 1391 sorensi

395 1414 672 1458 iurisprudentiae
691 1412 895 1445 exercuerit:
918 1417 1071 1444 vacaturo
1091 1422 1141 1444 eo-

395 1469 466 1502 dem
494 1478 628 1500 munere
656 1465 908 1499 locumtenentis
935 1464 1036 1497 civilis
1055 1465 1141 1508 lega-

395 1523 493 1554 tionis
519 1520 706 1565 provinciae
733 1518 981 1558 Romandiolac,
1001 1519 1141 1551 sinemo

395 1588 430 1610 ex
459 1576 581 1609 eit-ibus
609 1580 637 1607 et
666 1573 856 1606 doctoribus
883 1573 1011 1615 collegii
1032 1573 1142 1605 civita-

397 1631 435 1662 tis
461 1630 697 1662 ltarennatium
725 1627 908 1670 reperietur
933 1626 1077 1658 eiusdem
1099 1626 1143 1658 os-

394 1684 456 1717 sicii
475 1690 503 1715 et
524 1683 666 1715 muneris
684 1680 828 1714 obeundi
848 1690 959 1723 capax,
978 1681 1140 1717 volumus,

395 1743 429 1769 ut
455 1737 491 1769 ad
519 1736 604 1767 idem
631 1744 749 1767 munus
776 1738 851 1765 tunc
876 1732 994 1775 aliquis
1012 1743 1047 1764 ex
1067 1742 1142 1775 pro-

395 1790 498 1822 vincia
526 1788 760 1821 Romandiolae
786 1787 956 1826 evehatur,
983 1786 1013 1818 in
1043 1786 1142 1818 colle-

396 1843 448 1885 gio
476 1849 505 1875 et
532 1841 742 1874 universitate
769 1840 947 1883 praemissa
984 1837 1142 1871 iuriscon·

396 1899 555 1929 §ultorum
584 1894 818 1927 Ravennatium
845 1894 1013 1937 probatus,
1033 1898 1065 1925 et
1080 1894 1143 1925 lau-

397 1953 449 1982 rea
477 1948 752 1992 iurisprtulenliae
779 1947 901 1980 ibidem
929 1952 1003 1990 post
1020 1956 1165 1979 annt1m⁴

397 2005 511 2035 saltem
540 2003 722 2035 studiorum
750 2000 905 2043 legalium
942 2001 1142 2043 completum

397 2057 592 2097 insignitus,
627 2056 681 2099 qui
719 2055 924 2098 postmodum
958 2054 988 2086 iu
1024 2054 1142 2086 eodem

397 2111 504 2142 studio
532 2109 807 2152 iurisprudentiae
833 2108 865 2141 in
893 2107 985 2140 curia
1019 2107 1142 2140 sorensi

399 2169 429 2194 ct
456 2163 671 2196 tribunalibus
709 2162 806 2194 huius
840 2162 944 2194 almae
970 2160 1065 2192 Urbis
1091 2160 1143 2192 vel

412 2217 565 2248 {onouiae
593 2227 652 2259 per
677 2215 886 2259 septennium
913 2225 946 2247 se
973 2213 1144 2247 laudabili-

400 2275 450 2302 ter
475 2270 673 2302 exercuerit.

444 2324 458 2364 ,ξ
483 2323 512 2354 4.
542 2324 633 2355 Hunc
658 2324 938 2355 locumtenentem
961 2321 1091 2354 civilem
1113 2324 1145 2354 et

301 2365 585 2413 11¹⁴h31-*c1iv13'1lem
612 2376 785 2417 legationis
811 2381 841 2407 ct
866 2374 1055 2418 provinciae
1083 2374 1145 2408 Ro-

287 2452 289 2461 i
330 2418 342 2427 μ
405 2428 600 2467 maiuliolau,
620 2429 748 2460 anobis
771 2434 801 2461 ct
827 2428 1071 2461 successoribus
1091 2438 1144 2461 no·

403 2487 440 2514 sti
453 2482 475 2512 is
513 2481 664 2513 ltouiauis
702 2481 909 2514 Pontificibus
947 2492 984 2514 co
1021 2481 1141 2522 modo,

403 2544 498 2577 quem
526 2533 675 2573 diximus,
704 2535 844 2567 electum
871 2535 918 2567 vel
945 2534 1143 2577 eligendum,

442 2597 450 2622 l
469 2594 535 2622 Male
552 2595 596 2621 ed.
614 2594 647 2621 M.
664 2594 727 2631 legit
744 2595 775 2622 iu
793 2603 865 2631 quae
879 2603 928 2631 pro
945 2596 1032 2631 inque
1048 2594 1143 2631 (u.'r.).

969 187 1152 214 BULLARIUM
1177 187 1335 213 ROMANUM

1180 242 1213 271 et
1242 247 1301 281 per
1330 236 1454 271 litteras
1490 238 1688 282 apostolicas
1722 237 1922 272 declaratum

1181 291 1231 324 vel
1258 291 1501 332 declarandum,
1520 291 1667 324 volumus
1698 291 1730 324 in
1748 291 1857 336 primo
1876 291 1924 325 sui

1181 343 1326 377 muneris
1352 344 1502 388 ingressu
1527 354 1636 377 coram
1661 343 1792 387 publico
1814 349 1846 377 et
1866 354 1921 386 ge-

1182 397 1284 430 nerali
1306 402 1401 430 coetu
1429 397 1692 431 consiliariorum
1709 396 1845 431 civitatis
1865 397 1926 430 Ra-

1182 450 1368 483 vennatium
1384 478 1391 491 ,
1419 450 1598 484 adsistente
1631 460 1770 494 corpore
1794 449 1925 493 collegii

1183 503 1504 544 iurisconsultorum,
1532 503 1742 537 iureiurando
1767 503 1799 538 in
1825 503 1926 537 mani-

1183 557 1243 590 bus
1275 557 1461 590 cancellarii
1497 567 1552 590 seu
1590 556 1755 590 secretarii
1780 556 1926 591 eiusdem

1184 615 1295 643 coetus
1317 610 1437 653 publici
1457 610 1722 644 consiliariorum
1740 620 1774 644 se
1789 609 1928 643 adstrin-

1185 674 1274 707 gere,
1301 669 1332 697 et
1356 664 1548 697 solemniter
1572 662 1688 703 iurare,
1714 673 1748 696 se
1773 662 1926 697 iustitiam

1186 718 1309 761 populo
1335 717 1654 758 administraturum,
1682 717 1788 760 deque
1814 716 1926 751 litibus

1186 770 1366 810 universis,
1392 772 1458 803 una
1482 769 1618 803 veritate
1645 775 1675 803 et
1700 769 1826 803 ratione
1850 779 1929 813 prae

1186 823 1291 856 oculis
1331 823 1469 862 habita,
1505 822 1735 856 iudicaturum.
1774 822 1929 856 Volumus

1186 876 1309 916 etiam,
1346 881 1376 909 et
1401 875 1629 919 praesentibus
1665 875 1783 909 litteris
1808 875 1929 909 nostris

1186 930 1367 970 statuimus,
1381 934 1417 962 ut
1432 929 1621 962 huiusmodi
1646 930 1871 964 locumtenens
1885 929 1930 962 ci-

1186 984 1256 1018 vilis
1282 989 1314 1017 et
1338 985 1499 1027 generalis
1518 994 1535 1017 a
1553 984 1659 1023 nobis,
1676 989 1711 1017 ut
1731 984 1851 1018 dictum
1871 988 1929 1025 est,

1167 1043 1312 1071 ‘creatus
1345 1043 1374 1070 et
1402 1038 1604 1078 declaratus,
1630 1037 1678 1070 vel
1710 1037 1872 1070 creandus
1898 1042 1930 1071 et

1186 1091 1405 1125 declarandus
1424 1117 1431 1131 ,
1458 1090 1641 1124 facultatem
1675 1095 1706 1124 et
1730 1089 1930 1124 iurisdictio·

1185 1156 1259 1178 nem
1281 1145 1401 1179 habeat
1426 1144 1662 1188 cognoscendi,
1682 1144 1877 1178 terminandi
1897 1148 1930 1177 et

1186 1198 1358 1232 decidendi
1385 1209 1498 1232 omnes
1524 1203 1556 1231 et
1580 1199 1724 1240 singulas
1751 1208 1862 1231 causas
1887 1197 1929 1231 ci-

1186 1253 1264 1285 viles
1291 1251 1376 1284 inter
1410 1252 1496 1284 cives
1532 1261 1755 1295 quoscumque
1792 1250 1929 1284 civitatis

1186 1305 1383 1338 Ravennatis
1403 1310 1575 1344 vertentes,
1592 1304 1827 1347 cuiuscumque
1849 1315 1930 1338 sum·

1186 1369 1268 1399 mae,
1296 1358 1446 1401 interque
1472 1358 1705 1401 cuiuscumque
1730 1357 1930 1392 conditionis

1185 1422 1351 1454 personas,
1371 1411 1565 1445 cumulative
1587 1422 1658 1444 cum
1686 1411 1863 1455 praedictis
1883 1411 1930 1445 iu-

1186 1465 1311 1498 dicibus
1337 1465 1510 1498 ordinariis
1536 1465 1683 1500 eiusdem
1711 1464 1862 1506 civitatis,
1880 1475 1930 1498 se-

1185 1519 1327 1552 cundum
1361 1519 1472 1552 stilum
1506 1524 1537 1551 et
1570 1518 1838 1551 consuetudinem
1865 1518 1927 1552 ha«

1185 1578 1297 1605 ctenus
1324 1573 1537 1611 observatam,
1558 1579 1659 1615 utque
1685 1573 1717 1604 in
1743 1571 1872 1604 iudiciis
1890 1572 1929 1605 ad

1186 1626 1316 1658 easdem
1345 1636 1455 1658 causas
1492 1625 1736 1669 pertinentibus
1769 1624 1855 1657 idern
1883 1625 1930 1659 lo·

1162 1699 1164 1714 t
1186 1685 1379 1712 cumtenens
1406 1680 1585 1722 procedere
1611 1678 1714 1722 possit
1738 1679 1928 1720 summarie,

1186 1733 1402 1776 simpliciter,
1431 1733 1470 1765 de
1497 1735 1595 1776 plano
1612 1759 1619 1772 ‚
1645 1732 1767 1775 absque
1793 1732 1930 1775 strepitu

1186 1793 1217 1818 et
1243 1786 1346 1829 figura
1373 1786 1506 1826 iudicii,
1533 1786 1757 1818 tantummodo
1784 1785 1931 1828 inspecta

1187 1841 1321 1873 veritate
1360 1841 1445 1873 tacti.
1474 1841 1551 1873 Item
1591 1841 1774 1874 facultatem
1811 1840 1931 1873 habeat

1187 1894 1406 1937 cognoscendi
1426 1899 1455 1926 et
1474 1893 1648 1926 decidendi
1668 1904 1781 1926 causas
1795 1892 1930 1936 agitatas

1187 1952 1218 1980 et
1246 1952 1408 1980 vertentes
1442 1947 1528 1980 inter
1561 1946 1707 1979 eiusdem
1734 1946 1873 1979 civitatis
1899 1951 1932 1980 et

1187 2001 1334 2033 locorum
1369 1999 1558 2043 provinciae
1591 1999 1711 2032 incolas
1742 1999 1774 2032 in
1801 1999 1928 2042 prima,

1187 2053 1330 2086 secunda
1357 2058 1388 2085 ct
1412 2051 1560 2085 ulteriori
1585 2051 1747 2091 instantia,
1774 2051 1871 2084 etiam
1897 2051 1930 2084 in

1187 2116 1263 2138 casu
1280 2110 1311 2138 et
1329 2105 1470 2144 casibus,
1487 2105 1517 2137 in
1534 2105 1651 2148 quibus
1665 2103 1835 2137 cameralis
1852 2103 1932 2138 obli-

1188 2159 1274 2202 gatio
1308 2163 1530 2192 concurreret.
1558 2157 1591 2190 In
1618 2157 1930 2200 congregationibus

1188 2223 1361 2245 causarum
1380 2211 1597 2244 criminalium
1617 2210 1649 2243 in
1670 2211 1783 2244 eadem
1801 2211 1931 2244 civitate

1189 2265 1362 2298 Ravennae
1389 2275 1497 2297 coram
1522 2264 1552 2297 S.
1582 2263 1619 2296 R.
1643 2263 1677 2296 Ε.
1708 2263 1930 2296 cardinalibus

1189 2320 1306 2362 legatis
1346 2317 1613 2362 praesidentibus
1655 2318 1703 2350 vel
1744 2316 1931 2360 provinciae

1188 2372 1373 2405 rectoribus
1400 2371 1514 2405 haberi
1541 2371 1670 2412 solitis,
1698 2371 1784 2404 idem
1809 2371 1931 2403 locum-

1189 2431 1305 2458 tenens
1324 2425 1426 2458 civilis
1443 2430 1473 2457 et
1490 2424 1652 2467 generalis
1667 2423 1805 2463 intersit,
1824 2433 1931 2455 suum-

1190 2489 1250 2522 que
1277 2478 1465 2521 suffragium
1500 2478 1677 2511 decisivum
1710 2475 1927 2519 pronunciet,

1189 2542 1367 2574 omnesque
1395 2537 1426 2563 et
1450 2531 1596 2573 singulos
1621 2535 1708 2561 actus
1724 2555 1732 2569 ‚
1761 2529 1930 2562 facultates

1225 2594 1234 2620 1
1253 2593 1325 2621 Male
1341 2593 1384 2621 ed.
1402 2592 1435 2620 Μ.
1453 2591 1518 2628 legit
1537 2599 1636 2620 eorum
1654 2598 1702 2627 pro
1718 2597 1819 2619 coram
1836 2589 1929 2626 (Rs.)-

1926 189 1976 217 An.
1997 192 2027 218 C.
2049 191 2116 221 1726
