2170 3147
1 222 48 250 .C.
72 220 139 248 ¹724

11 490 136 512 Reetttuitur

0 517 58 538 liuati
79 517 137 536 tica—

0 544 88 564 racanas
101 548 135 562 eur

0 574 55 590 auva
75 575 94 589 iu
114 574 137 587 o-

0 597 36 617 bus
67 595 136 615 can-vi,

0 630 11 643 a
45 624 136 642 tenorum

0 655 25 668 aa
36 648 136 668 constitu-

2 676 19 694 i.-
45 674 137 695 Clemen-

739 218 933 241 nnxnntrssrt's
961 219 1017 241 xut
1042 219 1090 242 ΓΡ.

147 269 226 302 riam
251 267 428 308 Maiorem,
456 276 541 300 anno
573 266 807 299 iucarnationis
833 267 884 299 do-

147 321 284 354 minicae
319 329 479 360 nnctxxl,
503 319 609 362 pridie
634 319 707 352 idus
732 319 881 361 augusti,

146 372 353 416 pontificatus
378 373 425 406 sui
451 382 537 405 anno
562 382 595 412 Π,
615 371 771 415 expeditis
796 371 884 404 litte-

147 425 191 458 ris
214 425 310 458 etiam
334 424 461 468 plenius
488 425 692 457 continetur:

190 478 204 521 ξ
221 478 252 512 3.
273 477 336 511 Nos
354 477 461 521 igitur,
476 477 542 521 qui,
560 482 716 520 quantum
735 486 807 509 eum
827 475 885 508 Do-

147 531 234 564 mino
259 542 443 575 possumuS,
464 531 501 563 ad
522 541 629 563 rerum
655 529 800 563 omnium
822 534 884 560 sta-

148 589 214 616 tum
240 584 412 617 salubriter
436 583 644 626 dirigendum
663 587 793 615 nostrae
809 592 884 615 con-

148 637 355 670 siderationis
381 637 531 669 intuitum
564 636 705 669 libenter
737 635 885 668 extendi-

148 700 229 730 mus,
248 695 280 722 et
304 690 336 722 in
355 690 405 729 iis,
424 699 506 733 quae
524 689 563 722 ad
581 688 712 722 illarum
736 688 882 730 regimen

149 748 182 775 et
211 742 407 785 gubernium
441 742 612 786 profutura
648 741 882 783 cognovimus,

148 806 244 838 opem
270 801 302 828 et
325 805 442 838 operas
462 800 589 827 nostras
605 794 823 838 impendimus
844 793 885 826 ef-

148 849 273 889 ficaces,
298 848 447 881 eumdem
472 847 651 880 Fabritium
673 847 883 886 cardinalem,

148 902 342 934 modernum
379 900 570 944 episcopum
606 900 819 933 Portuensem
854 904 885 932 et

150 955 182 987 S.
210 953 356 994 Rufinae,
379 954 486 987 dictae
511 954 613 986 almae
640 952 734 985 Urbis
756 956 886 984 nostrae

149 1007 282 1050 eiusque
307 1007 472 1040 districtus
491 1011 522 1039 et
546 1006 778 1039 suburbiorum
804 1005 886 1037 vica-

149 1060 233 1093 rium
249 1060 282 1092 in
299 1059 521 1103 spiritualibus
540 1059 735 1101 generalem,
751 1057 887 1101 amplio-

150 1113 241 1145 ribus
263 1112 428 1145 savoribus
454 1117 486 1145 et
510 1111 622 1154 gratiis
647 1110 824 1154 prosequi,
851 1121 887 1143 ac

151 1165 227 1197 dicti
245 1165 416 1198 vicariatus
443 1164 537 1197 officii
564 1164 771 1197 indemnitati
792 1173 827 1196 ac
844 1163 888 1195 fe-

151 1218 255 1251 liciori
271 1217 421 1260 regimini
437 1217 612 1261 providere
627 1218 788 1255 volentes,
802 1226 887 1248 eum-

151 1272 224 1303 dem
248 1271 425 1303 Fabritium
450 1271 650 1303 cardinalem
669 1275 700 1302 ct
723 1269 887 1309 vicarium,

151 1323 297 1367 aliosque
328 1333 388 1367 pro
423 1329 568 1366 tempore
602 1322 686 1355 dicto
717 1321 889 1355 vicariatus

152 1376 259 1409 officio
285 1376 443 1419 potituros
468 1380 498 1408 et
523 1375 690 1418 gavisuros
709 1374 740 1407 ir·
760 1374 889 1406 iurisdi—

153 1427 259 1461 ctione
286 1428 457 1461 vicariatus
483 1427 587 1461 dictae
612 1427 715 1467 Urbis,
737 1427 889 1470 illiusque

154 1481 385 1514 suburbiorum
412 1487 442 1514 et
468 1481 656 1521 districtus,
685 1481 771 1513 iuxta
794 1490 889 1523 prae-

154 1533 234 1566 fatas
250 1534 374 1567 litteras
392 1533 588 1577 apostolicas
606 1543 665 1576 per
685 1533 804 1566 dictum
822 1532 889 1565 Cle-

154 1592 294 1620 mentem
319 1587 344 1620 X
369 1587 658 1630 praedecessorem
693 1587 800 1619 favore
822 1596 888 1618 me-

153 1640 268 1672 morati
294 1639 443 1683 Gasparis
469 1639 643 1672 cardinalis
668 1639 707 1672 de
728 1638 886 1681 Carpineo

154 1691 257 1725 dictae
281 1691 376 1724 Urbis
401 1697 431 1724 et
456 1691 687 1724 suburbiorum
722 1696 753 1724 et
785 1691 889 1725 distri-

153 1749 220 1777 ctus
253 1744 361 1777 vicarii
398 1744 428 1776 in
463 1744 687 1787 spiritualibus
723 1744 886 1787 generalis

154 1802 339 1837 emanatas,
365 1797 396 1829 in
423 1799 459 1830 ea
492 1802 614 1829 tantun]
652 1802 741 1840 parte
767 1796 800 1829 in
826 1807 888 1840 qua

155 1850 240 1883 idem
261 1850 408 1883 Clemens
424 1851 449 1883 X
467 1851 697 1893 praedecessor
715 1849 888 1893 disposuit,

155 1903 350 1936 cardinalem
376 1903 528 1936 vicarium
546 1903 639 1936 Urbis
665 1914 700 1936 ac
722 1903 888 1936 districtus

156 1961 188 1988 et
212 1955 445 1989 suburbiorum
462 1956 682 1999 praefatorum
701 1956 822 1989 habere
842 1955 890 1988 iu-

156 2008 377 2041 risdictionem
402 2010 628 2042 cumulativam
647 2020 718 2042 cum
739 2009 889 2042 omnibus

158 2060 228 2093 aliis
245 2060 403 2093 iudicibus
424 2061 596 2094 ordinariis
612 2061 706 2094 Urbis
723 2062 889 2104 praefatae

158 2112 190 2144 in
209 2112 311 2145 causis
329 2112 476 2146 civilibus
495 2118 526 2146 et
542 2114 775 2154 criminalibus,
793 2115 888 2148 etiarn

158 2164 274 2205 mixtis,
294 2166 379 2198 inter
396 2176 551 2209 personas
573 2177 659 2200 mere
677 2167 786 2207 laicas,
808 2173 840 2200 et
857 2168 890 2200 in

158 2218 262 2250 causis
286 2218 436 2251 omnibus
461 2229 548 2252 mere
573 2219 740 2253 laicalibus
760 2225 791 2253 et
814 2231 890 2264 pro—

159 2270 254 2310 fanis,
277 2275 365 2303 motu
391 2270 477 2314 pari,
509 2281 574 2304 non
601 2271 641 2304 ad
666 2272 810 2305 eiusdem
835 2272 891 2305 Fa-

157 2321 246 2354 britii
271 2322 446 2355 cardinalis
472 2324 522 2356 vel
546 2323 677 2356 alterius
702 2334 762 2366 pro
780 2334 818 2357 eo
839 2335 892 2357 no·

157 2374 207 2407 bis
223 2384 321 2417 super
338 2374 402 2407 boe
426 2375 555 2408 oblatae
580 2375 747 2418 petitionis
771 2376 892 2409 instan-

159 2427 245 2468 tiam,
271 2428 327 2460 sed
353 2438 391 2460 ex
416 2427 552 2461 scientia
577 2434 609 2461 et
633 2430 801 2472 potestatis
826 2431 892 2472 ple-

158 2478 303 2513 nitudine
329 2480 502 2520 similibus,
529 2486 643 2513 tenore
670 2482 889 2524 praesentium

158 2532 394 2576 reintegramus
412 2539 444 2566 et
461 2534 607 2577 plenarie
627 2534 835 2575 restituimus,
856 2545 892 2568 ac

158 2585 417 2621 iurisdietionem
449 2586 638 2621 huiusmodi
669 2587 698 2621 ei
724 2592 755 2621 et
780 2589 826 2622 eis
852 2589 891 2622 de

927 277 1010 299 novo
1036 266 1245 300 concedimus
1270 272 1301 299 et
1325 266 1553 309 indulgemus,
1572 265 1613 297 ita
1631 271 1665 298 ut

927 319 1030 352 dictus
1055 319 1216 352 Fabritius
1241 319 1415 352 cardinalis
1434 324 1461 352 et
1488 314 1664 351 ceteri‘Ur-

926 372 976 405 bis
1003 373 1168 415 praefatae
1187 382 1222 404 ac
1247 372 1413 405 districtus
1439 377 1470 404 et
1495 371 1664 404 suburbio-

926 435 996 457 rum
1024 425 1208 458 huiusmodi
1226 425 1346 465 vicarii,
1363 425 1417 468 qui
1442 435 1500 468 pro
1520 430 1664 467 tempore

927 483 1032 517 erunt,
1049 488 1227 521 eorumque
1245 478 1486 519 vicesgerentes
1504 482 1536 509 et
1552 475 1665 509 suffra-

927 531 1021 573 ganci
1047 541 1083 563 ac
1109 532 1378 568 locumtenentes,
1397 529 1516 572 aliique
1542 529 1666 561 iudices

928 583 967 616 ab
997 583 1043 616 eis
1076 583 1220 626 deputati
1256 593 1292 615 ac
1328 593 1387 625 pro
1420 588 1566 625 tempore
1603 581 1661 614 de—

927 635 1080 679 putandi,
1114 634 1340 668 iurisdictione
1377 635 1569 668 cumulativa
1594 644 1664 666 cum

927 688 1078 721 omnibus
1096 688 1167 720 aliis
1194 687 1353 720 iudicibus
1378 686 1552 719 ordinariis
1570 686 1666 718 Urbis

928 741 1100 783 praefatae,
1127 746 1161 772 ut
1186 750 1297 783 supra,
1325 739 1426 772 libere
1452 745 1484 771 et
1508 739 1595 771 licite
1620 739 1665 770 uti

927 792 1054 836 possint
1079 798 1110 825 ct
1135 793 1280 832 valeant,
1314 791 1437 835 absque
1470 801 1508 824 eo
1538 791 1624 834 quod
1651 801 1667 822 a

928 856 1091 890 quoquam
1122 845 1235 889 quavis
1260 845 1473 885 auctoritate,
1500 849 1666 888 praetextu

928 905 982 932 aut
1005 901 1102 932 causa
1126 898 1277 942 impediri
1311 909 1445 942 quoquo
1470 898 1568 931 modo
1594 907 1667 941 pos-

928 953 1009 993 sint;
1027 959 1058 986 et
1083 953 1125 985 ita
1150 963 1211 996 per
1236 963 1462 996 quoscumque
1480 951 1602 985 iudices
1620 961 1668 984 or-

929 1005 1074 1039 dinarios
1107 1006 1158 1038 vel
1188 1005 1356 1047 delegatos
1386 1005 1498 1048 quavis
1528 1003 1669 1037 auctori-

930 1063 993 1091 tate
1019 1058 1213 1101 fungentes,
1240 1057 1337 1091 etiam
1362 1067 1530 1090 causarum
1555 1056 1667 1099 palatii

929 1111 1099 1154 apostolici
1114 1110 1294 1151 auditores,
1310 1122 1345 1144 ac
1359 1110 1523 1154 praefatae
1537 1109 1566 1142 S.
1581 1109 1619 1141 R.
1635 1108 1667 1141 E.

930 1165 1136 1204 cardinales,
1163 1165 1259 1198 etiam
1286 1164 1325 1197 de
1350 1165 1451 1197 latere
1478 1164 1602 1205 legatos
1627 1162 1670 1193 vi-

931 1218 1104 1260 celegatos,
1123 1217 1279 1260 Sedisque
1302 1215 1506 1259 Apostolicae
1521 1215 1668 1255 nuncios,

931 1270 1058 1302 sublata
1078 1269 1123 1302 eis
1143 1274 1174 1302 et
1191 1279 1302 1302 eorum
1328 1268 1461 1301 cuilibet
1485 1268 1595 1311 quavis
1616 1267 1669 1300 ali-

933 1326 982 1354 ter
1002 1321 1163 1354 iudicandi
1186 1327 1218 1354 et
1239 1321 1475 1365 interpretandi
1502 1321 1667 1359 facultate,

932 1374 963 1406 in
989 1374 1102 1417 quavis
1124 1377 1219 1407 causa
1244 1381 1275 1408 et
1300 1374 1453 1407 instantia
1478 1373 1611 1406 iudicari
1639 1379 1670 1406 ct

932 1426 1059 1459 definiri
1086 1427 1218 1467 debere,
1245 1433 1286 1467 et,
1307 1427 1331 1459 si
1351 1437 1444 1459 secus
1462 1436 1560 1469 super
1578 1426 1629 1458 liis
1654 1437 1670 1458 a

932 1489 1115 1522 quoquam,
1143 1479 1251 1523 quavis
1287 1479 1477 1512 auctoritate
1494 1506 1501 1519 ,
1529 1478 1671 1510 scienter

932 1533 981 1565 vel
998 1533 1201 1575 ignoranter,
1220 1532 1395 1575 contigerit
1419 1532 1580 1572 attentari,
1600 1531 1671 1564 irri-

932 1591 996 1618 tum
1017 1591 1048 1618 et
1067 1585 1160 1618 inane
1183 1586 1402 1618 decernimus.

975 1639 989 1682 g
1014 1638 1045 1671 li.
1073 1638 1139 1672 Non
1166 1639 1374 1671 obstantibus
1400 1639 1482 1672 dicta
1508 1639 1669 1673 constitu·
1705 1649 1865 1687 equ-„netu-

932 1691 1018 1724 tione
1044 1692 1179 1734 praefati
1206 1692 1386 1725 innocentii
1410 1692 1461 1725 XII
1482 1682 1802 1735 praedeces-{.'JJ⁶':2⁴,‘.'.'.12{.7
1824 1683 1865 1695 '¹¹¹'

931 1744 1012 1777 soris
1038 1745 1151 1785 nostri,
1178 1745 1239 1784 cui,
1274 1750 1431 1788 quatenus
1455 1755 1535 1788 opus
1561 1745 1611 1785 sit,
1638 1745 1670 1778 in

933 1798 992 1830 bac
1019 1802 1140 1830 tantum
1166 1803 1275 1840 parte,
1307 1798 1443 1841 aliisque
1469 1798 1668 1832 reformatio-

932 1851 1025 1884 nibus
1051 1855 1081 1884 et
1106 1851 1244 1883 decretis
1269 1862 1285 1883 a
1311 1851 1477 1894 quibusvis
1508 1851 1672 1884 iudicibus

931 1905 1045 1948 quavis
1071 1904 1257 1937 auctoritate
1278 1904 1490 1946 fungentibus
1512 1915 1548 1937 ac
1574 1905 1670 1937 etiam

933 1958 1021 1990 vivae
1049 1957 1134 1990 vocis
1169 1958 1302 1990 oraculo
1335 1957 1508 1997 emanatis,
1535 1957 1671 2001 aliisque

933 2010 1218 2043 constitutionibus
1248 2015 1280 2042 et
1305 2010 1570 2044 ordinationibus
1596 2021 1672 2053 apo-

934 2064 1079 2103 stolicis,
1106 2064 1202 2097 etiam
1228 2064 1259 2096 in
1285 2063 1435 2097 conciliis
1462 2063 1670 2106 generalibus

934 2117 1040 2158 editis,
1059 2118 1141 2160 stylo
1164 2117 1284 2160 palatii,
1304 2117 1426 2158 regulis
1452 2116 1671 2150 Cancellariae

935 2170 1140 2213 Apostolicae
1159 2169 1410 2213 prohibentibus
1432 2169 1582 2201 mandata
1600 2179 1672 2202 exe-

935 2224 1040 2255 cutira
1065 2223 1141 2256 alias
1167 2233 1262 2266 quam
1295 2222 1356 2254 sub
1381 2221 1514 2265 plumbo
1541 2221 1673 2265 expedi-

935 2275 996 2313 tis,
1028 2286 1064 2308 ac
1099 2275 1302 2307 facultatibus
1339 2280 1370 2306 et
1397 2274 1673 2307 iurisdictionibus

935 2328 1094 2371 praefatae
1119 2329 1222 2361 almae
1248 2327 1340 2360 Urbis
1365 2327 1603 2370 gubernatoris,
1625 2338 1674 2360 se-

936 2380 1041 2413 natori
1068 2387 1097 2413 et
1122 2381 1245 2423 populo
1270 2390 1424 2420 rontano,
1446 2385 1477 2412 et
1501 2390 1671 2413 causarum

934 2432 1046 2465 Curiae
1063 2432 1214 2465 Gamerae
1232 2433 1437 2475 Apostolicae
1456 2433 1600 2475 generali
1622 2444 1674 2465 au-

936 2485 1042 2522 ditori,
1069 2484 1209 2527 praesidi
1237 2490 1267 2517 et
1292 2485 1452 2526 magistris
1477 2485 1611 2525 viarum,
1636 2496 1672 2517 ac

936 2537 1097 2580 praefatae
1118 2537 1149 2570 S.
1170 2537 1205 2570 R.
1226 2537 1260 2569 Ε.
1284 2537 1516 2578 cardinalibus,
1539 2549 1575 2570 ac
1601 2537 1671 2570 aliis

937 2590 1102 2633 quibusvis
1128 2590 1288 2624 iudicibus
1314 2596 1345 2624 et
1369 2591 1559 2624 officialibus
1577 2591 1672 2623 etiam

1575 207 1616 240 85
1664 218 1713 242 Au.
1734 216 1762 242 C.
1787 216 1857 242 ¹724
