2170 3147
268 231 320 258 An.
342 232 370 259 c.
394 232 463 259 1726
508 224 572 258 35⁶2

466 283 614 327 reliquiis
640 284 912 327 praepositorum,
939 288 992 315 aut
1011 283 1209 315 examinato-

467 346 516 368 res
542 335 771 379 cpiscoporum
790 336 821 368 in
841 336 992 368 facultate
1009 336 1207 378 theologica,
1229 340 1231 343 '

465 390 558 422 nobis
580 400 614 422 ae
634 391 779 423 Romano
806 390 950 422 Pontifici
973 400 1032 433 pro
1060 395 1206 433 tempore

466 443 617 476 existenti
643 444 871 476 commendare
908 454 973 476 non
1001 443 1208 486 praetcrn‘iit-

467 502 698 529 tantccnsores
718 497 909 529 Academiae
928 496 1124 540 praedictae,
1141 496 1205 528 sive

465 549 672 582 ecelesiastici
711 551 897 583 saeculares
935 550 1001 582 sive
1039 550 1206 592 regulares

464 601 603 643 fuerint·,
632 603 782 646 idemque
820 609 1012 646 praestent,
1053 614 1124 636 cum
1167 603 1205 636 de

462 656 672 699 promotione
698 656 736 689 ad
763 657 967 700 episcopales
1001 656 1120 689 aliasve
1157 667 1207 689 ec-

463 709 661 742 clesiasticas
694 709 866 752 dignitates
893 710 1040 743 facienda
1072 715 1204 752 agetur,

463 762 518 801 ut¹‚
534 762 735 804 singulorum
751 762 875 795 meritis
889 762 997 795 debita
1013 763 1207 806 circumspe-

464 815 569 849 ctione
595 816 737 856 libratis,
766 827 820 849 cos
847 816 1022 859 eligamus,
1049 827 1130 860 quos
1167 817 1204 849 ad

461 869 618 902 maiorem
644 869 699 902 Dei
726 870 861 912 gloriam
897 875 929 903 et
961 870 1122 903 Ecclesiae
1148 870 1207 902 uti-

462 922 585 955 litatem
612 922 643 954 in
674 923 811 955 Domino
849 923 1004 966 expedire
1042 923 1206 956 censueri-

462 985 546 1007 mus.
574 974 729 1013 Quoniam
756 981 872 1015 autem,
898 981 933 1008 ut
958 976 1051 1008 uobis
1076 986 1205 1018 qnoque

462 1027 613 1069 innotuit,
647 1030 755 1062 multis
789 1040 825 1062 ex
857 1029 1051 1062 academicis
1077 1028 1205 1072 praedi-

462 1082 521 1114 ctis
546 1083 686 1115 antebac
712 1083 858 1115 censoris
885 1082 1075 1115 Academiae
1099 1083 1206 1115 buius-

461 1135 550 1168 modi
569 1146 685 1168 munus
700 1136 839 1169 delatum
858 1136 924 1176 fuit,
940 1137 1087 1168 volumus
1108 1137 1205 1179 quod,

461 1193 592 1232 praeter
627 1200 683 1223 eos
709 1190 763 1233 qui
796 1190 858 1222 iam
892 1190 1035 1222 censoris
1069 1190 1204 1232 gradum

463 1242 704 1284 obtinuerunt,
739 1243 861 1276 nemini
892 1243 1108 1286 imposterum
1145 1243 1206 1275 boc

461 1305 577 1328 munus
603 1296 784 1335 deferatur,
810 1296 869 1328 nisi
897 1296 961 1329 illis
987 1295 1203 1336 academicis,

462 1349 529 1392 qui,
550 1355 661 1382 exacto
680 1349 886 1382 laudabiliter
912 1349 1068 1381 sexennio
1095 1354 1126 1381 et
1150 1359 1204 1381 sex

460 1401 601 1445 peractis
634 1402 773 1445 publicis
811 1402 1086 1446 disputationibus
1118 1401 1206 1434 invta

460 1455 624 1499 praefatae
651 1455 843 1488 Academiae
871 1456 1131 1495 constitutiones,
1151 1466 1206 1488 no-

461 1519 535 1542 men
561 1514 592 1541 et
616 1509 757 1542 officium
784 1509 927 1541 censoris
954 1509 1058 1541 dietae
1085 1509 1207 1542 Acade-

461 1562 545 1594 miae
572 1561 778 1604 theologicae
797 1562 855 1594 sibi
876 1561 1129 1605 promeruerint.
1150 1561 1206 1595 Ce-

462 1621 577 1655 terum,
597 1626 668 1648 cum
690 1616 775 1649 idem
794 1615 943 1649 Clemens
969 1616 1207 1659 praedecessor

461 1675 660 1703 memoratos
682 1670 864 1704 cardinales
883 1671 986 1703 dietae
1012 1670 1205 1703 Academiae

460 1728 668 1767 protectores
709 1728 740 1756 et
777 1724 964 1757 defensores
1001 1723 1207 1756 constituerit

462 1787 497 1809 ae
516 1776 735 1819 deputaverit,
752 1777 869 1819 quibus
888 1777 990 1810 felicis
1010 1777 1206 1810 recordatio-

461 1829 511 1862 nis
536 1829 745 1863 Innocentius
764 1830 850 1873 Papa
868 1830 947 1870 Xlll,
971 1831 1206 1873 praedecessor

462 1883 558 1916 etiarn
586 1888 714 1923 noster,
746 1883 899 1916 dilectum
926 1883 1028 1916 silium
1059 1890 1204 1917 nostrum

461 1937 667 1970 Bernardun]
705 1937 837 1970 Mariam
874 1937 956 1970 tituli
990 1937 1020 1970 S.
1048 1938 1204 1971 Bernardi

461 1990 500 2023 ad
526 1990 657 2023 Termas
685 1990 830 2024 eiusdem
857 1990 888 2024 S.
910 1991 946 2024 P..
967 1991 999 2023 E.
1036 1991 1207 2035 presbyte-

460 2054 533 2077 rum
559 2044 760 2077 cardinalem
799 2045 837 2078 de
871 2045 1049 2078 Comitibus
1081 2056 1206 2078 nuncu-

461 2102 573 2140 patum
599 2097 739 2138 addidit,
767 2109 802 2131 ae
827 2098 977 2131 nonnulli
1012 2109 1047 2131 ex
1075 2099 1138 2131 illis
1164 2100 1203 2132 ab

461 2150 614 2184 humanis
633 2151 849 2184 decesserint:
866 2161 936 2191 1105,
954 2152 1042 2195 ipsos
1062 2153 1205 2185 cardina

459 2204 507 2237 les
524 2209 728 2247 protectores
750 2210 781 2238 et
802 2204 992 2238 defensores
1011 2205 1204 2239 Academiae

460 2258 649 2301 praedictae
675 2259 720 2291 sic
754 2258 943 2302 deputatos
971 2269 1007 2291 ac
1044 2259 1082 2292 de
1115 2270 1206 2302 prae-

460 2311 543 2343 senti
586 2312 782 2352 existentes,
825 2312 1017 2345 auctoritate
1058 2314 1205 2356 praefata

460 2364 697 2405 confirmantes,
720 2365 751 2397 in
774 2367 882 2398 locum
909 2366 1139 2399 defunctorum
1159 2378 1208 2400 ve-

459 2417 655 2450 nerabilium
673 2418 806 2451 fratrum
821 2425 1017 2459 nostrorum,
1029 2420 1204 2453 Fabritium

461 2470 648 2513 episcopum
670 2471 851 2505 Ostiensem
882 2478 914 2506 et
943 2472 1203 2506 Veliternensem

460 2523 655 2564 Paulutium,
683 2535 845 2557 sacrorum
881 2526 1115 2559 venerabilium
1149 2527 1207 2559 fra-

462 2582 545 2609 trum
572 2582 757 2610 nostrorum
790 2578 935 2612 eiusdem
965 2580 996 2612 S.
1022 2580 1059 2613 R.
1086 2580 1121 2613 E.
1142 2591 1206 2613 car-

496 2640 507 2666 1
530 2638 601 2666 Edit.
623 2639 708 2667 Main.
730 2639 795 2675 legit
812 2640 843 2668 in
865 2644 962 2676 prout
984 2643 1022 2677 (n.
1045 2642 1092 2677 T.).

1053 235 1236 259 nULLAmUM
1263 234 1420 260 ROMANUM

1252 283 1408 317 dinalium
1432 285 1567 328 ‘collegii
1583 286 1752 326 decanum,
1775 297 1810 319 ac
1837 286 1995 319 dilectum

1252 335 1353 369 filium
1379 344 1525 371 nostrum
1552 340 1745 372 Ludovicum
1775 339 1856 373 tituli
1883 339 1914 373 S⁴
1937 339 1995 373 Sil-

1251 391 1348 422 vestri
1376 382 1411 423 111
1434 391 1543 434 Capite
1569 392 1670 435 ipsius
1697 392 1728 426 S.
1763 393 1800 425 R.
1832 393 1866 425 E.
1895 392 1996 426 cardi-

1252 443 1357 475 nalem
1394 445 1522 484 Picum,
1549 445 1729 489 respective
1765 452 1993 489 nuncupatos,

1251 497 1441 530 auctoritate
1467 499 1611 541 praefata
1643 499 1867 541 subrogamus,
1901 508 1936 530 ac
1961 498 1994 530 in

1250 554 1453 591 protectores
1495 557 1526 583 ct
1567 551 1758 584 defensores
1804 551 1992 584 huiusmodi

1250 603 1370 646 pariter
1395 604 1620 637 constituimus
1646 610 1677 637 et
1702 605 1904 647 deputamus.

1294 656 1308 699 ξ
1344 656 1373 688 6.
1412 656 1632 689 Dccernentcs
1673 667 1827 701 qnoque,
1862 657 1993 691 easdem

1250 714 1441 750 praesentes
1471 709 1595 742 litteras
1622 719 1751 752 semper
1777 709 1896 751 firmas,
1915 709 1994 743 vali-

1251 761 1306 793 das
1324 767 1355 794 et.
1372 762 1519 795 efficaces
1539 762 1675 795 existere
1694 768 1726 795 et
1747 763 1824 802 fore,
1850 773 1993 806 suosque

1250 815 1416 857 plenarios
1442 821 1473 848 et
1499 815 1641 857 integros
1668 815 1801 848 effoetus
1827 816 1935 848 sortiri
1961 820 1995 849 et

1251 867 1410 907 obtinere,
1433 879 1469 901 ac
1496 868 1567 908 illis,
1588 868 1625 900 ad
1644 879 1725 911 quos
1744 872 1867 912 spectat
1884 872 1915 901 et
1932 878 1993 912 pro

1251 925 1396 962 tempore
1436 921 1706 964 quandocumque
1746 920 1929 964 spectabit,
1960 920 1994 954 in

1251 974 1402 1006 omnibus
1429 980 1459 1007 et
1484 985 1543 1017 per
1572 975 1680 1008 omnia
1712 974 1900 1018 plenissime
1934 975 1995 1007 suf-

1252 1027 1378 1069 fragari,
1395 1031 1425 1060 et
1442 1027 1480 1060 ab
1498 1027 1543 1060 eis
1562 1028 1747 1071 respective
1761 1027 1995 1061 inviolabiliter

1250 1080 1432 1121 observari,
1452 1080 1563 1124 sicque
1581 1086 1613 1114 et
1637 1091 1700 1114 non
1726 1081 1821 1114 aliter
1846 1081 1878 1113 in
1904 1091 1995 1125 prae-

1250 1134 1355 1167 missis
1382 1145 1440 1178 per
1466 1145 1688 1178 quoscumque
1721 1135 1844 1168 iudices
1868 1134 1995 1169 ordina-

1250 1187 1315 1220 rios
1341 1193 1371 1221 et
1396 1188 1564 1231 delegatos
1582 1215 1589 1229 ‚
1616 1188 1712 1221 etiam
1746 1199 1913 1221 causarum
1938 1199 1994 1232 pa-

1251 1241 1317 1273 latii
1346 1241 1516 1284 apostolici
1554 1241 1733 1282 auditores,
1771 1251 1808 1274 ae
1847 1241 1995 1275 eiusdem

1250 1293 1278 1326 S.
1313 1294 1349 1326 R.
1383 1294 1416 1326 E.
1460 1294 1662 1334 cardinales,
1696 1294 1792 1327 etiam
1820 1294 1859 1326 de
1892 1295 1994 1328 latere

1251 1348 1395 1390 legatOS,
1429 1348 1549 1380 aliosve
1589 1348 1753 1391 quoslibet
1790 1358 1994 1392 quacumque

1251 1401 1503 1443 praeeminentia
1530 1406 1561 1434 et
1586 1406 1747 1444 potestate
1766 1402 1938 1444 fungentes
1963 1406 1996 1435 et

1250 1454 1429 1495 suncturos,
1450 1455 1576 1487 sublata
1602 1455 1647 1487 cis
1675 1460 1707 1487 et
1733 1466 1843 1488 eorum
1863 1455 1996 1488 cuilibet

1251 1508 1361 1551 quavis
1387 1508 1480 1541 aliter
1505 1508 1668 1541 iudicandi
1700 1514 1731 1541 et
1754 1508 1994 1552 interpretandi

1251 1562 1402 1594 facultate
1429 1567 1459 1594 et
1484 1562 1698 1603 auctoritate,
1726 1562 1859 1595 iudicari
1886 1567 1917 1595 et
1941 1562 1994 1596 de-

1251 1614 1336 1647 finiri
1379 1615 1518 1656 debere,
1550 1626 1586 1648 ac
1617 1615 1745 1648 irritum
1778 1622 1809 1648 et
1840 1616 1935 1649 inane
1968 1616 1994 1649 si

1251 1679 1345 1701 secus
1362 1669 1523 1712 superbis
1538 1680 1554 1702 a
1572 1680 1746 1713 quoquam,
1761 1670 1870 1713 quavis
1888 1674 1996 1703 aucto-

1251 1722 1345 1755 ritate
1366 1749 1372 1762 ,
1413 1723 1553 1756 scienter
1578 1724 1627 1756 vel
1651 1722 1862 1766 ignoranter,
1895 1723 1994 1757 conti-

1251 1776 1337 1818 gerit
1361 1777 1524 1810 attentari.

1294 1830 1364 1873 §T
1404 1829 1473 1863 Non
1510 1831 1719 1864 obstantibus
1749 1831 1993 1866 constitutioni-

1249 1883 1308 1915 bus
1327 1890 1358 1916 et
1374 1884 1636 1917 ordinationibus
1654 1884 1849 1927 apostolicis,
1863 1894 1992 1919 necnon

1251 1937 1401 1969 omnibus
1429 1942 1458 1969 et
1484 1937 1619 1980 singulis
1651 1937 1715 1971 illis
1740 1949 1821 1981 quae
1846 1938 1878 1971 in
1904 1949 1994 1982 prae-

1250 1990 1379 2023 insertis
1399 1990 1574 2024 Clementis
1592 1991 1854 2034 praedecessoris
1874 1991 1993 2025 litteris

1250 2053 1406 2076 concessa
1431 2049 1501 2076 sunt
1530 2055 1596 2077 non
1627 2045 1773 2085 obstare,
1808 2045 1993 2089 ceterisque

1250 2097 1421 2130 contrariis
1447 2098 1720 2141 quibuscumque.

1294 2150 1407 2183 Datum
1427 2151 1560 2190 Romae,
1588 2151 1675 2194 apud
1703 2151 1734 2184 S.
1761 2151 1912 2191 Petrum,
1932 2152 1992 2185 sub

1251 2205 1371 2236 annulo
1386 2204 1568 2244 piscatoris,
1591 2204 1641 2237 die
1662 2215 1693 2238 v1
1715 2205 1789 2238 maii
1816 2214 1991 2246 nnccxxvr,

1250 2258 1458 2301 pontificatus
1483 2258 1586 2291 nostri
1615 2269 1701 2292 anno
1727 2269 1762 2293 11.

1286 2321 1345 2348 Dat.
1370 2320 1413 2347 die
1430 2323 1445 2346 ti
1467 2320 1530 2347 maii
1552 2320 1633 2355 1726,
1655 2321 1752 2356 pontif.
1776 2330 1847 2349 anno
1863 2328 1897 2349 -11.

1566 2481 1683 2516 CXXII.

1252 2578 1445 2613 Conceditur
1465 2578 1632 2623 prioribus
1655 2576 1859 2622 yeneralc'bus
1883 2579 1993 2612 eremi-

1295 2637 1405 2666 tarum
1429 2632 1462 2667 S.
1490 2632 1669 2676 Auqusti'ni
1691 2631 1834 2676 facultas
1859 2633 1992 2667 creandi

2004 238 2052 266 An.
2073 238 2102 266 C.
2121 240 2169 268 172

2032 671 2149 693 Clausulas.

2029 1840 2170 1864 Contrariorui

2003 1867 2124 1894 derogatio.
