2170 3147
202 167 253 193 11η.
276 165 392 193 01113
438 156 502 189 6902

393 215 457 247 lini,
481 214 571 243 abbas
593 215 622 244 S.
642 213 786 253 Onuphrii
809 213 843 244 de
867 212 1000 252 Cumiplo
1019 223 1051 244 ac
1069 213 1140 243 defi-

395 263 473 293 nitor
497 264 630 302 primus,
665 266 749 301 pater
771 262 905 292 dominus
929 262 1040 302 Gaspar
1063 262 1140 292 Coti·

395 312 476 349 nelli,
495 312 584 341 abhas
600 311 628 341 S.
648 311 763 341 loannis
779 312 926 350 Baptistae
945 311 979 340 de
997 311 1138 347 Bononia,

395 370 427 389 ae
446 360 584 389 delinitor
606 361 753 390 secundus
767 385 774 394 ,
810 365 892 400 pater
914 361 1051 390 dominus
1074 360 1141 389 Ber-

397 410 504 439 nardus
526 410 617 447 Sassi,
641 410 730 439 abbas
753 411 782 439 S.
808 410 925 440 Ioannis
948 410 983 439 de
1006 409 1087 446 Uria,
1108 419 1141 439 ac

395 458 531 488 definitor
567 460 671 488 tertius
693 483 700 497 ,
742 463 824 498 pater
860 460 996 489 dominus
1032 459 1142 498 Gaspar

395 507 551 546 Maggioni,
582 507 672 538 abbas
704 510 733 538 S.
758 509 864 539 Mariae
897 509 932 537 de
955 509 1086 546 Magenta
1109 517 1142 537 ac

395 556 532 586 delinitor
555 562 697 596 quartus,
733 562 815 597 pater
843 558 979 587 dominus
1005 557 1142 587 Caelesti-

395 615 450 635 nus
473 605 618 644 Galliano,
641 606 731 635 abbas
754 606 783 635 S.
809 606 915 636 Mariae
937 606 966 635 in
990 606 1141 636 Posterula

396 663 427 683 ar
452 659 624 693 procurator
645 655 791 693 generalis
825 655 853 684 in
879 655 1011 684 Romana
1033 654 1118 684 Curia
1133 680 1140 692 ,

397 707 481 741 pater
511 703 646 733 dominus
669 703 850 733 Caelestinus
877 704 912 734 de
940 704 1020 734 Jorio
1053 703 1142 733 0111105

397 751 427 780 S.
452 751 558 783 Mariae
581 751 757 782 Collismadii
780 753 815 782 de
839 753 943 792 Aquila
960 778 966 790 ,
992 758 1072 792 pater
1093 753 1143 783 (10-

396 800 494 830 minus
516 800 657 831 Silvester
679 801 821 831 Calenzali
845 801 932 831 abbas
961 804 989 831 S.
1015 802 1142 840 Spiritus

396 849 430 878 de
460 849 592 888 Magella,
628 855 709 889 pater
732 851 868 880 1100110115
892 851 1068 880 Fortunatus
1092 851 1143 880 110-

398 898 495 928 lumbo
518 898 608 928 abhas
631 899 659 928 S.
679 899 756 928 Petri
780 900 814 928 ad
837 900 988 937 Magellam
1012 900 1047 929 de
1070 900 1142 929 Nea-

397 947 467 985 poli,
492 952 575 986 pater
597 947 733 978 dominus
757 948 859 987 loseph
883 949 917 978 de
938 948 1030 978 Call'ro
1053 949 1142 978 abbas

397 996 426 1024 S'.
445 996 658 1027 Bartholomaei
681 997 872 1035 de--Luceria,
903 1003 985 1037 pater
1007 999 1142 1028 dominus

396 1046 532 1075 Andreas
554 1047 589 1076 de
611 1046 766 1086 Stephanis
795 1047 882 1077 abbas
915 1049 944 1081 S,
969 1048 1142 1077 Catharinae

397 1095 430 1125 de
449 1095 627 1133 Terranova,
662 1101 744 1136 pater
766 1097 902 1127 (lominus
925 1097 1061 1127 Ramirus
1080 1098 1142 1127 Det-

398 1144 484 1174 matis
507 1144 595 1174 abbas
619 1146 648 1174 S.
674 1146 751 1175 Petri
774 1146 930 1176 Caelestini
952 1146 987 1176 de
1010 1147 1142 1176 Mediola-

398 1203 452 1230 no,
482 1199 565 1232 pater
602 1195 738 1224 [lominus
772 1195 943 1225 Ambrosius
966 1195 1140 1225 Biancolella

397 1242 487 1272 abbas
509 1244 538 1271 S.
563 1242 697 1281 Gregorii
720 1243 755 1272 de
780 1244 870 1281 Novo,
902 1248 985 1283 pater
1007 1244 1142 1273 dominus

396 1291 500 1321 Petrus
524 1292 719 1331 Hieronymus
742 1292 898 1322 Barcellini
926 1292 1016 1322 0111105
1039 1294 1067 1323 S.
1092 1293 1143 1323 Mi-

397 1340 508 1370 chaelis
531 1341 565 1370 de
587 1340 749 1379 Florentia,
774 1346 856 1380 pater
878 1342 1014 1372 dominus
1043 1342 1141 1371 Caele-

398 1390 492 1419 stinus
511 1390 632 1420 Cornice
650 1390 738 1420 abbas
759 1390 809 1420 SS.
830 1391 982 1421 Trinitatis
998 1391 1032 1420 de
1048 1391 1076 1421 S.
1094 1391 1143 1421 Se-

398 1449 478 1477 vero,
514 1445 595 1479 pater
628 1440 764 1470 dominus
796 1440 978 1471 Caelestinus
1000 1441 1034 1470 (le
1057 1441 1143 1471 Lecto

397 1489 486 1519 abbas
508 1490 537 1519 S.
563 1490 665 1528 Angeli
695 1490 729 1519 (16
752 1490 869 1526 Celano,
900 1494 980 1529 pater
1008 1491 1143 1520 dominus

398 1537 500 1577 loseph
524 1538 618 1568 Amati
642 1538 731 1568 abbas
763 1538 791 1567 S.
817 1539 895 1569 Petri
929 1540 962 1568 ad
991 1539 1142 1578 Magellam

397 1587 432 1616 (16
449 1587 567 1624 Aversa,
588 1592 668 1626 pater
683 1588 819 1617 dominus
836 1588 998 1618 Ludovicus
1015 1589 1049 1618 de
1065 1590 1141 1618 Leon

398 1635 488 1665 abbas
510 1636 538 1665 S.
559 1637 703 1666 Benedicti
727 1637 761 1667 de
779 1642 875 1667 monte
896 1637 1043 1676 Gargano,
1062 1642 1144 1677 pater

398 1685 534 1715 dominns
557 1686 629 1715 Beda
654 1686 687 1715 de
711 1686 780 1716 Mari
803 1687 892 1716 abbas
914 1687 943 1717 S.
969 1687 1075 1717 Mariae
1104 1687 1144 1716 ci-

399 1733 496 1763 xitatis
532 1734 703 1771 Theatinae,
729 1740 811 1774 pater
833 1736 974 1766 dominus
1006 1736 1144 1774 Aloysius

400 1783 533 1813 nantolis
561 1783 650 1813 abbas
678 1785 707 1813 S.
732 1784 840 1814 Mariae
870 1785 904 1814 ad
929 1785 1080 1823 Magellam
1109 1786 1144 1815 de

399 1834 517 1871 Capua,
553 1837 635 1872 pater
668 1833 804 1863 dominus
837 1834 975 1864 Ramirus
1004 1833 1143 1863 Tabbassi

399 1881 488 1910 abbas
512 1883 542 1911 S.
568 1882 677 1911 Nicolai
707 1882 741 1912 de
771 1883 924 1921 Bergamo,
949 1888 1031 1922 pater
1053 1883 1145 1913 domi-

399 1940 453 1960 nus
476 1930 655 1970 Theophilus
677 1931 813 1962 Galeucci
837 1932 926 1962 abbas
948 1934 998 1962 SS.
1024 1932 1145 1961 Annun-

400 1979 490 2008 610106
513 1979 547 2008 (16
571 1979 733 2017 (3651101110,
765 1985 846 2019 pater
869 1981 1005 2010 dominus
1030 1980 1145 2010 Bonisa-

400 2027 462 2057 cius
485 2028 560 2067 Pepe
591 2028 681 2058 0111105
714 2029 761 2059 SS.
787 2029 940 2059 Trinitatis
967 2030 1000 2059 (16
1024 2030 1143 2065 11011110,

400 2079 482 2112 pater
498 2075 633 2105 (lominus
650 2076 798 2106 Antonius
814 2076 924 2106 Meroni
941 2076 1028 2106 abbas
1046 2077 1075 2105 S.
1091 2076 1146 2105 Ma-

400 2123 459 2153 riae
482 2124 643 2155 llleiulanae
666 2125 700 2155 de
723 2125 893 2165 Corropolo,
913 2130 994 2164 pater
1010 2125 1146 2154 (10011005

400 2173 545 2203 Antonius
564 2174 660 2212 Sgarzi
686 2174 775 2203 abbas
796 2175 824 2204 S.
841 2174 1011 2212 Hieronymi
1029 2174 1064 2203 (16
1081 2175 1146 2203 Cae·

400 2230 482 2260 5600,
518 2226 600 2261 pater
633 2223 770 2253 dominus
802 2223 981 2253 Caelestinus
1015 2223 1144 2252 l‘aladini

400 2270 490 2300 abbas
511 2272 540 2301 S.
559 2272 655 2301 1060111
678 2273 713 2302 de
737 2272 870 2310 Salerno,
902 2277 984 2312 pater
1010 2272 1147 2302 dominus

402 2318 517 2348 Maurus
542 2320 690 2358 Zaccagna
714 2320 804 2350 abbas
828 2321 857 2350 S.
876 2321 1017 2360 Stephani
1042 2321 1076 2351 (16
1095 2321 1147 2351 Bo—

401 2368 501 2405 nonia,
527 2374 607 2407 pater
630 2370 765 2399 dominus
788 2371 905 2400 Maurus
921 2370 1039 2401 Troiani
1058 2370 1147 2400 abbas

402 2418 431 2445 S.
450 2417 554 2446 Mariae
577 2418 611 2448 de
634 2418 788 2458 Messapia,
813 2424 894 2459 pater
916 2420 1052 2450 dominus
1081 2420 1148 2450 Zac-

403 2466 496 2494 earias
521 2466 554 2495 de
578 2467 696 2497 Ellectis
718 2467 806 2498 abbas
828 2469 857 2499 S.
884 2469 959 2499 Petri
988 2469 1146 2499 Caelestini

403 2515 437 2543 de
460 2515 593 2554 Sipontu,
618 2521 699 2555 pater
721 2517 856 2548 dominus
881 2518 1002 2548 loannes
1019 2518 1147 2557 Baptista

402 2565 531 2595 'l'ulleoni
555 2565 643 2595 abbas
665 2566 692 2594 S.
719 2566 826 2596 ,Ἧι-0101
849 2568 882 2598 de
900 2568 1040 2603 Arimino,
1067 2573 1147 2607 patei·

983 163 1166 189 BULLARIUM
1190 163 1348 189 ROMANUM

1182 213 1317 243 dominus
1340 208 1514 244 Benedic'tus
1537 214 1622 245 Rossi
1644 214 1732 244 abhas
1754 213 1783 245 S.
1801 213 1930 245 Cathari-

1184 272 1237 291 1106
1260 263 1295 291 (16
1318 263 1497 300 Beneventi,
1522 268 1604 303 pater
1631 264 1767 294 dominus
1790 263 1931 302 Hierony-

1185 320 1249 341 mus
1271 311 1385 342 Cohicci
1409 312 1497 342 abbas
1521 313 1665 351 1111110115,
1690 313 1769 352 prior
1794 313 1855 342 Vici
1884 321 1931 342 ae-

1184 360 1304 399 quensis
1327 371 1360 391 ex
1384 362 1472 391 Brevi
1503 362 1621 401 speciali
1646 362 1758 391 Summi
1781 361 1931 391 Pontificis

1185 410 1352 448 regnantis,
1384 415 1463 447 etc.,
1496 415 1683 446 asserentes,
1724 415 1751 440 et
1785 411 1931 440 mediante

1185 458 1361 497 iuramento,
1396 464 1472 497 ete.,
1506 460 1687 489 affirmantes
1720 460 1799 499 ipsos
1831 468 1932 489 omnes

1185 507 1293 537 habere
1320 512 1417 537 votum
1443 512 1471 537 et.
1494 517 1593 537 vocem
1622 509 1651 538 in
1681 517 1780 538 eorum
1805 508 1933 548 capitulo

1185 557 1327 594 generali,
1351 557 1480 596 illudque
1512 557 1695 595 integraliter
1727 557 1821 587 valide
1843 562 1871 587 et
1892 557 1932 587 le-

1186 607 1287 644 gitime
1311 607 1505 644 constituere,
1526 611 1760 646 repraesentare,
1784 606 1932 636 nihilomi-

1187 665 1241 685 nus·
1265 665 1317 694 pro
1341 655 1490 685 vocabulis
1507 656 1633 685 infirmis
1655 660 1683 686 et
1706 655 1889 694 absentibus,
1909 653 1933 685 si

1186 705 1235 744 qui
1258 706 1332 742 sint,
1350 705 1384 735 de
1401 710 1463 734 rato
1486 705 1514 734 in
1538 706 1632 735 forma
1655 706 1878 745 promittentes,
1899 705 1935 734 li-

1186 753 1267 791 bere,
1291 759 1359 791 ete„
1386 754 1423 783 110
1448 754 1537 792 quod,
1559 759 1626 789 ete„
1657 755 1741 791 011515,
1765 758 1833 793 etc.,
1857 763 1934 784 asse-

1186 807 1283 832 rentes
1307 812 1423 841 quoque
1457 807 1485 832 et
1515 802 1621 832 similis
1644 802 1822 832 iuramenti¹
1856 803 1934 833 affir-

1186 857 1299 881 mantes
1332 852 1410 890 ipsos
1435 851 1541 881 habere
1565 852 1679 890 plenam
1704 851 1850 891 notitiam,
1873 861 1935 882 cer-

1186 904 1242 929 tam
1267 900 1421 929 scientiam
1445 904 1472 929 et
1495 900 1732 929 informationem
1762 900 1797 929 de
1825 901 1934 930 instru-

1187 952 1285 977 mento
1314 953 1414 986 rogato
1444 957 1494 987 per
1517 953 1580 978 acta
1611 949 1720 978 domini
1753 949 1932 987 Cantarelli,

1185 998 1284 1028 curiae
1313 998 1445 1037 Capitolii
1477 998 1504 1027 in
1537 998 1612 1027 alma
1638 998 1713 1028 l'rlie
1736 998 1855 1037 notarii,
1879 998 1933 1029 sub

1185 1047 1231 1076 dic
1250 1058 1266 1078 v
1290 1057 1354 1077 mox
1378 1047 1469 1086 elapsi
1492 1047 1604 1086 aprilis,
1623 1057 1679 1086 (1110
1703 1047 1849 1077 mediante
1865 1047 1935 1077 emi-

1186 1096 1376 1126 nentissimus
1400 1101 1425 1126 et
1452 1096 1715 1126 reverendissimus
1732 1096 1870 1126 dominus
1885 1096 1935 1126 do-

1185 1145 1282 1174 minns
1300 1145 1479 1175 Erant-iscus
1503 1145 1648 1175 Antonius
1672 1145 1778 1175 s.t“..E.
1802 1145 1935 1175 cardina-

1185 1194 1220 1223 lis
1243 1194 1325 1232 Finy,
1350 1194 1391 1223 uti
1414 1195 1572 1224 modernus
1601 1194 1690 1224 abbas
1719 1195 1935 1224 commendata-

1185 1243 1246 1272 rius
1269 1242 1402 1272 abbatiae
1425 1242 1453 1272 S
1475 1243 1637 1272 Clementis
1660 1243 1689 1272 in
1715 1243 1859 1281 l'iscarifz„
1877 1243 1935 1273 sita

1186 1291 1212 1320 in
1234 1291 1387 1330 provincia
1409 1291 1550 1321 Theatina
1573 1292 1683 1321 nullius
1705 1292 1858 1330 dioecesis,
1892 1292 1935 1324 vi-

1185 1350 1253 1378 gore
1286 1340 1412 1379 benigne
1445 1341 1648 1380 permissionis
1681 1345 1709 1370 et
1742 1341 1877 1371 licentiae
1903 1341 1932 1371 in

1185 1390 1279 1419 forma
1311 1390 1450 1429 specifica
1482 1390 1617 1420 obtentae
1640 1399 1654 1419 a
1677 1390 1863 1421 sanctissimo
1886 1391 1935 1421 do-

1187 1438 1265 1468 mino
1288 1443 1387 1469 nostro
1410 1439 1486 1478 Papa
1509 1439 1665 1469 Benedicto
1688 1438 1768 1477 Xlll,
1788 1440 1935 1469 concessit

1186 1486 1214 1515 in
1239 1487 1453 1526 emphyteusim
1478 1492 1648 1527 perpetuam
1672 1492 1699 1517 et
1718 1491 1860 1527 perpetuo
1882 1487 1935 1517 du-

1187 1539 1329 1574 raturam,
1354 1535 1441 1565 etiam
1475 1536 1569 1575 quoad
1605 1536 1678 1565 alios
1711 1535 1832 1566 abbates
1856 1544 1935 1565 com-

1187 1585 1382 1615 mendatarios
1396 1595 1593 1624 successores,
1609 1585 1771 1615 venerabili
1789 1590 1934 1615 monaste-

1187 1635 1230 1664 rio
1260 1640 1285 1664 et
1310 1636 1556 1669 reverendissimo
1577 1640 1656 1674 patre
1673 1635 1769 1665 abbati
1794 1644 1846 1674 pro
1865 1639 1935 1664 tem-

1188 1693 1255 1722 pore
1293 1693 1325 1713 ac
1358 1685 1527 1714 reverendis
1564 1685 1716 1714 monachis
1748 1685 1777 1713 S.
1805 1683 1934 1723 Spiritus

1187 1732 1221 1761 de
1245 1732 1381 1762 Murrone
1404 1742 1505 1762 eorum
1530 1733 1690 1762 venerabili
1711 1732 1935 1771 Congregationi

1188 1782 1216 1811 in
1241 1782 1358 1811 viciniis
1381 1782 1529 1812 Sulmonis
1558 1782 1756 1821 supradictam
1786 1781 1932 1810 abbatiam

1187 1831 1216 1860 S’.
1241 1831 1397 1861 Clementis
1420 1832 1448 1860 in
1473 1831 1600 1860 Pisearia
1630 1840 1695 1860 0001
1720 1829 1869 1860 territorio
1891 1839 1935 1859 se-

1188 1885 1287 1919 parato
1307 1885 1334 1909 et
1357 1879 1559 1910 iurisdictione
1582 1880 1642 1910 sere
1664 1879 1823 1918 episcopali
1846 1887 1935 1918 super

1188 1930 1319 1968 quinque
1355 1929 1457 1967 terris,
1491 1929 1596 1958 Alanni
1619 1937 1745 1968 nempe,
1768 1927 1933 1966 Petranici,

1188 1977 1384 2016 Castiglionis,
1407 1977 1510 2007 Turris
1532 1977 1686 2007 Passerum
1710 1981 1738 2007 et
1761 1976 1933 2015 Botognani,

1188 2031 1213 2056 et
1237 2036 1302 2056 cuin
1327 2027 1399 2061 iure,
1424 2026 1608 2066 possessione
1631 2030 1659 2055 et
1682 2025 1823 2056 exercitio
1846 2025 1934 2056 etiam

1189 2075 1402 2105 iurisdictionis
1425 2075 1537 2105 laicalis
1559 2075 1654 2105 civilis
1677 2075 1705 2104 in
1729 2075 1832 2105 eadem
1857 2075 1933 2104 terra

1198 2124 1363 2162 lolognani,
1385 2124 1615 2163 ecclesiamque,
1641 2123 1784 2163 palatium
1808 2126 1836 2152 et
1858 2122 1933 2152 bona

1190 2182 1390 2212 quaecumque
1422 2172 1550 2202 6111511601
1584 2172 1738 2209 abbatiae,
1775 2173 1834 2202 una
1866 2180 1933 2201 cum

1190 2222 1325 2251 omnibus
1349 2226 1377 2251 et
1400 2222 1524 2260 singulis
1546 2222 1606 2251 suis
1636 2221 1760 2258 iuribus,
1780 2220 1932 2258 membriS,

1191 2271 1388 2310 pertinentiis,
1406 2270 1590 2308 adiacentiis,
1609 2270 1721 2308 usibus,
1745 2269 1934 2300 commodita-

1192 2320 1280 2357 tibus,
1307 2319 1461 2358 sructibns,
1489 2320 1654 2349 redditibus
1676 2324 1704 2349 et
1731 2318 1932 2359 proventibus,

1191 2369 1364 2399 decursibus
1380 2370 1400 2408 ²,
1426 2369 1620 2409 pendentibus
1642 2375 1669 2399 et
1693 2369 1815 2399 maturis
1844 2378 1858 2398 a
1887 2369 1933 2398 die

1191 2420 1285 2459 prima
1302 2419 1426 2449 ianuarii
1451 2419 1594 2458 proximi,
1619 2419 1780 2458 privilegiis
1803 2427 1932 2458 quoque,

1190 2468 1377 2499 facultatibus
1393 2473 1420 2498 et
1439 2468 1692 2498 iurisdictionibus
1705 2467 1862 2504 universis,
1880 2475 1932 2506 pro

1228 2530 1236 2554 1
1254 2528 1296 2554 Sic
1307 2527 1350 2555 ed.
1363 2527 1399 2555 M.
1412 2536 1492 2562 quam
1507 2527 1534 2553 in
1546 2527 1673 2554 omnibus
1688 2526 1829 2553 referimus
1841 2525 1930 2559 (nm).

1225 2574 1240 2599 ⁰2
1263 2573 1352 2601 Potius·
1373 2573 1431 2608 lege
1451 2573 1547 2601 simile·
1567 2573 1734 2601 izo-amento
1754 2572 1793 2606 (11.
1816 2571 1865 2605 Τ.).

1937 164 1987 194 An.
2008 166 2036 195 C.
2053 167 2118 198 1728
