2170 3147
153 236 168 264 tea

1 238 50 267 An.
71 238 100 264 C.
119 239 127 263 1

133 237 150 264 -ι

25 1086 144 1108 clausulae.

35 1933 84 1954 Cum
100 1934 178 1960 deroga

1 1961 60 1981 torus

772 238 966 262 RENEDICTUS
992 239 1045 262 ΧΠῘ
1070 239 1117 262 FP.

190 295 360 318 numerum
379 285 540 328 promoti:
564 296 627 329 quo
647 295 723 318 vero
745 286 782 318 ad
802 286 931 319 tertium

191 343 288 382 caput
328 338 514 371 earumdem
551 338 808 377 resolutionurn,
841 338 932 371 firma

191 396 378 424 remanente
404 391 629 434 prohibitione
655 397 802 434 respectu
829 391 932 423 euius-

191 453 328 486 cumque
347 442 536 487 superioris,
556 448 588 476 et
607 443 714 476 addita
735 444 840 486 poena
862 443 932 475 nul-

192 497 293 529 litatis
338 496 549 540 professionis
567 523 574 537 ,
614 497 640 529 si
681 506 776 528 secus
817 496 931 528 factum

191 549 297 589 fuerit,
323 550 416 583 detur
449 550 581 583 facultas
608 549 750 593 capitulo
786 549 931 592 generali

191 602 382 636 admittendi
408 603 446 635 ad
473 602 618 635 habitum
643 602 787 642 donastis,
817 606 931 645 quate-

190 665 250 688 nus
264 656 417 699 expedire
432 656 607 689 censuerit:
621 666 656 688 ac
671 655 809 694 demum,
824 655 929 698 quoad

192 709 341 751 quintum
367 714 472 752 caput,
498 709 657 742 addantur
683 708 794 741 verba:
815 708 934 740 «dum-

190 761 286 795 modo
312 762 412 794 sacris
432 762 613 795 canonibus
635 772 670 794 ac
695 761 934 794 constitutioni-

191 813 250 847 bus
275 814 378 847 dictae
404 814 673 858 Congregationis
699 815 835 847 fratrum
869 825 932 847 non

192 867 256 899 sint
282 867 445 900 contraria
463 880 476 898 n
492 879 498 900 :
517 868 603 900 salva
625 872 731 900 tamen
750 877 880 910 semper
899 867 932 899 in

196 919 383 962 praemissis
415 920 606 953 auctoritate
632 926 828 954 memoratae
850 919 934 953 Con-

193 973 394 1015 gregationis
415 973 644 1006 cardinalium.

236 1026 251 1069 ἓ
282 1025 313 1058 (i.
342 1026 581 1066 Dec-eruentes,
615 1027 745 1059 easdem
777 1037 932 1070 praesen-

194 1083 243 1111 tes
276 1079 400 1111 litteras
430 1079 554 1119 firmas,
579 1080 701 1113 validas
730 1085 761 1112 ct
787 1080 933 1113 efficaces

194 1131 332 1164 existere
365 1137 397 1164 et
430 1133 512 1171 fore,
539 1143 681 1176 suosque
712 1133 878 1175 plenarios
903 1139 933 1165 et

193 1185 336 1228 integros
362 1185 495 1218 effectus
522 1186 629 1218 sortiri
653 1191 684 1218 et
708 1186 876 1225 obtinere,
896 1197 932 1218 ae

192 1237 276 1277 illis,
301 1230 339 1271 ad
376 1249 456 1281 quos
484 1244 609 1282 spectat
641 1245 672 1272 et
704 1249 762 1282 pro
788 1244 932 1282 tempore

193 1291 463 1335 quandocumque
489 1292 659 1335 spectabit,
679 1293 711 1324 in
731 1292 882 1325 omnibus
902 1299 934 1325 ct

192 1355 252 1388 per
274 1347 384 1377 omnia
409 1346 599 1388 plenissime
628 1344 817 1388 suffragari,
844 1351 875 1377 et
894 1346 932 1378 ab

193 1398 257 1430 iltis
281 1398 462 1441 respective
485 1398 718 1431 inviolabiliter
747 1398 931 1438 observari,

193 1451 307 1494 sicque
334 1451 364 1483 in
391 1452 579 1494 praemissis
619 1462 678 1495 per
710 1462 932 1494 quoscumque

192 1503 318 1536 iudices
349 1504 534 1537 ordinarios
565 1509 596 1537 et
621 1505 811 1547 delegatos,
836 1505 932 1537 etiam

192 1566 361 1589 causarum
379 1557 492 1600 palatii
517 1558 686 1601 apostolici
714 1558 880 1591 auditores
898 1569 934 1591 ac

194 1608 296 1642 dictae
327 1609 418 1642 Sedis
451 1610 588 1643 nuncios
625 1610 763 1643 iudicari
796 1616 827 1643 et
859 1611 935 1644 defi-

194 1661 256 1694 niri
292 1662 412 1695 debere
434 1690 441 1702 ,
477 1674 514 1695 ac
551 1663 676 1695 irritum
710 1670 742 1696 et
778 1663 874 1697 inane
907 1664 933 1696 si

194 1725 286 1747 secus
311 1726 410 1759 snper
435 1716 485 1748 his
510 1727 526 1748 a
548 1726 722 1759 quoquam,
748 1717 860 1760 quavis
879 1728 934 1750 au-

195 1767 347 1800 ctoritate
362 1794 369 1806 ,
391 1768 536 1801 scienter
560 1770 608 1802 rel
634 1768 836 1812 ignoranter,
859 1781 935 1803 con-

196 1821 301 1863 tigerit
329 1823 494 1855 attentari.

240 1875 255 1919 §
281 1875 310 1908 7.
338 1874 404 1908 Non
431 1876 634 1909 obstantibus
669 1877 873 1920 praemissis,
900 1888 935 1910 ac

198 1928 484 1962 constitutionibus
509 1934 540 1961 et
570 1930 831 1963 ordinationibus
859 1942 957 1974 ap0-.

199 1981 341 2028 stolicis,
367 1992 511 2021 necnon,
534 1983 641 2025 quoad
668 1993 703 2016 ea
730 1994 812 2026 quae
839 1994 934 2026 prae-

198 2035 344 2068 sentibus
369 2036 596 2075 adversantur,
624 2036 728 2069 dictae
753 2036 936 2079 Congrega-

199 2087 295 2120 tionis
322 2088 467 2128 fratrum,
495 2088 646 2131 illiusque
683 2089 933 2132 provinciarum,

197 2140 367 2173 domorum
395 2151 450 2173 seu
479 2141 700 2183 hospitalium,
726 2141 820 2173 etiam
848 2142 934 2174 iura—

197 2199 315 2233 mento,
356 2193 601 2227 confirmatione
643 2194 842 2237 apostolica,
886 2197 933 2228 vel

197 2247 308 2290 quavis
338 2246 489 2279 firmitate
514 2247 575 2279 alia
601 2247 781 2287 roboratis,
807 2248 934 2281 statutis

198 2304 230 2331 et
257 2300 558 2340 consuetudinibus,
585 2300 762 2343 privilegiis
788 2311 933 2343 quoque,
955 2327 956 2330 ,

197 2352 331 2386 indultis
356 2358 387 2385 et
411 2353 528 2386 litteris
549 2353 740 2397 apostolicis
759 2353 789 2385 in
809 2359 933 2386 contra-

197 2405 279 2438 rium
304 2405 561 2449 praemissorum
586 2406 835 2449 quomodolibet
861 2417 936 2439 con-

196 2458 314 2498 cessis,
343 2458 540 2492 confirmatis
558 2464 589 2492 et
610 2459 787 2499 innovatis;
814 2459 932 2502 quibus

196 2511 349 2544 omnibus
381 2517 412 2544 et
436 2512 594 2554 singulis,
630 2512 761 2544 illorum
803 2518 934 2544 tenores

197 2565 427 2607 praesentibus
459 2575 517 2607 pro
547 2566 643 2607 plene
677 2570 708 2597 ct
733 2563 934 2596 sufficienter

184 2617 360 2659 ¹expressis
386 2628 421 2650 ac
448 2618 486 2649 de
515 2617 616 2650 verbo
643 2617 680 2649 ad
718 2617 849 2650 verbum
886 2616 934 2648 in-

977 287 1072 319 sertis
1098 287 1273 327 habentes,
1300 287 1364 321 illis
1397 287 1476 320 alias
1513 287 1544 320 in
1584 297 1641 320 suo
1667 298 1716 320 ro-

975 339 1055 372 bore
1095 340 1338 382 permansuris,
1382 340 1421 372 ad
1460 339 1715 383 praemissorum

976 390 1145 431 eilbetum,
1185 393 1245 424 hac
1280 393 1349 425 vice
1375 393 1565 430 dumtaxat,
1592 393 1715 436 spei-‚ia-

976 443 1052 475 liter
1073 450 1104 476 et
1121 454 1276 487 expresse
1293 445 1509 487 derogamus;
1530 445 1714 488 ceterisque

977 497 1147 529 contrariis
1174 498 1446 541 quibuscumque.

1020 549 1130 582 Datum
1158 550 1402 594 Roniae,‘apud
1428 552 1459 585 S.
1490 552 1629 592 Petrum,
1655 551 1714 583 sub

977 603 1097 635 annulo
1114 603 1297 642 piscatoris,
1327 604 1379 637 die
1397 615 1426 637 1v
1451 604 1525 637 maii
1558 614 1714 643 mccxxx,

978 655 1185 698 pontificatus
1213 656 1314 689 nostri
1333 667 1418 689 anno
1444 666 1463 689 1.

1012 717 1072 743 Datv
1091 716 1133 744 die
1155 718 1166 743 Α
1189 717 1253 744 maii
1275 717 1353 751 1725,
1375 718 1469 753 pontif.
1492 726 1561 744 anno
1583 725 1601 743 1.

1298 859 1396 891 thv.

978 938 1175 971 Declaratur
1198 939 1258 981 qui
1281 939 1399 981 fratres
1424 950 1443 971 α
1465 939 1717 982 Conqreqali'one

1021 991 1055 1024 S.
1074 991 1216 1024 Sabinae
1229 992 1355 1024 dimini
1368 993 1504 1035 possint,
1525 993 1584 1034 qui
1601 993 1634 1024 in
1647 1003 1716 1035 pro-

1021 1045 1129 1076 vincici
1139 1044 1351 1077 Lombardtae
1364 1044 1498 1078 Ordinis
1509 1045 1718 1078 Praedicato-

1021 1107 1096 1129 γυνη
1120 1098 1222 1140 recipi
1246 1097 1411 1130 debeant'.

1158 1177 1338 1204 Benedictus
1361 1178 1440 1211 Papa
1459 1179 1537 1209 XIII,

1120 1221 1156 1247 ad
1172 1221 1308 1248 futuram
1328 1223 1373 1248 rei
1389 1223 1573 1249 memoriam.

1021 1292 1035 1335 ξ
1061 1291 1089 1323 i.
1107 1291 1209 1330 Alias,
1229 1292 1309 1324 sicut
1330 1293 1520 1335 accepimus,
1542 1293 1642 1326 felicis
1667 1303 1717 1326 re-

977 1345 1173 1377 cordationis
1205 1345 1413 1378 Innocentius
1439 1346 1522 1389 Papa
1548 1346 1599 1379 XII
1625 1357 1752 1390 prae-n.

977 1397 1130 1430 decessor
1162 1403 1291 1437 noster,
1319 1408 1378 1441 per
1402 1399 1559 1441 quasdam
1585 1410 1658 1431 suas
1684 1399 1715 1432 in
1726 1385 1909 1432 {¹ss212x'.-¹2-i³2'.3:i..-“.''¹

976 1450 1072 1483 simili
1094 1451 1195 1484 forma
1214 1451 1331 1490 Brevis,
1349 1452 1399 1484 die
1417 1462 1469 1485 x1v
1488 1452 1565 1484 iunii
1586 1462 1716 1486 nncxcv

977 1503 1145 1546 expeditas
1178 1504 1325 1544 litteras,
1351 1504 1497 1537 diversos
1530 1506 1560 1537 in
1594 1506 1716 1538 eisdem

977 1555 1092 1588 litteris
1125 1566 1293 1599 expressos
1325 1564 1502 1590 conventus
1532 1558 1716 1600 proxinciae

976 1609 1189 1642 Lombardiae
1212 1609 1341 1642 Ordinis
1374 1609 1506 1643 fratrum
1541 1611 1712 1643 Praedica-

978 1666 1104 1701 torum,
1131 1672 1309 1705 eorumque
1344 1663 1457 1696 fratres
1489 1668 1521 1696 et
1555 1674 1715 1706 personas

977 1726 1221 1759 quascumque,
1247 1726 1318 1748 cum
1344 1716 1494 1748 omnibus
1521 1722 1553 1749 etv
1578 1717 1716 1759 singulis

978 1769 1109 1802 illorum
1135 1769 1301 1804 membris,
1328 1769 1451 1802 iuribus
1466 1769 1714 1813 etpertinentiis

977 1821 1145 1861 universis,
1169 1821 1208 1854 ab
1230 1822 1316 1854 omni
1345 1828 1375 1854 et
1397 1832 1600 1864 quacumque
1620 1822 1715 1854 iuris—

978 1874 1119 1907 dictione
1138 1902 1144 1915 ,
1183 1875 1413 1918 superioritatc
1434 1902 1440 1913 ,
1477 1874 1682 1907 correctione
1705 1902 1711 1914 ,

979 1928 1177 1967 visitatione,
1206 1928 1379 1971 regimine,
1403 1930 1479 1961 cura
1505 1935 1535 1961 et
1556 1928 1715 1970 gubernio

978 1993 1038 2025 pro
1066 1988 1213 2024 tempore
1239 1981 1407 2015 existentis
1433 1982 1552 2025 prioris
1590 1981 1715 2024 provin-

978 2035 1068 2067 cialis
1095 2035 1239 2067 eiusdem
1266 2034 1452 2078 provinciae
1480 2039 1541 2067 tam
1573 2033 1604 2066 in
1636 2039 1715 2066 tem-

978 2087 1145 2130 poralibus
1159 2098 1253 2130 quam
1270 2087 1300 2118 in
1316 2087 1537 2130 spiritualibus
1555 2091 1714 2129 perpetuo

978 2141 1124 2181 exemit,
1152 2140 1303 2183 ipsosque
1330 2145 1509 2173 conventus
1536 2139 1567 2171 in
1600 2150 1715 2172 novam

955 2194 1269 2238 'Congregationem
1307 2195 1365 2226 sub
1403 2193 1494 2225 titulo
1518 2192 1550 2225 S.
1577 2193 1714 2226 Sabinae

978 2248 1163 2291 provinciae
1189 2247 1357 2289 utriusque
1388 2246 1598 2278 Lombardiae
1630 2246 1715 2278 eius-

979 2301 1050 2333 dem
1075 2300 1203 2333 Ordinis
1229 2300 1479 2342 nuncupandam
1496 2325 1504 2339 ,
1538 2310 1619 2342 quae
1656 2309 1715 2341 pro

1017 2407 1023 2431 l
1050 2405 1122 2431 llaec
1138 2404 1317 2437 Congregatio
1338 2406 1427 2430 erecta
1446 2403 1494 2430 fuit
1521 2403 1554 2430 ab
1583 2404 1714 2431 Innocen-

979 2449 1014 2475 tio
1035 2447 1078 2475 xlt
1100 2451 1175 2474 const
1207 2448 1271 2474 edit.
1292 2454 1410 2479 MDCxCV,
1432 2447 1475 2473 die
1495 2447 1528 2473 111,
1548 2447 1623 2480 iunii,
1651 2456 1715 2483 pon-

979 2494 1010 2519 tif
1035 2500 1070 2526 tv,
1087 2501 1155 2527 quae
1177 2493 1219 2518 bic
1239 2497 1411 2524 recensetum
1428 2496 1454 2518 et
1474 2492 1552 2518 buius
1574 2493 1714 2519 pontificis

978 2538 1084 2563 constit.
1106 2536 1170 2563 edit.
1193 2542 1334 2566 MDCCxth‚
1354 2536 1398 2562 die
1417 2537 1433 2563 5
1453 2537 1530 2568 iunii,
1560 2537 1654 2571 pontif.
1676 2544 1712 2571 tn,

978 2581 1159 2607 subiiciuntur
1179 2588 1272 2607 omues
1293 2584 1439 2607 conventus
1460 2581 1539 2607 buius
1558 2581 1713 2616 Congrega*

978 2625 1057 2652 tionis
1077 2624 1232 2660 provinciali
1254 2625 1393 2660 utriusque
1414 2624 1602 2652 Lombardiae,

1614 229 1677 263 toa
1727 239 1776 265 Λη,
1793 239 1820 265 c.
1842 239 1907 267 ¹725

1776 1305 1908 1325 Praedictum

1727 1331 1820 1357 (iungi-ng
1827 1334 1912 1351 iliniwm
