2170 3147
232 196 279 220 Αη.
301 194 327 220 c.
352 193 417 220 1:⁵28
463 184 527 218 676

231 520 259 540 lte
278 520 412 539 .tl»suliitiuui›

232 553 235 556 '
253 554 256 564 i
301 553 337 564 Fit!
391 552 411 564 il*

327 579 337 591 tt
355 552 544 591 ''¹'a1cidium
570 570 697 591 necnon
723 559 857 602 periurii
885 565 1009 592 reatum
1037 570 1168 603 quomo-

352 605 609 655 ¹'⁴⁰³¹documque
647 612 888 651 commiserint,
915 613 1037 655 quique
1073 612 1168 645 hellis

245 606 282 618 dl‘li

231 626 301 646 illatus.

324 1267 342 1279 J>
362 1271 367 1275 =

231 1292 268 1312 per
284 1288 413 1312 apostatica<

254 1316 402 1333 Oltsstlttlwnes

231 1339 323 1360 inflictis.

425 242 552 274 dicibus
580 241 817 281 satisfecerint,
845 239 944 273 sirmis
972 245 1079 273 tamen
1107 250 1168 272 ma-

425 296 587 335 nentibus,
606 294 806 337 servansque
830 294 1008 337 respective
1031 294 1068 326 iis
1086 304 1166 336 quae

424 349 508 380 circa
535 348 667 381 modum
696 353 727 379 ct
753 347 901 380 ordinem
929 347 1166 390 impertiendae

424 401 639 433 absolutionis
665 400 813 443 superius
840 400 1042 443 praescripta
1071 405 1167 440 sunt,

424 453 612 485 absolvendi
626 465 632 493 ;

469 506 482 548 ξ
509 505 562 538 93.
589 505 816 550 Quoscumque
844 506 967 546 itidem,
986 506 1040 549 qui
1067 506 1167 538 homi·

425 665 641 705 interfuerint,
658 671 689 698 et
707 666 759 708 qui
778 666 982 705 adulterium,
999 666 1166 704 incestum,

426 718 671 751 fornicationem
695 724 727 751 et
752 719 838 751 aliud
867 719 1096 761 quodcumque
1118 719 1167 751 fla-

424 772 536 813 gitium
572 771 678 804 carnis
715 772 1002 814 perpetraverint,
1041 782 1166 804 necnon

424 824 610 863 usurarios,
640 825 722 857 sacta
748 830 856 857 tamen
883 835 1050 857 usurarum
1076 825 1167 857 resti-

426 877 563 916 tutione,
592 879 630 909 ab
658 877 1050 910 excommunicationibus
1084 877 1167 910 aliis-

426 940 488 972 que
507 931 689 969 sententiis,
710 931 858 963 censuris
878 936 905 963 et
927 931 1045 973 poenis
1066 932 1167 963 eccle-

425 983 563 1015 siasticis
597 989 627 1015 et
654 984 906 1027 temporalibus,
934 995 1011 1027 quas
1037 994 1167 1027 quomo-

426 1036 551 1068 dolibet
576 1037 782 1075 inciurorint,
806 1036 948 1069 iniuncta
970 1037 1086 1079 cuique
1105 1047 1166 1079 pro

426 1089 523 1120 modo
543 1089 656 1131 culpae
671 1091 777 1132 poena
793 1089 935 1128 salutari,
953 1095 983 1122 et
1000 1089 1072 1122 aliis
1086 1100 1167 1132 quae

426 1141 464 1173 de
490 1142 558 1173 iure
593 1142 712 1174 suerint
744 1142 965 1184 iniungenda,
1003 1142 1098 1174 etiam
1134 1142 1166 1174 in

424 1199 564 1237 utroque
592 1195 660 1227 soro
686 1195 893 1235 absolvendi3

469 1248 483 1290 ἓ
502 1248 555 1280 24.
576 1249 797 1290 <Declaramus
823 1255 940 1289 tamen,
960 1260 1020 1281 nec
1042 1248 1168 1292 praedi-

426 1306 510 1333 ctum
532 1301 672 1334 iudicem
691 1302 958 1341 ecclesiasticum,
982 1312 1043 1335 nec
1061 1313 1166 1345 quam-

426 1364 565 1397 cumque
591 1355 684 1387 aliam
704 1355 957 1387 ecclesiasticam
976 1366 1165 1398 personam,

426 1407 655 1450 cuiuscumque
677 1408 804 1449 gradus,
832 1408 999 1450 dignitatis
1024 1413 1054 1441 et
1079 1418 1168 1451 prae·

427 1459 622 1492 eminentiae
644 1460 696 1500 sit,
720 1466 751 1493 et
775 1461 918 1503 quamvis
943 1461 981 1494 de
1006 1462 1106 1494 latere
1128 1461 1168 1493 le·

426 1519 517 1554 gatus
534 1512 658 1552 existat,
681 1513 826 1556 potuisse
841 1520 894 1546 aut
907 1525 1005 1557 posse
1026 1514 1165 1557 aliquem

427 1567 592 1599 absolvere
625 1577 641 1598 a
673 1566 819 1599 censuris
844 1567 1073 1600 ecclesiasticis
1109 1578 1167 1611 per

426 1620 623 1662 apostolicas
649 1619 899 1653 constitutiones
924 1620 1070 1661 inflictis,
1093 1632 1167 1665 qua-

426 1682 494 1705 rum
520 1673 681 1705 absolutio
702 1673 762 1705 soli
785 1673 932 1706 Romano
953 1673 1099 1706 Pontifici
1121 1685 1167 1707 re-

425 1731 582 1758 servatur.
610 1726 646 1758 Et
672 1726 746 1758 licet
774 1727 839 1759 hoc
870 1727 978 1770 ipsum
1013 1728 1167 1770 procedat

427 1780 521 1812 etiam
549 1780 654 1823 quoad
681 1780 759 1813 illud
794 1790 895 1823 genus
925 1781 1164 1821 absolutionis,

426 1834 512 1876 quod
539 1845 610 1865 cum
638 1833 870 1874 reincidentia‚
897 1840 928 1867 et
953 1835 991 1867 ad
1017 1834 1165 1867 etl'cctum

426 1887 541 1929 agendi
566 1892 698 1927 tantum,
718 1892 773 1919 aut
791 1887 829 1920 ad
850 1889 1007 1920 cautelam
1035 1888 1163 1928 dicitur,

426 1946 457 1972 et
483 1941 588 1983 quoad
622 1941 841 1983 cognitionem
878 1952 916 1973 an
950 1941 1165 1974 declaratoria

426 2003 637 2025 censurarum
665 1993 905 2036 praedictarum
930 1994 1035 2026 valida
1070 1994 1166 2026 suerit

425 2052 480 2078 aut
505 2048 593 2079 nulla
611 2074 618 2086 ‚
645 2047 728 2079 iusta
753 2048 801 2079 vel
828 2047 947 2080 iniusta
974 2047 1058 2089 (cum
1085 2048 1166 2079 hacc

425 2110 554 2142 quoquc
570 2100 677 2133 omnia
693 2101 836 2133 Romano
851 2100 997 2133 Pontifici
1012 2111 1072 2144 pro
1091 2106 1166 2133 tem-

425 2163 502 2196 pore
526 2153 675 2186 existenti
702 2160 733 2186 et
757 2154 1006 2197 Congregationi
1024 2154 1053 2186 S.
1072 2154 1106 2186 R.
1128 2154 1162 2186 E.

425 2207 635 2239 cardinalium
679 2207 887 2240 immunitatis
928 2208 1164 2241 ecclesiasticae

426 2265 457 2290 et
481 2261 712 2293 controversiis
738 2260 1051 2294 iurisdictionalibus
1077 2272 1165 2305 prae—

424 2313 562 2353 positae,
583 2313 621 2345 ad
643 2313 670 2345 id
691 2324 707 2345 a
725 2313 806 2345 Sede
834 2313 1021 2356 Apostolica
1046 2314 1164 2357 specia-

425 2364 499 2395 liter
525 2365 710 2407 deputatae,
733 2366 888 2408 privative
913 2367 1022 2410 quoad
1049 2378 1162 2400 omncs

426 2416 505 2448 alios
524 2419 618 2449 ctiam
638 2418 676 2450 de
699 2419 798 2452 latere
819 2420 953 2462 legatos,
974 2421 1161 2464 competat),

426 2470 557 2501 attentis
584 2470 796 2504 nihilominus
817 2472 1011 2515 specialibus
1032 2474 1164 2506 circum-

426 2522 552 2554 stantiis
595 2524 735 2556 animum
761 2531 905 2557 nostrum
937 2527 1161 2566 moventibus,

426 2577 628 2610 declaramus
664 2578 748 2620 quod
782 2579 945 2621 praefatus
980 2579 1075 2613 iudex
1111 2590 1162 2614 cc-

1006 190 1188 216 BULLARIUM
1212 189 1369 215 ROMANUM

1212 239 1412 272 clesiasticus
1431 268 1437 280 ‚
1466 245 1624 284 tamquam
1662 251 1679 273 a
1715 239 1881 273 carissimo
1918 240 1951 272 in

1211 293 1339 326 Christo
1370 293 1436 326 filio
1474 299 1585 327 nostro
1617 293 1731 327 Carolo
1763 293 1799 326 Vt
1824 293 1951 326 Siciliae

1212 348 1294 379 ultra
1316 347 1456 379 Pharum
1475 357 1563 389 rege,
1585 347 1718 390 eiusque
1736 347 1768 379 in
1786 352 1952 390 posterum

1212 401 1463 439 successoribus,
1485 406 1517 432 ut
1537 411 1642 443 supra,
1662 400 1836 443 deputatus
1851 405 1882 432 et
1898 400 1952 432 de-

1212 455 1348 497 legatus,
1375 455 1510 487 servatis
1536 455 1575 487 dc
1603 454 1671 486 iure
1696 454 1862 486 servandis
1879 480 1886 494 ,
1920 458 1952 486 et

1211 507 1288 539 citra
1316 518 1556 550 quemcumque
1589 507 1744 547 abusum,
1772 505 1951 539 concedere

1211 560 1313 604 possit
1338 560 1582 592 recurrentibus
1608 570 1624 591 a
1646 558 1843 602 gravamine,
1864 558 1950 601 quod

1212 613 1241 645 in
1270 613 1483 646 declaratoria
1509 622 1719 645 censurarum
1752 611 1827 644 Sedi
1859 611 1948 655 Apo-

1211 666 1347 699 stolicae
1374 671 1610 698 reservatarum
1644 665 1703 698 sibi
1729 665 1853 698 illatum
1879 675 1951 697 esse

1211 719 1516 757 demonstraverint,
1535 718 1755 751 absolutiones
1777 728 1850 750 cum
1866 717 1953 750 rein-

1211 771 1361 810 cidcutia,
1388 771 1427 803 ad
1454 771 1602 803 effectum
1628 770 1744 813 agendi
1770 775 1901 810 tantum,
1921 775 1953 803 et

1212 824 1307 856 etiam
1330 824 1368 856 ad
1389 825 1561 862 cautelam,
1580 834 1707 856 necnon
1727 823 1951 866 cognitionem

1211 888 1375 910 assumere
1416 888 1453 909 au
1496 877 1680 920 praedictae
1718 876 1951 910 declaratoriae

1211 941 1444 970 censurarum,
1473 930 1546 963 Sedi
1573 930 1779 973 Apostolicae
1810 939 1952 962 reserva-

1212 989 1337 1023 tarum‚
1364 985 1590 1026 promulgatae
1626 983 1665 1016 ab
1701 983 1866 1026 episcopis
1898 987 1953 1015 aut

1211 1037 1467 1080 archiepiscopis
1493 1037 1586 1079 regni
1612 1036 1740 1069 Siciliae
1764 1037 1849 1075 ultra
1869 1035 1952 1068 Pha-

1211 1100 1300 1129 rum,
1325 1090 1443 1122 suerint
1467 1089 1590 1123 validae
1616 1095 1668 1121 aut
1693 1089 1821 1128 nullae,
1848 1089 1950 1121 iustae

1211 1145 1259 1176 vel
1281 1143 1439 1183 iniustae;
1464 1143 1506 1175 ita
1525 1149 1643 1183 tamen,
1662 1148 1705 1183 ut,
1723 1143 1748 1175 si
1767 1142 1867 1175 solius
1886 1142 1952 1189 nul-

1211 1196 1311 1229 litatis
1337 1196 1414 1229 vitio
1439 1197 1590 1229 laborare
1623 1195 1856 1238 cognoverint,
1882 1193 1951 1238 epi-

1211 1260 1310 1292 scopo
1331 1251 1382 1282 vel
1408 1249 1678 1292 archiepiscopo,
1698 1249 1753 1292 qui
1779 1248 1817 1281 ad
1839 1258 1951 1282 earum

1211 1303 1464 1336 declarationem
1499 1302 1677 1345 respective
1706 1301 1950 1345 processerint,

1210 1356 1352 1395 mandet,
1370 1360 1404 1387 ut
1424 1366 1461 1388 ex
1484 1355 1612 1397 integro
1637 1354 1826 1398 procedant,
1846 1364 1952 1387 reser-

1210 1411 1278 1441 vata
1303 1414 1376 1452 post
1401 1419 1516 1441 novam
1546 1408 1797 1441 declaratoriam
1824 1408 1951 1441 absolu-

1211 1461 1297 1494 tione
1320 1461 1467 1505 plenaria
1491 1461 1564 1494 Sodi
1583 1461 1809 1505 Apostolicae;
1829 1466 1861 1494 et
1874 1471 1951 1504 qna-

1211 1519 1302 1546 tenus
1328 1514 1484 1547 nullitalis
1509 1519 1539 1547 et
1563 1514 1742 1547 iniustitiae
1773 1514 1822 1546 vel
1850 1513 1950 1546 solius

1210 1568 1387 1601 iniustitiae
1404 1567 1481 1600 vitio
1500 1568 1650 1601 laborare
1676 1566 1875 1610 cognoverit,
1897 1566 1951 1599 de-

1209 1622 1310 1654 claret
1333 1627 1539 1654 recurrentes
1565 1631 1629 1654 non
1655 1621 1846 1660 incurrisse3
1869 1622 1900 1653 et
1923 1619 1950 1651 si

1209 1674 1455 1707 declaratoriam
1480 1674 1595 1707 iustam
1622 1685 1693 1707 csse
1719 1672 1950 1717 deprehende-

1210 1726 1260 1766 rit,
1283 1733 1487 1760 recurrentes
1508 1737 1566 1770 pro
1588 1726 1794 1759 absolutione
1812 1726 1850 1759 ad
1869 1736 1951 1759 eam-

1209 1781 1279 1813 dem
1298 1781 1413 1814 Sedem
1437 1781 1657 1824 Apostolicam
1681 1780 1835 1813 remittat.
1859 1779 1950 1818 Quod

1208 1835 1232 1867 si
1255 1834 1419 1877 praefatus
1439 1835 1531 1866 iudex
1555 1834 1724 1877 delegatus
1751 1833 1819 1876 ipse
1838 1833 1949 1873 suerit,

1209 1888 1263 1931 qui
1281 1888 1318 1920 ad
1342 1888 1574 1920 declaratorias
1600 1886 1807 1930 processerit,
1828 1891 1860 1919 et
1880 1896 1951 1919 cen·

1209 1947 1336 1974 suratus
1356 1952 1388 1974 sc
1407 1947 1572 1984 gravatum
1592 1940 1688 1974 fuisse
1714 1939 1950 1984 praetenderit,

1208 2001 1262 2027 aut
1286 2005 1321 2028 ex
1349 1994 1453 2037 capite
1472 1995 1640 2034 nullitatis,
1660 1998 1714 2027 aut
1738 1993 1895 2026 nullitatis
1919 1997 1951 2026 et

1209 2047 1392 2086 iniustitiae,
1415 2052 1468 2079 aut
1489 2047 1589 2080 solius
1608 2051 1732 2079 tantum
1752 2046 1948 2086 iniustitiae,

1209 2107 1284 2133 tuuc
1301 2112 1336 2134 ea
1355 2102 1579 2140 obseiveutur‚
1602 2111 1684 2143 quae
1708 2111 1806 2143 supra
1830 2103 1951 2132 statuta

1209 2156 1338 2188 suerunt
1369 2155 1398 2187 iu
1434 2165 1505 2186 casu
1545 2164 1609 2197 quo
1643 2153 1715 2197 quis
1747 2164 1763 2186 a
1788 2152 1950 2186 sententia

1208 2214 1262 2241 aut
1283 2208 1321 2241 ab
1340 2208 1402 2241 alio
1422 2218 1628 2251 quocumque
1648 2207 1778 2240 decreto
1805 2206 1950 2240 eiusdem

1208 2261 1322 2294 iudicis
1348 2271 1382 2293 se
1409 2266 1574 2303 gravatum
1600 2259 1757 2292 senserit:
1783 2269 1949 2303 novusque

1207 2314 1303 2346 iudex
1323 2313 1560 2347 ecclesiasticus
1577 2323 1614 2345 ea
1632 2312 1740 2345 omnia
1758 2321 1889 2345 servare
1903 2317 1950 2345 te-

1208 2373 1330 2406 neatur,
1350 2377 1431 2410 quae
1458 2366 1553 2399 iudex
1579 2366 1650 2409 ipse
1669 2366 1845 2408 delegatus,
1860 2365 1949 2398 iuxta

1207 2430 1243 2452 ea
1278 2430 1360 2462 quae
1394 2420 1492 2451 modo
1519 2419 1602 2451 dicta
1627 2424 1721 2459 sunt,
1748 2428 1877 2452 servare
1903 2422 1950 2451 te-

1207 2471 1339 2505 neatur*
1358 2473 1391 2505 in
1415 2483 1488 2505 casu
1516 2482 1667 2505 recursus
1687 2472 1723 2504 ad
1746 2472 1853 2515 ipsum
1874 2471 1948 2504 sacti

1207 2536 1223 2557 a
1248 2526 1337 2557 nulla
1362 2527 1411 2558 vel
1437 2525 1559 2557 iniusta
1591 2524 1805 2558 declaratoria
1839 2534 1947 2557 censu-

1241 2588 1252 2614 ’1
1277 2588 1371 2622 Aptius
1391 2588 1450 2622 lege
1471 2590 1583 2616 tenetur
1602 2588 1640 2621 (u.
1654 2588 1702 2622 ¹r).

1956 191 2007 219 An.
2027 191 2057 220 G.
2073 193 2138 226 ⁴728
