2170 3147
207 202 256 228 Αιι.
278 201 306 228 c,
331 202 396 228 t7et
443 192 485 225 flu

985 201 1164 225 nerianum

403 251 572 283 commoda
598 250 783 283 valetudine
802 260 890 289 usus,
910 249 1010 293 pedes
1033 249 1142 289 obivit,

403 313 475 336 cum
511 303 708 346 amplissima
745 303 897 335 facultate
931 301 1142 335 commissarii

403 356 566 398 generalis
592 355 698 389 officio
733 355 820 397 fungi
847 355 1034 396 mandavit,
1061 366 1142 399 quae

402 410 512 442 omnia
537 420 654 452 magno
673 409 720 443 rei
739 409 939 443 christianae
961 410 1047 443 bono
1073 420 1144 453 per-

403 467 472 495 acta
504 468 587 496 sunt.
621 463 795 506 Postquam
829 473 906 496 vero
940 462 1088 496 Carolum
1121 463 1143 494 V

402 516 517 549 morbo
554 517 762 560 languentem
803 516 1048 550 misericordiae
1088 516 1141 549 Dei

402 569 713 602 commemoratione
729 569 892 609 erexisset,
908 575 939 602 et
954 569 1142 602 defunctum

403 622 528 654 funebri
544 632 693 654 sermone
713 622 883 663 laudasset,
903 633 979 655 suae
1001 622 1144 655 volunta-

404 675 451 714 tis,
464 686 558 719 quam
569 680 670 708 ratam
687 675 799 708 baberi
815 676 921 716 vellet,
933 675 1143 719 exequendae

402 728 566 771 supremis
589 728 707 760 tabulis
724 738 792 772 per
817 739 890 761 eum
909 728 1107 769 nominatus,
1127 739 1143 761 a

403 781 601 814 recolendae
635 781 810 814 memoriae
844 787 1054 816 antecessore
1085 792 1143 815 no-

401 840 470 867 stro
489 834 543 867 rio
562 834 647 879 Papa
665 834 700 867 tv
720 835 852 868 Romam
868 835 1053 876 advocatur,
1074 835 1139 874 ubi,

401 886 570 920 Societatis
608 887 798 931 praeposito
842 888 989 931 generali
1027 888 1142 921 Iacobo
1164 905 1165 909 =

402 939 523 982 Lagnio
560 940 598 973 ad
637 940 861 974 Tridentinum
888 940 1069 974 Concilium
1094 941 1141 974 irc

402 993 501 1033 iusso,
521 993 630 1026 vicarii
647 994 809 1036 generalis
830 1005 948 1027 munus
966 994 1141 1028 Franciseo

401 1046 593 1090 imponitur.
621 1046 704 1088 Mox,
728 1047 846 1080 Iacobo
877 1048 915 1080 ad
941 1047 1060 1080 Urbem
1086 1058 1143 1081 re—

401 1100 679 1139 verso,assistens
706 1111 764 1144 pro
791 1100 944 1144 Hispania
970 1106 1002 1134 et
1019 1101 1142 1134 Lusita-

405 1153 458 1186 nia
477 1154 621 1197 eligitur.
638 1154 766 1195 Postea,
783 1154 905 1197 Lagnio
927 1165 943 1188 e
968 1155 1047 1188 vivis
1069 1155 1143 1188 sub-

402 1207 487 1247 lato,
517 1207 634 1240 iterum
660 1207 797 1240 vicarius
827 1209 1007 1251 generalis,
1032 1214 1062 1241 et
1087 1209 1143 1241 de-

401 1270 487 1292 mum
516 1260 610 1293 totius
632 1260 762 1294 Ordinis
788 1262 1006 1306 praepositus,
1026 1263 1144 1304 magna

401 1313 629 1357 suffragiorum
649 1314 877 1356 consensione,
892 1315 1011 1348 invitus
1029 1326 1143 1348 renun-

402 1368 513 1400 ciatur.
541 1367 608 1406 Quo
642 1367 673 1400 in
705 1378 839 1401 munere
873 1368 1067 1402 Societatem
1095 1379 1144 1402 se-

401 1420 537 1463 ptennio
563 1421 766 1454 sanctissime
793 1421 894 1462 rexit,
924 1421 1023 1465 inque
1050 1423 1167 1455 obse-¹

403 1473 487 1517 quiis
514 1474 719 1518 Apostolicae
753 1474 845 1508 Sedis
880 1475 961 1509 vitae
987 1486 1140 1516 cursum,

403 1528 488 1570 quod
515 1529 653 1561 maxime
679 1533 863 1573 optaverat,
895 1530 1141 1563 consummavit.

402 1581 476 1614 Pius
503 1582 589 1615 enim
620 1582 704 1626 Papa
729 1582 750 1614 V
776 1583 974 1616 cardinalem
1001 1584 1142 1616 Alexan—

403 1634 532 1668 drinum
566 1635 597 1668 in
634 1636 843 1679 Hispaniam,
882 1636 1081 1669 Lusitaniam
1113 1643 1168 1670 et=

403 1688 538 1722 Galliam
564 1700 623 1733 pro
646 1700 679 1722 re
705 1689 885 1723 christiana
902 1691 1022 1723 tuenda
1040 1691 1078 1723 ad
1097 1702 1145 1723 sa-

403 1752 495 1775 crum
521 1743 634 1776 foedus
672 1744 705 1776 in
739 1743 857 1776 Tureas
894 1744 1144 1787 percutiendum

403 1795 545 1836 mittens,
564 1796 778 1830 consiliorum
798 1798 826 1830 ei
849 1797 1000 1830 comitem
1029 1803 1060 1830 ct
1076 1808 1145 1841 par·

405 1848 534 1891 ticipem
562 1849 767 1882 Franciscum
801 1851 935 1894 adiungi
968 1851 1089 1890 voluit,
1115 1857 1146 1883 et

403 1902 550 1935 Pontifici
578 1902 700 1935 iubenti
720 1903 766 1935 vir
787 1903 872 1946 pius,
893 1905 1038 1947 quamvis
1056 1905 1145 1937 labo-

404 1955 493 1989 ribus
520 1957 716 2000 asperrimis,
744 1957 955 2000 poenitentiis
975 1963 1006 1990 et
1026 1958 1147 1991 morbis

404 2019 507 2053 prope
535 2010 722 2049 consectus,
751 2010 900 2043 alacriter
936 2011 1054 2053 paruit.
1084 2011 1130 2043 no

404 2071 489 2093 mam
505 2061 615 2100 redux,
633 2061 734 2093 oeulis
754 2066 785 2093 et
803 2061 951 2093 manibus
970 2061 1001 2093 in
1020 2063 1145 2094 caelum

405 2112 552 2153 sublatis,
573 2115 676 2146 laetus
701 2114 904 2146 exclamavit:
923 2113 1018 2146 Nunc
1039 2113 1146 2146 dimit

406 2166 446 2197 tis
470 2176 598 2198 servum
625 2170 728 2203 tumn,
757 2165 904 2199 Domine.
924 2166 993 2199 Mox
1011 2166 1144 2199 biduum

405 2231 421 2252 a
448 2220 552 2252 reditu
578 2221 674 2261 long-a
700 2220 943 2262 aegrotatione,
969 2220 1145 2264 multisque

405 2274 623 2306 incommodis
650 2274 785 2313 fractus,
814 2284 894 2316 quae
922 2280 1026 2307 tamen
1054 2274 1145 2307 illum

404 2326 565 2369 in‘ipetlire
593 2337 655 2359 non
683 2332 859 2369 potuerunt
895 2327 972 2370 quin
1010 2328 1144 2360 Romam

405 2381 443 2413 ad
470 2391 658 2423 supremum
680 2386 709 2412 et
731 2381 792 2413 iam
819 2381 1042 2413 imminentem
1060 2392 1145 2413 mor-

405 2434 477 2467 talis
495 2435 575 2466 vitae
593 2445 668 2466 suae
689 2435 860 2467 terminum
888 2435 1061 2473 festinaret,
1078 2446 1145 2467 sus-

404 2488 506 2530 ceptis
532 2487 692 2530 praesenti
721 2487 828 2519 animo
862 2493 891 2520 et
924 2490 1049 2520 sumnia
1074 2489 1166 2531 reliq

404 2540 499 2583 gione
525 2540 687 2573 Ecclesiae
713 2541 934 2580 sacramentis,
955 2551 991 2573 ac
1016 2542 1166 2584 pontiti-.

404 2594 452 2627 cia
477 2594 624 2637 Gregorii
651 2593 716 2626 Xlll
736 2594 837 2626 felicis
859 2594 1036 2627 memoriae
1055 2600 1142 2626 ante-

1192 202 1347 226 nonauen

1188 250 1327 283 cessoris
1342 250 1443 283 nostri
1455 250 1684 284 benedictione
1700 250 1853 290 munitus,
1864 249 1928 293 ple-

1187 313 1248 335 nus
1272 302 1424 336 virtutum
1451 308 1484 337 et
1507 304 1711 344 meritorum,
1733 304 1816 337 inter
1835 303 1928 336 soda-

1187 355 1263 388 lium
1290 357 1469 400 amplexus,
1483 357 1662 400 piissimam
1679 357 1818 390 animam
1836 357 1926 390 caelo

1187 410 1340 451 reddidit,
1366 421 1451 444 anuo
1483 411 1601 445 Christi
1627 411 1755 444 Domini
1779 421 1924 449 MDLxxu,

1187 463 1334 497 kalendis
1359 464 1562 497 octobribus.
1581 464 1637 497 Dei
1663 475 1771 498 servus
1790 475 1807 497 a
1825 464 1927 497 beatis

1187 521 1218 550 et
1235 517 1478 561 spectatissimis
1494 518 1570 551 viris
1587 518 1711 561 Ignatio
1725 518 1854 561 Loyola,
1871 518 1927 550 Pio

1187 571 1272 614 Papa
1298 572 1340 611 V,
1364 571 1478 605 Carolo
1516 572 1728 612 Borromaeo,
1752 572 1927 605 Francisco

1186 623 1309 658 Salcsio
1325 651 1332 664 ,
1357 627 1448 658 sacra
1472 624 1595 668 virgine
1622 625 1776 658 'l'lieresia
1800 635 1818 658 a
1841 625 1926 664 Iesu,

1186 677 1322 720 aliisque
1356 678 1587 721 quamplurimi
1628 678 1751 718 sactus,
1776 688 1927 721 magnam

1186 730 1305 773 ubique
1332 730 1458 764 virtutis
1484 736 1515 765 et
1539 731 1719 765 sanctitatis
1738 731 1853 765 samam
1878 741 1930 764 re-

1186 783 1294 827 liquit.

1230 837 1244 880 §
1270 837 1301 871 3.
1329 837 1482 872 Miracula
1508 839 1605 872 etiam
1631 839 1731 872 multa
1756 839 1927 872 subsecuta

1932 201 1981 227 An.
2002 200 2031 227 C.
2056 200 2123 228 ¹724

1950 845 1979 866 At·
1987 845 2072 866 Urbano
2080 846 2126 867 Vlll

1941 873 2053 893 Beatus-um
2069 874 2124 893 ortlu-

1185 896 1273 930 sunt‚
1301 902 1394 935 quae,
1413 893 1568 936 precibus
1593 892 1828 927 accedentibus
1856 893 1960 929 Phi-m
2002 900 2124 927 adwimu*

1186 944 1267 988 lippi
1295 945 1332 977 lIl
1351 945 1580 989 Hispaniarum
1610 947 1698 989 regis
1725 946 1875 979 catholici
1899 950 1930 978 et

1186 1007 1379 1039 magnorum
1414 998 1598 1041 praesulum
1624 1004 1719 1042 atque
1745 998 1928 1032 academia-

1186 1061 1259 1083 rum
1290 1052 1475 1095 Hispaniae,
1503 1052 1636 1085 Paulum
1661 1052 1779 1095 Papam
1805 1052 1828 1084 V
1853 1063 1928 1096 per-

1187 1110 1369 1145 moverunt,
1395 1110 1440 1145 ut,
1465 1105 1506 1138 ob
1537 1111 1659 1139 tantum
1692 1106 1747 1139 Dei
1774 1106 1928 1139 famulum

1186 1158 1218 1190 in
1237 1163 1422 1191 sanctorum
1440 1169 1599 1192 canonem
1615 1159 1931 1200 1‘eserendum‚sum-

1187 1221 1311 1244 marum
1337 1212 1405 1244 eius
1431 1211 1586 1246 virtutum
1612 1217 1643 1245 et
1667 1212 1858 1245 eorumdem
1878 1212 1932 1245 mi-

1187 1266 1375 1298 raculorum
1409 1276 1545 1299 examen
1581 1266 1641 1299 rite
1678 1266 1800 1299 institui
1833 1277 1930 1310 posse

1187 1319 1397 1352 concederet.
1421 1318 1490 1357 Quo
1515 1319 1674 1359 absoluto,
1700 1319 1850 1353 Urbanus
1867 1320 1930 1352 Vlll

1189 1382 1261 1404 eum
1281 1372 1453 1404 Beatorum
1471 1372 1576 1405 ordini
1598 1372 1849 1406 adscribendum
1863 1383 1932 1406 san-

1188 1424 1273 1464 civit,
1293 1425 1428 1467 largitus
1446 1435 1575 1468 quoque
1597 1431 1632 1457 ut
1646 1425 1685 1458 de
1705 1425 1762 1458 illo
1781 1424 1930 1458 missam'

1189 1482 1221 1510 et
1245 1477 1387 1510 officium
1412 1488 1526 1511 omnes
1559 1477 1729 1511 Societatis
1762 1477 1832 1510 Iesu
1858 1477 1931 1510 reli-

1189 1530 1271 1573 giosi
1306 1530 1426 1573 ubique
1453 1532 1590 1564 recitare
1617 1536 1770 1574 possent,
1796 1541 1833 1564 ac
1856 1541 1929 1563 mox

1189 1583 1266 1616 utin
1283 1594 1393 1616 eorum
1410 1584 1559 1617 ecclesiis
1575 1584 1659 1617 illem
1675 1584 1826 1617 omnibus
1845 1594 1933 1627 pres-

1189 1635 1310 1680 byteris
1336 1646 1433 1680 agere
1460 1637 1587 1669 liceret.
1615 1636 1747 1669 Interim
1777 1636 1835 1669 sub
1860 1636 1931 1669 aliis

1191 1690 1327 1733 inclytae
1345 1690 1519 1723 memoriae
1532 1690 1797 1723 antecessoribus
1811 1689 1931 1723 nostris

1189 1742 1382 1776 innocentio
1404 1743 1437 1783 X,
1458 1743 1644 1776 Alexandro
1663 1742 1714 1776 VH
1734 1748 1766 1776 et
1782 1743 1932 1777 Clemen-

1191 1802 1219 1829 te
1244 1796 1282 1829 lx
1317 1796 1409 1840 signa
1433 1802 1507 1838 post
1531 1796 1695 1829 Francisei
1718 1795 1933 1829 beatificatio-

1190 1860 1261 1882 nem
1288 1854 1414 1893 patrata
1446 1850 1476 1882 in
1503 1860 1636 1883 examen
1665 1860 1701 1882 ex
1727 1849 1932 1882 constitutio-

1190 1903 1284 1935 nibus
1303 1903 1488 1946 apostolicis
1509 1903 1645 1936 adducta
1663 1908 1694 1935 et
1712 1903 1931 1945 undequaque

1189 1956 1325 1999 probata
1350 1960 1436 1988 sunt.
1465 1956 1635 1988 Decretum
1662 1962 1768 1988 tamen
1804 1955 1842 1988 de
1875 1954 1931 1988 illo

1191 2009 1220 2041 iu
1247 2014 1434 2041 sanctorum
1469 2008 1593 2041 tabulas
1618 2009 1816 2049 referendo,
1843 2008 1930 2052 quod

1189 2062 1339 2095 Clemens
1365 2062 1400 2094 IX
1430 2068 1535 2094 morte
1573 2067 1768 2105 praereptus
1798 2061 1931 2103 vulgare

1190 2125 1254 2147 non
1281 2120 1443 2157 potuerat,
1466 2114 1534 2147 eius
1557 2124 1726 2148 successor
1743 2113 1889 2147 Clemens
1907 2113 1931 2145 X

1188 2168 1249 2200 rite
1266 2168 1418 2210 vulgavit,
1437 2168 1648 2201 exorantibus
1660 2167 1794 2200 illustris
1811 2176 1934 2200 memo-

1188 2221 1253 2253 riae
1280 2221 1448 2264 Leopoldo
1467 2222 1570 2254 electo
1589 2221 1811 2254 Romanorum
1830 2220 1933 2264 impe-

1188 2279 1294 2308 ratore
1324 2285 1397 2306 cnm
1423 2274 1561 2317 coniuge
1587 2275 1741 2317 Augusta,
1768 2272 1883 2307 Carolo
1907 2273 1932 2305 H

1188 2326 1418 2370 Hispaniarum
1445 2337 1519 2369 rege
1546 2326 1720 2366 catholieo,
1737 2326 1875 2369 aliisque
1893 2325 1932 2358 vi·

1187 2381 1230 2413 ris
1247 2381 1450 2424 principibus
1469 2380 1694 2414 ecclesiasticis
1714 2385 1745 2413 et
1759 2379 1932 2412 saeculari-

1187 2434 1258 2466 bus.
1276 2433 1377 2472 Quare
1397 2434 1481 2466 idem
1497 2433 1646 2466 Clemens
1664 2433 1700 2472 X,
1718 2432 1816 2475 gestis
1830 2432 1932 2465 omni-

1188 2487 1248 2519 bus
1275 2488 1308 2519 B.
1337 2487 1501 2519 Francisci
1538 2487 1576 2519 de
1603 2487 1704 2519 veteri
1730 2496 1821 2519 more
1848 2487 1931 2530 Apo-

1188 2540 1321 2572 stolicae
1348 2540 1440 2572 Sedis
1467 2540 1499 2572 in
1527 2539 1627 2571 tribus
1654 2539 1858 2572 consistoriis
1877 2549 1930 2572 co-

1223 2604 1233 2629 1
1258 2601 1329 2629 Edit.
1352 2602 1436 2629 Mam,
1458 2602 1521 2636 legit
1543 2602 1632 2629 missa
1651 2603 1690 2637 (u.
1712 2602 1761 2637 T.).

1941 927 1986 947 tuit.

1969 2437 1994 2458 Et
2007 2443 2018 2458 a
2030 2437 2125 2459 Claman-

1943 2467 1962 2485 ω
1976 2465 1992 2485 Χ
2008 2466 2027 2485 iu
2043 2467 2124 2485 saneto-

1943 2498 1987 2512 rum
2024 2495 2125 2512 canonem

1943 2518 2028 2540 retatus.
