2170 3147
0 236 37 260 ln.
55 231 84 258 C.
108 230 173 257 ¹722

355 278 534 306 Benedictus
554 278 740 313 Episcopus,

369 330 478 350 servus
499 330 655 350 servorum
675 322 738 356 Dei,

299 366 336 393 ad
355 369 530 400 perpetuam
549 366 595 393 rei
616 366 802 393 memoriam.

16 449 137 471 smmum.
226 435 362 469 Romani
388 434 555 468 Pontificis
581 429 814 477 circumspecta
838 432 917 474 vigi-

182 488 293 528 lautia,
312 498 348 520 ea
373 498 455 531 quae
481 486 578 520 certis
600 486 697 519 etiam
720 492 751 518 et
776 485 917 517 rationa-

181 541 302 574 bilibus
317 551 354 574 ex
369 540 475 574 causis
490 551 507 573 a
521 538 832 583 praedecessoribus
850 537 916 570 suis

182 594 258 627 olim
282 593 419 637 provide
444 592 567 626 sancita
591 592 738 631 suerunt,
763 590 819 622 ubi
854 590 917 623 dis-

182 647 272 680 sidiis
287 651 318 679 et
329 645 605 685 contentionibus,
620 644 811 688 praesertim
832 643 917 675 inter

183 709 238 732 eos
263 698 316 742 qui
348 697 477 731 sublimi
514 697 732 730 cardinalatus
759 695 915 739 dignitate

183 751 215 783 in
241 753 350 784 saneta
375 750 429 783 Dei
456 750 602 783 Ecclesia
627 749 844 793 praefulgent,
863 747 917 780 aii-

182 804 273 847 isque
293 805 428 847 insuper
446 802 652 846 gravioribus
666 802 758 835 malis
775 800 918 834 occasio-

183 867 257 889 nem
285 856 428 888 tribuere
451 855 696 898 dignoscuntur,
722 854 791 898 ipsa
808 864 916 887 rerum

184 907 383 952 experientia
407 907 579 947 suadente,
598 917 832 950 nonnunquam
848 917 917 940 mo-

183 961 317 994 deratur
341 971 377 993 ac
402 961 560 1000 immutat,
585 965 616 993 et
633 960 670 993 ad
690 960 862 1003 aequitatis
882 970 917 992 ac

183 1013 321 1046 iustitiae
348 1023 491 1046 normam
517 1012 655 1055 redigit,
675 1018 724 1052 ut,
747 1012 881 1045 sublatis
901 1023 916 1045 e

184 1065 292 1098 medio
326 1065 430 1098 litium
455 1066 678 1108 malorumque
715 1065 914 1105 seminibus,

184 1118 327 1152 fraterna
343 1118 485 1150 charitas
503 1123 600 1161 atque
614 1118 801 1158 concordia,
821 1128 917 1161 quam

184 1172 269 1204 inter
293 1172 425 1204 eosdem
451 1171 630 1204 cardinales
656 1171 792 1204 maxime
810 1171 917 1213 vigere

185 1224 300 1264 decet,
326 1224 480 1256 inviolata
516 1228 683 1263 servetur,
720 1228 752 1256 et
786 1223 918 1266 publico

185 1277 279 1309 simul
303 1276 390 1309 bono
417 1277 603 1309 consultum
629 1277 688 1316 sit3
716 1286 855 1319 eumque
886 1276 918 1308 in

184 1328 281 1361 finem
306 1329 506 1371 apostolicae
531 1328 732 1361 auctoritatis
759 1333 790 1360 et
814 1328 920 1370 provi-

186 1382 314 1415 dentiae
326 1386 435 1424 partes
449 1381 591 1413 libenter
607 1381 795 1424 interponit,
812 1386 917 1424 prout,

187 1435 314 1466 matura
337 1433 575 1466 deliberatione
596 1433 798 1476 praehabita,
816 1433 848 1465 in
864 1433 920 1466 Do-

186 1486 274 1519 mino
300 1486 460 1528 conspicit
484 1486 658 1518 salubriter
682 1486 847 1529 expedire.

0 1546 175 1593 32s⁰'¹⁰''⁶⁰ii{¹1ii
229 1539 244 1581 ξ,
268 1538 299 1570 1.
326 1538 450 1571 Dudum
477 1539 639 1582 siquidem
661 1550 676 1571 a
696 1538 797 1571 felicis
815 1549 920 1571 recor—

0 1578 175 1623 faiii‘iwqua
187 1590 324 1623 dationis
351 1591 449 1624 Paulo
479 1591 563 1634 Papa
598 1591 634 1623 IV
667 1591 919 1634 praedecessore

0 1625 87 1646 tancitur
114 1624 176 1644 deca-

0 1648 298 1698 iffiffiaffsssfffissnosnv
324 1644 488 1676 emanavit
513 1643 700 1677 constitutio
727 1644 849 1677 tenoris
868 1655 919 1677 se-

0 1705 175 1750 ffiffirgffimfflri-
186 1696 314 1740 quentis
326 1723 333 1736 ,
360 1696 528 1729 videlicet:

0 1754 175 1808 {ii‘ssfri'sssiitffnffi
228 1749 356 1782 Paulus
371 1749 536 1792 episcopus
552 1759 660 1782 servus
673 1760 835 1782 serrorum
850 1750 918 1789 Dei,

0 1811 81 1855 ffingax
101 1809 175 1854 53³2ss
185 1801 228 1834 ad
244 1807 432 1845 perpetuam
450 1803 498 1834 rei
514 1803 714 1835 memoriam.
732 1802 807 1836 Cum
826 1813 920 1836 rene-

0 1854 305 1887 :0m‚p0rnnere-1=abiles
324 1854 435 1887 fratres
457 1854 574 1887 nostri⁴
593 1855 623 1888 S.
636 1855 670 1887 R.
683 1855 716 1887 Ε.
737 1856 918 1889 cardinales

186 1907 218 1939 in
242 1912 364 1950 partem
390 1907 616 1941 sollicitudinis
641 1914 808 1949 vocentur,
829 1909 916 1942 etcf‘.

186 1959 297 1993 Datum
314 1959 433 1993 Romae
451 1961 534 2003 apud
557 1960 587 1993 S.
606 1960 742 1993 Marcum
761 1971 846 1994 anno
872 1962 920 1994 In-

188 2012 384 2046 carnationis
404 2013 581 2046 dominicae
599 2023 698 2053 now,
717 2024 746 2047 xi
764 2014 918 2048 kalendas

188 2065 395 2108 septembris,
412 2065 617 2109 pontificatus
635 2067 736 2100 nostri
755 2078 841 2101 anno
858 2079 880 2102 1.

0 2121 179 2169 mffigmffitffi
232 2117 294 2160 52.
313 2117 528 2158 Postmodum,
548 2129 632 2152 anno
646 2120 770 2153 scilicet
786 2130 917 2161 nuccio,
940 2113 942 2155 i

0 2174 115 2225 gffiffiff
142 2174 179 2220 ‘gg
190 2170 361 2203 occasione
386 2171 494 2204 obitus
517 2171 623 2206 bonae
649 2174 826 2207 memoriae
860 2175 916 2207 Ni-

136 2232 178 2273 333
190 2222 271 2255 colai
297 2223 328 2255 S.
358 2222 394 2255 R.
414 2223 447 2256 E.
473 2224 647 2257 cardinalis
673 2226 826 2259 Acciaioli
852 2227 920 2269 epi-

0 2227 119 2247 consfitusso

0 2284 69 2300 aem-
131 2281 142 2290 ’
190 2275 289 2318 scopi,
309 2275 383 2308 dum
403 2275 533 2316 viveret,
550 2276 707 2310 Ostiensis
735 2282 766 2310 et
791 2278 919 2312 Veliter-

0 2251 66 2272 sanda
123 2259 133 2274 e

188 2379 326 2406 Pontificis
346 2383 431 2407 const.
454 2380 496 2407 ed.
518 2387 662 2414 unccxMt',
683 2381 726 2408 die
744 2382 773 2409 ¹7
794 2383 918 2418 augusti,

188 2423 282 2458 pontif.
304 2431 326 2456 ι,
347 2425 472 2452 restituta
495 2425 546 2452 fuit
565 2426 695 2453 cardinali
717 2426 814 2453 vicario
842 2427 920 2454 Urbis
940 2443 942 2458 r

187 2467 337 2494 iurisdictio
357 2469 520 2495 cumulativa
539 2469 566 2496 in
586 2470 712 2497 omnibus
732 2471 830 2497 causis.

760 227 952 253 BENEDICTUS
977 227 1034 251 xm
1060 228 1108 251 Pr.

223 2513 233 2537 1
256 2511 326 2538 Male
346 2511 410 2538 edit.
432 2512 509 2539 Main.
531 2513 595 2548 tegit
613 2514 720 2542 nostris
737 2516 775 2550 (R.
792 2516 840 2549 T.).

222 2555 237 2581 ἓ
257 2555 348 2583 Const.
366 2555 441 2583 Pauli
452 2555 484 2583 IV
500 2557 607 2592 require
623 2566 671 2585 suo
686 2558 744 2587 loco
760 2558 787 2586 in
803 2562 865 2589 tom.
885 2566 918 2592 vi,
940 2563 941 2566 ’

186 2606 248 2634 pag.
266 2598 317 2626 502
338 2599 352 2626 b
372 2602 398 2626 et
416 2607 473 2634 seq.
494 2600 531 2634 (a.
550 2601 598 2635 r).
940 2595 941 2598 ¹

1613 217 1650 250 91

957 276 1068 309 nensis
1087 303 1094 316 ‚
1119 276 1268 320 sacrique
1294 275 1527 310 venerabilium
1561 275 1693 307 fratrum

958 334 1142 362 nostrorum
1167 329 1314 362 eiusdem
1335 329 1453 362 s.R.E.
1477 329 1693 362 cardinalium

957 382 1087 424 collegii
1114 382 1252 422 decani,
1279 382 1438 415 dubitatio
1464 381 1619 420 emersit,
1653 391 1694 413 an

957 434 1126 476 praedicta
1151 434 1383 467 constitutione
1410 435 1565 467 adversus
1591 433 1694 466 cardi-

958 487 1046 519 nales
1080 498 1096 519 a
1131 486 1224 519 Curia
1260 487 1403 520 Romana
1439 487 1591 519 absentes
1631 486 1693 518 tata

957 539 1317 581 comprehenderentur
1340 540 1389 572 vet
1417 539 1525 582 potius
1544 539 1694 571 exclude-

958 597 1070 624 rentur
1095 591 1276 625 cardinales
1301 592 1511 635 promotione
1538 590 1696 634 antiquio-

958 654 1025 684 res,
1052 644 1123 687 qui,
1150 644 1319 677 eveniente
1346 645 1524 677 decanatus
1550 644 1695 676 eiusdem

958 697 1038 729 sacri
1062 697 1192 739 collegii
1210 697 1391 737 vacatione,
1409 707 1425 729 a
1443 697 1587 740 praefata
1604 696 1696 729 Curia

959 749 1091 792 quidem
1116 749 1294 790 abessent,
1321 749 1376 782 sed
1403 750 1488 792 apud
1523 749 1595 782 illas
1631 760 1698 781 me-

960 802 1174 845 tropolitanas
1210 813 1269 835 seu
1305 802 1509 836 cathedrales
1543 801 1696 835 ecclesias

959 855 1150 895 residerent,
1178 855 1297 898 quibus
1319 866 1384 896 eos,
1404 858 1468 888 una
1494 865 1564 888 cum
1587 855 1697 897 aliqua

960 918 995 941 ex
1022 907 1060 940 iis
1086 908 1330 941 cathedralibus
1363 907 1509 941 ecclesiis
1545 906 1697 939 suburbi-

960 961 1063 1001 cariis,
1089 971 1170 1004 quae
1197 961 1274 1004 ipsis
1300 961 1522 993 cardinalibus
1541 959 1698 1002 antiquio-

960 1014 1049 1046 ribus
1082 1024 1141 1056 pro
1178 1013 1242 1046 suis
1276 1013 1378 1047 titulis
1413 1024 1469 1046 seu
1507 1012 1699 1046 denomina-

961 1067 1101 1100 tionibus
1127 1067 1284 1109 assignari
1312 1068 1431 1106 solent,
1456 1076 1608 1109 praeesse
1626 1075 1699 1098 eou-

961 1120 1114 1163 tiugeret.
1155 1120 1299 1164 Cumque
1337 1120 1497 1153 eiusmodi
1539 1119 1698 1152 dubitatio

962 1173 1059 1206 nullis
1077 1179 1171 1205 antea
1188 1173 1322 1206 Sanctae
1343 1172 1434 1205 Sedis
1454 1170 1698 1204 deficientibus¹

962 1226 1105 1258 discussa
1140 1237 1176 1258 ac
1213 1226 1374 1268 dirempta
1403 1236 1474 1258 esse
1510 1225 1698 1264 videretur,

962 1279 1157 1311 recolendae
1184 1278 1360 1311 memoriae
1381 1278 1529 1311 Clemens
1548 1278 1634 1321 Papa
1650 1277 1698 1318 XI,

962 1331 1193 1374 praedecessor
1218 1331 1328 1364 itidem
1350 1336 1472 1369 noster,
1493 1341 1561 1363 eam
1581 1340 1700 1373 expen-

963 1384 1102 1416 dendam
1129 1383 1378 1426 librandamque
1405 1383 1610 1416 committere
1647 1383 1700 1415 de-

963 1441 1108 1470 creverat
1141 1436 1207 1469 sive
1233 1435 1360 1469 dilectis
1391 1434 1465 1468 liliis
1498 1435 1599 1468 Rotae
1639 1435 1701 1468 Ro-

940 1499 1075 1522 imanae
1101 1488 1325 1528 auditoribus,
1351 1488 1418 1521 sive
1452 1488 1522 1521 aliis
1555 1487 1701 1521 eiusdem

963 1541 1077 1574 Curiae
1103 1541 1304 1584 praesulibus
1330 1540 1516 1583 integritate
1538 1541 1701 1574 doetrina-

963 1605 1026 1637 que
1052 1593 1306 1637 praestantibus,
1331 1604 1471 1636 quorum
1499 1593 1606 1626 audita
1631 1604 1702 1627 sen-

963 1645 1061 1678 tentia
1081 1673 1088 1685 ‚
1114 1646 1145 1678 id
1163 1672 1170 1684 ,
1198 1646 1283 1688 quod
1319 1645 1437 1678 rationi
1475 1650 1505 1678 et
1542 1645 1700 1689 aequitati

963 1703 1216 1731 consentaneum
1231 1698 1278 1731 illi
1297 1698 1400 1731 visum
1420 1698 1540 1738 suisset,
1559 1704 1699 1732 statuere

962 1756 1081 1794 posset.
1110 1751 1236 1790 Verum,
1260 1751 1334 1784 dum
1353 1751 1385 1783 in
1407 1753 1442 1784 ed
1460 1751 1700 1785 deliberatione

961 1809 1154 1842 versaretur,
1182 1814 1250 1843 nos,
1277 1814 1357 1846 quos
1384 1804 1601 1846 potissimum,
1621 1810 1700 1837 tam-

963 1867 1056 1900 quam
1082 1867 1119 1889 eo
1145 1860 1289 1898 tempore
1315 1862 1445 1889 sanctae
1464 1858 1626 1890 Romanae
1642 1858 1700 1890 Ec-

962 1909 1061 1941 lesiae
1096 1908 1294 1941 cardinalem
1320 1909 1512 1952 episcopum
1542 1909 1700 1943 Portuen-

940 1971 1031 1995 ¹sem
1058 1966 1088 1993 et
1118 1960 1404 2004 archiepiscopum
1436 1961 1700 1995 Beneventanum

963 2013 1148 2056 ceterisque
1170 2013 1306 2055 collegis
1332 2014 1541 2056 promotione
1560 2015 1699 2058 priores,

962 2068 1140 2098 memorata
1165 2066 1254 2098 Pauli
1281 2066 1317 2098 IV
1341 2066 1572 2100 constitutione
1605 2078 1701 2111 sepo-

962 2118 1031 2158 sita,
1057 2124 1118 2151 tam
1135 2119 1173 2151 ad
1189 2119 1364 2151 decanatus
1384 2119 1583 2162 dignitatem,
1603 2130 1700 2164 quam

940 2202 942 2210 ,
963 2172 1001 2204 ad
1023 2172 1184 2214 praefatas
1199 2171 1380 2204 Ostiensem
1396 2177 1427 2204 et
1441 2172 1699 2206 veliternensem

963 2225 1139 2265 ecelesias,
1176 2225 1379 2268 antiquitatis
1412 2225 1483 2257 iura
1516 2226 1699 2266 vocabant,

962 2278 1069 2311 animo
1095 2283 1285 2321 reputantes
1305 2288 1372 2310 rem
1395 2278 1478 2311 hanc
1497 2279 1619 2322 absque
1645 2280 1701 2312 ali-

962 2334 1024 2375 qua
1048 2332 1256 2364 contentione
1279 2331 1415 2374 transigi
1434 2332 1567 2365 minime
1586 2343 1698 2376 posse,

962 2384 1129 2427 probeque
1154 2393 1316 2416 memores
1343 2384 1516 2417 verborum
1554 2385 1700 2428 Apostoli

961 2436 1163 2469 Timotheum
1193 2447 1287 2469 suum
1325 2437 1530 2471 admonentis
1565 2438 1700 2471 Servum

963 2489 1023 2522 Dei
1046 2499 1110 2522 non
1135 2493 1254 2533 oportet
1280 2489 1412 2533 liliqare
1429 2517 1437 2531 ‚
1463 2490 1600 2524 firmiter
1617 2502 1697 2524 con-

963 2541 1127 2574 stituimus
1160 2552 1257 2586 super
1293 2543 1475 2576 istiusmodi
1514 2544 1646 2586 negotio
1683 2554 1700 2575 a

1000 2606 1010 2629 1
1033 2603 1071 2629 An
1091 2607 1165 2633 racia
1184 2603 1262 2634 lectio
1282 2605 1381 2634 iudicet
1401 2606 1484 2635 lector
1503 2605 1574 2636 scius
1592 2606 1630 2640 (n,
1647 2606 1700 2642 τ.),,

1702 225 1752 252 An.
1769 224 1797 252 C.
1821 225 1887 252 1724
