2170 3147
234 248 283 274 An.
302 248 330 273 r..
358 247 423 274 ¹727
471 237 535 272 6020

429 308 481 329 ces
504 297 642 330 existere
674 301 705 330 et
738 296 816 337 sore,
843 306 985 340 suosque
1010 295 1177 339 plenarios

430 356 461 383 et
485 351 634 392 integros
660 349 792 384 effeetus
818 350 930 383 sortiri
958 356 989 383 et
1014 349 1177 389 obtinere,

429 415 466 436 ae
487 404 548 437 ab¹
568 404 644 442 illis,
665 406 702 436 ad
723 415 806 447 quos
825 410 951 448 spectat
969 409 1001 437 et
1019 414 1077 447 pro
1098 407 1178 435 tem-

430 467 509 500 pore
529 460 802 500 quandocumque
818 457 994 500 spectabit,
1013 455 1178 489 inviolabi-

432 511 508 543 liter
523 510 698 549 observari,
715 511 826 554 sicque
842 511 873 542 in
888 510 1090 554 praemissis,
1102 507 1178 542 etc.³

476 566 490 608 g
516 564 546 596 5.
575 564 644 597 Non
667 564 872 597 obstantibus
899 563 1104 606 praemissis,
1141 573 1178 596 ac

432 618 721 651 constitutionibus
748 623 778 650 et
811 617 1074 651 ordinationibus
1102 627 1178 661 apo-

433 672 567 711 stolicis,
600 676 639 710 et,
667 676 828 714 quatenus
863 682 945 714 opus
979 670 1033 709 sit,
1072 670 1176 703 dietae

434 724 719 767 Congregationis,
748 724 845 757 etiam
872 724 1074 764 iuramento,
1101 722 1178 755 θιο.3

253 788 422 825 suffuratum
479 778 493 821 ξ
526 778 554 810 6.
590 778 744 810 Volumus
782 783 887 811 autem
921 783 956 809 ut
988 777 1177 810 earumdem

240 821 382 843 ¹¹³¹*'⁸¹¹''¹''¹‘⁷'
435 831 616 863 litterarum
651 831 886 874 transumptis,
915 841 972 864 seu
999 830 1176 873 exemplis,

436 884 532 917 etiam
560 884 739 928 impressis,
766 884 842 917 etc.⁴

479 938 593 970 Datum
622 938 760 979 Romae,
790 937 875 981 apud
899 937 930 970 S.
959 937 1090 970 Mariam
1116 936 1179 969 Ma-

436 991 550 1031 iorem,
576 992 633 1023 sub
660 992 782 1024 annulo
820 991 1015 1030 Piscatoris,
1055 990 1106 1023 die
1143 999 1179 1022 ιιι

436 1045 579 1077 octobris
619 1054 806 1084 unccxxvn‚
841 1044 1051 1088 pontificatus
1077 1042 1179 1076 nostri

437 1109 522 1131 auno
548 1108 590 1131 iv.

473 1160 531 1187 Dat.
555 1161 598 1187 die
618 1160 634 1187 3
654 1159 776 1187 octobris
802 1159 884 1193 1727,
908 1158 1004 1195 pontif.
1027 1166 1097 1186 anno
1119 1166 1156 1185 lv.

306 576 419 597 peremtio

236 608 399 625 coutmrpunm.

748 1303 874 1337 CCVIII.

442 1385 664 1427 &affirmatur
688 1385 888 1418 alternatim
909 1384 1092 1427 officiorun'c
1116 1394 1184 1427 pro-

484 1440 610 1472 vinciae
635 1440 787 1472 Baeticae
812 1439 1039 1472 Eremitarum
1065 1438 1097 1471 S.
1121 1439 1185 1471 Au-

484 1494 612 1534 gyustim'
644 1493 921 1525 Discalceatorum
955 1493 1043 1525 inter
1066 1491 1186 1535 fratres

485 1547 590 1579 dictae
601 1546 791 1589 provinciae
811 1550 840 1579 et
857 1556 907 1578 eos
928 1545 1016 1578 della
1041 1544 1184 1578 Manca⁵.

612 1626 798 1654 Benedictus
819 1627 898 1660 Papa
918 1626 1010 1657 xm,

579 1669 616 1695 ad
636 1670 771 1696 futuram
793 1669 840 1695 rei
861 1669 1049 1695 memoriam.

301 1751 321 1771 ln
338 1751 431 1775 capitulo

487 1742 501 1784 ξ
529 1742 556 1773 1.
582 1741 708 1784 Exponi
735 1741 830 1774 nobis
851 1751 957 1784 nuper
976 1741 1124 1773 fecerunt
1145 1740 1187 1772 di-

249 1778 518 1829 ¹25?in'¹¹“¹‘·p¹.¹.„'.¹„¹11005
560 1795 617 1827 tilii
656 1795 771 1827 fratres
811 1793 999 1837 provinciae
1036 1793 1186 1826 Baeticae

249 1838 294 1851 ciat*
305 1831 431 1851 alternatim
453 1848 458 1849 ⁷

249 1859 345 1883 vnvm
376 1849 574 1880 usu-Ordinis
614 1848 829 1880 Erernitaruni
873 1847 974 1879 sancti
1017 1843 1209 1889 Augustini*

250 1888 294 1905 tuta
312 1887 357 1906 luit.

447 1902 716 1934 lliscaleeatorum
745 1906 1018 1943 nuncupatorum,
1046 1900 1131 1943 quod
1154 1899 1186 1932 in

446 1956 588 1998 capitulo
627 1954 820 1998 provinciali
861 1955 966 1987 dietae
998 1953 1187 1997 provinciae

447 2009 498 2041 dic
525 2020 541 2041 x
574 2008 694 2041 niensis
728 2008 802 2040 maii
837 2008 985 2051 proxime
1019 2007 1187 2050 praeteriti

447 2063 478 2094 in
512 2062 651 2104 collegio
691 2062 743 2094 SS.
781 2060 979 2107 Sacramenti
1017 2062 1110 2093 villae
1149 2061 1187 2093 de

448 2117 609 2157 Aln‘iagro,
626 2116 832 2159 praesidente
847 2115 966 2148 dilecto
986 2114 1052 2148 filio
1069 2114 1187 2147 Ioanne

487 2214 492 2237 t
523 2213 670 2247 l'raeposit.
692 2213 727 2238 ab
749 2220 796 2239 nos
816 2211 939 2238 addimus
958 2212 997 2245 (R.
1014 2211 1064 2244 ·r.).

483 2257 499 2281 *2
521 2256 551 2282 tit
571 2265 651 2290 supra
673 2265 733 2291 pag.
755 2257 801 2282 471
827 2266 844 2282 α
863 2257 901 2290 (R.
916 2256 965 2288 T.).

485 2301 499 2325 :5
523 2300 553 2326 t't
573 2309 654 2334 supra
675 2309 734 2334 pag.
758 2301 802 2326 47¹
828 2309 845 2326 α
866 2307 903 2329 (ιι.
925 2301 975 2333 r),

486 2345 500 2369 t
522 2344 553 2369 l't
572 2353 655 2378 supra
676 2353 736 2380 pag.
758 2345 791 2371 59
808 2345 821 2371 I)
844 2346 879 2378 (R.
897 2351 949 2376 T.).

487 2390 501 2414 5
523 2388 557 2413 lte
578 2389 740 2414 alternatim
760 2389 910 2415 officiorum
940 2388 965 2414 in
996 2388 1088 2421 regnis
1113 2387 1189 2414 Lusi-

452 2434 538 2458 taniae
561 2437 584 2459 et
607 2434 747 2465 eth-sarbiae
767 2434 899 2460 servanda
916 2433 975 2460 vide
994 2433 1139 2460 Clementis
1156 2432 1190 2459 xt

452 2481 537 2502 ronst.
561 2476 625 2502 sulit.
649 2484 782 2509 sitietzxvt,
805 2478 849 2503 ‹lie
875 2478 909 2503 2ss
930 2477 1065 2510 octobri53
1094 2480 1121 2503 et
1140 2477 1191 2503 alia

453 2521 530 2546 butus
552 2521 686 2546 l’outilitis
707 2522 814 2547 constit.
837 2521 900 2547 edit.
922 2527 1073 2553 moccxxvn,
1098 2521 1142 2547 die
1157 2520 1190 2546 99

451 2564 622 2598 septembris,
645 2565 738 2599 pontif.
761 2571 797 2597 lv,
818 2565 1026 2592 determinatum
1052 2565 1100 2591 fuit
1119 2568 1190 2591 tem-

453 2619 501 2645 pus
524 2608 668 2635 vacationis
688 2608 721 2634 ab
742 2609 838 2635 officiis
858 2617 906 2644 pro
926 2609 978 2635 illis
997 2610 1042 2644 qui
1063 2609 1088 2635 in
1119 2609 1191 2636 dicto

453 2654 555 2682 Ordine
576 2662 623 2689 per
642 2652 694 2680 duo
716 2653 830 2680 triennia
850 2653 957 2688 aliquod
978 2653 1165 2681 obtinuerunt.

1017 244 1202 271 numanum
1226 245 1381 271 Romnum

1221 307 1238 327 a
1250 295 1281 328 S.
1302 295 1468 335 Tlieresiii,
1482 296 1607 329 lectore
1625 295 1773 336 iubilato,
1788 294 1959 328 tribunalis

1220 349 1446 393 inquisitionis
1476 350 1632 383 adversus
1658 349 1860 383 haereticam
1887 359 1961 392 pra-

1221 403 1351 435 vitatem
1384 402 1414 435 in
1449 403 1558 446 regnis
1587 402 1816 446 Hispaniarum
1850 407 1961 435 aucto-

1221 457 1314 489 ritate
1341 457 1519 500 apostolica
1546 456 1704 489 institutis
1723 455 1748 495 ¹,
1776 461 1807 489 et
1841 455 1961 488 vicario

1221 511 1365 552 generali
1416 510 1690 553 Congregationis
1734 509 1964 552 Hispaniarum

1220 569 1251 596 et
1273 563 1436 596 indiarum
1456 563 1533 595 dieti
1553 563 1693 602 Ordinis,
1712 562 1892 602 celebrato,
1916 572 1965 595 as-

1220 617 1407 650 sistentibus
1439 617 1592 649 omnibus
1625 616 1808 655 vocalibus,
1846 615 1964 660 quibus

1220 670 1397 714 capitulum
1436 670 1640 713 praedictum
1677 669 1866 710 constabat,
1904 669 1964 712 ipsi

1221 725 1348 757 vocales
1373 724 1418 757 sic
1446 723 1589 766 legitime
1612 724 1810 766 congregati,
1836 723 1966 767 praevia

1222 780 1345 810 matura
1377 777 1638 817 deliberatione,
1664 777 1903 810 conservationi
1930 787 1966 809 ac

1221 831 1306 874 paci,
1334 830 1433 873 quieti
1461 835 1493 863 et
1519 830 1744 874 tranquillitati
1778 829 1965 873 provinciae

1223 885 1410 928 praedictae
1437 884 1608 917 consulere
1646 885 1836 928 cupientes,
1868 885 1968 917 alter-

1222 938 1361 970 nativarn
1386 938 1566 971 officiorum
1593 938 1678 971 inter
1710 938 1843 970 eosdem
1870 947 1968 980 expo-

1223 999 1337 1025 nentes
1363 997 1395 1025 et
1420 992 1537 1025 fratres
1565 992 1650 1025 della
1676 992 1785 1025 Manca
1810 1002 1868 1024 seu
1887 991 1967 1024 Man-

1223 1046 1270 1079 cia
1304 1051 1510 1089 nuncupatos
1547 1046 1782 1078 instituendam
1817 1045 1968 1078 decreve-

1224 1105 1309 1139 runt,
1325 1109 1463 1142 eamque
1479 1099 1565 1132 dicto
1581 1098 1724 1142 capitulo
1744 1098 1970 1131 stabiliverunt

1225 1152 1255 1185 in
1283 1152 1370 1184 hunc
1396 1152 1527 1184 modum
1556 1151 1678 1184 tenoris
1711 1151 1764 1194 qui
1798 1150 1966 1194 sequitur,

1225 1205 1376 1239 videlieet
1393 1216 1399 1237 ;

1266 1266 1295 1296 lo
1319 1266 1361 1296 fra
1378 1265 1520 1297 Giovanni
1536 1266 1565 1296 di
1581 1265 1670 1304 Gemi,
1693 1266 1800 1296 tenore
1827 1265 1970 1304 giubilato

1227 1325 1242 1345 e
1258 1316 1418 1346 secretario
1434 1315 1509 1345 della
1530 1315 1681 1354 provincia
1705 1315 1894 1345 d'Audalutia
1910 1315 1970 1345 del-

1228 1366 1247 1395 l'
1263 1365 1371 1396 Ordine
1394 1365 1575 1395 Discalceato
1597 1365 1624 1394 di
1648 1366 1677 1394 S.
1696 1365 1847 1403 Agostino,
1864 1365 1891 1395 so
1907 1364 1970 1395 sede

1229 1425 1243 1443 e
1267 1415 1397 1444 certifico
1420 1414 1590 1453 qualmente
1614 1418 1655 1443 tra
1681 1414 1688 1443 i
1712 1413 1820 1443 decreti
1845 1423 1860 1443 e
1881 1413 1972 1443 stabi-

1229 1463 1362 1500 limenti‚
1387 1463 1440 1492 che
1463 1463 1568 1492 turono
1591 1462 1653 1492 fatti
1678 1463 1724 1492 nel
1753 1462 1876 1502 capitolo
1905 1471 1972 1502 pro—

1230 1512 1354 1541 vinciale
1378 1511 1522 1551 prossinio
1546 1514 1662 1549 passato
1685 1511 1739 1540 che
1769 1511 1797 1540 fu
1822 1510 1972 1540 celebrato

1230 1560 1277 1589 nel
1300 1560 1423 1598 collegio
1446 1559 1492 1589 del
1514 1559 1565 1589 SS.
1589 1559 1782 1597 Sagramento
1804 1559 1880 1588 della
1904 1559 1971 1588 villa

1230 1609 1400 1646 d'Aluiagro
1423 1608 1452 1637 di
1468 1608 1545 1638 detta
1570 1608 1730 1647 provincia,
1752 1608 1805 1637 elie
1828 1607 1973 1637 comincio

1230 1657 1279 1687 alli
1304 1658 1340 1687 10
1362 1657 1390 1687 di
1413 1657 1527 1695 maggio
1549 1657 1593 1686 del
1620 1661 1753 1686 currente
1782 1666 1859 1686 anno
1882 1655 1972 1694 1726,

1230 1707 1277 1736 nel
1301 1706 1386 1745 quale
1419 1706 1448 1735 su
1482 1710 1618 1744 presente
1652 1706 1671 1735 il
1702 1705 1790 1735 molto
1813 1705 1973 1735 reverendo

1231 1755 1272 1785 fra
1295 1755 1440 1786 Giovanni
1462 1755 1492 1784 di
1514 1755 1543 1785 S.
1561 1754 1678 1792 Teresa,
1695 1754 1798 1784 lettore
1817 1754 1972 1792 giubilato,

1231 1805 1431 1844 qualificatore
1454 1804 1529 1833 della
1549 1813 1699 1843 suprema,
1718 1813 1732 1832 e
1756 1803 1865 1832 vicario
1887 1812 1976 1841 gene-

1231 1855 1291 1883 rale
1313 1854 1388 1883 della
1412 1853 1646 1891 Congregazione
1668 1853 1696 1882 di
1719 1852 1833 1891 spagna
1856 1861 1871 1882 e
1894 1852 1974 1882 lndie

1231 1903 1297 1933 dell'
1312 1902 1420 1933 Ordine
1450 1902 1551 1932 Scalzo
1585 1902 1613 1931 di
1647 1902 1677 1931 S.
1696 1901 1841 1940 Agostiuo
1857 1925 1864 1939 ,
1888 1900 1974 1940 quale

1231 1953 1382 1982 couterino
1415 1955 1490 1981 tutto
1523 1951 1621 1990 quello
1653 1951 1676 1980 si
1710 1950 1809 1980 stabili
1842 1951 1870 1980 iu
1895 1950 1975 1980 detto

1232 2003 1377 2041 capitolo,
1401 2002 1427 2031 vi
1451 2002 1465 2030 e
1490 2010 1527 2030 un
1557 2000 1677 2030 decreto
1697 2010 1711 2029 e
1734 2004 1860 2037 statuto,
1884 2000 1937 2029 che
1960 2000 1974 2029 ὲ

1232 2051 1266 2080 ad
1283 2051 1388 2081 imina²
1405 2050 1533 2086 seminia,
1558 2050 1607 2079 sol.
1627 2050 1676 2087 89,
1694 2049 1738 2079 del
1756 2049 1830 2079 libro
1846 2049 1874 2078 di
1897 2049 1975 2079 detta

1233 2101 1396 2140 provincia,
1421 2100 1467 2129 nel
1493 2100 1578 2139 quale
1602 2100 1625 2128 si
1650 2099 1787 2129 serivono
1814 2099 1834 2128 li
1857 2098 1975 2137 capitoli

1233 2150 1286 2179 elie
1308 2149 1337 2178 in
1361 2158 1424 2178 essa
1445 2149 1469 2178 si
1493 2148 1650 2177 celebratio
1666 2172 1673 2184 ‚
1697 2152 1725 2176 et
1747 2148 1761 2176 e
1795 2147 1841 2177 del
1875 2151 1976 2176 tenore

1233 2203 1387 2236 seguente:
1409 2210 1422 2226 <a
1438 2198 1524 2231 Item,
1550 2206 1600 2236 per
1622 2200 1731 2235 quanto
1754 2200 1855 2235 questa
1877 2200 1977 2226 nostra

1235 2247 1382 2286 provincia
1413 2247 1441 2276 tl*
1457 2246 1617 2275 Andaluzia
1645 2245 1822 2284 comprende
1845 2245 1892 2274 nei
1913 2243 1978 2274 suoi

1234 2297 1353 2326 termini
1387 2301 1467 2326 tauto
1490 2296 1515 2325 la
1539 2296 1616 2325 detta
1648 2300 1729 2334 parte
1762 2293 1976 2330 d'Andatuzia,

1234 2355 1316 2376 conte
1333 2346 1425 2375 anche
1449 2346 1474 2374 la
1500 2349 1579 2384 parte
1603 2354 1617 2374 e
1642 2344 1793 2374 territorio
1809 2343 1885 2373 della
1899 2342 1979 2372 Man-

1234 2395 1298 2424 chia
1322 2406 1337 2423 o
1360 2394 1489 2431 Mancia,
1513 2403 1527 2423 e
1552 2399 1594 2423 tra
1619 2393 1626 2422 i
1658 2392 1787 2430 religiosi
1809 2391 1940 2422 dell’uno
1963 2400 1977 2420 e

1235 2444 1332 2473 l'altro
1349 2453 1445 2483 paese,
1464 2452 1515 2481 per
1534 2452 1630 2472 essere
1649 2441 1796 2471 differenti
1813 2441 1859 2471 nel
1878 2440 1976 2479 genio,

1234 2491 1261 2521 (li
1285 2491 1338 2521 elie
1362 2501 1432 2521 sono
1457 2496 1522 2521 nate
1547 2491 1624 2520 varie
1641 2489 1815 2520 eniulazioni
1832 2499 1846 2519 e
1862 2492 1977 2518 contra-

1273 2567 1282 2591 t
1298 2563 1412 2590 Videtur
1423 2562 1568 2599 legendum
1582 2563 1720 2595 instituti,
1734 2565 1760 2588 et
1775 2565 1915 2596 praeterea
1930 2560 1978 2587 ati-

1234 2608 1299 2644 quid
1315 2607 1390 2635 deest
1406 2616 1446 2634 ex.
1459 2616 1485 2643 g.
1504 2607 1596 2634 iudice
1613 2607 1655 2633 vel
1670 2604 1872 2633 commissario
1884 2604 1976 2640 (afr.)-

1269 2654 1284 2680 Ξ
1305 2653 1345 2679 Sic
1367 2653 1450 2681 babet
1470 2652 1534 2680 edit.
1557 2652 1635 2679 Main.
1658 2654 1695 2686 (a.
1715 2652 1765 2687 Τ.).

1963 245 2013 272 An.
2033 245 2062 273 C.
2083 246 2146 277 1727

2007 1277 2083 1298 Modus
2100 1277 2161 1298 altar·

1981 1306 2066 1325 nativae
2081 1303 2161 1331 praedi·

1982 1334 2036 1351 etde.
