2170 3147
9 211 61 240 An.
80 211 110 237 C.
128 209 195 238 1728

55 481 187 503 Confirmatio

16 509 180 530 declarationum

9 538 31 556 et
55 534 188 555 constitutio-

8 567 57 583 num
66 561 188 582 relatarum.

788 209 983 234 BENEDICTUS
1008 210 1064 234 xm
1087 210 1138 234 PP.

199 257 363 288 cessionum
395 257 578 297 publicarum
608 258 650 288 vel
683 258 935 288 sanctionumec-

199 306 444 342 clesiasticarum‚
477 306 512 336 ob
540 316 610 345 quas
646 311 799 336 teneantur
834 306 936 336 abesse

199 354 284 385 etiam
309 363 359 394 pro
383 355 494 384 modico
518 359 647 394 tempore
670 355 705 384 ab
729 355 934 394 hospitalibus,

198 402 232 432 ad
254 402 347 432 instar
369 403 571 440 religiosorum
595 406 623 433 S.
647 403 764 432 loannis
787 403 823 432 de
847 403 914 432 Deo.

242 468 257 511 ἓ
282 467 313 501 3.
340 468 416 500 Cum
443 474 570 506 autem,
598 469 680 501 sicut
712 469 808 501 iidem
843 479 936 511 prae-

200 520 300 554 fectus
325 524 355 553 et
380 521 568 554 assistentes
583 522 752 563 generales
770 521 862 554 nobis
882 521 936 553 de-

199 584 265 607 nuo
291 584 394 616 nuper
420 574 535 617 exponi
563 574 730 611 fecerunt,
759 574 817 616 ipsi
843 585 937 617 prae-

199 628 280 661 satas
317 628 578 668 declarationes,
619 629 869 661 reformationes
906 633 937 660 et

199 691 299 714 novas
325 681 572 714 constitutiones
598 681 637 714 ab
662 682 731 724 ipsa
755 681 937 723 Congrega-

201 734 289 766 tione
315 733 527 767 cardinalium
563 735 708 767 conditas
741 745 797 766 seu
823 744 938 776 appro-

199 787 290 819 batas
309 814 316 823 ,
343 798 408 830 quo
440 786 562 819 firmius
599 787 776 819 subsistant
807 797 842 818 ac
874 796 937 818 ser-

199 845 316 872 ventur
340 839 497 879 exactius,
517 840 716 882 apostolicae
736 850 866 882 quoque
883 850 937 871 no-

200 897 286 925 strae
312 893 566 926 confirmationis
592 893 754 936 praesidio
791 892 935 925 roborari

200 947 338 979 maxime
357 947 560 979 desiderent:
579 946 673 978 nobis
688 953 861 989 propterea
879 946 938 978 hu-

200 999 321 1032 militer
346 999 521 1042 supplicari
550 999 694 1032 fecerunt
721 1005 756 1031 ut
787 999 816 1031 in
847 1010 938 1042 prae-

200 1051 306 1083 missis
343 1057 527 1094 opportune
563 1052 736 1094 providere
769 1058 800 1084 et
836 1057 869 1083 ut
906 1052 936 1083 in

200 1104 283 1137 infra
309 1104 477 1146 indulgere
504 1105 542 1137 de
567 1105 769 1146 benignitate
807 1110 938 1148 aposto—

201 1157 263 1189 lica
288 1156 510 1199 dignaremur.
537 1156 599 1189 Nos
625 1157 736 1199 igitur,
770 1157 858 1199 ipsos
889 1167 938 1189 ex-

200 1215 363 1253 ponentes
381 1210 580 1252 specialibus
596 1210 757 1242 savoribns
775 1215 807 1242 et
825 1211 937 1252 gratiis

201 1261 358 1304 prosequi
383 1263 553 1301 volentes,
588 1268 619 1295 et
652 1273 763 1295 eorum
796 1262 938 1304 singala-

201 1326 252 1348 res
277 1324 431 1357 personas
451 1327 467 1348 a
486 1315 655 1359 quibusvis
679 1316 939 1348 exeommunica-

204 1369 318 1409 tionis,
346 1368 572 1412 suspensionis
591 1374 623 1400 et
647 1368 822 1409 interdicti,
850 1368 938 1401 aliis-

202 1432 265 1465 que
284 1421 517 1455 ecelesiasticis
539 1422 717 1462 sententiis,
739 1422 888 1454 censuris
909 1427 940 1454 et

202 1476 333 1519 poenis,
350 1486 367 1508 a
385 1475 453 1507 iure
471 1476 520 1508 vel
538 1475 577 1507 ab
596 1475 738 1515 homine,
757 1475 867 1518 quavis
887 1486 940 1508 oe⁴

202 1528 333 1561 casione
352 1529 399 1560 vel
418 1529 511 1560 causa
526 1528 611 1567 latis,
632 1528 656 1560 si
677 1528 792 1570 quibus
808 1539 940 1571 quomo—

203 1579 329 1612 dolibet
353 1579 526 1611 innodatae
552 1579 708 1618 existunt,
729 1579 768 1611 ad
791 1579 938 1612 effectum

202 1631 423 1674 praesentium
453 1631 617 1664 dumtaxat
650 1633 940 1675 consequendum,

204 1685 317 1716 barum
350 1685 434 1717 serie
471 1685 677 1718 absolventes
711 1691 742 1717 et
774 1685 939 1718 absolutas

204 1738 272 1771 sore
299 1743 468 1771 censentes
486 1764 493 1777 ‚
520 1738 704 1771 huiusmodi
730 1739 940 1782 supplicatio-

204 1791 299 1823 nibus
324 1791 481 1830 inclinati,
500 1792 538 1824 de
559 1792 747 1824 eorumdem
772 1792 939 1824 venerabi-

205 1843 284 1876 lium
311 1844 442 1876 sratrum
469 1850 653 1877 nostrorum
679 1844 781 1877 dictae
806 1844 837 1877 S.
854 1843 937 1876 RE.

206 1897 419 1930 cardinalium
437 1899 581 1940 negociis
600 1904 632 1931 et
648 1899 941 1931 consultationibus

207 1950 435 1992 episcoporum
461 1956 493 1983 et
518 1951 715 1993 regularium
741 1951 940 1994 praeposito-

207 2012 276 2034 rum
302 2003 450 2042 consili0‚
477 2004 721 2043 declarationes,
740 2004 942 2037 reformatio-

207 2064 264 2087 nes
289 2060 321 2087 et
337 2065 434 2088 novas
448 2056 693 2088 constitutiones
710 2057 940 2099 praeinsertas,

208 2108 396 2141 auctoritate
422 2109 619 2151 apostolica,
651 2114 762 2142 tenore
788 2120 942 2151 praesen-

208 2161 309 2201 tium,
344 2161 562 2204 approbamus
599 2161 711 2194 itidem
752 2166 783 2194 et
824 2161 943 2194 confir-

207 2224 343 2254 mamus,
375 2214 505 2257 illisque
527 2213 720 2247 inviolabilis
745 2215 942 2257 apostolieae

208 2266 369 2300 firmitatis
395 2268 495 2300 robur
519 2267 698 2304 adiicimus,
726 2278 762 2300 ac
782 2278 895 2300 omnes
913 2273 943 2300 et

208 2319 354 2362 singulos
379 2319 456 2352 iuris
481 2324 512 2352 et
536 2320 609 2353 sacti
636 2320 778 2353 desectus
794 2347 801 2359 ,
831 2320 855 2353 si
889 2321 943 2363 qui

208 2372 241 2405 in
267 2373 312 2405 eis
337 2372 583 2415 quomodolibet
607 2373 851 2412 intervenerint,
871 2383 945 2415 sup-

207 2426 334 2469 plemus
351 2451 358 2465 ‚
385 2429 482 2468 atque
507 2431 570 2457 tam
597 2425 667 2458 illas
693 2436 788 2468 quam
816 2425 943 2467 praein-

208 2484 311 2511 sertas
336 2488 467 2521 quoque
492 2478 709 2510 resolutiones
734 2478 765 2509 in
797 2477 945 2520 supradi-

209 2537 260 2564 cto
286 2531 428 2574 capitulo
454 2531 600 2573 generali
626 2535 747 2574 captas,
767 2535 799 2562 et
816 2542 832 2563 a
850 2530 943 2563 nobis

210 2596 270 2630 per
294 2585 415 2618 litteras
442 2590 566 2618 nostras
600 2584 760 2627 praefatas
796 2584 943 2618 similiter

1616 199 1673 232 701

980 258 1177 301 approbatas
1202 265 1234 292 et
1258 258 1461 292 confirmatas
1477 285 1484 298 ‚
1511 258 1593 290 sicut
1625 267 1717 300 prae-

980 311 1137 351 mittitur,
1164 312 1194 344 in
1222 313 1343 355 praxim
1370 318 1403 344 et
1427 322 1519 344 usum
1546 310 1658 352 redigi,
1686 316 1718 342 et

980 364 1019 396 ab
1044 364 1194 397 omnibus
1220 370 1251 397 et
1275 364 1411 406 singulis
1433 391 1439 403 ,
1465 365 1503 396 ad
1530 374 1612 406 quos
1645 373 1717 405 spe-

980 422 1044 448 ctat
1068 423 1100 449 et
1117 428 1177 459 pro
1197 423 1342 460 tempore
1359 417 1632 460 quandocumque
1648 426 1718 458 spe-

980 469 1102 507 ctabit,
1126 470 1279 512 religiose
1305 475 1335 503 et
1361 470 1551 502 inconcusse
1577 469 1715 507 servari,

980 523 1198 565 praecipimus
1224 528 1255 555 et
1276 524 1480 562 mandamus;
1502 524 1587 555 salva
1611 527 1718 554 tamen

980 585 1110 618 semper
1127 575 1158 607 in
1177 576 1364 618 praemissis
1383 576 1574 608 auctoritate
1600 586 1718 608 memo-

980 633 1066 660 ratae
1099 627 1365 670 Congregationis
1387 628 1613 661 cardinalium.

1023 679 1085 722 54.
1117 680 1346 721 Decernentes,
1377 681 1505 714 easdem
1528 686 1716 724 praesentes
1742 688 1874 715 ,thusum-

980 733 1113 772 litteras,
1132 741 1164 765 et
1182 733 1213 765 in
1240 734 1286 766 eis
1311 739 1461 767 contenta
1479 745 1716 777 quaecumque,

981 785 1094 825 sirmas,
1106 786 1228 818 validas
1240 791 1270 818 et
1281 787 1426 819 efficaces
1438 788 1577 820 existere
1592 794 1622 820 et
1636 788 1716 825 sore,

981 849 1123 881 suosque
1154 839 1320 881 plenarios
1350 845 1382 872 et
1414 840 1559 882 integros
1584 839 1717 873 effectus

980 892 1087 924 sortiri
1115 898 1146 924 et
1171 892 1320 925 obtinere
1342 920 1349 932 ,
1375 904 1411 925 ac
1436 893 1515 933 illis,
1538 904 1619 935 qnos
1643 903 1719 926 con-

981 951 1115 977 cernunt
1141 951 1171 977 et
1200 956 1258 988 pro
1285 951 1432 988 tempore
1454 952 1666 983 concernent.
1687 947 1718 978 in

981 999 1130 1031 omnibus
1156 1004 1187 1031 et
1223 1009 1282 1041 per
1307 999 1413 1031 omnia
1439 999 1628 1042 plenissime
1653 999 1719 1031 sur-

982 1052 1116 1094 sragari,
1138 1052 1251 1095 sicque
1273 1053 1304 1084 in
1331 1053 1522 1095 praemissis
1542 1063 1603 1096 per
1623 1063 1721 1095 quos-

980 1116 1120 1148 cumque
1150 1105 1276 1138 iudices
1301 1106 1488 1138 ordinarios
1523 1111 1555 1138 et
1589 1106 1720 1148 delega-

982 1163 1051 1198 tos,
1084 1159 1180 1190 etiam
1212 1169 1383 1191 cansarum
1408 1159 1522 1201 palatii
1548 1159 1718 1201 apostolici

981 1211 1160 1250 auditores,
1179 1222 1214 1243 ac
1232 1211 1323 1243 Sedis
1339 1212 1550 1254 apostoticae
1569 1212 1718 1251 nuncios,

981 1265 1115 1297 iudicari
1142 1271 1173 1297 ct
1198 1265 1324 1297 definiri
1352 1267 1472 1298 debere.
1489 1293 1496 1303 ,
1529 1276 1564 1297 ae
1595 1265 1719 1297 irritum

981 1323 1012 1350 et
1037 1319 1132 1351 inane
1159 1319 1184 1350 si
1211 1329 1302 1350 secus
1321 1329 1418 1361 super
1436 1319 1486 1350 liis
1504 1329 1521 1350 a
1542 1329 1719 1362 quoquam,

982 1372 1091 1414 quavis
1116 1372 1318 1411 auctoritate,
1343 1372 1485 1404 scienter
1498 1372 1548 1404 vel
1567 1371 1719 1413 ignoran-

984 1429 1041 1464 ter,
1069 1425 1242 1467 contigerit
1266 1425 1430 1457 attentari.

1026 1479 1040 1521 ἓ
1061 1478 1092 1510 5.
1119 1477 1187 1510 Non
1206 1478 1411 1510 obstantibus
1431 1477 1777 1525 constitutionibusPU3
1794 1520 1796 1524 Δ

982 1537 1014 1563 ct
1050 1530 1311 1563 ordinationibus
1338 1531 1545 1573 apostolicis,
1572 1541 1718 1571 necnon,

983 1584 1089 1626 quoad
1115 1594 1152 1616 ea
1176 1594 1259 1626 quae
1285 1584 1513 1626 praesentibus
1544 1583 1720 1616 adversan-

985 1644 1060 1677 tur,
1089 1638 1192 1670 dictae
1217 1637 1485 1680 Congregationis
1511 1637 1662 1675 fratrum,
1688 1637 1721 1668 il-

983 1692 1111 1734 linsquc
1130 1691 1380 1734 provinciarum,
1398 1691 1570 1722 domorum
1591 1700 1643 1722 seu
1664 1690 1722 1722 lio-

983 1744 1171 1787 spitalium,
1199 1743 1296 1775 etiam
1321 1743 1520 1782 iuramento,
1548 1742 1622 1775 etc.‘

1027 1798 1041 1841 g
1065 1797 1118 1829 ¹122.
1147 1797 1301 1829 Volumus
1327 1802 1433 1828 autem
1463 1801 1498 1828 ut
1532 1794 1915 1848 εεὶνῃιῑῖἀθιηΙΙξζᾞξῇΙξρίζξιζξὼ

984 1851 1206 1894 praesentium
1226 1850 1408 1882 litterarum
1429 1849 1647 1892 transumptis,
1663 1859 1720 1882 seu

985 1904 1148 1946 exemplis
1176 1903 1271 1935 etiam
1297 1902 1472 1945 impressisv
1501 1902 1576 1934 0th

1028 1957 1141 1989 Datum
1173 1956 1293 1994 Romae
1321 1956 1406 1998 apud
1431 1956 1461 1988 S.
1489 1956 1635 1996 Petrum,
1661 1957 1721 1988 sub

984 2011 1105 2042 annulo
1135 2009 1330 2047 piscatoris,
1357 2009 1408 2041 die
1437 2019 1493 2041 xm
1530 2009 1723 2051 septembris

984 2072 1192 2101 Moccxxviu,
1219 2061 1427 2104 pontificatus
1452 2061 1556 2094 nostri
1581 2072 1666 2094 anno
1692 2073 1719 2094 v.

1021 2124 1078 2150 nat.
1095 2124 1139 2150 die
1161 2124 1190 2149 13
1206 2123 1372 2157 septembris
1391 2122 1470 2156 1728,
1493 2123 1593 2157 pontis.
1610 2131 1680 2149 anno
1697 2130 1722 2148 v,

1256 2264 1449 2298 ccxxxt'tt.

987 2335 1187 2368 Slalumzlm·
1211 2335 1376 2367 nonnulla
1404 2339 1493 2367 motu
1522 2335 1656 2378 proprio
1688 2336 1723 2367 in

1486 2388 1495 2401 ‘3

1030 2387 1233 2430 qabellarum
1258 2387 1462 2430 fraudatores
1485 2398 1507 2419 ·.

1020 2458 1033 2484 1
1058 2457 1090 2484 Ut
1109 2465 1190 2493 supra
1211 2465 1272 2492 pag.
1294 2458 1341 2484 471
1365 2466 1381 2483 α
1402 2458 1502 2491 (R.T.).

1021 2501 1037 2527 Ξ
1058 2501 1088 2528 Ut
1108 2509 1192 2535 supra
1213 2509 1272 2536 pag.
1295 2501 1346 2528 459
1366 2502 1381 2527 b
1400 2503 1438 2535 (n.
1452 2503 1501 2532 Τ.).
1551 2519 1554 2523 .

1021 2546 1036 2573 3
1053 2546 1153 2572 Similia
1169 2548 1268 2572 statuta
1281 2553 1295 2571 a
1312 2545 1441 2573 Romanis
1453 2546 1632 2573 Pontificibus
1647 2546 1722 2573 aliis-

986 2600 1037 2627 que
1068 2590 1203 2617 iudicibus
1231 2590 1403 2617 interioribus
1430 2590 1506 2618 Urbis
1535 2591 1657 2618 confecta
1680 2590 1722 2616 tue

1802 1479 1914 1498 tanatum

1767 1514 1770 1524 Ι
1783 1513 1786 1523 1
1799 1512 1845 1525 tt'l='t
1854 1512 1894 1525 ΙΗΠ.

1728 209 1778 234 an.
1795 208 1824 234 C.
1843 207 1910 235 ¹728
