2170 3147
29 171 80 198 An.
96 169 126 198 C.
148 169 216 197 ¹726

78 1596 212 1618 confirmatio

31 1623 90 1645 retati
105 1623 193 1644 decreti.

811 169 1004 195 BEnEDIC‘rtJS
1030 169 1086 194 XIII
1110 170 1159 194 PP.

221 222 281 256 est,
306 218 340 248 ad
365 218 519 249 utilitatem
544 222 572 248 et
593 218 805 249 incrementum
829 218 957 249 dilectis-

221 266 288 296 simi
313 266 395 296 nobis
419 267 446 295 in
469 266 583 296 Christo
606 276 639 296 ac
662 267 874 305 religiosissimi
889 267 957 296 Ter-

221 314 253 343 tii
278 314 395 344 Ordinis
418 319 580 353 opportune
604 316 747 350 conferre,
772 315 798 344 vi
823 324 956 353 praesen-

221 361 293 390 tium
330 362 529 400 prohibemus,
560 371 595 391 ne
624 363 800 400 quicumque
830 363 958 401 legitime

221 411 333 440 electus
355 411 416 440 sive
439 411 590 440 institutus
612 415 640 440 et
669 416 838 450 acceptatus
871 411 958 440 fuerit

220 459 251 489 in
274 459 506 489 commissarium
530 459 659 489 eiusdem
682 459 772 488 Tertii
795 459 912 488 Ordinis
927 459 957 488 in

222 508 372 546 provincia
395 510 493 537 nostra
510 508 603 537 Fluvii
626 508 765 543 Ianuarii,
786 507 879 536 donec
897 507 959 536 sue-

221 556 260 586 rit
281 556 391 585 eisdem
414 556 552 586 fratribus
564 556 714 585 Tertiariis
726 559 872 594 acceptus,
894 565 957 592 pos-

221 604 259 634 sit
287 604 322 633 ab
347 614 380 634 eo
402 605 510 641 officio,
543 604 628 634 nobis
656 608 707 633 aut
738 603 957 633 successoribus

220 653 327 682 nostris
340 653 525 687 inconsultis,
541 653 696 687 removeri,
710 652 795 682 etiam
808 652 957 682 occasione

221 701 413 739 promotionis
447 701 481 730 ad
511 701 753 740 provincialatum
789 705 837 730 aut
868 700 957 739 quod-

221 758 346 788 cumque
368 749 446 779 aliud
479 749 606 779 osticium
641 759 692 788 pro
725 753 854 788 tempore
876 758 958 779 exer-

221 796 282 826 citii
305 797 525 836 incompatibile
548 807 614 827 cum
637 798 822 836 supradicto;
846 797 895 827 sed
928 797 957 826 in

221 854 254 874 eo
277 854 344 874 casu
369 845 566 875 substituatur
589 846 663 876 alius
685 846 839 884 religiosus
862 855 912 885 pro
925 855 958 875 eo

220 897 350 932 tempore
374 897 499 930 tantum,
524 904 579 933 quo
602 898 756 928 transacto,
782 899 862 934 pater
881 904 959 924 com-

220 941 373 971 missarius
399 946 533 971 exerceat
557 946 587 972 ut
609 947 693 972 antea
717 952 822 972 munus
851 953 956 973 suum:

221 988 337 1018 sublata
369 989 601 1029 quibuscumque
630 991 736 1020 nostris
768 991 958 1020 inferioribus

221 1046 305 1067 secus
339 1038 494 1068 ordinandi
517 1043 566 1068 aut
593 1039 717 1068 faciendi
750 1045 906 1078 potestate,
930 1050 958 1070 0-

222 1095 379 1125 mnemque
410 1087 623 1117 institutionem
655 1088 721 1117 novi
745 1089 956 1124 commissarii,

222 1144 296 1174 quae
317 1140 419 1165 contra
444 1137 641 1174 praesentium
658 1141 823 1166 nostrarum
846 1138 957 1167 littera-

222 1192 287 1212 rum
310 1187 441 1212 tenorem
463 1184 655 1222 imposterum
679 1184 741 1221 fiat,
758 1193 792 1213 ex
809 1194 886 1215 nuuc
906 1195 958 1224 pro

222 1235 291 1261 tunc
312 1231 422 1261 nullam
445 1236 473 1261 et
495 1232 609 1261 irritam
631 1232 825 1262 declaramus.
856 1234 957 1264 Datum

221 1279 330 1311 Romae
352 1280 382 1310 in
404 1285 548 1310 conventu
571 1285 670 1311 nostro
692 1282 721 1312 S.
735 1282 841 1312 Mariae
856 1282 959 1313 Trans-

222 1329 359 1368 pontinae
383 1329 429 1359 die
452 1333 479 1359 et
502 1339 578 1359 anno
601 1335 632 1360 ut
659 1340 759 1369 supra.
776 1349 814 1353 —
835 1330 959 1361 IoANNEs

220 1376 340 1408 GASPAR
362 1377 533 1409 rizzotxxn
555 1379 703 1416 generalis
726 1380 956 1413 commissarius.

222 1441 258 1446 ——
290 1425 337 1455 Fr.
363 1425 505 1456 tosepaus
539 1427 635 1456 MAatA
667 1429 811 1458 Sommus
842 1429 960 1468 provin·

221 1474 304 1504 cialis
326 1474 441 1504 Scotiae
463 1480 491 1505 et
514 1476 689 1505 secretarius
719 1478 958 1507 reverendissimi

222 1523 324 1562 patris.
349 1523 417 1553 Loco
437 1526 455 1560 †
476 1524 572 1562 sigilli.

266 1580 281 1623 ᾗ
305 1580 335 1613 2.
363 1580 440 1614 Cum
466 1588 589 1621 autem,
617 1582 720 1615 sieut⁴
747 1583 822 1616 dicti
861 1595 959 1627 expo-

223 1640 337 1666 nentes
362 1634 538 1676 praemissa
571 1645 631 1677 pro
667 1635 794 1668 illorum
825 1635 957 1669 firmiori

223 1686 432 1720 subsistentia
469 1688 671 1730 apostolicae
703 1689 958 1722 confirmationis

223 1746 355 1773 nostrae
379 1741 563 1783 patrocinio
590 1742 782 1774 communiri
817 1753 960 1775 summo-

221 1803 299 1836 pere
324 1794 525 1826 desiderent:
552 1804 623 1834 nos,
645 1795 733 1837 ipsos
760 1802 958 1838 exponentes

221 1846 419 1889 specialibus
445 1847 605 1879 favoribus
627 1853 658 1880 et
676 1847 787 1889 gratiis
806 1849 958 1891 prosequi

222 1899 391 1939 volentes,
416 1905 447 1931 et
468 1911 577 1933 eorum
603 1900 784 1942 singulares
804 1912 960 1943 personas

222 1962 240 1984 a
274 1952 441 1994 quibusvis
486 1953 850 1993 excommunicationis,
892 1964 958 1986 sus-

222 2003 389 2051 pensionis
416 2011 447 2037 et
480 2005 664 2043 interdicti,
692 2006 828 2049 aliisque
856 2008 961 2039 ecele-

223 2055 360 2089 siasticis
385 2058 577 2096 sententiis,
599 2059 744 2091 censuris
770 2064 801 2091 et
826 2059 958 2102 poenis,

223 2118 241 2141 a
264 2108 333 2141 iure
351 2110 401 2142 vel
424 2110 463 2142 ab
490 2110 632 2149 homine,
658 2111 768 2153 quavis
789 2111 959 2144 occasione

222 2162 275 2195 vel
295 2165 388 2195 causa
406 2163 496 2202 latis,
521 2163 546 2195 si
573 2164 692 2206 quibus
713 2165 961 2207 quomodolibet

223 2214 396 2247 innodatae
434 2215 597 2256 existunt,
622 2217 661 2249 ad
688 2217 836 2250 effectum
868 2228 961 2261 prae-

223 2268 361 2301 sentium
388 2268 553 2301 dumtaxat
586 2270 874 2312 consequendum,
906 2271 961 2303 ha-

223 2331 295 2354 rum
320 2322 404 2355 serie
434 2323 639 2355 absolventes
660 2329 693 2355 et
710 2324 873 2356 absolutas
891 2324 960 2356 sore

223 2380 417 2414 censentes,
442 2375 735 2418 supplicationibus
763 2386 875 2408 eorum
905 2387 961 2409 no-

222 2428 309 2460 mine
334 2427 427 2460 nobis
452 2438 551 2471 super
572 2428 634 2461 hoe
660 2428 826 2461 humiliter
850 2440 962 2472 porre-

224 2481 282 2515 ctis
301 2481 457 2520 inclinati,
473 2480 727 2523 prohibitionem
745 2492 762 2514 a
781 2487 960 2515 memorato

260 2544 272 2570 t
294 2542 408 2578 Aliquod
427 2542 504 2570 deest
525 2551 566 2570 ex.
587 2552 613 2579 g.
634 2544 808 2579 accepimus,
830 2544 868 2580 (n.
888 2545 924 2580 T).

1000 218 1142 262 Gasparo
1160 218 1269 262 priore
1288 218 1431 261 generali
1457 218 1581 258 factam,
1596 223 1630 250 ut
1647 228 1740 261 prae-

1003 272 1117 312 fertur,
1140 272 1393 315 expeditumque
1416 273 1554 315 desuper
1575 271 1663 304 illius
1690 270 1741 303 de-

1001 330 1127 356 cretum
1170 325 1411 368 praeinscrnnn
1429 352 1436 365 ,
1475 336 1546 357 cnm
1590 323 1739 357 omnibus

1002 382 1030 408 et
1057 377 1196 419 singulis
1222 378 1253 410 in
1280 389 1318 410 eo
1346 378 1521 416 contentis,
1548 377 1739 409 auctoritate

1002 430 1192 471 apostolica,
1220 436 1334 462 tenore
1362 430 1598 473 praesentium,
1623 428 1740 462 contir-

1001 493 1122 513 mamus
1149 488 1179 514 et
1204 483 1431 525 approbamus,
1460 483 1574 526 illique
1601 482 1738 514 inviola-

1001 533 1074 565 bilis
1101 535 1301 577 apostolicae
1327 535 1487 567 firmitatis
1508 535 1607 568 robur
1628 534 1740 568 adiici-

1002 596 1080 625 mus,
1107 598 1143 618 ac
1168 597 1282 620 omnes
1301 593 1333 620 et
1350 588 1497 630 singulos
1515 588 1595 620 iuris
1618 593 1649 621 et
1666 587 1740 620 sacti

1002 637 1146 670 desectus
1172 640 1373 681 supplemus.

1044 690 1058 733 ξ,
1082 691 1113 724 3.
1141 691 1379 731 Decernenles,
1401 693 1528 725 easdem
1549 698 1741 736 praesentes

1002 743 1126 776 litteras
1151 754 1281 787 semper
1305 745 1423 784 firmas,
1445 745 1567 778 validas
1585 750 1615 778 et
1640 746 1741 777 effica-

1001 807 1054 828 ces
1081 796 1220 829 existere
1247 803 1278 829 et
1303 798 1385 836 sore,
1406 809 1548 840 suosque
1575 797 1740 840 plenarios

1001 854 1032 881 et
1058 849 1203 891 integros
1230 849 1364 882 effectus
1390 851 1499 882 sortiri
1527 856 1557 883 et
1581 851 1740 891 obtinere,

1000 912 1036 933 ac
1061 901 1185 934 eisdem
1211 903 1450 945 exponentibus
1475 903 1506 935 in
1532 903 1683 936 omnibus
1710 908 1741 936 et

1002 965 1059 997 per
1084 955 1193 987 omnia
1214 956 1405 998 plenissime
1430 955 1611 998 suffragari,
1629 955 1742 998 sicque

1001 1008 1033 1040 in
1056 1009 1245 1051 praemissis
1272 1019 1330 1051 per
1361 1020 1585 1052 quoscumque
1618 1009 1740 1042 iudices

1002 1061 1185 1094 ordinarios
1209 1067 1240 1094 et
1258 1061 1441 1104 delegatos,
1459 1063 1555 1095 etiam
1576 1073 1742 1095 causarum

1002 1115 1112 1157 palatii
1138 1115 1310 1157 apostolici
1339 1116 1522 1155 auditores,
1545 1116 1680 1149 iudicari
1712 1120 1744 1148 et

1002 1167 1130 1200 deliniri
1150 1168 1291 1208 debere,
1321 1180 1356 1201 ac
1382 1169 1510 1201 irritum
1534 1175 1565 1202 et
1594 1169 1689 1202 inane
1715 1168 1742 1201 si

1001 1231 1094 1254 secus
1124 1232 1221 1264 super
1246 1221 1296 1253 his
1321 1232 1338 1254 a
1357 1232 1532 1265 quoquam,
1553 1222 1662 1265 quavis
1692 1232 1744 1254 au-

1002 1274 1161 1313 ctoritate,
1177 1274 1317 1308 scienter
1341 1276 1392 1308 vel
1418 1275 1616 1318 ignoranter,
1639 1275 1743 1308 eonti-

1003 1328 1089 1370 gerit
1113 1328 1278 1361 attentari.

1046 1382 1060 1424 ἓ
1088 1381 1120 1413 4.
1153 1380 1222 1414 Non
1252 1381 1456 1415 obstantibus
1482 1382 1677 1425 praemissis,
1705 1393 1742 1416 ao

1002 1434 1289 1467 constitutionibus
1315 1440 1347 1467 et
1378 1435 1641 1468 ordinationibus
1667 1446 1743 1479 apo-

1003 1487 1148 1527 stolicis,
1184 1499 1332 1528 necnon,
1373 1494 1534 1532 quatenus
1564 1500 1647 1532 opus
1680 1489 1743 1531 sit,

1003 1540 1187 1582 provinciae
1200 1545 1231 1573 et
1245 1540 1372 1573 Ordinis
1383 1541 1634 1584 praedictorum,
1646 1542 1742 1575 etiam

1003 1593 1197 1632 iuramento,
1218 1594 1463 1627 confirmatione
1484 1595 1674 1638 apostoliea.
1691 1601 1744 1628 aut

1004 1648 1114 1689 quavis
1141 1647 1289 1680 firmitate
1315 1648 1377 1679 aliti
1398 1648 1574 1687 roboratis,
1601 1648 1743 1689 statutis,

1003 1698 1304 1739 consuetudinilms,
1332 1700 1512 1742 privilegiis
1539 1710 1679 1743 quoque,
1696 1701 1744 1733 in-

1004 1752 1101 1784 dultis
1128 1757 1159 1784 et
1189 1752 1306 1784 litteris
1338 1752 1528 1795 apostolicis
1555 1753 1586 1785 in
1612 1759 1742 1786 contra-

1004 1804 1086 1837 rium
1114 1805 1367 1848 praemissorum
1393 1806 1642 1848 quomodolibet
1666 1817 1744 1839 con-

1004 1859 1115 1897 cessis,
1140 1858 1337 1891 contirmatis
1364 1864 1396 1891 et
1424 1858 1599 1900 innovatis;
1627 1859 1744 1902 quihus

1005 1911 1157 1944 omnibus
1190 1917 1221 1944 et
1252 1911 1407 1953 singulis,
1445 1911 1574 1945 illorum
1614 1918 1744 1946 tenores

1005 1963 1231 2006 praesentibus
1257 1974 1315 2007 pro
1341 1965 1436 2007 plene
1473 1970 1506 1997 et
1543 1965 1745 1998 sufficienter

1005 2017 1167 2059 expressis
1188 2027 1224 2049 ae
1242 2017 1280 2049 ad
1311 2017 1443 2049 verbum
1467 2017 1598 2050 insertis
1620 2018 1745 2050 haben-

1004 2073 1062 2109 tes,
1078 2069 1140 2102 illis
1154 2069 1231 2101 alias
1248 2069 1280 2101 in
1299 2080 1356 2101 suo
1375 2069 1493 2102 robore
1508 2071 1741 2112 permansuris,

1004 2121 1043 2153 ad
1080 2122 1335 2164 praemissorum
1371 2120 1547 2162 effectum,
1585 2123 1646 2155 hac
1676 2122 1744 2155 vice

1005 2174 1188 2214 dumtaxat,
1214 2174 1402 2217 specialiter
1426 2180 1456 2207 et
1480 2185 1636 2218 expresse
1655 2175 1745 2209 dero·

1004 2237 1133 2269 gamus;
1152 2227 1335 2270 ceterisque
1353 2227 1526 2260 contrariis
1540 2228 1745 2270 quibuscum-

1005 2289 1078 2322 que.

1050 2331 1162 2363 Datum
1188 2331 1322 2372 Romae,
1347 2332 1431 2375 apud
1449 2331 1480 2365 S.
1508 2332 1654 2374 Petrum,
1684 2333 1743 2366 sub

1006 2385 1127 2416 annulo
1136 2384 1324 2424 Piscatoris,
1336 2385 1388 2417 die
1404 2395 1475 2418 xxiv
1489 2385 1557 2418 iulii
1571 2395 1742 2427 nnccxxvi,

1004 2437 1214 2481 pontificatus
1235 2438 1335 2470 nostri
1361 2449 1447 2472 anno
1473 2448 1521 2472 111.

1042 2498 1098 2525 Dal.
1120 2498 1162 2526 die
1183 2499 1217 2526 24
1237 2498 1293 2526 iulii
1316 2499 1397 2532 1726,
1418 2499 1515 2535 pontif.
1535 2508 1605 2527 anno
1625 2507 1662 2527 ln.

1636 159 1695 193 3811
1746 169 1795 195 An.
1812 168 1840 196 c.
1862 169 1932 196 ¹726

1779 700 1901 723 Clausulam

1821 1385 1938 1410 Dat—ogau«,

1752 1415 1917 1434 contrariorum.
