2170 3147
435 193 498 226 506

399 251 658 295 quibuscumque
687 248 854 281 tenoribus
888 252 918 280 et
947 246 1057 280 formis
1084 256 1144 289 per

399 305 562 337 Romanos
590 300 761 334 Pontifices
786 300 1058 344 praedecessores
1087 309 1144 332 no-

400 364 495 397 stros,
512 367 546 389 ac
562 355 733 398 nosipsos,
748 360 780 387 et
797 354 913 387 Sedem
932 353 1143 397 praedictam,

400 422 472 444 cun]
504 409 672 452 quibusvis
709 408 891 447 irritativis,
926 406 1145 449 annullativis,

400 463 588 502 cassativis‚
630 460 846 500 revocativis‚
894 460 1144 501 modificatixds,

399 516 668 561 1·racset*i'ativiS,
706 515 903 558 exceptivis,
939 514 1145 554 restitutivis,

401 569 612 612 derogativis,
638 568 776 612 aliisque
804 568 1054 607 efficacioribus,
1082 567 1147 600 effi-

401 622 577 656 cacissimis
603 627 633 654 et
658 622 799 655 insolitis
824 622 990 661 clausulis,
1018 621 1148 654 irritan-

402 677 554 720 tibusque
581 681 611 708 et
637 675 707 708 aliis
734 676 887 715 decretis,
907 675 938 707 in
959 685 1080 718 genere
1100 675 1147 707 vel

401 732 434 764 in
459 730 588 774 specie,
615 730 709 762 etiam
748 735 838 762 motu
872 730 963 773 pari,
991 739 1026 761 ac
1053 728 1148 762 etiam

401 783 685 824 consistorialiter,
706 787 761 816 aut
786 783 866 816 alias
891 783 1148 826 quomodolibet,

402 838 497 872 etiam
536 837 661 870 iteratis
702 835 842 876 vicibus,
878 836 910 868 in
948 837 1147 869 contrarium

401 891 659 938 praemissorum
695 890 878 929 concessis,
903 890 1092 933 approbatis
1119 896 1150 924 et

401 945 584 985 innovatis;
613 944 733 987 quibus
759 943 910 977 omnibus
937 948 969 976 et
994 943 1148 987 singulis,

403 999 527 1033 etiamsi
555 999 593 1030 de
620 997 685 1030 illis
713 1007 893 1040 eorumque
925 997 1000 1029 totis
1028 997 1150 1030 tenori-

402 1055 461 1087 bus
487 1051 649 1096 specialis,
677 1050 841 1093 specifica,
867 1060 1019 1094 expressa
1045 1056 1077 1084 et
1103 1050 1150 1084 in-

403 1107 555 1147 dividua,
585 1116 619 1138 ac
646 1105 685 1138 de
711 1106 810 1138 verbo
836 1105 874 1137 ad
903 1105 1057 1145 verbum,
1084 1116 1149 1139 non

403 1167 511 1194 autem
549 1170 607 1203 per
644 1159 806 1192 clausulas
851 1159 1023 1201 generales
1064 1159 1150 1192 idem

404 1214 636 1257 importantes,
664 1212 787 1244 mentio
826 1222 882 1244 seu
921 1212 1054 1255 quaevis
1087 1212 1151 1244 alia

404 1267 571 1311 expressio
598 1266 751 1298 habenda
769 1271 824 1297 aut
842 1276 1067 1308 ‹piaecunique
1088 1266 1150 1298 alia

405 1321 564 1364 exquisita
591 1320 692 1353 forma
719 1319 756 1351 ad
783 1319 845 1352 hoc
871 1320 1031 1352 servanda
1058 1319 1149 1360 soret,

405 1375 536 1407 illorum
560 1373 704 1406 onmium
731 1379 760 1405 et
786 1373 989 1415 singulorum
1020 1378 1150 1406 tenores

405 1427 635 1472 praesentibus
669 1437 727 1469 pro
761 1427 859 1469 plene
888 1432 920 1459 et
952 1426 1151 1459 sufficienter

408 1481 568 1524 expressis
595 1485 627 1512 et
647 1479 779 1512 insertis
798 1479 970 1519 habentes,
991 1479 1054 1511 illis
1073 1479 1151 1512 alias

406 1535 438 1566 in
465 1545 522 1566 suo
548 1533 667 1566 robore
685 1532 921 1576 permansuris,
944 1532 1101 1565 latissime
1121 1538 1152 1565 et

407 1587 595 1631 plenissime
632 1597 668 1619 ac
705 1586 895 1628 specialiter
929 1591 961 1618 et
997 1596 1151 1629 expresse

408 1641 625 1682 derogamus,
654 1640 837 1682 ceterisque
875 1639 1047 1672 contrariis
1083 1639 1154 1682 qni-

408 1696 627 1737 buscuunptcg
649 1699 700 1726 aut
719 1694 743 1726 si
764 1692 927 1737 aliquibus
950 1693 1151 1726 coniunctim

408 1749 454 1780 vel
484 1749 609 1780 divisim
630 1748 669 1779 ab
688 1748 801 1781 eadem
822 1747 863 1779 sit
880 1747 963 1780 Sede
990 1747 1151 1780 indultum

206 206 253 229 An.
270 204 300 229 C.
320 203 386 231 1727

409 1803 495 1844 quod
523 1801 684 1839 interdici,
707 1800 866 1844 suspendi
894 1801 943 1833 vel
970 1802 1175 1833 &commu-¹

409 1855 511 1887 nicari
540 1865 603 1887 non
631 1854 759 1896 possint
784 1864 844 1897 per
869 1854 996 1887 litteras
1027 1860 1153 1896 aposto-

409 1909 488 1942 licas
514 1919 578 1940 non
606 1908 762 1940 facientes
788 1909 918 1951 plenam
958 1913 987 1940 et
1023 1918 1154 1950 expres-

411 1972 478 1994 sam
505 1972 540 1994 ac
563 1962 601 1994 dc
626 1962 725 1993 verbo
752 1962 790 1993 ad
817 1961 950 1994 verbum
970 1961 1008 1994 de
1028 1961 1154 1994 indulto

410 2015 595 2047 huiusmodi
623 2014 835 2047 mentionem.

456 2069 470 2111 g
495 2068 526 2101 9.
554 2068 707 2101 Volumus
738 2072 873 2107 autem,
900 2074 933 2100 ut
966 2068 1153 2101 earumdem

243 2078 320 2098 uarum
332 2084 400 2097 exem-

216 2106 256 2130 plu
279 2105 400 2125 ouiuuumta

217 2132 268 2151 fiaes
289 2132 398 2152 namur.
411 2121 632 2166 praesentium
652 2122 833 2154 litterarum
851 2121 1077 2164 transumptis,
1093 2133 1154 2154 nia-
1176 2149 1177 2158 ι

413 2186 452 2207 nu
487 2176 625 2208 alieuius
653 2186 687 2207 ex
715 2174 899 2207 secretariis
926 2175 1068 2207 ministri
1105 2176 1154 2208 vel

413 2228 629 2261 commissarii
646 2228 808 2270 generalis
819 2227 948 2260 Ordinis
966 2229 1154 2261 eorumdem

415 2283 546 2313 t'ratrum
582 2281 738 2313 Minoruin
779 2281 817 2314 de
854 2281 1064 2314 Observantia
1099 2292 1154 2314 scu

413 2335 532 2366 notarii
556 2334 677 2377 publici
703 2335 912 2378 subscriptis,
932 2340 964 2368 et
981 2335 1087 2378 sigillo
1109 2336 1155 2368 os·

412 2386 475 2419 sicii
503 2387 647 2420 ciusdem
687 2388 824 2421 ministri
862 2390 910 2421 vel
943 2388 1154 2421 commissarii

414 2445 465 2472 aut
485 2441 708 2482 procuratoris
726 2441 890 2483 generalis
908 2441 1010 2484 ipsius
1026 2442 1155 2475 Ordinis

414 2494 462 2525 vel
490 2493 621 2524 alterius
653 2504 811 2536 peis-onae
845 2495 876 2526 in
914 2495 1071 2537 dignitate
1105 2506 1155 2528 ee·

414 2546 595 2578 clesiastira
627 2547 823 2579 constitutae
849 2547 1002 2588 munitis,
1039 2548 1153 2581 eadem

414 2610 546 2644 prorsus
565 2598 643 2632 fides
678 2599 708 2631 in
743 2600 864 2633 iudicio
891 2606 922 2633 et
948 2606 1036 2634 extra
1063 2602 1155 2634 adhi-

981 197 1164 222 BULLARIUM
1191 196 1348 221 ROMANUM

1947 197 2129 226 An.C.1727
2160 182 2170 233 ξ

1187 245 1324 286 beatur,
1351 255 1433 289 quae
1459 245 1692 288 praesentibus
1726 244 1807 288 ipsis
1840 244 1947 278 adhi-v
2160 235 2170 247 ⁷

1187 299 1324 331 beretur
1338 298 1363 330 si
1384 298 1491 331 forent
1516 298 1682 331 exhibitae
1701 298 1751 331 vel
1768 303 1930 331 ostensae.

1232 352 1246 395 {j
1271 351 1323 384 to.
1354 352 1439 385 Nulli
1459 362 1538 395 ergo
1558 351 1692 385 omnino
1710 351 1883 384 hominum
1899 351 1934 384 li·
1959 363 2130 386 sumomon-
2161 342 2170 383 ’ζ

1189 411 1260 438 ceat
1288 406 1372 438 hanc
1386 406 1540 449 paginam
1555 411 1687 438 nostrae
1706 405 1932 444 absolutionis,

1189 458 1443 502 approbationis,
1459 457 1725 496 confirmationis,
1751 457 1934 491 innovatio-

1191 512 1240 545 nis
1256 539 1263 552 ,
1288 522 1389 545 novae
1416 511 1664 550 concessionis,
1693 510 1819 544 roboris
1845 511 1934 544 adie—

1191 565 1319 605 ctionis,
1345 566 1529 599 defectuum
1557 564 1777 608 suppletionis
1792 591 1799 604 ,
1818 564 1934 597 inhibi-

1193 619 1299 659 tionis,
1316 618 1440 651 decreti
1456 623 1488 651 et
1502 617 1729 660 derogationis
1743 617 1934 661 infringere,

1191 674 1241 706 vel
1268 673 1296 706 ei
1323 683 1402 719 ausu
1424 671 1598 705 temerario
1619 670 1800 712 contraire;
1819 671 1844 704 si
1863 671 1936 715 quis

1192 732 1299 759 autem
1317 726 1381 759 hoc
1405 730 1566 759 attentare
1587 724 1864 769 praesumpserit,
1891 724 1938 757 in-

1193 779 1416 822 dignationem
1442 778 1679 821 omnipotentis
1709 778 1765 811 Dei
1798 788 1835 811 ac
1859 778 1937 811 bea-

1194 838 1300 865 torum
1326 833 1412 865 Petri
1442 838 1474 865 et
1499 831 1587 865 Pauli
1614 832 1841 875 apostolorum
1867 831 1937 864 eius

1194 897 1227 919 se
1254 886 1383 919 noverit
1410 886 1635 919 incursurum.

1237 940 1349 973 Datum
1376 939 1508 977 Romae,
1527 939 1613 982 apud
1639 938 1670 972 S.
1690 939 1831 979 Petrum,
1850 949 1936 972 anno

1193 993 1430 1026 Incarnationis
1445 993 1625 1026 dominicae
1643 1002 1828 1032 Moccxxvu‚
1847 1002 1866 1024 v
1884 1002 1939 1025 no-

1194 1057 1251 1079 nas
1266 1047 1407 1087 martias,
1423 1046 1635 1090 pontificatus
1662 1046 1769 1080 nostri
1788 1056 1875 1079 anno
1890 1055 1937 1079 111.

1229 1109 1288 1136 Dat.
1311 1109 1354 1136 die
1375 1109 1390 1136 3
1410 1108 1502 1136 martii
1524 1109 1590 1136 1727
1604 1129 1611 1143 ,
1632 1108 1730 1144 pontif.
1753 1115 1824 1135 anno
1843 1113 1882 1135 ιιι.

1519 1250 1634 1285 CLXX.

1196 1333 1390 1368 Conceditur
1407 1331 1549 1376 facultas
1566 1331 1727 1375 fratribus
1750 1329 1938 1365 Carmelr'lis

1235 1387 1424 1430 provinciae
1451 1385 1597 1418 Baeticae
1631 1382 1834 1427 suscipiendi
1865 1382 1939 1416 lau-

1238 1451 1328 1473 ream
1353 1440 1538 1472 doctoratus
1564 1439 1599 1471 in
1627 1437 1761 1481 colleqz'o
1788 1437 1818 1471 S.
1837 1436 1941 1470 Rochi

1239 1495 1383 1527 civitatis
1410 1492 1622 1528 Cordubensis
1647 1492 1665 1524 ¹.

1364 1574 1547 1602 Benedictus
1568 1574 1649 1607 Papa
1669 1573 1755 1606 XIII,

1337 1621 1373 1647 ad
1392 1620 1527 1646 futuram
1548 1619 1594 1646 rei
1614 1617 1800 1645 memoriam.

1241 1692 1255 1736 ,ξ
1280 1691 1311 1725 1.
1340 1690 1464 1734 Ewponi
1493 1690 1588 1723 nobis
1606 1699 1713 1731 nuper
1732 1689 1877 1722 fecerunt
1895 1687 1941 1720 di·
1953 1698 2012 1720 Facu
2033 1699 2136 1726 exponuo

1197 1745 1268 1779 lecti
1292 1745 1349 1778 tilii
1368 1744 1528 1787 Iosephus
1547 1743 1586 1776 de
1601 1742 1713 1775 Castro
1733 1747 1764 1775 et
1780 1740 1939 1784 Iosephus
1952 1728 2081 1773 {2113}ssssss
2097 1726 2138 1773 {fif-¹

1198 1799 1385 1838 Barinono‚
1416 1798 1529 1829 fratres
1555 1805 1710 1838 expresse
1737 1794 1876 1838 professi
1904 1780 2072 1836 aellfflffssssss'l}
2108 1782 2138 1826 13}

1198 1858 1431 1895 procuratores
1469 1849 1658 1893 provinciae
1702 1848 1852 1881 Baeticae
1884 1833 2136 1886 Ot·-2¹ii.'1⁵.“²m¹⁰⁶u¹‘

1199 1905 1282 1938 dinis
1316 1905 1351 1938 B.
1387 1904 1506 1937 Mariae
1540 1904 1580 1936 de
1612 1902 1720 1935 Monte
1761 1901 1937 1939 Carmelo,

1199 1960 1304 2003 quod,
1322 1959 1408 1991 inter
1430 1958 1493 1990 alia
1518 1956 1696 1990 laudabilia
1721 1956 1865 1988 eiusdem
1883 1954 1940 1988 Or-

1175 2035 1177 2043 ,
1200 2013 1282 2044 dinis
1309 2017 1428 2044 statuta
1454 2010 1634 2054 apostolica
1653 2008 1847 2042 auctoritate
1866 2018 1942 2040 con-

1199 2065 1324 2098 firmata
1348 2092 1355 2106 ,
1399 2070 1529 2097 cautum
1571 2063 1739 2107 reperitur
1777 2067 1814 2095 ut
1853 2062 1941 2095 illius

1200 2119 1325 2158 fratres,
1352 2124 1525 2162 postquam
1553 2116 1734 2150 studiorum
1759 2126 1886 2149 cursum
1906 2126 1942 2149 ac

1199 2172 1433 2216 philosophiae
1472 2177 1503 2204 et
1541 2181 1653 2204 sacrae
1681 2169 1869 2212 theologiae
1896 2170 1941 2202 le-

1199 2233 1321 2259 cturam
1347 2224 1571 2268 expleverint,
1603 2222 1721 2269 quibus
1748 2222 1942 2267 peragendis

1199 2279 1295 2311 unius
1322 2283 1353 2311 et
1378 2277 1491 2320 viginti
1517 2286 1678 2309 annorum
1703 2277 1808 2320 spatio
1833 2277 1943 2310 elabo-

1200 2341 1269 2364 rare
1296 2334 1559 2368 consueverunt,
1596 2328 1628 2361 in
1668 2328 1776 2372 aliqua
1812 2330 1943 2373 publica

1199 2383 1295 2417 studii
1322 2383 1485 2426 generalis
1512 2382 1723 2415 universitate
1755 2382 1943 2416 doctoratus

1199 2438 1333 2480 gradum
1360 2436 1516 2480 consequi
1545 2442 1737 2476 teneantur,
1762 2437 1802 2469 ad
1828 2437 1891 2469 hoc
1908 2442 1943 2469 ut

1237 2520 1244 2544 1
1269 2517 1368 2543 Similis
1388 2517 1502 2543 facultas
1523 2517 1593 2543 sacta
1622 2516 1655 2543 ab
1682 2516 1778 2543 eodem
1809 2516 1940 2544 Pontifice

1198 2565 1282 2590 const.
1301 2562 1366 2589 edit.
1388 2569 1521 2595 sinccxxV,
1542 2562 1584 2589 die
1605 2561 1638 2588 30
1658 2561 1775 2595 augusti,
1792 2561 1887 2595 pontis.
1906 2569 1936 2596 n,

1199 2608 1324 2635 fratribus
1340 2608 1461 2636 eiusdem
1478 2609 1584 2636 Ordinis
1599 2608 1757 2644 provinciae
1773 2608 1938 2644 Aragoniae.

1946 390 2038 417 trtugero
2044 391 2131 413 audeat.
2164 387 2170 399 “
