2170 3147
9 190 56 217 Αη.
76 188 105 215 C.
129 187 196 214 1726

199 234 381 268 claustralis
408 239 440 266 et
465 233 622 275 regularis
649 232 867 272 observantia,
890 232 939 264 vel

200 287 232 319 in
257 287 351 320 aliam
377 285 570 327 religionem
607 284 852 327 hospitalariam
887 289 941 316 aut

197 339 389 378 militarem,
415 337 468 370 ubi
495 337 591 370 etiam
617 337 722 379 vigeat
758 336 939 369 claustralis

199 398 231 425 et
266 391 424 434 regularis
460 389 688 430 observantia,
715 389 939 431 compluribus

200 444 338 478 decretis
371 443 559 476 earumdem
592 441 883 484 Congregationum
909 447 940 474 et

199 497 321 541 optimo
347 496 441 529 statui
466 494 620 528 Ordinum
651 494 850 537 regularium
875 503 939 525 ma-

197 550 280 583 xime
307 549 495 593 opponitur.

69 616 187 646 eromuino
242 603 257 646 ᾗ
282 602 312 636 2.
340 602 443 642 Quare
469 600 647 644 praecipua
672 598 857 632 sollicitudo
877 609 937 631 no-

7 642 265 699 Sssfffssii'flnqissstra
299 664 374 697 erga
407 663 519 687 omnes
553 651 749 694 regularium
781 650 937 690 familias,

7 697 293 752 iifflffssssbse‘rf‘quas,
319 707 418 740 veluti
448 706 532 740 acies
558 710 739 737 castrorum
772 703 810 735 ad
842 714 938 736 excu-

6 752 76 802 {fffffl
96 755 135 769 ”⁰⁰
159 754 269 793 v¹’bias
295 759 462 792 militantis
482 757 646 790 Ecclesiae
668 757 850 795 ordinatas,
874 766 938 788 ma-

198 826 262 858 gno
286 820 317 848 et
343 823 416 846 vere
442 817 576 854 paterno
611 820 722 842 amore
748 809 938 852 complecti-

198 879 288 908 mur,
307 877 367 900 nos
392 870 518 903 monet,
538 869 573 896 ut
598 862 760 906 praesenti
787 862 939 894 coustitu-

199 921 306 960 tione,
334 919 366 951 in
400 928 459 951 suo
494 918 591 960 pleno
626 916 742 948 robore
770 920 800 947 et
826 916 937 957 vigore

198 972 364 1016 perpetuis
377 970 575 1012 temporibus
590 969 753 1006 duratura,
766 967 937 1010 integriori

199 1025 388 1059 eorumdem
414 1022 614 1065 regularium
648 1020 840 1063 disciplinae
865 1030 938 1063 pro-

199 1078 359 1115 videntes
386 1075 584 1119 praedictam
610 1074 829 1116 corruptelam
855 1075 939 1106 evet-

198 1132 268 1164 lere
294 1129 496 1162 studeamus.
524 1127 635 1170 ltaque
662 1126 811 1158 omnibus
830 1131 861 1159 et
878 1126 939 1158 sin-

199 1183 282 1226 gulis
302 1181 514 1224 regularibus,
530 1181 561 1212 in
578 1190 782 1223 quocumque
800 1179 939 1222 regulari

199 1241 231 1269 et
256 1234 422 1268 claustrali
446 1233 566 1266 Ordine
588 1233 752 1277 professis,
772 1232 939 1265 transitum

199 1289 238 1323 ad
264 1299 498 1332 quemcumque
519 1288 615 1320 alium
633 1287 800 1326 Ordinem,
824 1287 856 1319 in
875 1297 939 1330 quo

198 1342 377 1376 claustralis
404 1347 434 1374 et
459 1341 620 1383 regularis
643 1340 848 1373 observantia
873 1350 939 1372 non

198 1395 322 1438 rigeat,
348 1399 422 1437 post
445 1399 601 1426 maturam
628 1393 689 1426 liae
721 1393 760 1426 de
787 1403 821 1425 re
848 1392 940 1425 babi-

200 1454 265 1481 tam
300 1446 590 1486 deliberationem,
614 1452 703 1479 motu
736 1445 871 1489 proprio
908 1452 939 1479 et

200 1511 236 1534 ex
264 1501 349 1534 certa
375 1500 508 1532 scientia
533 1499 664 1532 omnino
690 1499 915 1542 prohibemus.

244 1554 259 1597 ἓ
284 1553 316 1587 3.
344 1553 525 1586 Transitum
555 1553 651 1585 etiam
677 1552 716 1584 ad
751 1563 939 1595 quemcum-

202 1617 264 1651 que
288 1606 442 1639 Ordinem
476 1605 723 1647 hospitalarium
749 1606 798 1637 vel
824 1604 939 1637 milita-

200 1670 289 1700 rem,
307 1660 356 1692 vel
382 1658 625 1701 hospitalarium
652 1658 744 1690 simul
772 1663 802 1690 et
828 1658 940 1690 milita-

200 1723 290 1752 rem,
317 1711 441 1745 etiamsi
478 1711 510 1743 in
549 1711 735 1743 huiusmodi
767 1711 940 1743 Ordinibus

199 1766 382 1798 claustralis
407 1770 438 1796 et
462 1764 623 1806 regularis
654 1763 857 1796 observantia
894 1763 939 1795 vi-

200 1824 306 1862 geret,
333 1828 369 1850 ac
395 1817 520 1850 etiamsi
548 1824 700 1859 ageretur
730 1817 768 1849 de
795 1819 941 1859 apostata

199 1872 248 1905 vel
274 1881 340 1904 non
360 1872 509 1914 apostata
527 1880 544 1902 a
565 1870 730 1912 primaevo
748 1880 806 1902 suo
821 1869 940 1903 Ordine

200 1925 239 1958 ad
276 1924 436 1957 eiusmodi
477 1923 574 1955 alium
613 1924 751 1956 transire
791 1924 938 1963 volente,

200 1978 270 2022 pari
293 1978 390 2010 modo
407 1976 632 2020 prohibemus.
653 1976 788 2019 Insuper
809 1976 941 2019 quibus-

201 2041 337 2075 cumque
354 2030 576 2073 superioribus
598 2030 808 2072 regularium,
825 2029 938 2062 S.R.E.

201 2084 421 2118 cardinalibus
446 2084 580 2126 legatis,
607 2083 750 2116 eiusdem
783 2083 814 2116 S.
846 2083 880 2116 R.
904 2083 937 2115 E.

202 2138 359 2171 cardinali
385 2136 496 2169 maiori
523 2135 786 2179 poenitentiario,
813 2136 941 2168 nunciis

202 2189 408 2235 Apostolicae
446 2188 557 2228 Sedis,
591 2189 768 2231 vicelegato
802 2188 941 2222 AveniO—

201 2243 318 2282 nensi,
345 2243 472 2285 utrique
509 2241 758 2284 Congregationi
797 2242 943 2274 cardina-

202 2299 280 2332 lium
317 2296 463 2339 negociis
500 2296 728 2339 episcoporum
761 2301 792 2327 et
816 2296 943 2337 regula-

202 2354 286 2386 rium
311 2349 514 2394 praepositae
551 2349 700 2391 sacrique
726 2347 860 2381 Concilii
878 2348 944 2380 Tri-

203 2404 329 2439 dentini
355 2403 566 2446 interpretum
593 2413 652 2445 per
676 2407 864 2446 praesentes
886 2403 944 2435 tel-

204 2459 320 2498 limus,
347 2467 536 2490 revocamus
563 2460 594 2489 et
618 2456 811 2498 abrogamus
846 2466 944 2499 quae-

205 2521 341 2554 cumque
356 2509 536 2554 privilegia,
551 2509 768 2550 auctoritates,
779 2509 945 2542 facultates

206 2569 238 2598 et
275 2563 530 2597 consuetudines
571 2562 731 2594 eiusmodi
773 2562 944 2595 transitum

294 2627 371 2655 Butz.
392 2625 474 2652 Rom.
495 2640 528 2645 —-
552 2624 612 2653 Vol.
633 2624 724 2652 XXII.
870 2624 898 2650 41

785 184 979 209 BEXEDltssTLS
1005 184 1059 207 >3221
1084 184 1132 208 Pr.

1618 170 1678 204 321

961 237 965 248 “
984 230 1187 265 concedendi
1200 230 1392 273 cuicumque
1409 228 1547 272 regulari
1560 227 1721 261 claustrali

983 289 1149 327 apostatae
1174 284 1223 316 vel
1241 293 1306 316 non
1325 287 1500 325 apostatae,
1520 291 1722 324 quacumque

984 337 1022 369 de
1048 339 1163 376 causa,
1183 336 1329 380 quamvis
1350 336 1444 369 etiam
1463 345 1637 368 consensus
1660 340 1722 366 tam

983 389 1177 431 superioris,
1204 389 1236 422 in
1269 390 1359 422 cuius
1384 388 1503 421 Ordine
1530 394 1624 420 antea
1650 397 1723 430 pro-

984 441 1085 473 fessus
1110 441 1220 480 fuerit,
1239 452 1334 484 quam
1355 441 1489 474 alterius
1517 439 1720 483 superioris,

983 493 1016 525 in
1042 493 1132 526 cuius
1173 493 1293 527 Ordine
1331 505 1447 526 novam
1484 493 1721 536 professionem

983 546 1132 578 emittere
1159 547 1307 586 voluerit,
1335 547 1477 579 accedat.

1026 599 1041 641 g
1066 598 1097 630 4.
1125 598 1225 631 Nobis
1252 604 1357 631 autem
1384 598 1567 641 nostrisque
1594 608 1723 631 succes·
1761 609 1919 635 UuiPouuflci,

983 651 1111 683 soribus
1138 651 1288 683 RomaniS
1314 650 1522 683 Pontificibus
1550 661 1607 693 pro
1642 638 1919 685 tem-lissi'iffiiffismffii

982 714 1060 746 pore
1086 703 1232 735 extituris
1258 703 1380 736 similes
1414 703 1645 735 coricessiones
1672 690 1919 745 pc-i3.{³1i'‹2‘1'‚¹.1⁰1''¹ra⁶e⁰u¹i2

984 757 1067 789 nitus
1107 767 1331 795 reservamus,
1363 756 1443 788 itaut
1483 756 1514 788 in
1554 744 1911 798 posterumm¹'⁸⁵⁰‘''³²¹”'

982 810 1012 842 S.
1034 809 1071 842 R.
1091 809 1123 842 E.
1143 809 1324 841 cardinales
1351 809 1464 851 legati,
1493 808 1635 841 ciusdem
1663 808 1723 840 Ro-

983 873 1096 895 manae
1122 862 1286 895 Ecclesiae
1312 862 1486 894 cardinalis
1514 862 1614 894 maim·
1644 872 1723 903 poe-

983 915 1211 954 nitentiarius,
1238 914 1350 947 nuncii
1386 915 1593 956 Apostolicae
1618 913 1720 953 Sedis,

983 967 1178 1009 vicelegatus
1205 966 1448 1005 Avenionensis,
1469 966 1723 1009 praedictaeque

983 1020 1260 1063 Congregationes
1288 1019 1319 1052 in
1351 1019 1497 1051 examine
1535 1019 1724 1051 libellorum

983 1074 1165 1117 supplicum
1203 1072 1389 1106 huiusmodi
1424 1073 1578 1104 transitus
1613 1077 1725 1115 postu-

983 1126 1118 1160 lantium
1146 1126 1206 1158 bac
1228 1126 1266 1159 de
1291 1136 1325 1158 re
1347 1125 1428 1157 niliil
1456 1125 1588 1158 omnino
1615 1125 1725 1157 decer-

984 1189 1062 1212 nere
1088 1178 1237 1222 possint,
1265 1178 1347 1217 nisi,
1374 1183 1484 1210 nostro
1511 1179 1559 1210 rel
1585 1177 1723 1211 Romani

985 1232 1147 1265 Pontificis
1173 1242 1231 1275 pro
1258 1236 1405 1273 tempore
1431 1231 1562 1263 extituri
1588 1231 1723 1272 speciali

984 1286 1160 1329 rescripto,
1180 1285 1342 1318 eiusmodi
1370 1285 1468 1317 libelli
1496 1285 1659 1328 supplices
1685 1285 1724 1317 ad

984 1341 1057 1373 illos
1073 1339 1196 1372 remissi
1216 1339 1353 1371 fuerint:
1371 1349 1435 1381 quo
1452 1339 1612 1380 rescripto
1629 1339 1726 1371 etiam

984 1392 1137 1432 obtento,
1167 1392 1380 1424 nihilominus
1411 1392 1563 1423 transitus
1596 1391 1725 1423 faculta-

986 1452 1065 1485 tem,
1103 1445 1228 1478 etiamsi
1262 1455 1376 1477 causae
1414 1444 1483 1477 eius
1521 1443 1724 1476 concedendi

985 1509 1125 1531 summae
1151 1498 1352 1537 viderentur,
1376 1499 1464 1530 nullo
1489 1497 1586 1529 modo
1612 1507 1726 1529 conce-

985 1552 1062 1584 dere
1099 1552 1240 1590 valeant,
1268 1550 1329 1582 nisi
1362 1555 1536 1593 postquam
1572 1550 1667 1581 nobis
1695 1554 1726 1581 ct

985 1615 1043 1648 pro
1070 1609 1217 1646 tempore
1243 1603 1381 1636 extituro
1408 1603 1552 1635 Romano
1577 1601 1725 1634 Pontifici

986 1658 1083 1690 totius
1115 1657 1160 1690 rei
1194 1656 1347 1689 distincta
1381 1662 1412 1689 et
1437 1660 1583 1688 accurata
1608 1655 1725 1689 relatio

985 1712 1067 1744 facta
1093 1711 1203 1750 fuerit,
1231 1716 1262 1743 ct
1286 1716 1459 1754 postquam
1486 1721 1503 1742 a
1526 1709 1620 1741 nobis
1648 1709 1726 1752 ipsis

985 1767 1032 1799 vel
1067 1775 1084 1797 a
1112 1765 1255 1798 Romano
1282 1763 1436 1796 Pontifice
1476 1774 1534 1806 pro
1577 1769 1726 1806 tempore

985 1818 1124 1851 extituro
1164 1818 1352 1850 earumdem
1391 1827 1559 1849 causarum
1597 1817 1725 1859 pondus

986 1871 1219 1915 approbatum,
1246 1875 1278 1903 et
1310 1869 1462 1902 transitus
1489 1870 1623 1902 facultas
1651 1879 1728 1902 con-

986 1935 1078 1958 cessa
1103 1924 1209 1957 fuerit.
1237 1923 1367 1955 Eisdem
1398 1932 1472 1955 vero
1498 1922 1726 1965 praesentibus

986 1978 1102 2011 litteris
1140 1976 1260 2009 nostris
1294 1986 1518 2019 quoscumque
1553 1976 1724 2016 transitus,

986 2041 1052 2064 non
1077 2032 1249 2064 observato
1267 2029 1306 2062 ad
1324 2039 1464 2071 unguem
1480 2029 1594 2060 harum
1614 2035 1727 2062 tenore

986 2084 1198 2127 imposterum
1224 2082 1403 2120 faciendos,
1428 2083 1548 2120 nullos,
1567 2082 1727 2114 invalidos

988 2138 1055 2170 fore
1080 2143 1110 2170 et
1131 2147 1199 2169 esse
1227 2136 1446 2175 declaramus,
1479 2134 1657 2167 Ordinariis
1683 2136 1728 2168 lo-

986 2201 1100 2224 corum
1125 2189 1343 2222 concedentes
1376 2189 1425 2220 vel
1457 2188 1495 2220 ad
1522 2187 1593 2220 illos
1619 2194 1728 2221 exten-

987 2245 1100 2277 dentes
1126 2244 1271 2276 eamdem
1302 2243 1487 2275 facultatem
1524 2241 1727 2284 procedendi

987 2298 1019 2329 in
1045 2307 1114 2335 eos,
1141 2296 1195 2339 qui
1221 2295 1394 2338 deinceps,
1422 2294 1583 2337 praesenti
1609 2294 1730 2326 consti-

988 2349 1110 2382 tutione
1137 2359 1201 2381 non
1226 2349 1418 2387 observata,
1444 2348 1483 2380 ad
1509 2348 1608 2380 alium
1634 2347 1728 2380 Ordi-

988 2412 1062 2434 nem
1089 2401 1225 2434 transire
1262 2401 1330 2434 ausi
1365 2401 1502 2440 fuerint,
1531 2411 1626 2444 quam
1660 2401 1730 2433 Tri-

989 2454 1120 2487 dentina
1145 2454 1291 2497 Synodus
1317 2453 1497 2486 Ordinariis
1515 2454 1676 2486 concessit
1695 2453 1728 2486 in

1730 178 1779 205 Αιι.
1798 179 1826 205 C.
1851 179 1918 205 1726

989 2508 1156 2549 regulares
1181 2511 1271 2539 extra
1295 2506 1493 2539 monasteria
1519 2513 1671 2549 vagantes
1698 2511 1728 2539 et

967 2590 968 2598 ,
989 2559 1125 2593 crimina
1150 2558 1402 2594 committentes.
