2170 3147
0 250 21 271 n.
35 241 66 270 C.
87 240 154 269 1728

0 828 113 851 clausulae.

731 239 926 264 BENEDICTUS
950 239 1006 264 XIII
1031 240 1079 263 1³1³.

159 289 314 329 ctoritate,
329 294 498 333 potestate,
515 288 737 332 praerogativa
751 294 782 321 et
795 289 893 331 privi-

158 342 253 385 legio,
266 342 391 374 honore
407 346 438 374 et
450 340 708 384 praeeminentia
724 340 894 382 fulgentes,

158 395 283 428 sublata
298 395 344 427 eis
358 398 513 427 eteorum
528 392 661 436 cuilibet
675 392 785 435 quavis
799 392 895 425 aliter

158 447 323 480 iudicandi
338 445 616 490 etinterpretandi
631 445 782 477 facultate
799 448 893 487 atque

158 499 349 533 auctoritate
363 525 371 539 ,
386 499 418 531 in
444 507 646 542 quocumque
662 497 783 529 iudicio
798 501 893 539 atque

158 551 312 584 instantia
331 551 466 584 iudicari
486 556 517 583 et
537 549 665 583 definiri
684 549 826 588 debere,
846 554 893 587 et,

158 604 314 648 quidquid
340 614 434 638 secus
459 613 558 647 super
591 603 640 635 liis
672 612 688 634 a
720 611 893 644 quoquam,

159 657 270 701 quavis
296 657 496 697 auctoritate,
515 656 657 689 scienter
677 655 727 688 vol
744 654 895 696 ignoran-

159 716 218 750 ter,
235 710 410 753 contigerit
426 710 586 749 attentari,
606 710 729 742 irritum
748 713 780 740 et
800 707 894 739 inane

160 764 378 797 decernimus.

204 818 230 860 g.
257 817 288 850 7.
315 816 384 850 Non
410 817 613 850 obstantibus
634 815 752 849 nostris
769 819 800 846 et
817 813 896 846 Can-

160 870 311 904 cellariae
347 870 553 913 Apostolicae
590 869 712 912 regulis
751 868 790 900 dc
827 867 895 898 iure

130 964 133 965 ⁷
161 924 309 968 quaesito
331 934 394 957 non
422 923 579 963 tollendo,
599 934 634 955 ac
659 921 753 955 etiam
776 921 807 953 in
826 919 896 951 uni-

161 977 353 1016 versalibus,
369 976 621 1020 provincialibus
641 980 672 1008 et
689 972 895 1016 synodalibus

162 1029 307 1064 conciliis
334 1030 429 1062 editis
453 1030 501 1062 vel
524 1029 675 1068 edendis,
701 1025 897 1070 specialibus

162 1084 210 1116 vel
236 1082 459 1125 generalibus,
483 1080 768 1114 constitutionibus
789 1083 820 1111 et
844 1087 896 1111 or-

162 1135 383 1169 dinationibus
414 1134 623 1178 apostolicis,
650 1143 776 1166 necnon
802 1131 898 1164 Salis-

163 1189 334 1231 burgensis
353 1193 383 1221 et
398 1188 594 1220 Pataviensis
612 1187 821 1220 ecclesiarum
840 1185 899 1217 liu-

162 1242 310 1281 iusmodi,
327 1242 422 1275 etiam
441 1242 633 1280 iuramento,
651 1239 897 1273 confirmatione

162 1293 353 1336 apostoliea,
370 1293 418 1325 vel
445 1292 556 1335 quavis
581 1291 732 1323 firmitate
758 1290 820 1322 alia
846 1299 897 1321 ro-

161 1346 292 1385 boratis,
314 1345 451 1385 statutis,
477 1343 779 1382 consuetudinibus,
806 1342 898 1385 privi-

161 1399 256 1442 legiis
282 1409 411 1442 quoque
429 1425 436 1438 ‚
460 1398 592 1431 indultis
629 1403 659 1430 et
684 1397 800 1429 litteris
827 1406 899 1439 apo-

163 1451 303 1491 stolicis,
330 1452 375 1484 eis
401 1456 432 1483 et
457 1460 565 1483 earum
591 1450 742 1487 cuilibet,
770 1458 896 1481 necnon

162 1504 290 1537 illarum
315 1509 346 1537 et.
371 1503 505 1536 cuilibet
522 1513 629 1536 earum
648 1502 897 1544 archiepiscopo

163 1563 194 1591 et
218 1557 393 1600 episcopo,
426 1567 463 1590 ac
495 1557 638 1600 capitulo
673 1561 704 1588 et
735 1553 898 1587 canonicis

163 1609 299 1653 aliisque
324 1609 544 1652 superioribus
580 1613 610 1641 et
642 1606 811 1651 personis,
838 1607 897 1639 sub

163 1663 419 1706 quibuscumque
454 1662 625 1694 verborum
663 1660 831 1693 tenoribus
868 1664 898 1691 et

165 1715 286 1754 formis,
303 1720 335 1748 et
353 1725 425 1748 cum
452 1714 614 1758 quivusvis
640 1714 735 1746 etiam
761 1713 898 1754 deroga—

164 1767 319 1800 toriarnm
345 1767 568 1810 derogatoriis‚
587 1767 721 1809 aliisque
743 1764 898 1798 efficacio-

164 1820 264 1860 ribus,
286 1820 513 1853 efficacissimis
538 1825 632 1863 atque
658 1818 796 1851 insolitis
817 1818 898 1850 clau·

164 1873 261 1912 sulis,
287 1873 553 1916 irritantibusque
584 1883 619 1904 ac
644 1872 715 1904 aliis
741 1870 897 1909 decretis,

165 1925 198 1956 in
223 1935 341 1967 genere
371 1927 420 1958 vel
454 1925 485 1957 in
520 1925 647 1967 speeie,
677 1930 730 1956 aut
761 1924 840 1956 alias
867 1923 897 1955 in

166 1977 362 2009 contrarium
380 1978 631 2021 praemissorum
649 1978 898 2020 quomodocum-

168 2039 230 2072 que
255 2030 424 2069 concessis,
445 2030 643 2062 confirmatis
668 2035 700 2062 et
724 2029 896 2069 innovatis,

168 2081 283 2124 quihus
309 2082 456 2114 omnibus
475 2087 506 2114 et
525 2082 676 2124 singulis,
696 2082 821 2114 etiamsi
841 2092 898 2124 pro

169 2133 296 2167 illorum
321 2134 492 2167 sufficienti
519 2135 727 2177 derogatione
760 2135 799 2167 (le
836 2134 898 2167 illis

169 2197 345 2230 eorumque
361 2187 434 2220 totis
455 2188 617 2220 tenoribus
642 2188 810 2230 specialis,
827 2198 899 2230 spe-

169 2240 268 2280 cifica,
282 2250 431 2283 expressa
449 2245 480 2273 et
497 2241 671 2279 individua,
689 2251 724 2273 ac
746 2241 783 2273 (le
802 2241 900 2273 verbo

169 2293 207 2326 ad
225 2293 371 2332 verbum,
394 2303 456 2325 non
475 2298 580 2325 autem
599 2303 656 2336 per
676 2293 832 2325 clausulas
850 2304 902 2335 ge-

167 2346 294 2379 nerales
322 2345 407 2379 idem
437 2346 669 2389 importantes‚
694 2346 814 2379 mentio
846 2356 900 2379 seu

169 2398 332 2441 quaelibet
366 2399 426 2431 alia
463 2398 630 2441 expressio
667 2398 814 2431 habenda
849 2404 903 2431 aut

169 2451 276 2493 aliqua
297 2450 359 2483 alia
379 2450 539 2493 exquisita
566 2451 667 2483 fornia
691 2451 729 2483 ad
751 2451 815 2483 lioc
836 2461 902 2483 ser-

167 2504 271 2536 vanda
291 2503 383 2541 soret,
400 2503 530 2536 illorum
549 2504 694 2536 omnium
712 2508 743 2536 et
759 2504 903 2546 singulo-

168 2567 237 2589 rum
255 2562 405 2595 tenores,
427 2557 562 2596 t'ormas,
582 2566 692 2589 causas
711 2560 741 2590 et
761 2557 902 2590 occasio-

170 2619 225 2642 nes
236 2609 463 2652 praesentibus
478 2619 535 2651 pro
550 2609 645 2651 plene
661 2614 691 2642 et
706 2610 902 2646 sufficienter

935 288 1103 331 expressis,
1119 288 1256 327 insertis,
1279 288 1410 321 servatis
1431 292 1461 321 et
1479 287 1670 331 specificans

937 340 1112 381 habentes,
1132 341 1195 374 illis
1221 341 1300 374 alias
1326 341 1357 373 in
1383 351 1442 374 suo
1459 340 1578 374 robore
1600 350 1673 382 per-

935 394 1118 435 mansuris,
1144 393 1181 426 ad
1212 393 1464 436 praemissorum
1502 393 1673 431 ellectum,

936 452 1023 478 motu
1038 457 1074 479 ac
1088 447 1254 489 potestatis
1269 446 1472 489 plenitudine
1486 445 1673 489 praedictis,

936 499 1129 541 specialiter,
1149 509 1302 542 expresse
1321 504 1352 531 et
1365 499 1557 541 plenissime
1578 499 1675 531 dero-

937 562 1069 594 gamuS,
1097 557 1129 583 et
1154 552 1343 594 derogatum
1369 561 1437 584 esse
1471 552 1619 583 volumus
1646 557 1676 583 ct,

938 604 1140 644 mandamus;
1161 605 1342 647 ceterisque
1357 604 1527 637 contrariis
1542 603 1674 646 quibus-

937 667 1085 699 cumque.

981 709 996 751 ξ
1021 708 1052 741 8.
1079 709 1163 742 Nulli
1183 720 1261 752 ergo
1282 709 1415 743 omnino
1441 709 1611 742 hominum
1640 709 1869 767 li-nasl.3ncii01›0e-

938 768 1008 795 ceat
1032 763 1116 796 lianc
1144 764 1295 806 paginam
1324 769 1456 796 nostrae
1476 763 1676 796 constitutio-

938 816 996 855 nis,
1019 816 1242 856 absolutionis,
1266 816 1332 849 litis
1359 816 1576 855 extinctionis,
1603 826 1676 849 avo-

939 869 1093 908 cationis,
1121 869 1242 902 silentii
1282 869 1520 912 impositionis,
1546 870 1676 902 restitu-

940 922 1059 961 tionis,
1094 922 1336 965 integrationis,
1363 933 1463 955 novae
1497 923 1677 955 concessio-

940 975 999 1015 nis7
1025 975 1158 1014 indulti,
1179 975 1402 1018 exemptionis,
1425 975 1561 1013 decreti,
1585 975 1678 1006 dero-

941 1027 1081 1069 gationis
1109 1033 1140 1060 ct
1164 1028 1338 1060 voluntatis
1362 1027 1553 1069 infringere,
1574 1028 1622 1059 vel
1649 1027 1677 1059 ei

941 1091 1017 1114 ausu
1052 1081 1224 1113 temerario
1256 1080 1443 1120 contraire;
1471 1080 1495 1113 si
1526 1080 1598 1123 quis
1622 1090 1678 1111 au-

942 1140 1005 1167 tem
1031 1135 1094 1167 hoc
1118 1139 1275 1167 attentare
1302 1134 1574 1176 praesumpserit,
1597 1133 1678 1165 indi-

941 1186 1124 1228 gnationem
1158 1186 1389 1229 omnipotentis
1422 1186 1474 1218 Dei
1508 1196 1544 1218 ac
1568 1185 1679 1218 beato-

941 1250 1012 1272 rum
1031 1239 1115 1272 Petri
1143 1245 1173 1272 et
1190 1239 1279 1272 Pauli
1306 1239 1530 1282 apostolorum
1557 1238 1625 1271 eius
1645 1248 1677 1270 se

941 1293 1068 1325 noverit
1088 1293 1301 1325 incursurum.

986 1346 1097 1378 Datum
1125 1346 1256 1384 Romae,
1277 1346 1361 1388 apud
1384 1345 1414 1378 S.
1436 1345 1574 1384 Petrum,
1593 1355 1678 1377 anno

941 1399 1174 1432 lucarnationis
1201 1399 1383 1431 dominicae
1409 1408 1607 1437 unccxxvlu,
1627 1398 1680 1430 lia-

941 1452 1045 1484 lendis
1065 1452 1171 1490 iuniis,
1187 1450 1394 1494 pontificatus
1410 1451 1512 1483 nostri
1535 1460 1619 1482 anno
1634 1460 1676 1482 iv.

975 1514 1036 1539 Dat,
1054 1513 1096 1539 die.
1120 1514 1127 1539 1
1153 1512 1218 1539 iuuii
1241 1513 1320 1545 1728,
1343 1512 1438 1547 pontif.
1461 1520 1532 1538 anno
1554 1518 1589 1538 iv.

1189 1659 1191 1661 '
1237 1654 1404 1687 ccxxvtt.

939 1734 1152 1767 Damnatum*
1184 1738 1212 1766 ct
1241 1733 1456 1776 prohibentem·
1479 1733 1561 1776 salia
1586 1744 1680 1777 quae-

983 1787 1060 1820 dam
1084 1787 1204 1829 willico
1229 1787 1384 1819 {dionante
1410 1786 1576 1829 impressa,
1604 1796 1679 1829 quo-

984 1850 1058 1872 rum
1092 1839 1208 1872 titulus
1245 1839 1469 1872 Consultatiou
1508 1839 1546 1871 de
1590 1849 1677 1871 mes-

986 1893 1090 1925 sicurs
1117 1894 1161 1925 les
1190 1898 1318 1924 avoeats
1353 1891 1393 1923 du
1432 1892 1618 1924 Parlamcnt
1642 1892 1680 1924 dc

987 1945 1073 1977 Paris
1099 1955 1135 1976 au
1162 1944 1246 1987 sujct
1278 1945 1318 1976 du
1341 1944 1513 1986 jugeuwnt
1539 1944 1642 1977 rendu
1664 1945 1681 1975 51

987 1997 1130 2029 Amlirun
1165 2002 1278 2029 contre
1314 1996 1481 2029 monsieur
1514 1996 1680 2039 l’evesque

988 2049 1026 2080 (le
1051 2050 1162 2083 Senex.

1118 2129 1300 2156 Benedictus
1322 2129 1401 2163 Papa
1421 2129 1508 2163 XIII,

1060 2174 1095 2200 ad
1116 2176 1294 2206 perpetuam
1313 2173 1359 2200 rei
1379 2173 1560 2200 memoriam.

987 2244 1001 2285 g
1027 2244 1057 2275 1.
1086 2243 1195 2286 Nuper
1220 2244 1259 2276 ad
1285 2245 1484 2286 apostolatus
1502 2244 1604 2276 nostri
1627 2250 1800 2277 iio—¹⁴1xr0sitiu
1817 2252 1866 2271 meu

945 2295 1047 2328 titiam
1080 2306 1145 2329 non
1179 2297 1247 2329 sine
1274 2297 1411 2329 maximo
1444 2297 1541 2329 animi
1580 2297 1680 2329 nostri

983 2402 990 2426 l
1015 2400 1161 2427 Clementis
1189 2401 1220 2427 xt
1242 2401 1347 2428 constit.
1370 2402 1434 2428 edit.
1456 2408 1587 2435 mmccxlii,
1608 2403 1651 2429 die
1667 2403 1684 2429 8

944 2444 1118 2479 septembris,
1135 2445 1229 2479 pontif.
1243 2451 1300 2478 xm,
1313 2445 1453 2472 damnatae
1469 2446 1579 2473 suerunt
1590 2455 1683 2482 quain*

944 2489 1037 2522 plures
1057 2489 1257 2524 propositiones
1287 2498 1318 2515 ex
1343 2490 1411 2516 libro
1440 2490 1491 2516 sub
1513 2490 1587 2518 titulo
1607 2492 1684 2519 Nou-

944 2541 1013 2560 veau
1036 2533 1206 2567 Testament,
1223 2537 1287 2567 etc,
1309 2537 1471 2569 excerptae3
1492 2538 1518 2561 et
1533 2535 1584 2562 ati-:2
1605 2536 1684 2562 liuius

944 2577 1081 2604 pontilicis
1101 2578 1205 2604 constit.
1219 2578 1283 2604 edit.
1297 2584 1464 2611 iunccxxvur,
1482 2578 1524 2605 die
1545 2586 1592 2605 xxv
1608 2579 1683 2613 iuuii,

944 2622 1038 2657 pontit,
1060 2630 1086 2655 v,
1108 2622 1269 2663 damnantur
1289 2622 1341 2649 duo
1362 2623 1422 2651 libri
1443 2623 1541 2657 gallici.

1564 229 1627 263 659
1674 239 1726 266 An.
1743 238 1771 267 c.
1795 239 1863 266 1728
