2170 3147
20 153 69 181 An.
90 151 118 178 C.
139 150 205 178 1729

89 528 178 550 eonces.
171 529 202 549 io

19 561 70 583 prae
60 556 130 576 ntiae
170 561 201 575 ιη-

19 582 139 606 unwanum
157 583 202 607 vle—
213 584 286 607 nem
312 579 344 607 et
367 574 546 607 animarum
584 575 719 607 silutem
757 573 974 606 caelestibus

19 615 64 630 nar·
67 614 93 628 ae
119 608 145 628 ad
169 615 178 627 s

19 635 125 661 wennimu
157 637 200 655 ‹an-
212 626 374 660 Ecclesiae
395 626 557 660 thesauris
572 627 625 669 pii
641 626 800 659 charitate
819 625 950 667 intenti

45 1532 107 1554 Fides
121 1532 200 1554 habeu-

20 1559 47 1580 da
57 1561 200 1587 transumptis.

802 149 997 173 DENEDICTUS
1021 149 1079 174 xiu
1104 149 1154 173 PP.

256 198 315 231 siis
338 200 480 241 fratrum
505 198 637 232 Ordinis
657 198 825 232 Servorum
845 198 885 231 B.
905 198 949 231 M.

264 251 408 296 l'irqim's
433 252 625 296 ubicumque
650 251 895 285 existentibus&

388 323 571 350 Benedictus
592 323 672 357 Papa
691 323 776 354 XIII,

212 366 365 395 Universis
392 366 644 395 christifidelibus
669 370 845 401 praesentes
865 367 952 394 litte-

245 419 296 438 ras
316 411 501 445 Inspeeturis
514 432 521 444 ,
548 411 678 439 salutem
700 414 730 439 et
750 411 952 446 apostolicam

246 455 503 482 benedictionem.

256 521 328 565 31.
357 522 402 554 Ad
428 522 612 564 augendam
648 521 794 554 fidelium
820 520 952 562 religio-

212 679 362 712 omnibus
403 686 434 713 et
471 680 607 722 singulis
648 679 817 722 utriusque
857 689 950 711 sexus

211 731 478 765 christifidelibus
491 742 567 765 vere
578 731 822 775 poenitentibus
836 736 867 764 et
881 741 952 764 eon-

212 784 325 825 fessis,
353 795 390 817 ac
414 787 502 817 sacra
534 785 762 818 communione
793 783 948 823 resectis,

212 837 266 880 qui
292 837 431 881 aliquam
450 848 486 871 ex
509 838 654 871 ecclesiis
672 838 807 870 fratrum
824 837 951 870 Ordinis

211 889 385 923 Servorum
410 891 445 923 Β.
464 890 504 922 Μ.
524 890 570 930 V„
589 890 785 933 ubicumque
812 889 952 923 existen-

213 943 366 984 tentibus,
391 943 443 977 die
468 953 499 976 x¹
524 943 645 976 mensis
670 942 823 975 februarii
849 954 866 975 a
890 942 951 985 pri-

210 995 270 1028 mis
285 995 429 1038 vesperis
448 1006 549 1039 usque
568 996 606 1028 ad
625 1006 776 1029 occasum
794 995 871 1028 solis
888 995 951 1028 clici

211 1048 399 1081 huiusmodi
424 1048 558 1091 singulis
582 1048 674 1081 annis
704 1048 818 1081 devote
844 1048 951 1081 visita-

212 1101 327 1142 verint,
347 1106 379 1134 et
399 1101 443 1134 ibi
469 1111 529 1144 pro
556 1101 811 1135 christianorum
835 1101 951 1145 princi-

211 1165 289 1198 pum
313 1154 507 1195 concordia,
525 1155 699 1188 haeresum
719 1155 948 1198 extirpatione,

212 1216 248 1239 ac
272 1204 304 1238 S.
330 1204 371 1238 M.
398 1205 433 1238 Ε.
462 1206 656 1238 exaltatione
686 1205 755 1248 pias
787 1206 826 1238 ad
852 1205 949 1238 Deum

211 1265 326 1299 preces
363 1254 559 1295 effuderint,
589 1256 770 1299 plenariam
807 1256 949 1289 omnium

211 1312 417 1352 peccatorum
443 1319 573 1342 suorum
599 1309 833 1351 indulgentium
856 1315 887 1342 et
904 1321 952 1343 rc-

210 1361 399 1395 missionem
413 1361 670 1395 misericorditer
684 1362 716 1395 in
730 1361 867 1396 Domino
879 1373 952 1396 con-

212 1414 366 1448 cedimus.
401 1415 630 1448 Praesentibus
667 1416 705 1449 ad
743 1416 950 1459 septennium

212 1471 335 1502 tantum
359 1469 514 1502 valituris.

257 1523 271 1566 ἓ
297 1521 329 1554 2.
357 1521 509 1556 Volumus
535 1527 655 1563 autem,
673 1527 725 1563 ut,
755 1523 778 1556 si
805 1534 866 1566 pro
891 1523 950 1556 im-

212 1576 411 1620 petratione,
435 1576 715 1619 praesentatione,
740 1577 949 1617 admissione,

212 1639 270 1662 seu
284 1628 507 1672 publicatione
525 1629 744 1672 praesentium
763 1629 885 1673 aliquid
902 1631 950 1663 vel

213 1682 380 1716 minimum
407 1683 509 1722 detur,
529 1686 581 1716 aut
601 1688 716 1725 sponte
742 1683 886 1716 oblatum
903 1694 952 1716 re-
971 1721 973 1725 y

212 1736 367 1780 cipiatur,
394 1740 586 1779 praesentes
611 1737 718 1769 nullae
744 1735 824 1777 sint;
851 1742 950 1780 utque

212 1788 432 1832 praesentium
455 1788 636 1822 litterarum
656 1789 875 1832 transumptis,
893 1800 973 1856 seu;¹
1037 1840 1042 1845 .
1071 1840 1093 1872 D
1154 1840 1159 1845 ι
1251 1841 1270 1873 l)
1339 1840 1368 1873 sl'
1396 1841 1401 1846 -
1649 1842 1657 1874 l

995 1850 1043 1873 cui
1098 1851 1224 1873 ominus
1275 1851 1334 1873 ene
1362 1846 1438 1883 ixit,
1465 1846 1562 1874 totam
1587 1851 1644 1884 rep
1662 1852 1735 1875 eve-

213 1842 382 1885 exemplis‚
398 1842 494 1875 etiam
512 1842 686 1885 impressis,
702 1852 798 1875 mauu
816 1842 951 1876 alicuius

212 1894 330 1927 notarii
349 1894 471 1938 publici
485 1895 685 1938 subscriptis,
705 1900 736 1928 et
755 1895 862 1938 sigillo
881 1907 952 1939 per·
972 1927 973 1930 ,

215 1958 314 1982 sonae
339 1948 373 1981 in
398 1948 615 1982 ecclesiastica
646 1949 803 1991 dignitate
835 1950 953 1982 consti-

216 2005 302 2034 tutae
320 2001 469 2042 munitis‚
487 2002 600 2034 eadem
619 2011 751 2044 prorsus
765 2001 843 2035 fides
861 2003 952 2035 adhi-

214 2054 346 2095 beatur,
365 2064 445 2097 quae
466 2054 679 2087 adhiberetur
703 2055 781 2097 ipsis
802 2065 953 2098 praesen-

215 2107 301 2140 tibus
327 2107 352 2140 si
378 2107 421 2141 sor
421 2112 485 2140 ent
520 2107 681 2140 exhibitae
714 2108 764 2140 vel
789 2112 950 2141 ostensae.

259 2161 373 2194 Datum
399 2160 529 2200 Romae,
555 2160 641 2204 apud
670 2159 702 2193 S
734 2160 874 2201 Petrum,
893 2161 952 2194 sub

215 2214 337 2247 annulo
380 2213 555 2247 Piscatoiis
575 2240 583 2253 ,
631 2212 683 2246 die
723 2223 775 2247 xix
814 2213 953 2248 ianuarii

214 2276 392 2307 nnecxxlx,
412 2265 624 2310 pontificatus
648 2266 752 2299 nostri
776 2276 860 2300 anno
880 2278 908 2299 v.

248 2329 311 2357 Dat.
332 2328 376 2357 die
396 2327 430 2356 29
449 2328 567 2356 ianuarii
589 2329 671 2363 1729,
689 2329 784 2364 pontif.
806 2337 876 2357 anno
894 2338 917 2356 v.

251 2413 262 2438 1
285 2411 360 2438 Aliae
379 2409 562 2445 indulgentiae
582 2409 680 2437 iisdem
700 2409 822 2438 ecclesiis
842 2417 954 2437 conces-

214 2463 261 2483 sae
279 2455 389 2482 fuerunt
404 2462 419 2481 a
434 2455 574 2482 Clemente
589 2454 620 2481 XI
637 2454 743 2482 constit.
765 2454 830 2482 edit.
846 2461 954 2490 unceiv,

215 2499 259 2526 die
279 2500 308 2525 11
331 2497 408 2531 iunii,
429 2497 525 2534 pontif.
541 2504 576 2533 iv,
596 2506 646 2533 pro
667 2498 744 2526 terti-51
762 2498 898 2526 dominica
912 2506 956 2526 se-

214 2542 357 2578 ptembris.

233 2597 309 2628 Bult-
328 2597 415 2629 Rom.
436 2612 471 2619 —
494 2597 556 2629 Vol.
576 2597 670 2628 XXII.
814 2596 848 2626 97

1634 138 1696 171 769
1743 147 1792 174 An.
1814 147 1842 174 c.
1864 148 1930 176 1729

1304 198 1437 232 CCLVH.

997 269 1237 311 Confirmanlur
1252 269 1428 312 privilegyia
1444 269 1555 302 omnia
1572 279 1661 301 sacro
1680 268 1736 302 Or-

1039 322 1113 355 <tini
1139 323 1342 356 Cisterciensi
1365 322 1472 354 adhuc
1498 321 1674 354 concessa¹.

1174 401 1356 429 Benedictus
1376 401 1457 435 Papa
1477 401 1556 432 XIII,

1113 447 1149 472 ad
1163 448 1345 479 perpetuam
1364 446 1409 473 rei
1429 446 1615 473 memoriam.

1039 515 1071 547 ln
1097 516 1292 558 apostolicae
1324 515 1489 558 diguitatis
1527 516 1652 558 fastigio
1678 527 1735 558 per
1772 528 1885 548 Evasium

995 568 1196 601 ineffabilem
1229 568 1354 602 divinae
1383 569 1536 602 bonitatis
1569 570 1735 602 abuudan-

996 621 1071 653 tiam
1104 622 1195 654 nulle
1226 621 1302 654 licet
1334 622 1522 654 meritorum
1548 627 1735 655 nostrorum

995 673 1146 717 suffragio
1168 674 1345 713 constituti,
1363 674 1545 717 privilegia,
1567 674 1685 716 gratius
1704 680 1736 707 et

995 726 1121 759 indulta
1146 727 1308 769 religiosis
1334 726 1526 765 Ordinibus,
1553 737 1634 770 quos
1660 732 1736 759 tam-

995 789 1091 821 quam
1129 779 1248 811 fertilia
1285 779 1353 821 agri
1387 779 1541 812 dominici
1575 781 1735 812 cultorum

995 831 1156 873 plantaria
1191 832 1322 875 sapiens
1360 832 1580 865 Romanorum
1605 831 1735 864 Pontifi-

995 894 1066 916 cum
1092 884 1384 927 praedeccssorum
1415 889 1601 917 nostrorum
1631 885 1735 927 pietas

995 937 1158 977 instituit,
1186 947 1221 969 ac
1247 937 1393 970 sincerae
1419 938 1614 980 apostolicae
1653 937 1734 970 dile-

995 988 1110 1021 ctionis
1125 989 1358 1032 prosequimur
1374 989 1498 1030 affectu,
1514 990 1645 1032 provide
1663 1000 1735 1023 con-

995 1052 1090 1079 cessa,
1118 1047 1151 1075 ut
1176 1042 1277 1083 firma,
1303 1053 1432 1086 semper
1457 1048 1487 1076 et
1513 1043 1636 1076 illibata
1661 1054 1735 1086 per-

995 1095 1118 1135 sistant,
1137 1096 1306 1139 apostolici
1321 1096 1506 1130 muniminis
1520 1097 1623 1130 nostri
1643 1108 1734 1141 praea

995 1148 1078 1182 sidio
1105 1149 1247 1182 libenter
1272 1149 1478 1183 loboiumus

1038 1202 1052 1244 g
1077 1201 1108 1234 1.
1135 1201 1245 1245 Nuper
1272 1202 1431 1246 siquidem
1454 1214 1513 1246 pio
1540 1208 1630 1247 parte
1657 1205 1736 1238 dilc-

995 1254 1035 1286 cti
1060 1254 1117 1287 tilii
1143 1255 1304 1288 Andochii
1330 1256 1448 1289 Pernot
1477 1257 1601 1290 abbatis
1634 1268 1734 1300 gene-
1747 1242 1778 1293 iii-⁴
1790 1250 1806 1277 '¹

994 1308 1071 1340 ralis
1103 1309 1200 1341 totius
1226 1308 1355 1341 Ordinis
1381 1308 1606 1342 Cistcrcicnsis
1641 1301 1853 1343 uobisinwbus.
1886 1301 1928 1340 diii}

995 1361 1174 1404 expositum
1200 1361 1267 1399 suit,
1286 1362 1374 1404 quod
1399 1362 1449 1394 ide
1456 1373 1485 1395 m
1512 1373 1606 1396 sicer
1631 1369 1662 1395 et
1687 1363 1734 1396 in-
1745 1347 1930 1398 1¹1³¹¹¹50¹³ii⁰11¹3

994 1415 1096 1457 clytus
1120 1414 1205 1448 Ordo
1231 1425 1248 1447 a
1273 1414 1304 1448 S.
1333 1415 1474 1448 Robcrto
1507 1416 1612 1459 primo
1646 1402 1823 1450 ίὶΙίυεθΙιιι

995 1468 1112 1500 abbate
1137 1468 1297 1508 fundatus,
1318 1473 1350 1501 et
1370 1468 1487 1501 abinde
1512 1468 1645 1502 mirifice
1665 1481 1736 1513 pro-

994 1525 1141 1563 pagatus,
1168 1526 1262 1563 atque
1289 1532 1305 1554 a
1331 1521 1463 1555 domino
1490 1522 1656 1556 Bernardo
1677 1523 1735 1556 Ec-

994 1573 1113 1606 clesiae
1140 1572 1274 1606 doctore
1299 1574 1455 1607 mellifluo
1481 1575 1671 1615 illustratus,
1694 1576 1735 1607 ita

994 1626 1199 1659 alumnorum
1232 1636 1364 1660 suorum
1396 1627 1611 1661 sanctimonia
1641 1639 1735 1671 prue-

994 1679 1104 1721 fulsit,
1132 1680 1327 1723 omnigenae
1352 1680 1478 1713 virtutis
1504 1681 1638 1714 {loribus
1665 1692 1736 1714 ver-

995 1732 1090 1772 navit,
1109 1743 1145 1766 ac
1161 1733 1335 1766 uberrimis
1355 1734 1546 1767 redundavit
1564 1735 1733 1775 fructibus,

994 1792 1029 1819 ut
1054 1787 1139 1820 illius
1165 1787 1255 1827 odor,
1285 1788 1367 1820 sicut
1392 1788 1460 1830 agri
1485 1788 1573 1831 pleni
1596 1789 1735 1822 suavitas

1781 1214 1808 1234 Or
1812 1213 1915 1251 doCrcmt

1783 1247 1822 1259 Ι»Ι

995 1893 1036 1926 rit
1061 1893 1257 1933 Ecclesiam,
1285 1898 1316 1926 et
1340 1895 1436 1927 veluti
1469 1895 1540 1927 sons
1566 1895 1735 1928 hortorum

995 1947 1135 1989 irriguus
1167 1952 1291 1980 ceteros
1326 1948 1499 1991 religiosos
1524 1949 1661 1983 Ordines
1690 1949 1735 1983 sc-

996 2001 1192 2041 cunduverit,
1219 2002 1304 2035 unde
1330 2002 1395 2035 Deo
1421 2008 1453 2038 ct
1478 2003 1667 2037 hominibus
1685 2014 1735 2037 ac-

995 2060 1106 2097 ceptus
1131 2054 1238 2087 multis
1264 2055 1443 2098 privilegiis
1469 2061 1499 2089 et
1525 2056 1659 2089 indultis
1683 2067 1736 2090 ne-

995 2108 1069 2141 dum
1088 2117 1105 2140 a
1129 2107 1284 2140 Romanis
1310 2107 1521 2141 Pontificibus
1547 2109 1732 2152 praedeces-

996 2159 1124 2193 soribus
1148 2160 1277 2199 nostris,
1303 2170 1413 2193 verum
1444 2161 1541 2194 etiam
1568 2162 1606 2193 ab
1632 2161 1735 2205 impc-

995 2213 1157 2246 nitoribus
1182 2212 1379 2256 regibusque
1398 2218 1429 2247 et
1447 2214 1518 2247 aliis
1537 2214 1734 2248 sublimibus

996 2266 1260 2311 principalibus2,
1286 2277 1350 2311 quo
1375 2267 1459 2301 Ordo
1484 2268 1671 2311 praedictus
1697 2269 1735 2302 il-

995 2320 1123 2364 liusque
1146 2319 1301 2353 monachi
1325 2320 1460 2354 liberius
1485 2321 1601 2354 divinis
1620 2322 1733 2356 officiis

995 2383 1109 2408 vacare
1144 2378 1176 2406 et
1210 2373 1363 2407 adversus
1389 2385 1614 2418 quoscumque
1639 2385 1734 2409 ausus

1034 2454 1043 2479 1
1056 2452 1155 2479 Similis
1167 2452 1337 2480 confirmatio
1353 2453 1425 2481 facta
1438 2453 1487 2481 fuit
1498 2462 1512 2480 a
1522 2454 1594 2482 Sixto
1608 2455 1631 2481 V
1646 2457 1734 2482 const.

997 2496 1060 2525 edit.
1079 2503 1223 2531 uonxxxvr,
1240 2496 1283 2524 dte
1297 2497 1330 2524 17
1350 2497 1427 2532 maii,
1448 2498 1545 2533 pontif.
1560 2506 1592 2526 11.

1033 2544 1044 2570 1
1061 2541 1159 2571 Nescio
1173 2549 1207 2570 an
1222 2541 1371 2578 legendum
1384 2543 1568 2579 principibus
1583 2543 1620 2580 (n.
1630 2544 1679 2579 τ.).
