2139 3142
824 294 918 317 mnzx
945 293 1046 316 annun
1599 281 1664 314 893

261 346 328 380 454
356 347 373 378 b
405 352 434 378 et
463 356 544 390 seq.;
570 345 708 378 eiusdem
742 345 1009 378 canonizationem
1044 344 1178 377 solemni
1214 343 1275 376 ritu
1311 349 1469 387 peractam
1506 347 1709 389 promulgat,

267 398 332 431 465
356 409 377 431 a
400 404 430 430 et
453 409 514 442 seq.

169 451 367 485 Immunitas.
391 470 435 475 —
458 451 490 483 In
515 451 629 494 quibus
653 450 773 483 delictis
797 455 827 482 et
851 450 974 483 casibus
1002 449 1220 492 delinquentes
1250 450 1321 482 laici
1351 450 1562 484 ecclesiastica
1594 452 1710 485 immu-

263 504 360 536 nitate
384 514 446 536 non
469 503 621 545 gaudent,
646 503 750 535 statuit
774 503 944 545 Gregorius
970 502 1034 535 xlv
1058 503 1193 545 quadam
1218 503 1440 536 constitutione
1472 515 1566 547 quam
1597 506 1711 538 confir-

265 562 349 596 mat,
373 556 510 588 declarat
533 561 563 588 et
587 556 715 599 ampliat
745 555 929 588 Benedictus
954 555 1037 594 XIII,
1063 554 1127 588 198
1150 555 1167 586 b
1190 561 1221 587 et
1244 566 1324 599 seq.·‚
1352 556 1486 589 sormam
1522 557 1707 591 extrahendi

264 609 479 652 delinquentes
504 609 542 640 ab
567 609 706 641 ecclesiis
732 607 1016 651 p1·aesc1·ibit‚⁶.201
1045 619 1080 647 a;
1115 608 1199 640 iuxta
1234 608 1425 651 praedictam
1450 611 1707 643 constitutionem

265 661 409 703 Gregorii
434 661 517 700 XIV,
542 667 576 693 ut
599 662 656 693 soli
683 661 821 704 episcopi
847 661 1007 693 declarare
1043 660 1164 692 valeant
1193 660 1217 692 si
1242 660 1355 693 delicta
1380 661 1621 696 imimmitatem
1645 674 1708 696 non

265 719 462 753 mereantur,
483 713 606 752 statuit,
631 712 690 745 201
721 714 750 745 b.

177 766 403 808 Indulgentiae.
424 785 467 788 —
493 766 707 808 Indulgentiae
732 766 935 798 confirmatae
959 766 1065 799 Ordini
1090 767 1265 799 Tertiarum
1291 768 1323 800 S.
1350 768 1518 808 Francisci,
1541 770 1612 803 vide
1635 771 1711 803 Ter-

265 819 368 857 tiarii,
393 818 606 860 indulgentiae
630 828 797 850 concessae
821 819 1062 861 Congregationi
1087 820 1190 852 Bonae
1214 820 1330 859 Mortis,
1359 822 1431 853 vide
1454 822 1709 864 Congregazione

265 871 347 903 della
372 871 476 903 Buona
501 871 612 904 Morte.

177 924 401 966 Indulgentiae.
419 943 461 948 -—
478 923 673 965 Indulgentia
692 923 831 966 plenaria
852 923 1035 956 conceditur
1052 924 1248 956 visitantibus
1272 925 1420 958 ecclesias
1445 927 1709 960 monasteriorum

265 977 390 1010 Ordinis
409 976 623 1010 Cisterciensis
642 976 692 1008 die
717 978 793 1009 sesto
811 977 840 1008 S.
858 976 1007 1018 Stephani
1033 976 1114 1008 tertii
1141 977 1261 1008 abbatis
1285 977 1509 1019 Cisterciensis,
1528 979 1569 1011 59
1586 991 1606 1011 a
1626 985 1658 1013 et
1678 981 1711 1021 b;

264 1029 337 1062 item
364 1029 562 1061 visitantibus
587 1029 733 1061 ecclesias
758 1029 889 1062 fratrum
915 1029 943 1060 S.
970 1029 1094 1060 loannis
1120 1029 1172 1060 Dei
1196 1029 1457 1072 CongregatIOnis
1487 1032 1708 1075 Hispaniarum

267 1082 318 1114 die
341 1083 420 1114 sesto
444 1081 475 1114 S.
503 1082 604 1115 Caroli
629 1082 830 1121 Borromaei,
855 1081 997 1122 Ordinis,
1023 1082 1096 1113 dum
1124 1082 1216 1121 vixit,
1240 1084 1448 1125 protectoris,
1475 1084 1516 1117 70
1541 1096 1578 1125 α;
1607 1086 1711 1119 indul-

265 1135 402 1177 gentiam
428 1134 600 1177 plenariam
626 1139 811 1177 pcrpetuam
844 1145 901 1177 pro
933 1135 1073 1167 ecclesiis
1098 1134 1222 1168 Ordinis
1247 1136 1520 1177 Praedicatorum,
1544 1138 1595 1170 die
1628 1139 1709 1172 sesto

269 1188 414 1221 Omnium
440 1188 638 1228 Sanctorum,
663 1188 738 1219 alias
760 1187 790 1219 in
810 1187 995 1219 decennium
1017 1198 1208 1228 concessam,
1227 1189 1256 1220 in
1276 1194 1463 1231 perpetuum
1482 1191 1629 1231 extendit,
1646 1191 1710 1224 312

267 1251 288 1273 a
305 1246 335 1273 et
354 1241 386 1280 b,
407 1240 478 1273 item
497 1240 688 1283 plenariam,
706 1240 801 1271 semel
827 1239 857 1271 in
878 1249 959 1272 anno
977 1240 1241 1280 lucrifixciendam,
1262 1242 1415 1280 concedit,
1437 1244 1711 1285 peregrinantibus

265 1293 305 1325 ad
328 1293 477 1336 capellam
497 1293 530 1325 B.
550 1293 587 1325 M.
606 1293 639 1325 V.
658 1293 848 1325 Laui-etanae
877 1292 967 1324 sitam
987 1293 1017 1324 in
1037 1293 1171 1336 collegio
1191 1294 1222 1326 S.
1243 1294 1386 1334 Gregorii
1409 1295 1596 1328 clericorum
1618 1308 1712 1339 regu-

268 1346 381 1379 larium
403 1346 565 1378 Societatis
589 1347 659 1379 Iesu
684 1346 817 1378 civitatis
841 1346 1017 1378 Mexicanae
1041 1347 1071 1378 in
1097 1346 1206 1387 indiis,
1231 1346 1295 1378 439
1320 1347 1349 1383 ἐκ
1374 1348 1445 1380 vide
1469 1348 1706 1391 Crucesignati;

267 1399 341 1430 item
368 1398 542 1441 plenariam
568 1404 751 1442 perpetuam
778 1400 966 1432 monialibus
999 1401 1183 1443 quorumvis
1219 1402 1483 1434 monasteriorum
1513 1403 1544 1435 in
1573 1404 1713 1446 qualibet

267 1451 374 1483 mundi
401 1456 488 1493 parte
512 1451 722 1491 existentium,
747 1452 797 1484 die
822 1462 928 1485 earnm
956 1453 1128 1493 velationis,
1153 1453 1378 1487 benedictionis
1403 1461 1433 1487 et
1457 1457 1711 1498 consecrationis,

271 1503 335 1536 646
351 1515 371 1536 a
387 1510 416 1536 ct
432 1506 458 1542 {13
489 1505 560 1536 item
587 1505 760 1547 plenariam
787 1511 970 1548 perpetuam
997 1517 1054 1549 pro
1073 1507 1261 1539 monialibus
1278 1508 1540 1541 monasteriorum
1558 1510 1589 1542 S.
1610 1510 1711 1542 Ursu—

268 1557 316 1589 lae
333 1557 363 1589 in
388 1557 438 1589 die
464 1557 674 1590 renovationis
699 1563 853 1599 votorum,
885 1558 948 1591 649
966 1570 1005 1597 α;
1028 1560 1099 1591 item
1123 1560 1294 1602 plenariam
1314 1561 1511 1593 visitantibus
1534 1561 1585 1594 die
1610 1573 1641 1595 xl
1667 1563 1712 1595 se-

267 1611 387 1643 bruarii
412 1611 548 1653 aliquam
581 1621 616 1643 ex
642 1612 1067 1644 ecclesiis1‘1·ati—umoi·‹iini.<
1087 1612 1255 1645 Servorum
1282 1613 1314 1645 B.
1335 1614 1371 1645 M.
1390 1614 1424 1645 V.
1451 1614 1489 1645 ad
1514 1616 1713 1657 septennium

270 1663 439 1704 concessit,
466 1663 528 1695 769
544 1674 582 1703 a;
607 1664 680 1696 item
706 1664 878 1707 plenariam
898 1671 1081 1708 perpetuam
1107 1665 1302 1698 visitantibus
1326 1667 1462 1709 aliquam
1488 1668 1714 1700 canonicorum

269 1716 462 1758 regularium
488 1717 534 1748 vel
559 1718 742 1749 monialium
767 1717 892 1750 Ordinis
917 1718 1233 1752 Praemonstratensis
1259 1718 1449 1762 ubicumque
1479 1720 1622 1752 locorum
1647 1721 1714 1764 qui-

271 1769 404 1802 busdam
429 1770 501 1801 anni
528 1770 741 1813 temporibus,
766 1769 831 1803 834
856 1771 884 1803 b.

180 1822 450 1865 indulgentiarum
475 1832 693 1855 concessarum
719 1824 884 1863 crucibus,
911 1824 1058 1863 rosariis,
1084 1824 1358 1856 nmmnismatibus
1383 1831 1413 1857 et
1436 1826 1562 1858 coronis
1587 1826 1718 1859 benedi—

269 1875 360 1908 dictis
384 1876 422 1908 ad
446 1876 557 1908 abbate
583 1877 763 1909 monasterii
788 1877 899 1909 Montis
923 1877 1039 1909 Serrati
1074 1877 1333 1919 tlongregationis
1358 1877 1597 1911 Vallisoletanae
1630 1879 1719 1912 Ordi-

271 1928 318 1960 nis
341 1929 440 1961 sancti
464 1929 633 1968 Benedicti,
658 1930 863 1961 summarium
890 1931 984 1961 refert
1008 1935 1037 1961 et
1062 1930 1239 1969 eontirmat,
1263 1930 1325 1963 807
1351 1942 1370 1963 α
1397 1936 1427 1963 et
1449 1942 1511 1975 seq.

182 1981 396 2024 Indulgentias
419 1992 635 2025 quascumque
660 1988 798 2014 vertente
823 1993 905 2014 anuo
930 1983 1115 2015 universalis
1136 1983 1260 2015 iubilaei
1286 1993 1431 2016 ninccxxv
1453 1985 1645 2028 suspendere
1670 1997 1721 2020 vo—

274 2034 332 2066 luit
355 2034 540 2067 Benedictus
571 2035 650 2073 XIII,
669 2035 710 2065 tiO
731 2047 750 2067 a
775 2041 804 2066 et
827 2046 878 2077 seq
897 2046 904 2074 ·,
932 2035 1143 2076 indulgentias
1167 2036 1318 2078 quasdam
1345 2042 1513 2081 perpetuas
1543 2044 1574 2070 et
1597 2039 1722 2072 univer-

272 2088 353 2120 sales
377 2087 524 2119 omnibus
548 2087 805 2119 cliristissdelihus
831 2088 1035 2120 recitantibus
1066 2088 1104 2120 ad
1137 2089 1261 2131 signnm
1295 2099 1483 2132 campanae,
1516 2091 1601 2134 quod
1626 2092 1722 2134 vulgo

272 2140 388 2173 dicitur
414 2140 505 2172 t‘Avc
530 2140 651 2179 Maria,
676 2140 880 2182 antiphonam
905 2141 1046 2183 Angyelus
1077 2141 1208 2174 Domini
1241 2141 1328 2173 [lexis
1362 2142 1511 2183 genibus,
1544 2144 1720 2184 concessit,

273 2192 333 2225 101
362 2193 398 2232 b;
433 2192 506 2225 item
532 2192 735 2225 recitantibus
761 2203 910 2225 coronam
936 2193 1060 2235 Septem
1087 2194 1236 2226 Dolorum
1263 2194 1296 2226 B.
1324 2194 1361 2227 M.
1387 2195 1435 2236 V.,
1461 2196 1524 2228 102
1549 2207 1569 2229 a
1593 2202 1623 2229 et
1646 2208 1720 2240 seq„

276 2256 353 2289 quas
384 2245 415 2277 in
449 2245 587 2288 generali
616 2246 883 2287 indulgentiarum
915 2246 1123 2288 suspensione
1158 2246 1274 2278 indicta
1310 2257 1392 2279 anno
1427 2248 1554 2281 iubilaei
1587 2249 1721 2282 durante

275 2298 405 2331 minime
436 2297 662 2340 comprehendi
695 2298 884 2337 declaravit,
909 2297 972 2330 1⁶23
997 2309 1036 2338 a;
1063 2299 1135 2332 item
1161 2299 1197 2331 iis
1221 2299 1275 2342 qui
1300 2299 1457 2332 adfuerint
1481 2301 1617 2334 orationi
1643 2313 1721 2345 qua-

275 2350 419 2392 draginta
448 2350 600 2382 horarnm
626 2350 817 2393 ubicumque
841 2351 1014 2390 concessit,
1039 2350 1103 2383 4⁶28
1127 2352 1155 2391 b,
1178 2353 1249 2385 vide
1274 2352 1463 2392 lubilaeum;
1490 2357 1523 2386 ut
1547 2354 1719 2397 indulgen-

276 2403 335 2436 tias
350 2430 357 2444 ,
382 2413 465 2435 anno
490 2402 616 2435 iubilaei
646 2403 779 2436 durante
803 2413 983 2446 suspensas,
1007 2405 1166 2446 apphcare
1191 2411 1319 2448 possent
1343 2416 1399 2448 per
1424 2407 1552 2439 modum
1575 2407 1720 2449 suffragii

277 2457 444 2489 animabus
481 2456 720 2496 defunctorum,
752 2457 1009 2490 christifidelibus
1043 2458 1192 2498 indulsit,
1222 2459 1286 2491 152
1323 2471 1343 2491 a
1373 2465 1404 2492 ct
1439 2460 1476 2499 b;
1511 2460 1723 2503 indulgentias

268 2509 429 2552 quasdam
463 2509 637 2552 peculiares
668 2509 808 2542 ecclesiis
839 2509 1101 2553 Congregationis
1135 2511 1302 2544 Doctrinae
1332 2513 1525 2545 Christianae
1561 2514 1723 2551 concedit,

277 2562 416 2605 aliasque
441 2562 563 2595 clericis
587 2563 801 2595 saecularibus
829 2563 968 2595 eiusdem
994 2563 1255 2606 Congrcgationis
1281 2564 1398 2604 tribuit,
1418 2564 1484 2597 274
1508 2565 1545 2605 b;
1568 2565 1722 2608 quasdam

278 2616 310 2648 in
340 2615 425 2647 feriis
455 2615 567 2654 sextis,
592 2615 853 2658 praecedentibus
878 2616 989 2648 festum
1014 2617 1043 2649 S.
1070 2617 1223 2649 Vincentii
1249 2617 1404 2657 Fcrrerii,
1429 2618 1593 2658 concessit,
1618 2618 1682 2651 317
1707 2618 1724 2649 b

277 2673 310 2701 et
332 2678 404 2712 seq.;
423 2669 587 2701 nonnullas
612 2680 669 2712 pro
694 2669 881 2710 Minoribus,
906 2669 1038 2712 aliisque
1062 2669 1106 2702 eis
1131 2669 1291 2710 subiectis,
1319 2671 1407 2714 pium
1431 2671 1614 2704 exercitium
1647 2671 1722 2703 Viae
