2170 3147
35 207 84 236 Αη.
105 205 133 235 C.
152 206 219 234 ¹726

101 588 214 609 Concessio

33 615 156 642 [ir-'semotae
182 615 215 635 sa-

34 642 118 663 cotialis
133 642 152 661 in
168 647 214 666 per-

33 670 119 694 potuum
128 667 213 694 quibus-

33 695 81 715 dam
97 697 164 714 tamen
178 695 214 714 ad·

34 721 94 741 iocus
111 721 214 741 conditio-

33 747 94 768 nibus
130 753 214 768 servan-

830 204 1023 228 BENEDICTUS
1049 203 1105 227 xtll
1130 203 1178 226 ΓΡ.

271 254 443 297 mayistros
468 253 711 297 quinquaqinta
735 253 770 284 in
786 252 965 295 provinciis

270 306 408 345 Italiae,
435 305 660 349 quadrayi‘nla
683 304 856 337 dumtaxat
874 309 965 337 eoetra

269 359 407 393 Italiam
420 358 441 392 ¹.

402 442 580 470 Benedictus
603 442 681 475 Papa
701 441 788 468 xm.

339 488 376 514 ad
398 490 579 520 perpetuam
602 486 648 512 rei
667 485 852 512 memoriam⁴

270 570 284 613 ἓ
321 569 351 601 1.
379 567 550 610 Cupientes
583 570 616 598 ut
652 566 781 598 debitus
818 564 966 597 virtutis²

226 621 412 656 huiusmodi
438 619 598 662 religiosis
623 619 751 652 Ordinis
779 618 910 650 fratrum
937 628 965 650 e-

226 676 416 709 remitarum
441 673 541 706 sancti
569 672 756 715 Augustini,
782 671 835 713 qui
862 671 893 703 in
919 681 967 703 ar-

228 729 312 762 tibus
338 733 370 760 et
393 737 502 760 sacrae
531 725 718 767 theologiae
749 724 864 756 studiis
900 734 966 755 cur-

226 791 296 814 sum
320 780 535 823 perfecerunt,
561 789 597 810 ac
624 777 702 810 alias
729 776 815 818 digni
843 782 874 809 et
898 776 964 809 ido·
987 774 988 777 '

226 833 279 867 nei
305 838 397 872 sunt,
436 832 617 869 tribuatur,
654 835 690 862 ut
726 829 877 861 nimirum
911 820 988 862 alii¹

226 886 369 930 ipsorum
401 885 550 926 evemplo
582 883 621 916 ad
648 893 811 915 sacrarum
844 882 964 929 littera-

225 948 297 971 rum
324 938 430 971 studia
455 937 487 969 in
514 936 582 969 dies
608 935 709 977 magis
736 945 771 967 ac
797 935 897 976 magis
917 935 987 968 elz-J

226 991 382 1029 citentur,
423 988 714 1031 supplicationibus
756 987 865 1020 dilecti
907 987 963 1019 filii
986 979 987 1003 ³

224 1042 386 1085 Fulgentii
405 1042 531 1074 Bellelli
558 1040 776 1083 procuratoris
803 1039 965 1082 generalis
986 1057 987 1063 ι

226 1096 370 1130 eiusdem
397 1094 526 1128 Ordinis
554 1093 585 1125 in
605 1096 693 1125 sacra
715 1092 881 1134 theologia
899 1103 964 1125 ma·
985 1089 987 1105 ⁴

225 1148 315 1192 gistri
342 1148 472 1181 nomine
497 1147 592 1180 nobis
627 1156 726 1189 super
752 1146 813 1178 boc
840 1145 964 1178 humili·

224 1207 275 1236 ter
300 1201 457 1244 porrectis
483 1199 642 1239 inclinati>
666 1199 779 1232 futuris
804 1199 964 1241 prioribus

225 1253 434 1298 generalibus
452 1251 581 1285 Ordinis
602 1251 770 1295 praedicti,
789 1257 823 1282 ut
844 1251 874 1283 in
895 1262 964 1293 pro·
986 1267 987 1276 ι

224 1307 338 1341 vinciis
364 1311 395 1339 et
420 1305 728 1348 congregationibus
749 1305 866 1343 ltaliae,
884 1305 964 1337 aliis—
986 1334 987 1337 ,

225 1371 288 1405 que
314 1360 342 1393 ei
367 1359 600 1397 adiacentibus,
620 1357 854 1400 quinquaginta
874 1357 950 1390 Ordi

225 1414 276 1447 nis
303 1412 487 1446 huiusmodi
516 1412 737 1455 professores,
772 1411 826 1454 qui
853 1411 964 1454 probi-
986 1429 987 1432 =

226 1467 299 1500 tatis
324 1472 355 1499 et
379 1466 546 1499 doctrinae
570 1466 720 1497 laudibus
739 1465 964 1507 praefulgeant

226 1525 259 1553 et
282 1519 505 1563 quinquennio
528 1519 670 1561 regentis
690 1530 806 1551 munus
824 1519 964 1552 obierint

224 1575 274 1607 vel
301 1573 331 1606 in
358 1573 643 1616 principalioribus
677 1573 820 1605 eiusdem
854 1573 962 1607 ltaliae

225 1627 403 1660 civitatibus
443 1627 574 1659 verbum
608 1627 661 1660 Dei
696 1628 855 1661 decennio
893 1619 986 1662 cum]

223 1682 340 1725 plausu
366 1681 513 1724 iustaque
541 1682 620 1713 famx‘i
646 1682 916 1724 praedicaverint,
937 1694 963 1715 a·
985 1722 986 1725 Ἴ

223 1734 340 1778 liisque
366 1735 516 1768 omnibus
542 1734 751 1777 qualitatibus
778 1735 808 1766 in
834 1746 986 1778 promo-g

223 1787 336 1821 vendis
362 1788 401 1820 ad
433 1788 608 1830 magisterii
640 1788 775 1829 gradum
803 1800 861 1831 per
885 1800 961 1831 apo·
984 1803 985 1828 3

223 1841 354 1875 stolicas
380 1847 411 1874 et
435 1841 563 1875 Ordinis
585 1841 741 1885 praedicti
765 1842 961 1875 constitutio·
984 1864 985 1882 ;

223 1905 282 1928 nes
306 1901 403 1938 atque
425 1895 640 1938 capitulorum
660 1896 859 1938 generalium
875 1896 961 1929 illius
983 1896 985 1916 ³

225 1948 414 1982 definitores
440 1958 567 1981 necnon
593 1954 710 1981 statuta
735 1952 765 1982 et
789 1955 962 1981 consuetu-
983 1989 985 1995 y

225 2001 318 2035 dines
346 2012 382 2034 ac
407 2011 484 2034 usus
511 2012 621 2034 earum
647 2002 888 2044 provinciarum
913 2013 962 2035 re·
983 2013 985 2042 ζ,

224 2055 352 2100 quisitis
378 2055 516 2098 praediti
542 2066 610 2088 esse
637 2055 797 2093 debeant,
822 2055 960 2098 quique,

223 2111 348 2143 servata
375 2108 535 2150 regularis
566 2108 754 2151 disciplinae
786 2108 985 2141 observari-J

224 2162 267 2195 tia
287 2162 320 2195 in
345 2172 456 2195 eorum
481 2160 613 2200 Ordine,
634 2171 760 2193 morum
784 2161 959 2203 probitate,
983 2147 985 2201 i

225 2215 361 2259 aliisque
387 2214 558 2248 virtutibus
591 2214 714 2254 dotati,
745 2215 827 2247 adeo
853 2210 985 2254 lauda-i

223 2268 335 2302 biliter
359 2268 498 2300 vixerint
529 2273 562 2311 ut
591 2268 660 2300 aliis
687 2278 751 2299 non
784 2268 889 2299 minus
918 2259 985 2320 ιιι-Ι

225 2327 276 2356 tae
302 2321 488 2355 innocentia
513 2331 609 2364 quam
636 2321 779 2353 doctrina
806 2321 962 2353 docendi⁸

225 2376 350 2409 habiles
384 2374 448 2408 sint
481 2379 513 2406 ct
552 2374 679 2413 idonei,
718 2378 749 2406 ct
786 2374 961 2407 dummodo

225 2429 286 2473 ipsi
308 2427 540 2472 promovendi,
561 2427 692 2470 praevio
718 2427 864 2469 rigoroso
891 2438 962 2460 exa-

262 2510 275 2536 1
297 2508 366 2535 Vide
386 2507 487 2534 Urbani
509 2506 565 2533 VllI
585 2509 671 2533 const.
692 2506 761 2533 infra
780 2507 902 2535 citatam.

260 2552 277 2580 2
297 2552 430 2588 Corrigat,
452 2551 474 2578 si
493 2559 561 2586 opus
582 2555 633 2585 est,
654 2551 738 2579 lector
757 2551 828 2579 scius
846 2553 943 2587 (n.‘r.).

260 2596 277 2625 3
295 2596 398 2624 Forsan
418 2596 554 2624 docendis
574 2600 612 2630 (n.
628 2597 678 2631 T.).
982 2601 985 2630 i

313 2651 392 2680 Ruti.
413 2651 498 2679 Rom.
516 2665 550 2671 —
570 2651 630 2679 Vol.
656 2650 746 2680 XXII.
893 2650 926 2677 45

1007 251 1092 284 mine
1110 261 1218 284 coram
1253 249 1366 283 iisdem
1392 249 1556 293 prioribus
1589 247 1751 291 generali-

1007 306 1077 345 bus,
1094 304 1192 336 modo
1210 308 1241 337 et
1260 304 1361 336 forma
1380 303 1497 347 quibus
1516 302 1548 334 in
1567 304 1648 336 alma
1662 301 1748 334 Urbe

1007 360 1118 390 nostra
1143 357 1212 389 fieri
1237 356 1318 389 solet
1344 356 1504 394 faciendo,
1530 356 1568 388 ad
1595 355 1658 388 hoc
1684 355 1747 387 ido-

1008 410 1060 443 nei
1088 409 1301 453 reperiantur,
1328 415 1498 452 praeterea
1515 409 1546 441 in
1564 408 1634 441 aliis
1660 414 1749 440 extra

1009 463 1133 495 Italiam
1151 462 1295 495 eiusdem
1317 461 1444 495 Ordinis
1469 461 1642 505 provinciis
1669 460 1748 494 alios

1010 515 1225 558 quadraginta
1250 515 1415 547 dumtaxat
1439 514 1589 547 similiter
1622 513 1748 546 Ordinis

1011 568 1163 610 praedicti
1190 567 1396 611 professores
1422 568 1574 600 omnibus
1609 566 1748 610 qualita-

1011 620 1114 660 tibus,
1142 620 1238 653 etiam
1274 631 1333 663 per
1368 620 1567 662 apostolicas
1605 625 1636 652 et
1672 619 1747 651 dicti

1008 673 1137 706 Ordinis
1173 673 1441 713 constitutiones,
1478 683 1606 705 necnon
1632 671 1749 705 eonsti-

1011 726 1175 765 iunones,
1201 726 1452 758 consuetudines
1479 731 1509 758 et
1534 736 1612 757 usus
1639 735 1749 757 earum

1010 779 1250 821 provinciarum
1294 778 1460 821 requisitis
1500 777 1682 821 praeditos,
1718 781 1749 809 et

986 853 987 877 2
1009 831 1185 864 dummodo
1200 831 1320 874 pariter
1340 830 1399 873 ipsi
1418 830 1640 872 promovendi,
1655 839 1749 872 prae-

986 888 988 894 '
1010 885 1060 917 rio
1085 884 1233 926 rigoroso
1251 883 1399 916 examine
1416 883 1503 915 iuxta
1524 883 1656 915 formam
1675 893 1748 915 con·

1009 936 1184 969 stitutionis
1221 936 1324 969 felicis
1356 935 1591 968 recordationis
1627 934 1748 968 Urbani

1011 991 1114 1033 Papae
1138 990 1202 1023 VIII
1239 988 1502 1033 praedecessoris
1535 988 1635 1020 nostri
1666 998 1749 1030 quae

1009 1043 1122 1087 incipit
1148 1044 1314 1077 Romanus
1339 1042 1493 1084 Pontifex
1518 1041 1578 1073 sub
1605 1041 1656 1073 die
1677 1050 1750 1073 xxiv

1009 1096 1119 1139 aprilis
1156 1105 1284 1129 Mncxxv
1310 1101 1479 1128 emanatae
1518 1094 1683 1133 faciendo,
1710 1094 1749 1126 ad

1012 1150 1072 1182 boc
1111 1149 1219 1182 idonei
1256 1149 1487 1191 reperiantur,
1516 1147 1548 1179 in
1575 1147 1749 1189 magistros

1010 1204 1041 1235 in
1060 1205 1149 1235 sacra
1167 1203 1333 1244 theologia
1352 1201 1660 1244 supranumerarios
1678 1210 1748 1242 pro-

1011 1266 1156 1296 movere,
1183 1253 1330 1298 illisque*
1355 1254 1534 1297 magisterii
1554 1260 1586 1287 et
1603 1254 1749 1286 doctora-

1011 1316 1058 1342 tus
1085 1309 1270 1341 liuiusmodi
1298 1308 1438 1349 insignia
1464 1307 1623 1346 conferre,
1650 1314 1747 1349 utque

1009 1363 1159 1395 omnibus
1180 1368 1211 1395 et
1235 1361 1370 1404 singulis
1398 1361 1594 1398 bonoribus,
1621 1360 1750 1403 privile-

1009 1416 1085 1458 giis,
1112 1415 1292 1453 favoribus,
1318 1413 1570 1457 praerogativis,
1590 1412 1750 1454 praeemi-

1010 1468 1147 1506 nentiiis,
1175 1468 1438 1505 aiitelationibiis,
1466 1466 1745 1508 exemptionibus,

1009 1522 1230 1562 libertatibus,
1264 1520 1538 1556 immunitatibus,
1565 1519 1679 1561 gratiis
1717 1524 1749 1551 et

1009 1576 1155 1611 indultis,
1181 1574 1296 1618 quilius
1321 1574 1375 1614 alii
1402 1573 1546 1605 eiusdem
1565 1571 1694 1604 Ordinis
1716 1572 1748 1604 in

1008 1632 1097 1661 sacra
1125 1628 1291 1670 theologia
1318 1626 1461 1668 magistri
1498 1626 1594 1659 etiam
1632 1626 1663 1657 in
1691 1637 1749 1669 pu-

1009 1682 1102 1714 blicis
1128 1682 1309 1714 studiorum
1329 1679 1532 1722 generalium
1560 1679 1749 1711 universita-

1010 1735 1091 1767 tibus
1117 1736 1155 1767 ad
1182 1733 1367 1766 huiusmodi
1396 1733 1515 1775 gradus
1542 1733 1684 1775 promoti
1710 1733 1748 1765 de

1009 1790 1096 1827 iure,
1123 1798 1198 1827 usu,
1226 1787 1462 1820 consuetudine
1488 1791 1540 1817 aut
1565 1786 1643 1818 alias
1668 1796 1749 1828 quo-

1009 1842 1185 1874 modolibet
1210 1846 1360 1880 utuntur,
1388 1839 1572 1882 potiuntur,
1598 1838 1749 1871 fruuntur

1007 1902 1038 1928 ct
1062 1895 1215 1937 gaudent,
1241 1904 1276 1926 ac
1302 1893 1364 1933 uti,
1391 1892 1461 1931 frui,
1497 1892 1640 1934 gaudere
1674 1902 1749 1935 pos-

1007 1955 1081 1982 sunt
1106 1954 1136 1982 et
1163 1952 1318 1992 poterunt
1343 1946 1591 1990 quomodolibet
1615 1946 1645 1977 in
1666 1948 1747 1978 l'utu-

1008 2014 1086 2041 rum,
1113 2002 1183 2045 pari
1209 2001 1304 2034 modo
1332 2005 1363 2033 et
1387 2000 1510 2043 absque
1533 2000 1597 2031 ulla
1616 2010 1747 2042 prorsus

1007 2055 1189 2088 differentia
1215 2054 1277 2093 uti,
1316 2052 1394 2093 frui,
1423 2051 1520 2095 potiri
1547 2057 1578 2084 et
1603 2053 1746 2094 gaudere

1006 2110 1134 2153 possint
1154 2114 1185 2141 et
1210 2108 1362 2147 debeant,
1379 2106 1516 2149 perinde
1534 2116 1569 2138 ac
1586 2106 1611 2138 si
1633 2106 1672 2139 ad
1692 2107 1748 2139 hu-

1007 2163 1145 2195 iusmodi
1173 2161 1289 2204 gradus
1314 2160 1347 2192 in
1373 2160 1533 2193 similibus
1560 2160 1745 2193 studiorum

1006 2215 1268 2249 universitatibus
1293 2213 1433 2257 promoti
1460 2213 1605 2254 fuissent,
1633 2224 1746 2247 conce-

1007 2269 1084 2302 dere
1110 2274 1142 2301 et
1165 2268 1335 2310 indulgere
1370 2267 1519 2307 valeant,
1553 2267 1744 2300 auctoritate

1006 2321 1186 2364 praedicta,
1212 2326 1325 2354 tenore
1347 2319 1587 2363 praesentium,
1613 2320 1745 2353 faculta-

1006 2379 1068 2408 tem
1109 2374 1278 2418 perpetuis
1319 2373 1520 2416 temporibus
1558 2373 1744 2407 duraturam

1006 2427 1215 2461 concedimus
1241 2431 1273 2460 et
1297 2426 1526 2469 impet-timum
1558 2426 1601 2459 ita
1639 2433 1744 2459 tamen

1007 2486 1041 2513 ut
1065 2479 1235 2513 memorati
1264 2479 1391 2522 priores
1417 2480 1588 2522 generales
1614 2480 1653 2512 ad
1679 2481 1744 2513 ele-

1006 2533 1145 2566 ctionem
1176 2532 1336 2565 dictorum
1356 2531 1583 2574 magistrorum
1612 2531 1743 2565 nonnisi

1043 2597 1054 2624 1
1077 2596 1148 2624 Edit.
1169 2595 1253 2623 Main.
1274 2594 1340 2631 legit
1360 2595 1479 2630 illosque
1498 2596 1536 2630 (n.
1558 2593 1607 2628 r.)-

1650 190 1714 224 353
1761 199 1808 225 An.
1831 198 1858 226 c.
1876 198 1943 226 1726
