<?xml version="1.0" encoding="UTF-8"?>
<!DOCTYPE html PUBLIC "-//W3C//DTD XHTML 1.0 Transitional//EN"
    "http://www.w3.org/TR/xhtml1/DTD/xhtml1-transitional.dtd">
<html xmlns="http://www.w3.org/1999/xhtml" xml:lang="en" lang="en">
 <head>
  <title>
</title>
<meta http-equiv="Content-Type" content="text/html;charset=utf-8" />
  <meta name='ocr-system' content='tesseract 3.04.00' />
  <meta name='ocr-capabilities' content='ocr_page ocr_carea ocr_par ocr_line ocrx_word'/>
</head>
<body>
  <div class='ocr_page' id='page_1' title='image "./bullarumdiplomat22cath_0578.png"; bbox 0 0 2170 3147; ppageno 0'>
   <div class='ocr_carea' id='block_1_1' title="bbox 177 167 476 202">
    <p class='ocr_par' dir='ltr' id='par_1_1' title="bbox 177 167 476 202">
     <span class='ocr_line' id='line_1_1' title="bbox 177 167 476 202; baseline 0.003 -2"><span class='ocrx_word' id='word_1_1' title='bbox 177 176 225 201; x_wconf 66' lang='lat' dir='ltr'>An.</span> <span class='ocrx_word' id='word_1_2' title='bbox 250 176 277 201; x_wconf 75' lang='lat' dir='ltr'>e.</span> <span class='ocrx_word' id='word_1_3' title='bbox 299 175 365 202; x_wconf 61' lang='lat'>¹727</span> <span class='ocrx_word' id='word_1_4' title='bbox 413 167 476 201; x_wconf 71' lang='lat'>538</span> 
     </span>
    </p>
   </div>
   <div class='ocr_carea' id='block_1_2' title="bbox 208 713 350 732">
    <p class='ocr_par' dir='ltr' id='par_1_2' title="bbox 208 713 350 732">
     <span class='ocr_line' id='line_1_2' title="bbox 208 713 350 732; baseline -0.007 0"><span class='ocrx_word' id='word_1_5' title='bbox 208 713 350 732; x_wconf 53' lang='lat' dir='ltr'>c=nttrn1nnux</span> 
     </span>
    </p>
   </div>
   <div class='ocr_carea' id='block_1_3' title="bbox 355 718 363 732">
    <p class='ocr_par' dir='ltr' id='par_1_3' title="bbox 355 718 363 732">
     <span class='ocr_line' id='line_1_3' title="bbox 355 718 363 732; baseline 0 0"><span class='ocrx_word' id='word_1_6' title='bbox 355 718 363 732; x_wconf 75' lang='grc' dir='ltr'><strong>Γ</strong></span> 
     </span>
    </p>
   </div>
   <div class='ocr_carea' id='block_1_4' title="bbox 179 742 363 765">
    <p class='ocr_par' dir='ltr' id='par_1_4' title="bbox 179 742 363 765">
     <span class='ocr_line' id='line_1_4' title="bbox 179 742 363 765; baseline -0.005 -7"><span class='ocrx_word' id='word_1_7' title='bbox 179 746 263 765; x_wconf 65' lang='lat' dir='ltr'>qunque</span> <span class='ocrx_word' id='word_1_8' title='bbox 274 742 293 759; x_wconf 73' lang='lat' dir='ltr'>rt</span> <span class='ocrx_word' id='word_1_9' title='bbox 306 746 338 759; x_wconf 73' lang='lat' dir='ltr'>mn</span> <span class='ocrx_word' id='word_1_10' title='bbox 349 747 363 757; x_wconf 65' lang='lat' dir='ltr'>v-</span> 
     </span>
    </p>
   </div>
   <div class='ocr_carea' id='block_1_5' title="bbox 178 800 188 944">
    <p class='ocr_par' dir='ltr' id='par_1_5' title="bbox 178 800 188 944">
     <span class='ocr_line' id='line_1_5' title="bbox 179 800 188 812; baseline 0 0"><span class='ocrx_word' id='word_1_11' title='bbox 179 800 188 812; x_wconf 77' lang='lat' dir='ltr'>r</span> 
     </span>
     <span class='ocr_line' id='line_1_6' title="bbox 179 822 183 837; baseline 0 0"><span class='ocrx_word' id='word_1_12' title='bbox 179 822 183 837; x_wconf 86' lang='grc' dir='ltr'>Ι</span> 
     </span>
     <span class='ocr_line' id='line_1_7' title="bbox 179 879 184 893; baseline 0 0"><span class='ocrx_word' id='word_1_13' title='bbox 179 879 184 893; x_wconf 84' lang='grc' dir='ltr'>Ι</span> 
     </span>
     <span class='ocr_line' id='line_1_8' title="bbox 178 906 183 925; baseline 0 0"><span class='ocrx_word' id='word_1_14' title='bbox 178 906 183 925; x_wconf 85' lang='lat' dir='ltr'>I</span> 
     </span>
     <span class='ocr_line' id='line_1_9' title="bbox 180 932 187 944; baseline 0 0"><span class='ocrx_word' id='word_1_15' title='bbox 180 932 187 944; x_wconf 75' lang='lat' dir='ltr'>x</span> 
     </span>
    </p>
   </div>
   <div class='ocr_carea' id='block_1_6' title="bbox 180 880 191 979">
    <p class='ocr_par' dir='ltr' id='par_1_6' title="bbox 180 880 191 979">
     <span class='ocr_line' id='line_1_10' title="bbox 185 880 191 892; baseline 0 0"><span class='ocrx_word' id='word_1_16' title='bbox 185 880 191 892; x_wconf 71' lang='lat' dir='ltr'>l</span> 
     </span>
     <span class='ocr_line' id='line_1_11' title="bbox 180 958 191 979; baseline 0 -8"><span class='ocrx_word' id='word_1_17' title='bbox 180 958 191 979; x_wconf 60' lang='lat' dir='ltr'>p</span> 
     </span>
    </p>
   </div>
   <div class='ocr_carea' id='block_1_7' title="bbox 189 826 198 838">
    <p class='ocr_par' dir='ltr' id='par_1_7' title="bbox 189 826 198 838">
     <span class='ocr_line' id='line_1_12' title="bbox 189 826 198 838; baseline 0 -5"><span class='ocrx_word' id='word_1_18' title='bbox 189 826 198 838; x_wconf 63' lang='grc' dir='ltr'><strong>ρ</strong></span> 
     </span>
    </p>
   </div>
   <div class='ocr_carea' id='block_1_8' title="bbox 193 793 352 818">
    <p class='ocr_par' dir='ltr' id='par_1_8' title="bbox 193 793 352 818">
     <span class='ocr_line' id='line_1_13' title="bbox 193 793 352 818; baseline -0.006 -6"><span class='ocrx_word' id='word_1_19' title='bbox 193 798 270 818; x_wconf 59' lang='lat' dir='ltr'>unique</span> <span class='ocrx_word' id='word_1_20' title='bbox 296 793 352 812; x_wconf 74' lang='lat' dir='ltr'>facul</span> 
     </span>
    </p>
   </div>
   <div class='ocr_carea' id='block_1_9' title="bbox 202 812 1116 860">
    <p class='ocr_par' dir='ltr' id='par_1_9' title="bbox 202 812 1116 860">
     <span class='ocr_line' id='line_1_14' title="bbox 202 812 1116 860; baseline -0.001 -14"><span class='ocrx_word' id='word_1_21' title='bbox 202 826 209 837; x_wconf 61' lang='lat'>³</span> <span class='ocrx_word' id='word_1_22' title='bbox 246 825 364 860; x_wconf 41' lang='lat' dir='ltr'>conteme-</span> <span class='ocrx_word' id='word_1_23' title='bbox 376 813 585 847; x_wconf 82' lang='lat' dir='ltr'>concedimus</span> <span class='ocrx_word' id='word_1_24' title='bbox 599 814 785 847; x_wconf 71' lang='lat' dir='ltr'>facultatem</span> <span class='ocrx_word' id='word_1_25' title='bbox 802 814 909 847; x_wconf 89' lang='lat' dir='ltr'>eidem</span> <span class='ocrx_word' id='word_1_26' title='bbox 923 812 930 830; x_wconf 89' lang='lat'>¹</span> <span class='ocrx_word' id='word_1_27' title='bbox 946 825 963 847; x_wconf 91' lang='lat' dir='ltr'>a</span> <span class='ocrx_word' id='word_1_28' title='bbox 978 814 1007 847; x_wconf 88' lang='lat' dir='ltr'>S.</span> <span class='ocrx_word' id='word_1_29' title='bbox 1024 813 1079 846; x_wconf 85' lang='lat' dir='ltr'>Pio</span> <span class='ocrx_word' id='word_1_30' title='bbox 1095 813 1116 844; x_wconf 86' lang='lat' dir='ltr'>V</span> 
     </span>
    </p>
   </div>
   <div class='ocr_carea' id='block_1_10' title="bbox 179 849 353 870">
    <p class='ocr_par' dir='ltr' id='par_1_10' title="bbox 179 849 353 870">
     <span class='ocr_line' id='line_1_15' title="bbox 179 849 353 870; baseline 0 -5"><span class='ocrx_word' id='word_1_31' title='bbox 179 849 281 870; x_wconf 60' lang='lat' dir='ltr'>magistro</span> <span class='ocrx_word' id='word_1_32' title='bbox 330 852 353 869; x_wconf 59' lang='grc' dir='ltr'>με</span> 
     </span>
    </p>
   </div>
   <div class='ocr_carea' id='block_1_11' title="bbox 372 226 1117 751">
    <p class='ocr_par' dir='ltr' id='par_1_11' title="bbox 372 226 1117 696">
     <span class='ocr_line' id='line_1_16' title="bbox 374 226 1110 271; baseline -0.001 -12"><span class='ocrx_word' id='word_1_33' title='bbox 374 226 508 259; x_wconf 85' lang='lat' dir='ltr'>eosdem</span> <span class='ocrx_word' id='word_1_34' title='bbox 544 227 663 270; x_wconf 82' lang='lat' dir='ltr'>gradus</span> <span class='ocrx_word' id='word_1_35' title='bbox 700 238 892 271; x_wconf 73' lang='lat' dir='ltr'>promovere</span> <span class='ocrx_word' id='word_1_36' title='bbox 929 226 1110 266; x_wconf 85' lang='lat' dir='ltr'>renuerint,</span> 
     </span>
     <span class='ocr_line' id='line_1_17' title="bbox 373 280 1115 324; baseline 0 -12"><span class='ocrx_word' id='word_1_37' title='bbox 373 284 527 322; x_wconf 87' lang='lat' dir='ltr'>poterunt</span> <span class='ocrx_word' id='word_1_38' title='bbox 551 280 590 313; x_wconf 86' lang='lat' dir='ltr'>ad</span> <span class='ocrx_word' id='word_1_39' title='bbox 617 281 737 323; x_wconf 78' lang='lat' dir='ltr'>gradus</span> <span class='ocrx_word' id='word_1_40' title='bbox 772 281 959 324; x_wconf 84' lang='lat' dir='ltr'>praedictos</span> <span class='ocrx_word' id='word_1_41' title='bbox 985 290 1115 323; x_wconf 87' lang='lat' dir='ltr'>promo-</span> 
     </span>
     <span class='ocr_line' id='line_1_18' title="bbox 372 333 1114 377; baseline 0.001 -13"><span class='ocrx_word' id='word_1_42' title='bbox 372 343 447 365; x_wconf 81' lang='lat' dir='ltr'>vere</span> <span class='ocrx_word' id='word_1_43' title='bbox 470 333 606 366; x_wconf 86' lang='lat' dir='ltr'>lectores</span> <span class='ocrx_word' id='word_1_44' title='bbox 626 339 656 366; x_wconf 87' lang='lat' dir='ltr'>et</span> <span class='ocrx_word' id='word_1_45' title='bbox 674 334 820 376; x_wconf 77' lang='lat' dir='ltr'>magistri</span> <span class='ocrx_word' id='word_1_46' title='bbox 847 333 984 377; x_wconf 81' lang='lat' dir='ltr'>praefati</span> <span class='ocrx_word' id='word_1_47' title='bbox 1011 333 1114 366; x_wconf 86' lang='lat' dir='ltr'>nostri</span> 
     </span>
     <span class='ocr_line' id='line_1_19' title="bbox 373 386 1115 430; baseline 0.001 -12"><span class='ocrx_word' id='word_1_48' title='bbox 373 386 513 419; x_wconf 84' lang='lat' dir='ltr'>Ordinis.</span> <span class='ocrx_word' id='word_1_49' title='bbox 542 387 692 430; x_wconf 88' lang='lat' dir='ltr'>illudque</span> <span class='ocrx_word' id='word_1_50' title='bbox 711 398 807 430; x_wconf 90' lang='lat' dir='ltr'>quam</span> <span class='ocrx_word' id='word_1_51' title='bbox 834 388 973 420; x_wconf 79' lang='lat' dir='ltr'>maxime</span> <span class='ocrx_word' id='word_1_52' title='bbox 998 397 1115 420; x_wconf 89' lang='lat' dir='ltr'>conee-</span> 
     </span>
     <span class='ocr_line' id='line_1_20' title="bbox 374 439 1116 480; baseline 0.001 -9"><span class='ocrx_word' id='word_1_53' title='bbox 374 439 489 480; x_wconf 87' lang='lat' dir='ltr'>dimus,</span> <span class='ocrx_word' id='word_1_54' title='bbox 515 441 673 480; x_wconf 87' lang='lat' dir='ltr'>volumus,</span> <span class='ocrx_word' id='word_1_55' title='bbox 702 441 909 474; x_wconf 86' lang='lat' dir='ltr'>decernimus</span> <span class='ocrx_word' id='word_1_56' title='bbox 937 446 968 474; x_wconf 89' lang='lat' dir='ltr'>ct</span> <span class='ocrx_word' id='word_1_57' title='bbox 989 441 1116 473; x_wconf 87' lang='lat' dir='ltr'>manda-</span> 
     </span>
     <span class='ocr_line' id='line_1_21' title="bbox 374 493 1114 537; baseline 0.003 -13"><span class='ocrx_word' id='word_1_58' title='bbox 374 503 444 525; x_wconf 86' lang='lat' dir='ltr'>mus</span> <span class='ocrx_word' id='word_1_59' title='bbox 469 502 528 535; x_wconf 89' lang='lat' dir='ltr'>pro</span> <span class='ocrx_word' id='word_1_60' title='bbox 553 493 656 533; x_wconf 87' lang='lat' dir='ltr'>locis,</span> <span class='ocrx_word' id='word_1_61' title='bbox 682 494 713 526; x_wconf 89' lang='lat' dir='ltr'>in</span> <span class='ocrx_word' id='word_1_62' title='bbox 741 494 860 537; x_wconf 89' lang='lat' dir='ltr'>quibus</span> <span class='ocrx_word' id='word_1_63' title='bbox 892 493 1114 527; x_wconf 86' lang='lat' dir='ltr'>saecularibus</span> 
     </span>
     <span class='ocr_line' id='line_1_22' title="bbox 374 545 1115 590; baseline 0 -12"><span class='ocrx_word' id='word_1_64' title='bbox 374 545 541 579; x_wconf 88' lang='lat' dir='ltr'>doctrinae</span> <span class='ocrx_word' id='word_1_65' title='bbox 568 546 630 579; x_wconf 92' lang='lat' dir='ltr'>divi</span> <span class='ocrx_word' id='word_1_66' title='bbox 656 546 810 588; x_wconf 81' lang='lat' dir='ltr'>Tliomae,</span> <span class='ocrx_word' id='word_1_67' title='bbox 838 552 935 590; x_wconf 83' lang='lat' dir='ltr'>prout</span> <span class='ocrx_word' id='word_1_68' title='bbox 959 547 991 579; x_wconf 94' lang='lat' dir='ltr'>in</span> <span class='ocrx_word' id='word_1_69' title='bbox 1019 546 1115 579; x_wconf 81' lang='lat' dir='ltr'>liuius</span> 
     </span>
     <span class='ocr_line' id='line_1_23' title="bbox 373 599 1117 643; baseline 0.003 -12"><span class='ocrx_word' id='word_1_70' title='bbox 373 599 599 642; x_wconf 81' lang='lat' dir='ltr'>receptissima</span> <span class='ocrx_word' id='word_1_71' title='bbox 624 600 735 633; x_wconf 79' lang='lat' dir='ltr'>schola</span> <span class='ocrx_word' id='word_1_72' title='bbox 761 601 910 641; x_wconf 79' lang='lat' dir='ltr'>traditae,</span> <span class='ocrx_word' id='word_1_73' title='bbox 928 600 1046 643; x_wconf 81' lang='lat' dir='ltr'>gradus</span> <span class='ocrx_word' id='word_1_74' title='bbox 1071 601 1117 633; x_wconf 93' lang='lat' dir='ltr'>ul-</span> 
     </span>
     <span class='ocr_line' id='line_1_24' title="bbox 375 658 685 696; baseline 0.006 -12"><span class='ocrx_word' id='word_1_75' title='bbox 375 658 424 685; x_wconf 81' lang='lat' dir='ltr'>tro</span> <span class='ocrx_word' id='word_1_76' title='bbox 449 663 515 686; x_wconf 91' lang='lat' dir='ltr'>non</span> <span class='ocrx_word' id='word_1_77' title='bbox 543 658 685 696; x_wconf 84' lang='lat' dir='ltr'>pateant.</span> 
     </span>
    </p>

    <p class='ocr_par' dir='ltr' id='par_1_12' title="bbox 419 706 1114 751">
     <span class='ocr_line' id='line_1_25' title="bbox 419 706 1114 751; baseline 0 -13"><span class='ocrx_word' id='word_1_78' title='bbox 419 706 433 749; x_wconf 70' lang='lat'>§</span> <span class='ocrx_word' id='word_1_79' title='bbox 458 706 512 739; x_wconf 77' lang='lat'>32</span> <span class='ocrx_word' id='word_1_80' title='bbox 540 706 690 749; x_wconf 82' lang='lat' dir='ltr'>Magistro</span> <span class='ocrx_word' id='word_1_81' title='bbox 717 718 846 751; x_wconf 87' lang='lat' dir='ltr'>quoque</span> <span class='ocrx_word' id='word_1_82' title='bbox 883 706 1013 740; x_wconf 77' lang='lat' dir='ltr'>Ordinis</span> <span class='ocrx_word' id='word_1_83' title='bbox 1047 706 1114 750; x_wconf 86' lang='lat' dir='ltr'>pari</span> 
     </span>
    </p>
   </div>
   <div class='ocr_carea' id='block_1_12' title="bbox 179 759 1116 808">
    <p class='ocr_par' dir='ltr' id='par_1_13' title="bbox 179 759 1116 808">
     <span class='ocr_line' id='line_1_26' title="bbox 179 759 1116 808; baseline 0.001 -17"><span class='ocrx_word' id='word_1_84' title='bbox 179 770 254 786; x_wconf 65' lang='lat' dir='ltr'>*³³⁸¹11s</span> <span class='ocrx_word' id='word_1_85' title='bbox 298 759 502 808; x_wconf 38' lang='lat' dir='ltr'>*lu-‘&#39;tl&#39;ilIiOslO</span> <span class='ocrx_word' id='word_1_86' title='bbox 528 759 759 793; x_wconf 71' lang='lat' dir='ltr'>confirmanius</span> <span class='ocrx_word' id='word_1_87' title='bbox 792 766 823 793; x_wconf 73' lang='lat' dir='ltr'>Oi.</span> <span class='ocrx_word' id='word_1_88' title='bbox 856 760 1047 793; x_wconf 70' lang='lat' dir='ltr'>lsanVssmUS</span> <span class='ocrx_word' id='word_1_89' title='bbox 1081 771 1116 792; x_wconf 71' lang='lat' dir='ltr'>{lC</span> 
     </span>
    </p>
   </div>
   <div class='ocr_carea' id='block_1_13' title="bbox 195 866 1116 907">
    <p class='ocr_par' dir='ltr' id='par_1_14' title="bbox 195 866 1116 907">
     <span class='ocr_line' id='line_1_27' title="bbox 195 866 1116 907; baseline 0 -9"><span class='ocrx_word' id='word_1_90' title='bbox 195 873 246 892; x_wconf 67' lang='lat' dir='ltr'>mh</span> <span class='ocrx_word' id='word_1_91' title='bbox 274 867 407 899; x_wconf 65' lang='lat' dir='ltr'>³¹=i&gt;⁴iuein</span> <span class='ocrx_word' id='word_1_92' title='bbox 433 867 666 900; x_wconf 88' lang='lat' dir='ltr'>constitutione</span> <span class='ocrx_word' id='word_1_93' title='bbox 699 869 755 900; x_wconf 84' lang='lat' dir='ltr'>sua</span> <span class='ocrx_word' id='word_1_94' title='bbox 782 867 889 907; x_wconf 75' lang='lat' dir='ltr'>Qamn</span> <span class='ocrx_word' id='word_1_95' title='bbox 915 878 1005 900; x_wconf 78' lang='lat' dir='ltr'>sacer</span> <span class='ocrx_word' id='word_1_96' title='bbox 1032 866 1116 900; x_wconf 79' lang='lat' dir='ltr'>Ordo</span> 
     </span>
    </p>
   </div>
   <div class='ocr_carea' id='block_1_14' title="bbox 193 900 356 923">
    <p class='ocr_par' dir='ltr' id='par_1_15' title="bbox 193 900 356 923">
     <span class='ocr_line' id='line_1_28' title="bbox 193 900 356 923; baseline -0.006 -5"><span class='ocrx_word' id='word_1_97' title='bbox 193 900 356 923; x_wconf 66' lang='lat' dir='ltr'>raulatisavpro</span> 
     </span>
    </p>
   </div>
   <div class='ocr_carea' id='block_1_15' title="bbox 195 921 1117 961">
    <p class='ocr_par' dir='ltr' id='par_1_16' title="bbox 195 921 1117 961">
     <span class='ocr_line' id='line_1_29' title="bbox 195 921 1117 961; baseline -0.001 -7"><span class='ocrx_word' id='word_1_98' title='bbox 195 932 254 945; x_wconf 53' lang='grc' dir='ltr'>ΗΜ</span> <span class='ocrx_word' id='word_1_99' title='bbox 280 921 660 961; x_wconf 69' lang='lat' dir='ltr'>omnusPraedicatormn,</span> <span class='ocrx_word' id='word_1_100' title='bbox 690 932 719 955; x_wconf 82' lang='lat' dir='ltr'>ix</span> <span class='ocrx_word' id='word_1_101' title='bbox 745 922 850 954; x_wconf 84' lang='lat' dir='ltr'>martii</span> <span class='ocrx_word' id='word_1_102' title='bbox 876 932 1019 961; x_wconf 84' lang='lat' dir='ltr'>iuDLxxu,</span> <span class='ocrx_word' id='word_1_103' title='bbox 1053 931 1117 953; x_wconf 90' lang='lat' dir='ltr'>am-</span> 
     </span>
    </p>
   </div>
   <div class='ocr_carea' id='block_1_16' title="bbox 195 953 279 973">
    <p class='ocr_par' dir='ltr' id='par_1_17' title="bbox 195 953 279 973">
     <span class='ocr_line' id='line_1_30' title="bbox 195 953 279 973; baseline 0.012 -1"><span class='ocrx_word' id='word_1_104' title='bbox 195 953 279 973; x_wconf 58' lang='lat' dir='ltr'>tucl&#39;ali.</span> 
     </span>
    </p>
   </div>
   <div class='ocr_carea' id='block_1_17' title="bbox 374 974 1122 2514">
    <p class='ocr_par' dir='ltr' id='par_1_18' title="bbox 374 974 1122 2514">
     <span class='ocr_line' id='line_1_31' title="bbox 375 974 1117 1019; baseline -0.003 -11"><span class='ocrx_word' id='word_1_105' title='bbox 375 975 522 1019; x_wconf 90' lang='lat' dir='ltr'>plissime</span> <span class='ocrx_word' id='word_1_106' title='bbox 549 985 754 1010; x_wconf 71' lang='lat' dir='ltr'>concessam.</span> <span class='ocrx_word' id='word_1_107' title='bbox 787 980 821 1007; x_wconf 90' lang='lat' dir='ltr'>ut</span> <span class='ocrx_word' id='word_1_108' title='bbox 857 976 959 1018; x_wconf 86' lang='lat' dir='ltr'>possit</span> <span class='ocrx_word' id='word_1_109' title='bbox 991 986 1026 1008; x_wconf 86' lang='lat' dir='ltr'>ex</span> <span class='ocrx_word' id='word_1_110' title='bbox 1056 974 1117 1007; x_wconf 86' lang='lat' dir='ltr'>sibi</span> 
     </span>
     <span class='ocr_line' id='line_1_32' title="bbox 375 1028 1117 1072; baseline -0.003 -10"><span class='ocrx_word' id='word_1_111' title='bbox 375 1028 532 1062; x_wconf 86' lang='lat' dir='ltr'>subiectis</span> <span class='ocrx_word' id='word_1_112' title='bbox 558 1029 714 1061; x_wconf 78' lang='lat' dir='ltr'>fratribus</span> <span class='ocrx_word' id='word_1_113' title='bbox 734 1039 972 1072; x_wconf 88' lang='lat' dir='ltr'>quemcumque</span> <span class='ocrx_word' id='word_1_114' title='bbox 992 1029 1030 1061; x_wconf 88' lang='lat' dir='ltr'>ad</span> <span class='ocrx_word' id='word_1_115' title='bbox 1050 1038 1117 1071; x_wconf 82' lang='lat' dir='ltr'>gra-</span> 
     </span>
     <span class='ocr_line' id='line_1_33' title="bbox 377 1081 1118 1125; baseline -0.004 -9"><span class='ocrx_word' id='word_1_116' title='bbox 377 1083 435 1116; x_wconf 88' lang='lat' dir='ltr'>dus</span> <span class='ocrx_word' id='word_1_117' title='bbox 462 1084 549 1115; x_wconf 82' lang='lat' dir='ltr'>certa</span> <span class='ocrx_word' id='word_1_118' title='bbox 570 1082 695 1115; x_wconf 82' lang='lat' dir='ltr'>ratione</span> <span class='ocrx_word' id='word_1_119' title='bbox 717 1092 924 1125; x_wconf 86' lang='lat' dir='ltr'>promovere.</span> <span class='ocrx_word' id='word_1_120' title='bbox 944 1081 1056 1114; x_wconf 82' lang='lat' dir='ltr'>Eidem</span> <span class='ocrx_word' id='word_1_121' title='bbox 1078 1081 1118 1113; x_wconf 86' lang='lat' dir='ltr'>si-</span> 
     </span>
     <span class='ocr_line' id='line_1_34' title="bbox 378 1135 1118 1179; baseline -0.004 -10"><span class='ocrx_word' id='word_1_122' title='bbox 378 1136 499 1169; x_wconf 85' lang='lat' dir='ltr'>militer</span> <span class='ocrx_word' id='word_1_123' title='bbox 533 1141 564 1169; x_wconf 86' lang='lat' dir='ltr'>et</span> <span class='ocrx_word' id='word_1_124' title='bbox 597 1135 853 1179; x_wconf 78' lang='lat' dir='ltr'>provincialibus</span> <span class='ocrx_word' id='word_1_125' title='bbox 890 1135 1118 1167; x_wconf 77' lang='lat' dir='ltr'>confirmamus</span> 
     </span>
     <span class='ocr_line' id='line_1_35' title="bbox 376 1188 1117 1229; baseline -0.005 -6"><span class='ocrx_word' id='word_1_126' title='bbox 376 1195 408 1223; x_wconf 86' lang='lat' dir='ltr'>et</span> <span class='ocrx_word' id='word_1_127' title='bbox 444 1190 672 1229; x_wconf 75' lang='lat' dir='ltr'>concedimus,</span> <span class='ocrx_word' id='word_1_128' title='bbox 703 1188 790 1222; x_wconf 81' lang='lat' dir='ltr'>iuxta</span> <span class='ocrx_word' id='word_1_129' title='bbox 830 1189 915 1222; x_wconf 87' lang='lat' dir='ltr'>aliud</span> <span class='ocrx_word' id='word_1_130' title='bbox 954 1188 1117 1221; x_wconf 86' lang='lat' dir='ltr'>indultum</span> 
     </span>
     <span class='ocr_line' id='line_1_36' title="bbox 377 1241 1118 1285; baseline -0.004 -9"><span class='ocrx_word' id='word_1_131' title='bbox 377 1242 406 1276; x_wconf 84' lang='lat' dir='ltr'>S.</span> <span class='ocrx_word' id='word_1_132' title='bbox 434 1243 480 1276; x_wconf 86' lang='lat' dir='ltr'>Pii</span> <span class='ocrx_word' id='word_1_133' title='bbox 508 1242 528 1274; x_wconf 92' lang='lat' dir='ltr'>V</span> <span class='ocrx_word' id='word_1_134' title='bbox 553 1242 717 1285; x_wconf 81' lang='lat' dir='ltr'>incipiens</span> <span class='ocrx_word' id='word_1_135' title='bbox 749 1242 903 1275; x_wconf 76' lang='lat' dir='ltr'>Debitum</span> <span class='ocrx_word' id='word_1_136' title='bbox 939 1241 1118 1285; x_wconf 77' lang='lat' dir='ltr'>pastoralis</span> 
     </span>
     <span class='ocr_line' id='line_1_37' title="bbox 374 1295 1119 1339; baseline -0.003 -9"><span class='ocrx_word' id='word_1_137' title='bbox 374 1306 425 1330; x_wconf 80' lang='lat' dir='ltr'>xxl</span> <span class='ocrx_word' id='word_1_138' title='bbox 451 1295 557 1329; x_wconf 87' lang='lat' dir='ltr'>martii</span> <span class='ocrx_word' id='word_1_139' title='bbox 574 1305 706 1336; x_wconf 70' lang='lat' dir='ltr'>MDLXXI,</span> <span class='ocrx_word' id='word_1_140' title='bbox 725 1301 760 1327; x_wconf 89' lang='lat' dir='ltr'>ut</span> <span class='ocrx_word' id='word_1_141' title='bbox 777 1295 810 1327; x_wconf 93' lang='lat' dir='ltr'>in</span> <span class='ocrx_word' id='word_1_142' title='bbox 835 1297 1028 1339; x_wconf 76' lang='lat' dir='ltr'>unaquaque</span> <span class='ocrx_word' id='word_1_143' title='bbox 1048 1305 1119 1338; x_wconf 87' lang='lat' dir='ltr'>pro-</span> 
     </span>
     <span class='ocr_line' id='line_1_38' title="bbox 375 1348 1119 1392; baseline -0.001 -10"><span class='ocrx_word' id='word_1_144' title='bbox 375 1349 480 1382; x_wconf 78' lang='lat' dir='ltr'>vincia</span> <span class='ocrx_word' id='word_1_145' title='bbox 506 1349 666 1392; x_wconf 89' lang='lat' dir='ltr'>deputare</span> <span class='ocrx_word' id='word_1_146' title='bbox 692 1348 819 1392; x_wconf 84' lang='lat' dir='ltr'>possint</span> <span class='ocrx_word' id='word_1_147' title='bbox 844 1359 879 1381; x_wconf 90' lang='lat' dir='ltr'>ac</span> <span class='ocrx_word' id='word_1_148' title='bbox 906 1350 1033 1382; x_wconf 83' lang='lat' dir='ltr'>valeant</span> <span class='ocrx_word' id='word_1_149' title='bbox 1058 1349 1119 1381; x_wconf 89' lang='lat' dir='ltr'>sra-</span> 
     </span>
     <span class='ocr_line' id='line_1_39' title="bbox 376 1401 1118 1445; baseline -0.001 -10"><span class='ocrx_word' id='word_1_150' title='bbox 376 1408 442 1436; x_wconf 85' lang='lat' dir='ltr'>tres</span> <span class='ocrx_word' id='word_1_151' title='bbox 468 1401 596 1435; x_wconf 86' lang='lat' dir='ltr'>Ordinis</span> <span class='ocrx_word' id='word_1_152' title='bbox 617 1402 649 1434; x_wconf 91' lang='lat' dir='ltr'>in</span> <span class='ocrx_word' id='word_1_153' title='bbox 664 1402 808 1435; x_wconf 88' lang='lat' dir='ltr'>notarios</span> <span class='ocrx_word' id='word_1_154' title='bbox 823 1412 882 1445; x_wconf 90' lang='lat' dir='ltr'>pro</span> <span class='ocrx_word' id='word_1_155' title='bbox 898 1402 1118 1445; x_wconf 70' lang='lat' dir='ltr'>exequutione</span> 
     </span>
     <span class='ocr_line' id='line_1_40' title="bbox 376 1455 1120 1499; baseline -0.001 -10"><span class='ocrx_word' id='word_1_156' title='bbox 376 1457 603 1489; x_wconf 90' lang='lat' dir='ltr'>mandatorum</span> <span class='ocrx_word' id='word_1_157' title='bbox 630 1455 907 1499; x_wconf 75' lang='lat' dir='ltr'>apostolicorum3</span> <span class='ocrx_word' id='word_1_158' title='bbox 936 1461 968 1488; x_wconf 84' lang='lat' dir='ltr'>et</span> <span class='ocrx_word' id='word_1_159' title='bbox 985 1466 1120 1498; x_wconf 78' lang='lat' dir='ltr'>genera-</span> 
     </span>
     <span class='ocr_line' id='line_1_41' title="bbox 376 1508 1120 1553; baseline 0 -11"><span class='ocrx_word' id='word_1_160' title='bbox 376 1510 451 1543; x_wconf 87' lang='lat' dir='ltr'>liter</span> <span class='ocrx_word' id='word_1_161' title='bbox 476 1520 699 1553; x_wconf 86' lang='lat' dir='ltr'>quaecumque</span> <span class='ocrx_word' id='word_1_162' title='bbox 735 1515 765 1542; x_wconf 85' lang='lat' dir='ltr'>et</span> <span class='ocrx_word' id='word_1_163' title='bbox 799 1508 1032 1553; x_wconf 83' lang='lat' dir='ltr'>cuiuscumque</span> <span class='ocrx_word' id='word_1_164' title='bbox 1066 1519 1120 1552; x_wconf 79' lang='lat' dir='ltr'>ge-</span> 
     </span>
     <span class='ocr_line' id='line_1_42' title="bbox 378 1564 1120 1607; baseline -0.001 -10"><span class='ocrx_word' id='word_1_165' title='bbox 378 1564 466 1597; x_wconf 90' lang='lat' dir='ltr'>neris</span> <span class='ocrx_word' id='word_1_166' title='bbox 492 1564 624 1607; x_wconf 82' lang='lat' dir='ltr'>gratias,</span> <span class='ocrx_word' id='word_1_167' title='bbox 649 1564 785 1604; x_wconf 88' lang='lat' dir='ltr'>indulta,</span> <span class='ocrx_word' id='word_1_168' title='bbox 808 1564 988 1607; x_wconf 81' lang='lat' dir='ltr'>privilegia,</span> <span class='ocrx_word' id='word_1_169' title='bbox 1011 1574 1120 1607; x_wconf 91' lang='lat' dir='ltr'>praee-</span> 
     </span>
     <span class='ocr_line' id='line_1_43' title="bbox 377 1615 1119 1660; baseline -0.003 -9"><span class='ocrx_word' id='word_1_170' title='bbox 377 1617 566 1657; x_wconf 82' lang='lat' dir='ltr'>minentias,</span> <span class='ocrx_word' id='word_1_171' title='bbox 593 1618 761 1650; x_wconf 68' lang='lat' dir='ltr'>facultates</span> <span class='ocrx_word' id='word_1_172' title='bbox 795 1627 812 1649; x_wconf 83' lang='lat' dir='ltr'>a</span> <span class='ocrx_word' id='word_1_173' title='bbox 836 1617 920 1650; x_wconf 86' lang='lat' dir='ltr'>Sede</span> <span class='ocrx_word' id='word_1_174' title='bbox 953 1615 1119 1660; x_wconf 73' lang='lat' dir='ltr'>praedicta</span> 
     </span>
     <span class='ocr_line' id='line_1_44' title="bbox 377 1670 1121 1703; baseline -0.001 0"><span class='ocrx_word' id='word_1_175' title='bbox 377 1671 527 1703; x_wconf 84' lang='lat' dir='ltr'>ministro</span> <span class='ocrx_word' id='word_1_176' title='bbox 554 1670 683 1703; x_wconf 84' lang='lat' dir='ltr'>Ordinis</span> <span class='ocrx_word' id='word_1_177' title='bbox 710 1670 863 1703; x_wconf 85' lang='lat' dir='ltr'>attributa</span> <span class='ocrx_word' id='word_1_178' title='bbox 889 1670 985 1703; x_wconf 88' lang='lat' dir='ltr'>etiam</span> <span class='ocrx_word' id='word_1_179' title='bbox 1011 1681 1048 1703; x_wconf 87' lang='lat' dir='ltr'>ex</span> <span class='ocrx_word' id='word_1_180' title='bbox 1069 1670 1121 1703; x_wconf 88' lang='lat' dir='ltr'>Or-</span> 
     </span>
     <span class='ocr_line' id='line_1_45' title="bbox 379 1723 1121 1757; baseline 0 -1"><span class='ocrx_word' id='word_1_181' title='bbox 379 1724 464 1757; x_wconf 86' lang='lat' dir='ltr'>dinis</span> <span class='ocrx_word' id='word_1_182' title='bbox 490 1723 775 1756; x_wconf 69' lang='lat' dir='ltr'>constitutionibus</span> <span class='ocrx_word' id='word_1_183' title='bbox 802 1729 834 1757; x_wconf 87' lang='lat' dir='ltr'>et</span> <span class='ocrx_word' id='word_1_184' title='bbox 859 1723 1121 1757; x_wconf 76' lang='lat' dir='ltr'>ordinationibus</span> 
     </span>
     <span class='ocr_line' id='line_1_46' title="bbox 378 1776 1121 1819; baseline 0 -9"><span class='ocrx_word' id='word_1_185' title='bbox 378 1777 585 1810; x_wconf 87' lang='lat' dir='ltr'>comitiorum</span> <span class='ocrx_word' id='word_1_186' title='bbox 626 1776 829 1819; x_wconf 76' lang='lat' dir='ltr'>generalium</span> <span class='ocrx_word' id='word_1_187' title='bbox 864 1783 894 1810; x_wconf 85' lang='lat' dir='ltr'>et</span> <span class='ocrx_word' id='word_1_188' title='bbox 927 1777 1121 1811; x_wconf 88' lang='lat' dir='ltr'>nominatim</span> 
     </span>
     <span class='ocr_line' id='line_1_47' title="bbox 378 1831 1120 1871; baseline 0.001 -7"><span class='ocrx_word' id='word_1_189' title='bbox 378 1832 565 1865; x_wconf 88' lang='lat' dir='ltr'>habitorum</span> <span class='ocrx_word' id='word_1_190' title='bbox 590 1831 622 1864; x_wconf 90' lang='lat' dir='ltr'>in</span> <span class='ocrx_word' id='word_1_191' title='bbox 649 1832 733 1864; x_wconf 74' lang='lat' dir='ltr'>alma</span> <span class='ocrx_word' id='word_1_192' title='bbox 758 1831 844 1865; x_wconf 85' lang='lat' dir='ltr'>Urbe</span> <span class='ocrx_word' id='word_1_193' title='bbox 862 1842 948 1864; x_wconf 90' lang='lat' dir='ltr'>anno</span> <span class='ocrx_word' id='word_1_194' title='bbox 969 1841 1120 1871; x_wconf 65' lang='lat' dir='ltr'>MDCXXIX,</span> 
     </span>
     <span class='ocr_line' id='line_1_48' title="bbox 379 1885 1118 1928; baseline 0 -11"><span class='ocrx_word' id='word_1_195' title='bbox 379 1885 632 1918; x_wconf 78' lang='lat' dir='ltr'>denunciatione</span> <span class='ocrx_word' id='word_1_196' title='bbox 653 1895 701 1924; x_wconf 91' lang='lat'>111,</span> <span class='ocrx_word' id='word_1_197' title='bbox 719 1885 909 1918; x_wconf 84' lang='lat' dir='ltr'>auctoritate</span> <span class='ocrx_word' id='word_1_198' title='bbox 928 1885 1118 1928; x_wconf 77' lang='lat' dir='ltr'>apostolica,</span> 
     </span>
     <span class='ocr_line' id='line_1_49' title="bbox 380 1938 1121 1982; baseline 0.001 -12"><span class='ocrx_word' id='word_1_199' title='bbox 380 1949 462 1981; x_wconf 87' lang='lat' dir='ltr'>quae</span> <span class='ocrx_word' id='word_1_200' title='bbox 488 1938 597 1971; x_wconf 85' lang='lat' dir='ltr'>omnia</span> <span class='ocrx_word' id='word_1_201' title='bbox 623 1939 676 1971; x_wconf 86' lang='lat' dir='ltr'>hic</span> <span class='ocrx_word' id='word_1_202' title='bbox 702 1938 854 1971; x_wconf 90' lang='lat' dir='ltr'>similiter</span> <span class='ocrx_word' id='word_1_203' title='bbox 892 1948 952 1982; x_wconf 87' lang='lat' dir='ltr'>pro</span> <span class='ocrx_word' id='word_1_204' title='bbox 988 1938 1121 1971; x_wconf 86' lang='lat' dir='ltr'>insertis</span> 
     </span>
     <span class='ocr_line' id='line_1_50' title="bbox 381 1992 1122 2032; baseline 0.001 -8"><span class='ocrx_word' id='word_1_205' title='bbox 381 1992 562 2032; x_wconf 84' lang='lat' dir='ltr'>habentes,</span> <span class='ocrx_word' id='word_1_206' title='bbox 590 1992 837 2032; x_wconf 86' lang='lat' dir='ltr'>confirmamus,</span> <span class='ocrx_word' id='word_1_207' title='bbox 866 1992 1055 2025; x_wconf 77' lang='lat' dir='ltr'>innovamus</span> <span class='ocrx_word' id='word_1_208' title='bbox 1092 1998 1122 2025; x_wconf 86' lang='lat' dir='ltr'>et</span> 
     </span>
     <span class='ocr_line' id='line_1_51' title="bbox 381 2045 1122 2088; baseline 0.001 -11"><span class='ocrx_word' id='word_1_209' title='bbox 381 2049 416 2077; x_wconf 92' lang='lat' dir='ltr'>ut</span> <span class='ocrx_word' id='word_1_210' title='bbox 441 2045 622 2088; x_wconf 73' lang='lat' dir='ltr'>praefertur</span> <span class='ocrx_word' id='word_1_211' title='bbox 647 2046 873 2085; x_wconf 77' lang='lat' dir='ltr'>concedimus,</span> <span class='ocrx_word' id='word_1_212' title='bbox 900 2056 964 2078; x_wconf 84' lang='lat' dir='ltr'>non</span> <span class='ocrx_word' id='word_1_213' title='bbox 991 2046 1122 2078; x_wconf 86' lang='lat' dir='ltr'>obstan-</span> 
     </span>
     <span class='ocr_line' id='line_1_52' title="bbox 382 2098 1120 2142; baseline 0.001 -12"><span class='ocrx_word' id='word_1_214' title='bbox 382 2098 466 2131; x_wconf 85' lang='lat' dir='ltr'>tibus</span> <span class='ocrx_word' id='word_1_215' title='bbox 494 2099 648 2131; x_wconf 85' lang='lat' dir='ltr'>Brevibus</span> <span class='ocrx_word' id='word_1_216' title='bbox 680 2098 873 2142; x_wconf 87' lang='lat' dir='ltr'>apostolicis</span> <span class='ocrx_word' id='word_1_217' title='bbox 898 2099 1073 2132; x_wconf 88' lang='lat' dir='ltr'>Clementis</span> <span class='ocrx_word' id='word_1_218' title='bbox 1098 2100 1120 2131; x_wconf 85' lang='lat' dir='ltr'>X</span> 
     </span>
     <span class='ocr_line' id='line_1_53' title="bbox 380 2151 1121 2195; baseline 0 -10"><span class='ocrx_word' id='word_1_219' title='bbox 380 2151 433 2185; x_wconf 73' lang='lat' dir='ltr'>Act</span> <span class='ocrx_word' id='word_1_220' title='bbox 458 2152 667 2195; x_wconf 78' lang='lat' dir='ltr'>apostolicae,</span> <span class='ocrx_word' id='word_1_221' title='bbox 693 2162 710 2185; x_wconf 91' lang='lat' dir='ltr'>v</span> <span class='ocrx_word' id='word_1_222' title='bbox 736 2151 932 2195; x_wconf 84' lang='lat' dir='ltr'>septembris</span> <span class='ocrx_word' id='word_1_223' title='bbox 955 2162 1121 2192; x_wconf 69' lang='lat' dir='ltr'>iiioctxxV,</span> 
     </span>
     <span class='ocr_line' id='line_1_54' title="bbox 382 2204 1121 2245; baseline 0.003 -8"><span class='ocrx_word' id='word_1_224' title='bbox 382 2211 414 2237; x_wconf 90' lang='lat' dir='ltr'>et</span> <span class='ocrx_word' id='word_1_225' title='bbox 438 2205 619 2238; x_wconf 88' lang='lat' dir='ltr'>Innocentii</span> <span class='ocrx_word' id='word_1_226' title='bbox 638 2205 675 2238; x_wconf 74' lang='lat' dir='ltr'>XI</span> <span class='ocrx_word' id='word_1_227' title='bbox 698 2206 779 2240; x_wconf 76' lang='lat' dir='ltr'>Cum</span> <span class='ocrx_word' id='word_1_228' title='bbox 797 2204 876 2239; x_wconf 72' lang='lat' dir='ltr'>nos²</span> <span class='ocrx_word' id='word_1_229' title='bbox 901 2206 1004 2245; x_wconf 65' lang='lat' dir='ltr'>alais,</span> <span class='ocrx_word' id='word_1_230' title='bbox 1034 2216 1063 2239; x_wconf 79' lang='lat' dir='ltr'>vt</span> <span class='ocrx_word' id='word_1_231' title='bbox 1086 2217 1121 2239; x_wconf 91' lang='lat' dir='ltr'>o-</span> 
     </span>
     <span class='ocr_line' id='line_1_55' title="bbox 382 2258 1122 2302; baseline 0.003 -13"><span class='ocrx_word' id='word_1_232' title='bbox 382 2258 503 2290; x_wconf 82' lang='lat' dir='ltr'>ctobris</span> <span class='ocrx_word' id='word_1_233' title='bbox 524 2268 702 2299; x_wconf 67' lang='lat' dir='ltr'>MDCLXXIX,</span> <span class='ocrx_word' id='word_1_234' title='bbox 729 2259 938 2302; x_wconf 81' lang='lat' dir='ltr'>procuratori</span> <span class='ocrx_word' id='word_1_235' title='bbox 957 2259 1052 2292; x_wconf 87' lang='lat' dir='ltr'>etiam</span> <span class='ocrx_word' id='word_1_236' title='bbox 1070 2270 1122 2302; x_wconf 81' lang='lat' dir='ltr'>ge-</span> 
     </span>
     <span class='ocr_line' id='line_1_56' title="bbox 383 2312 1120 2354; baseline 0.001 -11"><span class='ocrx_word' id='word_1_237' title='bbox 383 2312 485 2344; x_wconf 86' lang='lat' dir='ltr'>nerali</span> <span class='ocrx_word' id='word_1_238' title='bbox 512 2317 542 2344; x_wconf 86' lang='lat' dir='ltr'>et</span> <span class='ocrx_word' id='word_1_239' title='bbox 572 2312 738 2354; x_wconf 78' lang='lat' dir='ltr'>signanter</span> <span class='ocrx_word' id='word_1_240' title='bbox 764 2323 918 2345; x_wconf 84' lang='lat' dir='ltr'>concessa</span> <span class='ocrx_word' id='word_1_241' title='bbox 944 2318 976 2346; x_wconf 89' lang='lat' dir='ltr'>et</span> <span class='ocrx_word' id='word_1_242' title='bbox 1005 2313 1120 2345; x_wconf 85' lang='lat' dir='ltr'>confir-</span> 
     </span>
     <span class='ocr_line' id='line_1_57' title="bbox 384 2365 1120 2399; baseline 0.004 -3"><span class='ocrx_word' id='word_1_243' title='bbox 384 2370 470 2397; x_wconf 88' lang='lat' dir='ltr'>mata</span> <span class='ocrx_word' id='word_1_244' title='bbox 488 2366 527 2397; x_wconf 85' lang='lat' dir='ltr'>ab</span> <span class='ocrx_word' id='word_1_245' title='bbox 554 2366 669 2398; x_wconf 88' lang='lat' dir='ltr'>eodem</span> <span class='ocrx_word' id='word_1_246' title='bbox 689 2365 820 2399; x_wconf 71' lang='lat' dir='ltr'>Urbano</span> <span class='ocrx_word' id='word_1_247' title='bbox 838 2366 901 2398; x_wconf 63' lang='lat' dir='ltr'>vlit</span> <span class='ocrx_word' id='word_1_248' title='bbox 927 2366 960 2398; x_wconf 91' lang='lat' dir='ltr'>in</span> <span class='ocrx_word' id='word_1_249' title='bbox 986 2366 1056 2399; x_wconf 88' lang='lat' dir='ltr'>aliis</span> <span class='ocrx_word' id='word_1_250' title='bbox 1073 2366 1120 2399; x_wconf 84' lang='lat' dir='ltr'>sui</span> 
     </span>
     <span class='ocr_line' id='line_1_58' title="bbox 384 2417 1119 2461; baseline 0.005 -11"><span class='ocrx_word' id='word_1_251' title='bbox 384 2417 499 2450; x_wconf 85' lang='lat' dir='ltr'>litteris</span> <span class='ocrx_word' id='word_1_252' title='bbox 520 2417 666 2460; x_wconf 68' lang='lat' dir='ltr'>Esponi,</span> <span class='ocrx_word' id='word_1_253' title='bbox 689 2429 724 2452; x_wconf 86' lang='lat'>111</span> <span class='ocrx_word' id='word_1_254' title='bbox 744 2419 927 2452; x_wconf 62' lang='lat' dir='ltr'>decen‘iliris</span> <span class='ocrx_word' id='word_1_255' title='bbox 950 2430 1119 2461; x_wconf 65' lang='lat' dir='ltr'>MDCXXXV,</span> 
     </span>
     <span class='ocr_line' id='line_1_59' title="bbox 385 2471 1121 2514; baseline 0.005 -12"><span class='ocrx_word' id='word_1_256' title='bbox 385 2481 456 2503; x_wconf 86' lang='lat' dir='ltr'>cuin</span> <span class='ocrx_word' id='word_1_257' title='bbox 479 2471 811 2505; x_wconf 78' lang='lat' dir='ltr'>excommunicatione</span> <span class='ocrx_word' id='word_1_258' title='bbox 830 2473 911 2505; x_wconf 90' lang='lat' dir='ltr'>latae</span> <span class='ocrx_word' id='word_1_259' title='bbox 928 2473 1121 2514; x_wconf 84' lang='lat' dir='ltr'>sentcntiae,</span> 
     </span>
    </p>
   </div>
   <div class='ocr_carea' id='block_1_18' title="bbox 419 2540 1122 2625">
    <p class='ocr_par' dir='ltr' id='par_1_19' title="bbox 419 2540 1122 2625">
     <span class='ocr_line' id='line_1_60' title="bbox 421 2540 1122 2578; baseline 0.006 -11"><span class='ocrx_word' id='word_1_260' title='bbox 421 2543 432 2567; x_wconf 87' lang='lat'><strong>1</strong></span> <span class='ocrx_word' id='word_1_261' title='bbox 446 2540 513 2567; x_wconf 74' lang='lat' dir='ltr'>Male</span> <span class='ocrx_word' id='word_1_262' title='bbox 525 2541 589 2568; x_wconf 84' lang='lat' dir='ltr'>edit.</span> <span class='ocrx_word' id='word_1_263' title='bbox 602 2540 680 2567; x_wconf 66' lang='lat' dir='ltr'>alain.</span> <span class='ocrx_word' id='word_1_264' title='bbox 692 2541 757 2576; x_wconf 74' lang='lat' dir='ltr'>legit.</span> <span class='ocrx_word' id='word_1_265' title='bbox 767 2543 843 2570; x_wconf 78' lang='lat' dir='ltr'>idem</span> <span class='ocrx_word' id='word_1_266' title='bbox 855 2551 902 2578; x_wconf 85' lang='lat' dir='ltr'>pro</span> <span class='ocrx_word' id='word_1_267' title='bbox 914 2543 1008 2571; x_wconf 81' lang='lat' dir='ltr'>eidem</span> <span class='ocrx_word' id='word_1_268' title='bbox 1023 2546 1060 2578; x_wconf 82' lang='lat' dir='ltr'>(n.</span> <span class='ocrx_word' id='word_1_269' title='bbox 1072 2545 1122 2578; x_wconf 84' lang='lat' dir='ltr'>T.).</span> 
     </span>
     <span class='ocr_line' id='line_1_61' title="bbox 419 2584 1120 2625; baseline 0.006 -13"><span class='ocrx_word' id='word_1_270' title='bbox 419 2584 434 2612; x_wconf 76' lang='lat'>2</span> <span class='ocrx_word' id='word_1_271' title='bbox 450 2584 516 2612; x_wconf 82' lang='lat' dir='ltr'>Male</span> <span class='ocrx_word' id='word_1_272' title='bbox 529 2586 573 2612; x_wconf 90' lang='lat' dir='ltr'>ed.</span> <span class='ocrx_word' id='word_1_273' title='bbox 585 2584 663 2613; x_wconf 82' lang='lat' dir='ltr'>Main.</span> <span class='ocrx_word' id='word_1_274' title='bbox 680 2586 744 2622; x_wconf 78' lang='lat' dir='ltr'>legit</span> <span class='ocrx_word' id='word_1_275' title='bbox 756 2595 812 2614; x_wconf 77' lang='lat' dir='ltr'>non</span> <span class='ocrx_word' id='word_1_276' title='bbox 825 2596 897 2623; x_wconf 69' lang='lat' dir='ltr'>quae</span> <span class='ocrx_word' id='word_1_277' title='bbox 911 2596 959 2624; x_wconf 87' lang='lat' dir='ltr'>pro</span> <span class='ocrx_word' id='word_1_278' title='bbox 971 2597 1021 2616; x_wconf 81' lang='lat' dir='ltr'>nos</span> <span class='ocrx_word' id='word_1_279' title='bbox 1032 2589 1120 2625; x_wconf 58' lang='lat' dir='ltr'>(nm).</span> 
     </span>
    </p>
   </div>
   <div class='ocr_carea' id='block_1_19' title="bbox 1137 344 1146 2523">
    <p class='ocr_par' dir='ltr' id='par_1_20' title="bbox 1137 344 1146 2523">
     <span class='ocr_line' id='line_1_62' title="bbox 1137 344 1146 2523; baseline 0 0"><span class='ocrx_word' id='word_1_280' title='bbox 1137 344 1146 2523; x_wconf 95' lang='lat' dir='ltr'> </span> 
     </span>
    </p>
   </div>
   <div class='ocr_carea' id='block_1_20' title="bbox 949 177 1314 202">
    <p class='ocr_par' dir='ltr' id='par_1_21' title="bbox 949 177 1314 202">
     <span class='ocr_line' id='line_1_63' title="bbox 949 177 1314 202; baseline -0.003 0"><span class='ocrx_word' id='word_1_281' title='bbox 949 178 1132 202; x_wconf 69' lang='lat' dir='ltr'>BULLARII&#39;M</span> <span class='ocrx_word' id='word_1_282' title='bbox 1157 177 1314 202; x_wconf 75' lang='lat' dir='ltr'>ROMANUM</span> 
     </span>
    </p>
   </div>
   <div class='ocr_carea' id='block_1_21' title="bbox 1157 227 1909 2519">
    <p class='ocr_par' dir='ltr' id='par_1_22' title="bbox 1157 227 1905 1009">
     <span class='ocr_line' id='line_1_64' title="bbox 1159 227 1901 274; baseline 0.009 -16"><span class='ocrx_word' id='word_1_283' title='bbox 1159 227 1317 269; x_wconf 79' lang='lat' dir='ltr'>magistro</span> <span class='ocrx_word' id='word_1_284' title='bbox 1355 228 1486 262; x_wconf 84' lang='lat' dir='ltr'>Ordinis</span> <span class='ocrx_word' id='word_1_285' title='bbox 1512 235 1567 262; x_wconf 86' lang='lat' dir='ltr'>aut</span> <span class='ocrx_word' id='word_1_286' title='bbox 1592 229 1661 263; x_wconf 88' lang='lat' dir='ltr'>eius</span> <span class='ocrx_word' id='word_1_287' title='bbox 1691 230 1812 265; x_wconf 81' lang='lat' dir='ltr'>vicario</span> <span class='ocrx_word' id='word_1_288' title='bbox 1846 242 1901 274; x_wconf 82' lang='lat' dir='ltr'>ge-</span> 
     </span>
     <span class='ocr_line' id='line_1_65' title="bbox 1157 280 1903 325; baseline 0.009 -14"><span class='ocrx_word' id='word_1_289' title='bbox 1157 280 1260 313; x_wconf 88' lang='lat' dir='ltr'>nerali</span> <span class='ocrx_word' id='word_1_290' title='bbox 1279 284 1451 322; x_wconf 81' lang='lat' dir='ltr'>reservata,</span> <span class='ocrx_word' id='word_1_291' title='bbox 1471 288 1585 316; x_wconf 84' lang='lat' dir='ltr'>contra</span> <span class='ocrx_word' id='word_1_292' title='bbox 1610 284 1737 325; x_wconf 82' lang='lat' dir='ltr'>fratres,</span> <span class='ocrx_word' id='word_1_293' title='bbox 1756 288 1788 317; x_wconf 79' lang='lat' dir='ltr'>et</span> <span class='ocrx_word' id='word_1_294' title='bbox 1811 285 1903 318; x_wconf 82' lang='lat' dir='ltr'>abso·</span> 
     </span>
     <span class='ocr_line' id='line_1_66' title="bbox 1159 333 1904 379; baseline 0.007 -14"><span class='ocrx_word' id='word_1_295' title='bbox 1159 333 1288 367; x_wconf 87' lang='lat' dir='ltr'>lutione</span> <span class='ocrx_word' id='word_1_296' title='bbox 1314 335 1352 367; x_wconf 90' lang='lat' dir='ltr'>ab</span> <span class='ocrx_word' id='word_1_297' title='bbox 1379 335 1491 369; x_wconf 82' lang='lat' dir='ltr'>officiis</span> <span class='ocrx_word' id='word_1_298' title='bbox 1511 336 1580 379; x_wconf 88' lang='lat' dir='ltr'>ipso</span> <span class='ocrx_word' id='word_1_299' title='bbox 1604 337 1687 370; x_wconf 82' lang='lat' dir='ltr'>sacto</span> <span class='ocrx_word' id='word_1_300' title='bbox 1706 338 1904 371; x_wconf 60' lang='lat' dir='ltr'>incurrendi}</span> 
     </span>
     <span class='ocr_line' id='line_1_67' title="bbox 1159 389 1902 434; baseline 0.007 -16"><span class='ocrx_word' id='word_1_301' title='bbox 1159 392 1272 420; x_wconf 87' lang='lat' dir='ltr'>contra</span> <span class='ocrx_word' id='word_1_302' title='bbox 1298 389 1462 431; x_wconf 86' lang='lat' dir='ltr'>praelatos</span> <span class='ocrx_word' id='word_1_303' title='bbox 1500 389 1648 423; x_wconf 89' lang='lat' dir='ltr'>ciusdem</span> <span class='ocrx_word' id='word_1_304' title='bbox 1672 389 1819 430; x_wconf 78' lang='lat' dir='ltr'>Ordinis,</span> <span class='ocrx_word' id='word_1_305' title='bbox 1846 391 1902 434; x_wconf 89' lang='lat' dir='ltr'>qui</span> 
     </span>
     <span class='ocr_line' id='line_1_68' title="bbox 1160 441 1903 486; baseline 0.005 -14"><span class='ocrx_word' id='word_1_306' title='bbox 1160 449 1217 482; x_wconf 87' lang='lat' dir='ltr'>per</span> <span class='ocrx_word' id='word_1_307' title='bbox 1242 450 1275 473; x_wconf 89' lang='lat' dir='ltr'>se</span> <span class='ocrx_word' id='word_1_308' title='bbox 1301 441 1350 473; x_wconf 91' lang='lat' dir='ltr'>vel</span> <span class='ocrx_word' id='word_1_309' title='bbox 1377 451 1436 484; x_wconf 88' lang='lat' dir='ltr'>per</span> <span class='ocrx_word' id='word_1_310' title='bbox 1461 442 1578 481; x_wconf 89' lang='lat' dir='ltr'>alium,</span> <span class='ocrx_word' id='word_1_311' title='bbox 1607 442 1722 475; x_wconf 88' lang='lat' dir='ltr'>eodem</span> <span class='ocrx_word' id='word_1_312' title='bbox 1747 453 1903 486; x_wconf 83' lang='lat' dir='ltr'>procura-</span> 
     </span>
     <span class='ocr_line' id='line_1_69' title="bbox 1161 495 1904 536; baseline 0.005 -11"><span class='ocrx_word' id='word_1_313' title='bbox 1161 497 1230 526; x_wconf 84' lang='lat' dir='ltr'>tore</span> <span class='ocrx_word' id='word_1_314' title='bbox 1269 495 1413 536; x_wconf 82' lang='lat' dir='ltr'>generali</span> <span class='ocrx_word' id='word_1_315' title='bbox 1446 495 1653 536; x_wconf 88' lang='lat' dir='ltr'>inconsulto,</span> <span class='ocrx_word' id='word_1_316' title='bbox 1688 496 1721 528; x_wconf 90' lang='lat' dir='ltr'>in</span> <span class='ocrx_word' id='word_1_317' title='bbox 1758 496 1904 529; x_wconf 69' lang='lat' dir='ltr'>Romana</span> 
     </span>
     <span class='ocr_line' id='line_1_70' title="bbox 1159 546 1903 591; baseline 0.004 -13"><span class='ocrx_word' id='word_1_318' title='bbox 1159 546 1253 579; x_wconf 76' lang='lat' dir='ltr'>Curia</span> <span class='ocrx_word' id='word_1_319' title='bbox 1284 547 1451 590; x_wconf 84' lang='lat' dir='ltr'>negotium</span> <span class='ocrx_word' id='word_1_320' title='bbox 1489 548 1622 591; x_wconf 82' lang='lat' dir='ltr'>aliquod</span> <span class='ocrx_word' id='word_1_321' title='bbox 1661 553 1798 581; x_wconf 83' lang='lat' dir='ltr'>tractare</span> <span class='ocrx_word' id='word_1_322' title='bbox 1836 549 1903 581; x_wconf 85' lang='lat' dir='ltr'>ausi</span> 
     </span>
     <span class='ocr_line' id='line_1_71' title="bbox 1161 600 1903 643; baseline 0.005 -12"><span class='ocrx_word' id='word_1_323' title='bbox 1161 600 1290 640; x_wconf 86' lang='lat' dir='ltr'>suerint,</span> <span class='ocrx_word' id='word_1_324' title='bbox 1319 611 1354 632; x_wconf 93' lang='lat' dir='ltr'>ac</span> <span class='ocrx_word' id='word_1_325' title='bbox 1380 601 1498 633; x_wconf 87' lang='lat' dir='ltr'>deinde</span> <span class='ocrx_word' id='word_1_326' title='bbox 1525 601 1781 643; x_wconf 86' lang='lat' dir='ltr'>provincialibus</span> <span class='ocrx_word' id='word_1_327' title='bbox 1799 612 1836 635; x_wconf 87' lang='lat' dir='ltr'>ae</span> <span class='ocrx_word' id='word_1_328' title='bbox 1852 612 1903 635; x_wconf 89' lang='lat' dir='ltr'>ce-</span> 
     </span>
     <span class='ocr_line' id='line_1_72' title="bbox 1161 653 1903 698; baseline 0.005 -14"><span class='ocrx_word' id='word_1_329' title='bbox 1161 653 1237 686; x_wconf 78' lang='lat' dir='ltr'>teris</span> <span class='ocrx_word' id='word_1_330' title='bbox 1263 653 1431 696; x_wconf 83' lang='lat' dir='ltr'>quibusvis</span> <span class='ocrx_word' id='word_1_331' title='bbox 1456 653 1586 687; x_wconf 83' lang='lat' dir='ltr'>Ordinis</span> <span class='ocrx_word' id='word_1_332' title='bbox 1623 654 1782 697; x_wconf 85' lang='lat' dir='ltr'>praedicti</span> <span class='ocrx_word' id='word_1_333' title='bbox 1809 665 1903 698; x_wconf 83' lang='lat' dir='ltr'>prae-</span> 
     </span>
     <span class='ocr_line' id='line_1_73' title="bbox 1160 707 1904 751; baseline 0.004 -13"><span class='ocrx_word' id='word_1_334' title='bbox 1160 707 1233 739; x_wconf 89' lang='lat' dir='ltr'>latis</span> <span class='ocrx_word' id='word_1_335' title='bbox 1259 712 1291 739; x_wconf 85' lang='lat' dir='ltr'>et</span> <span class='ocrx_word' id='word_1_336' title='bbox 1312 707 1554 750; x_wconf 84' lang='lat' dir='ltr'>superioribus,</span> <span class='ocrx_word' id='word_1_337' title='bbox 1575 708 1703 741; x_wconf 89' lang='lat' dir='ltr'>indulta</span> <span class='ocrx_word' id='word_1_338' title='bbox 1724 718 1858 751; x_wconf 89' lang='lat' dir='ltr'>quoque</span> <span class='ocrx_word' id='word_1_339' title='bbox 1872 713 1904 741; x_wconf 86' lang='lat' dir='ltr'>et</span> 
     </span>
     <span class='ocr_line' id='line_1_74' title="bbox 1161 759 1905 804; baseline 0.004 -13"><span class='ocrx_word' id='word_1_340' title='bbox 1161 759 1469 803; x_wconf 84' lang='lat' dir='ltr'>quomodocumque</span> <span class='ocrx_word' id='word_1_341' title='bbox 1497 761 1633 803; x_wconf 84' lang='lat' dir='ltr'>elargita</span> <span class='ocrx_word' id='word_1_342' title='bbox 1667 761 1847 804; x_wconf 85' lang='lat' dir='ltr'>provinciis</span> <span class='ocrx_word' id='word_1_343' title='bbox 1872 768 1905 795; x_wconf 83' lang='lat' dir='ltr'>et</span> 
     </span>
     <span class='ocr_line' id='line_1_75' title="bbox 1160 814 1905 857; baseline 0.004 -12"><span class='ocrx_word' id='word_1_344' title='bbox 1160 814 1328 857; x_wconf 82' lang='lat' dir='ltr'>signanter</span> <span class='ocrx_word' id='word_1_345' title='bbox 1365 814 1625 857; x_wconf 83' lang='lat' dir='ltr'>spectatissimae</span> <span class='ocrx_word' id='word_1_346' title='bbox 1659 820 1789 847; x_wconf 88' lang='lat' dir='ltr'>nostrae</span> <span class='ocrx_word' id='word_1_347' title='bbox 1824 815 1905 848; x_wconf 87' lang='lat' dir='ltr'>utri-</span> 
     </span>
     <span class='ocr_line' id='line_1_76' title="bbox 1161 867 1903 910; baseline 0.001 -10"><span class='ocrx_word' id='word_1_348' title='bbox 1161 878 1264 910; x_wconf 89' lang='lat' dir='ltr'>usque</span> <span class='ocrx_word' id='word_1_349' title='bbox 1289 867 1517 908; x_wconf 88' lang='lat' dir='ltr'>Lombardiae‚</span> <span class='ocrx_word' id='word_1_350' title='bbox 1540 878 1576 901; x_wconf 91' lang='lat' dir='ltr'>ac</span> <span class='ocrx_word' id='word_1_351' title='bbox 1594 867 1690 901; x_wconf 88' lang='lat' dir='ltr'>etiam</span> <span class='ocrx_word' id='word_1_352' title='bbox 1711 868 1903 902; x_wconf 83' lang='lat' dir='ltr'>monialium</span> 
     </span>
     <span class='ocr_line' id='line_1_77' title="bbox 1162 921 1903 964; baseline 0.004 -11"><span class='ocrx_word' id='word_1_353' title='bbox 1162 921 1391 961; x_wconf 85' lang='lat' dir='ltr'>monasteriis,</span> <span class='ocrx_word' id='word_1_354' title='bbox 1418 921 1619 964; x_wconf 85' lang='lat' dir='ltr'>amplissime</span> <span class='ocrx_word' id='word_1_355' title='bbox 1653 921 1903 963; x_wconf 78' lang='lat' dir='ltr'>confirmamus,</span> 
     </span>
     <span class='ocr_line' id='line_1_78' title="bbox 1162 975 1842 1009; baseline 0.003 -2"><span class='ocrx_word' id='word_1_356' title='bbox 1162 975 1354 1008; x_wconf 88' lang='lat' dir='ltr'>innovamus</span> <span class='ocrx_word' id='word_1_357' title='bbox 1379 985 1416 1008; x_wconf 89' lang='lat' dir='ltr'>ac</span> <span class='ocrx_word' id='word_1_358' title='bbox 1442 975 1481 1007; x_wconf 89' lang='lat' dir='ltr'>de</span> <span class='ocrx_word' id='word_1_359' title='bbox 1507 985 1592 1008; x_wconf 89' lang='lat' dir='ltr'>novo</span> <span class='ocrx_word' id='word_1_360' title='bbox 1619 976 1842 1009; x_wconf 82' lang='lat' dir='ltr'>concedimus.</span> 
     </span>
    </p>

    <p class='ocr_par' dir='ltr' id='par_1_23' title="bbox 1161 1027 1909 2519">
     <span class='ocr_line' id='line_1_79' title="bbox 1206 1027 1904 1072; baseline 0.001 -10"><span class='ocrx_word' id='word_1_361' title='bbox 1206 1029 1220 1072; x_wconf 61' lang='lat' dir='ltr'>g</span> <span class='ocrx_word' id='word_1_362' title='bbox 1245 1028 1299 1062; x_wconf 72' lang='lat'>33.</span> <span class='ocrx_word' id='word_1_363' title='bbox 1323 1028 1384 1062; x_wconf 91' lang='lat' dir='ltr'>Pro</span> <span class='ocrx_word' id='word_1_364' title='bbox 1411 1027 1564 1062; x_wconf 76' lang='lat' dir='ltr'>fidelibus</span> <span class='ocrx_word' id='word_1_365' title='bbox 1598 1029 1774 1072; x_wconf 82' lang='lat' dir='ltr'>utriusque</span> <span class='ocrx_word' id='word_1_366' title='bbox 1811 1040 1904 1063; x_wconf 82' lang='lat' dir='ltr'>sexus</span> 
     </span>
     <span class='ocr_line' id='line_1_80' title="bbox 1161 1081 1907 1117; baseline 0 -1"><span class='ocrx_word' id='word_1_367' title='bbox 1161 1082 1377 1116; x_wconf 81' lang='lat' dir='ltr'>militantibus</span> <span class='ocrx_word' id='word_1_368' title='bbox 1404 1082 1463 1115; x_wconf 86' lang='lat' dir='ltr'>sub</span> <span class='ocrx_word' id='word_1_369' title='bbox 1496 1081 1606 1116; x_wconf 86' lang='lat' dir='ltr'>Tertio</span> <span class='ocrx_word' id='word_1_370' title='bbox 1640 1082 1760 1116; x_wconf 90' lang='lat' dir='ltr'>Ordine</span> <span class='ocrx_word' id='word_1_371' title='bbox 1789 1084 1907 1117; x_wconf 83' lang='lat' dir='ltr'>Poem-</span> 
     </span>
     <span class='ocr_line' id='line_1_81' title="bbox 1164 1136 1907 1180; baseline 0.003 -12"><span class='ocrx_word' id='word_1_372' title='bbox 1164 1136 1299 1168; x_wconf 77' lang='lat' dir='ltr'>tentium</span> <span class='ocrx_word' id='word_1_373' title='bbox 1326 1136 1357 1169; x_wconf 79' lang='lat' dir='ltr'>S.</span> <span class='ocrx_word' id='word_1_374' title='bbox 1377 1136 1545 1169; x_wconf 80' lang='lat' dir='ltr'>Domim&#39;ci</span> <span class='ocrx_word' id='word_1_375' title='bbox 1568 1141 1767 1179; x_wconf 84' lang='lat' dir='ltr'>nuncupato,</span> <span class='ocrx_word' id='word_1_376' title='bbox 1788 1136 1907 1180; x_wconf 82' lang='lat' dir='ltr'>Grego-</span> 
     </span>
     <span class='ocr_line' id='line_1_82' title="bbox 1163 1188 1906 1232; baseline 0.003 -11"><span class='ocrx_word' id='word_1_377' title='bbox 1163 1188 1249 1222; x_wconf 86' lang='lat' dir='ltr'>rius¹</span> <span class='ocrx_word' id='word_1_378' title='bbox 1268 1189 1307 1222; x_wconf 77' lang='lat' dir='ltr'>IX</span> <span class='ocrx_word' id='word_1_379' title='bbox 1325 1189 1357 1222; x_wconf 90' lang='lat' dir='ltr'>in</span> <span class='ocrx_word' id='word_1_380' title='bbox 1379 1189 1609 1223; x_wconf 86' lang='lat' dir='ltr'>constitutione</span> <span class='ocrx_word' id='word_1_381' title='bbox 1628 1189 1835 1232; x_wconf 80' lang='lat' dir='ltr'>Detestanda,</span> <span class='ocrx_word' id='word_1_382' title='bbox 1854 1191 1906 1223; x_wconf 86' lang='lat' dir='ltr'>ka-</span> 
     </span>
     <span class='ocr_line' id='line_1_83' title="bbox 1162 1243 1904 1286; baseline 0.001 -11"><span class='ocrx_word' id='word_1_383' title='bbox 1162 1243 1268 1276; x_wconf 87' lang='lat' dir='ltr'>lendis</span> <span class='ocrx_word' id='word_1_384' title='bbox 1302 1243 1416 1286; x_wconf 85' lang='lat' dir='ltr'>aprilis</span> <span class='ocrx_word' id='word_1_385' title='bbox 1453 1253 1642 1284; x_wconf 60' lang='lat' dir='ltr'>mmmmm,</span> <span class='ocrx_word' id='word_1_386' title='bbox 1670 1244 1833 1276; x_wconf 89' lang='lat' dir='ltr'>Honorius</span> <span class='ocrx_word' id='word_1_387' title='bbox 1868 1244 1904 1276; x_wconf 91' lang='lat' dir='ltr'>IV</span> 
     </span>
     <span class='ocr_line' id='line_1_84' title="bbox 1163 1296 1907 1338; baseline 0.003 -11"><span class='ocrx_word' id='word_1_388' title='bbox 1163 1296 1195 1328; x_wconf 91' lang='lat' dir='ltr'>in</span> <span class='ocrx_word' id='word_1_389' title='bbox 1221 1296 1311 1329; x_wconf 78' lang='lat' dir='ltr'>Bulla</span> <span class='ocrx_word' id='word_1_390' title='bbox 1339 1296 1530 1338; x_wconf 70' lang='lat' dir='ltr'>Conyruum</span> <span class='ocrx_word' id='word_1_391' title='bbox 1554 1297 1790 1338; x_wconf 74' lang='lat' dir='ltr'>existimantes,</span> <span class='ocrx_word' id='word_1_392' title='bbox 1816 1307 1834 1330; x_wconf 95' lang='lat' dir='ltr'>v</span> <span class='ocrx_word' id='word_1_393' title='bbox 1852 1297 1907 1329; x_wconf 88' lang='lat' dir='ltr'>ka-</span> 
     </span>
     <span class='ocr_line' id='line_1_85' title="bbox 1162 1349 1906 1389; baseline 0.003 -8"><span class='ocrx_word' id='word_1_394' title='bbox 1162 1349 1276 1382; x_wconf 86' lang='lat' dir='ltr'>lendas</span> <span class='ocrx_word' id='word_1_395' title='bbox 1298 1349 1454 1382; x_wconf 79' lang='lat' dir='ltr'>februarii</span> <span class='ocrx_word' id='word_1_396' title='bbox 1472 1359 1662 1389; x_wconf 79' lang='lat' dir='ltr'>MCCLxxxvi,</span> <span class='ocrx_word' id='word_1_397' title='bbox 1681 1349 1820 1382; x_wconf 85' lang='lat' dir='ltr'>Ioannes</span> <span class='ocrx_word' id='word_1_398' title='bbox 1842 1351 1906 1383; x_wconf 77' lang='lat' dir='ltr'>vul-</span> 
     </span>
     <span class='ocr_line' id='line_1_86' title="bbox 1163 1402 1905 1445; baseline 0.003 -11"><span class='ocrx_word' id='word_1_399' title='bbox 1163 1413 1203 1445; x_wconf 76' lang='lat' dir='ltr'>go</span> <span class='ocrx_word' id='word_1_400' title='bbox 1230 1402 1320 1441; x_wconf 77' lang='lat' dir='ltr'>XXII,</span> <span class='ocrx_word' id='word_1_401' title='bbox 1349 1402 1457 1442; x_wconf 77' lang='lat' dir='ltr'>Quum</span> <span class='ocrx_word' id='word_1_402' title='bbox 1477 1402 1515 1434; x_wconf 84' lang='lat' dir='ltr'>de</span> <span class='ocrx_word' id='word_1_403' title='bbox 1531 1402 1737 1442; x_wconf 79' lang='lat' dir='ltr'>mulieribus,</span> <span class='ocrx_word' id='word_1_404' title='bbox 1756 1402 1905 1436; x_wconf 80' lang='lat' dir='ltr'>kalendis</span> 
     </span>
     <span class='ocr_line' id='line_1_87' title="bbox 1163 1456 1907 1496; baseline 0.003 -8"><span class='ocrx_word' id='word_1_405' title='bbox 1163 1457 1242 1489; x_wconf 91' lang='lat' dir='ltr'>iunii</span> <span class='ocrx_word' id='word_1_406' title='bbox 1268 1466 1433 1496; x_wconf 71' lang='lat' dir='ltr'>iicccxxvi,</span> <span class='ocrx_word' id='word_1_407' title='bbox 1460 1456 1644 1489; x_wconf 84' lang='lat' dir='ltr'>Bonisacius</span> <span class='ocrx_word' id='word_1_408' title='bbox 1665 1456 1704 1489; x_wconf 81' lang='lat' dir='ltr'>lx</span> <span class='ocrx_word' id='word_1_409' title='bbox 1730 1457 1762 1489; x_wconf 92' lang='lat' dir='ltr'>in</span> <span class='ocrx_word' id='word_1_410' title='bbox 1787 1458 1907 1490; x_wconf 88' lang='lat' dir='ltr'>consti-</span> 
     </span>
     <span class='ocr_line' id='line_1_88' title="bbox 1165 1510 1907 1551; baseline 0.004 -9"><span class='ocrx_word' id='word_1_411' title='bbox 1165 1510 1290 1543; x_wconf 86' lang='lat' dir='ltr'>tutione</span> <span class='ocrx_word' id='word_1_412' title='bbox 1314 1510 1510 1543; x_wconf 74' lang='lat' dir='ltr'>Humilibzts</span> <span class='ocrx_word' id='word_1_413' title='bbox 1535 1514 1563 1543; x_wconf 78' lang='lat' dir='ltr'>et</span> <span class='ocrx_word' id='word_1_414' title='bbox 1590 1511 1748 1551; x_wconf 67' lang='lat' dir='ltr'>honestis,</span> <span class='ocrx_word' id='word_1_415' title='bbox 1781 1522 1820 1545; x_wconf 87' lang='lat' dir='ltr'>xv</span> <span class='ocrx_word' id='word_1_416' title='bbox 1852 1512 1907 1545; x_wconf 80' lang='lat' dir='ltr'>ka-</span> 
     </span>
     <span class='ocr_line' id='line_1_89' title="bbox 1164 1563 1906 1605; baseline 0.003 -10"><span class='ocrx_word' id='word_1_417' title='bbox 1164 1564 1278 1596; x_wconf 86' lang='lat' dir='ltr'>lendas</span> <span class='ocrx_word' id='word_1_418' title='bbox 1298 1563 1454 1596; x_wconf 79' lang='lat' dir='ltr'>februarii</span> <span class='ocrx_word' id='word_1_419' title='bbox 1474 1574 1562 1605; x_wconf 77' lang='lat' dir='ltr'>noni,</span> <span class='ocrx_word' id='word_1_420' title='bbox 1582 1564 1789 1598; x_wconf 86' lang='lat' dir='ltr'>Innocentius</span> <span class='ocrx_word' id='word_1_421' title='bbox 1806 1565 1855 1598; x_wconf 74' lang='lat' dir='ltr'>vll</span> <span class='ocrx_word' id='word_1_422' title='bbox 1873 1565 1906 1598; x_wconf 89' lang='lat' dir='ltr'>in</span> 
     </span>
     <span class='ocr_line' id='line_1_90' title="bbox 1166 1617 1908 1661; baseline 0.003 -12"><span class='ocrx_word' id='word_1_423' title='bbox 1166 1617 1256 1650; x_wconf 82' lang='lat' dir='ltr'>Bulla</span> <span class='ocrx_word' id='word_1_424' title='bbox 1271 1617 1528 1650; x_wconf 84' lang='lat' dir='ltr'>confirmationis</span> <span class='ocrx_word' id='word_1_425' title='bbox 1547 1619 1680 1661; x_wconf 80' lang='lat' dir='ltr'>regulae</span> <span class='ocrx_word' id='word_1_426' title='bbox 1697 1618 1841 1652; x_wconf 89' lang='lat' dir='ltr'>eiusdem</span> <span class='ocrx_word' id='word_1_427' title='bbox 1856 1618 1908 1652; x_wconf 77' lang='lat' dir='ltr'>Or-</span> 
     </span>
     <span class='ocr_line' id='line_1_91' title="bbox 1166 1671 1908 1715; baseline 0.001 -11"><span class='ocrx_word' id='word_1_428' title='bbox 1166 1671 1250 1704; x_wconf 88' lang='lat' dir='ltr'>dinis</span> <span class='ocrx_word' id='word_1_429' title='bbox 1270 1671 1447 1714; x_wconf 87' lang='lat' dir='ltr'>incipiente</span> <span class='ocrx_word' id='word_1_430' title='bbox 1465 1671 1558 1705; x_wconf 69' lang='lat' dir='ltr'>Sectis</span> <span class='ocrx_word' id='word_1_431' title='bbox 1575 1671 1791 1715; x_wconf 72' lang='lat' dir='ltr'>Apostolictoe,</span> <span class='ocrx_word' id='word_1_432' title='bbox 1810 1683 1839 1706; x_wconf 76' lang='lat' dir='ltr'>vr</span> <span class='ocrx_word' id='word_1_433' title='bbox 1858 1672 1908 1705; x_wconf 82' lang='lat' dir='ltr'>ka-</span> 
     </span>
     <span class='ocr_line' id='line_1_92' title="bbox 1166 1725 1907 1768; baseline 0.004 -11"><span class='ocrx_word' id='word_1_434' title='bbox 1166 1725 1277 1758; x_wconf 85' lang='lat' dir='ltr'>lendas</span> <span class='ocrx_word' id='word_1_435' title='bbox 1303 1725 1372 1759; x_wconf 87' lang='lat' dir='ltr'>iulii</span> <span class='ocrx_word' id='word_1_436' title='bbox 1400 1735 1498 1766; x_wconf 77' lang='lat' dir='ltr'>mcov,</span> <span class='ocrx_word' id='word_1_437' title='bbox 1525 1726 1691 1768; x_wconf 77' lang='lat' dir='ltr'>Eugenius</span> <span class='ocrx_word' id='word_1_438' title='bbox 1718 1726 1753 1758; x_wconf 89' lang='lat' dir='ltr'>lV</span> <span class='ocrx_word' id='word_1_439' title='bbox 1778 1726 1810 1759; x_wconf 90' lang='lat' dir='ltr'>in</span> <span class='ocrx_word' id='word_1_440' title='bbox 1830 1737 1907 1760; x_wconf 90' lang='lat' dir='ltr'>con-</span> 
     </span>
     <span class='ocr_line' id='line_1_93' title="bbox 1165 1778 1907 1820; baseline 0.003 -10"><span class='ocrx_word' id='word_1_441' title='bbox 1165 1778 1262 1811; x_wconf 86' lang='lat' dir='ltr'>simili</span> <span class='ocrx_word' id='word_1_442' title='bbox 1288 1779 1524 1812; x_wconf 86' lang='lat' dir='ltr'>constitutione</span> <span class='ocrx_word' id='word_1_443' title='bbox 1540 1779 1747 1812; x_wconf 78' lang='lat' dir='ltr'>Provisionis</span> <span class='ocrx_word' id='word_1_444' title='bbox 1767 1783 1907 1820; x_wconf 77' lang='lat' dir='ltr'>nostrae,</span> 
     </span>
     <span class='ocr_line' id='line_1_94' title="bbox 1165 1831 1905 1874; baseline 0.001 -11"><span class='ocrx_word' id='word_1_445' title='bbox 1165 1831 1271 1874; x_wconf 89' lang='lat' dir='ltr'>pridie</span> <span class='ocrx_word' id='word_1_446' title='bbox 1304 1832 1375 1864; x_wconf 86' lang='lat' dir='ltr'>idus</span> <span class='ocrx_word' id='word_1_447' title='bbox 1411 1831 1486 1864; x_wconf 87' lang='lat' dir='ltr'>maii</span> <span class='ocrx_word' id='word_1_448' title='bbox 1520 1841 1703 1873; x_wconf 73' lang='lat' dir='ltr'>iicnxxxlx,</span> <span class='ocrx_word' id='word_1_449' title='bbox 1735 1832 1843 1865; x_wconf 83' lang='lat' dir='ltr'>Sixtus</span> <span class='ocrx_word' id='word_1_450' title='bbox 1868 1832 1905 1866; x_wconf 91' lang='lat' dir='ltr'>IV</span> 
     </span>
     <span class='ocr_line' id='line_1_95' title="bbox 1165 1885 1906 1927; baseline 0.003 -10"><span class='ocrx_word' id='word_1_451' title='bbox 1165 1885 1197 1917; x_wconf 90' lang='lat' dir='ltr'>in</span> <span class='ocrx_word' id='word_1_452' title='bbox 1223 1885 1454 1918; x_wconf 88' lang='lat' dir='ltr'>constitutione</span> <span class='ocrx_word' id='word_1_453' title='bbox 1479 1885 1710 1927; x_wconf 70' lang='lat' dir='ltr'>Sam-osanam,</span> <span class='ocrx_word' id='word_1_454' title='bbox 1740 1896 1775 1920; x_wconf 86' lang='lat'>111</span> <span class='ocrx_word' id='word_1_455' title='bbox 1803 1896 1906 1919; x_wconf 91' lang='lat' dir='ltr'>nonas</span> 
     </span>
     <span class='ocr_line' id='line_1_96' title="bbox 1166 1938 1909 1979; baseline 0.003 -8"><span class='ocrx_word' id='word_1_456' title='bbox 1166 1938 1312 1972; x_wconf 88' lang='lat' dir='ltr'>octobris</span> <span class='ocrx_word' id='word_1_457' title='bbox 1347 1948 1517 1979; x_wconf 73' lang='lat' dir='ltr'>MCDLxxv‚</span> <span class='ocrx_word' id='word_1_458' title='bbox 1544 1940 1731 1973; x_wconf 79' lang='lat' dir='ltr'>Alexander</span> <span class='ocrx_word' id='word_1_459' title='bbox 1768 1940 1801 1972; x_wconf 67' lang='lat' dir='ltr'>Vl</span> <span class='ocrx_word' id='word_1_460' title='bbox 1829 1940 1909 1974; x_wconf 79' lang='lat' dir='ltr'>Con-</span> 
     </span>
     <span class='ocr_line' id='line_1_97' title="bbox 1165 1992 1908 2036; baseline 0.001 -11"><span class='ocrx_word' id='word_1_461' title='bbox 1165 1992 1356 2033; x_wconf 70' lang='lat' dir='ltr'>siclerantes,</span> <span class='ocrx_word' id='word_1_462' title='bbox 1383 2003 1442 2026; x_wconf 84' lang='lat' dir='ltr'>xxx</span> <span class='ocrx_word' id='word_1_463' title='bbox 1468 1993 1663 2036; x_wconf 85' lang='lat' dir='ltr'>septembris</span> <span class='ocrx_word' id='word_1_464' title='bbox 1688 2003 1832 2035; x_wconf 69' lang='lat' dir='ltr'>MCDLXV,</span> <span class='ocrx_word' id='word_1_465' title='bbox 1859 1994 1908 2027; x_wconf 89' lang='lat' dir='ltr'>Iu-</span> 
     </span>
     <span class='ocr_line' id='line_1_98' title="bbox 1166 2046 1905 2087; baseline 0.004 -9"><span class='ocrx_word' id='word_1_466' title='bbox 1166 2046 1226 2079; x_wconf 86' lang='lat' dir='ltr'>lius</span> <span class='ocrx_word' id='word_1_467' title='bbox 1242 2046 1264 2079; x_wconf 92' lang='lat' dir='ltr'>II</span> <span class='ocrx_word' id='word_1_468' title='bbox 1282 2046 1535 2086; x_wconf 52' lang='lat' dir='ltr'>Consum-antes,</span> <span class='ocrx_word' id='word_1_469' title='bbox 1549 2057 1601 2080; x_wconf 84' lang='lat' dir='ltr'>xiv</span> <span class='ocrx_word' id='word_1_470' title='bbox 1616 2047 1800 2080; x_wconf 86' lang='lat' dir='ltr'>decembris</span> <span class='ocrx_word' id='word_1_471' title='bbox 1816 2058 1905 2087; x_wconf 75' lang='lat' dir='ltr'>mmx,</span> 
     </span>
     <span class='ocr_line' id='line_1_99' title="bbox 1165 2101 1908 2143; baseline 0 -10"><span class='ocrx_word' id='word_1_472' title='bbox 1165 2101 1296 2143; x_wconf 75' lang='lat' dir='ltr'>Exponi</span> <span class='ocrx_word' id='word_1_473' title='bbox 1335 2101 1428 2134; x_wconf 73' lang='lat' dir='ltr'>nobis</span> <span class='ocrx_word' id='word_1_474' title='bbox 1466 2101 1597 2143; x_wconf 79' lang='lat' dir='ltr'>fecisti,</span> <span class='ocrx_word' id='word_1_475' title='bbox 1632 2111 1716 2137; x_wconf 75' lang='lat' dir='ltr'>xxvii</span> <span class='ocrx_word' id='word_1_476' title='bbox 1753 2101 1908 2135; x_wconf 81' lang='lat' dir='ltr'>februarii</span> 
     </span>
     <span class='ocr_line' id='line_1_100' title="bbox 1166 2154 1908 2195; baseline 0.004 -9"><span class='ocrx_word' id='word_1_477' title='bbox 1166 2164 1246 2193; x_wconf 76' lang='lat' dir='ltr'>mox,</span> <span class='ocrx_word' id='word_1_478' title='bbox 1275 2154 1339 2186; x_wconf 86' lang='lat' dir='ltr'>Leo</span> <span class='ocrx_word' id='word_1_479' title='bbox 1376 2154 1401 2186; x_wconf 78' lang='lat' dir='ltr'>X</span> <span class='ocrx_word' id='word_1_480' title='bbox 1435 2154 1523 2187; x_wconf 77' lang='lat' dir='ltr'>Dum</span> <span class='ocrx_word' id='word_1_481' title='bbox 1561 2154 1652 2187; x_wconf 77' lang='lat' dir='ltr'>intra</span> <span class='ocrx_word' id='word_1_482' title='bbox 1688 2155 1820 2195; x_wconf 82' lang='lat' dir='ltr'>mentis,</span> <span class='ocrx_word' id='word_1_483' title='bbox 1855 2166 1908 2189; x_wconf 79' lang='lat' dir='ltr'>xix</span> 
     </span>
     <span class='ocr_line' id='line_1_101' title="bbox 1166 2206 1907 2252; baseline 0.004 -14"><span class='ocrx_word' id='word_1_484' title='bbox 1166 2206 1352 2239; x_wconf 88' lang='lat' dir='ltr'>decembris</span> <span class='ocrx_word' id='word_1_485' title='bbox 1385 2217 1502 2245; x_wconf 71' lang='lat' dir='ltr'>mcxvi,</span> <span class='ocrx_word' id='word_1_486' title='bbox 1528 2213 1560 2241; x_wconf 88' lang='lat' dir='ltr'>et</span> <span class='ocrx_word' id='word_1_487' title='bbox 1599 2208 1733 2252; x_wconf 79' lang='lat' dir='ltr'>Nuper,</span> <span class='ocrx_word' id='word_1_488' title='bbox 1760 2219 1769 2242; x_wconf 87' lang='lat'>1</span> <span class='ocrx_word' id='word_1_489' title='bbox 1802 2209 1907 2242; x_wconf 88' lang='lat' dir='ltr'>martii</span> 
     </span>
     <span class='ocr_line' id='line_1_102' title="bbox 1165 2260 1909 2305; baseline 0.003 -12"><span class='ocrx_word' id='word_1_490' title='bbox 1165 2270 1308 2300; x_wconf 73' lang='lat' dir='ltr'>mnxvin,</span> <span class='ocrx_word' id='word_1_491' title='bbox 1336 2260 1454 2293; x_wconf 82' lang='lat' dir='ltr'>Paulus</span> <span class='ocrx_word' id='word_1_492' title='bbox 1491 2260 1527 2292; x_wconf 93' lang='lat' dir='ltr'>III</span> <span class='ocrx_word' id='word_1_493' title='bbox 1568 2261 1699 2305; x_wconf 60' lang='lat' dir='ltr'>Expone?</span> <span class='ocrx_word' id='word_1_494' title='bbox 1733 2261 1823 2294; x_wconf 75' lang='lat' dir='ltr'>nobis</span> <span class='ocrx_word' id='word_1_495' title='bbox 1848 2273 1909 2295; x_wconf 78' lang='lat' dir='ltr'>mt-</span> 
     </span>
     <span class='ocr_line' id='line_1_103' title="bbox 1165 2313 1908 2356; baseline 0.005 -11"><span class='ocrx_word' id='word_1_496' title='bbox 1165 2324 1221 2356; x_wconf 75' lang='lat' dir='ltr'>per</span> <span class='ocrx_word' id='word_1_497' title='bbox 1251 2314 1376 2356; x_wconf 75' lang='lat' dir='ltr'>fecisti,</span> <span class='ocrx_word' id='word_1_498' title='bbox 1402 2324 1475 2347; x_wconf 80' lang='lat' dir='ltr'>xxvi</span> <span class='ocrx_word' id='word_1_499' title='bbox 1513 2313 1581 2346; x_wconf 88' lang='lat' dir='ltr'>iulii</span> <span class='ocrx_word' id='word_1_500' title='bbox 1616 2325 1751 2355; x_wconf 69' lang='lat' dir='ltr'>iinan,</span> <span class='ocrx_word' id='word_1_501' title='bbox 1779 2326 1908 2349; x_wconf 89' lang='lat' dir='ltr'>necnon</span> 
     </span>
     <span class='ocr_line' id='line_1_104' title="bbox 1165 2366 1906 2409; baseline 0.003 -10"><span class='ocrx_word' id='word_1_502' title='bbox 1165 2366 1197 2399; x_wconf 85' lang='lat' dir='ltr'>S.</span> <span class='ocrx_word' id='word_1_503' title='bbox 1227 2366 1316 2407; x_wconf 83' lang='lat' dir='ltr'>Pius,</span> <span class='ocrx_word' id='word_1_504' title='bbox 1351 2366 1502 2400; x_wconf 86' lang='lat' dir='ltr'>Clemens</span> <span class='ocrx_word' id='word_1_505' title='bbox 1528 2367 1606 2409; x_wconf 81' lang='lat' dir='ltr'>VIII,</span> <span class='ocrx_word' id='word_1_506' title='bbox 1642 2368 1790 2401; x_wconf 84' lang='lat' dir='ltr'>Urbanus</span> <span class='ocrx_word' id='word_1_507' title='bbox 1827 2368 1906 2408; x_wconf 87' lang='lat' dir='ltr'>VIII,</span> 
     </span>
     <span class='ocr_line' id='line_1_105' title="bbox 1166 2420 1907 2464; baseline 0.001 -11"><span class='ocrx_word' id='word_1_508' title='bbox 1166 2420 1285 2464; x_wconf 90' lang='lat' dir='ltr'>aliique</span> <span class='ocrx_word' id='word_1_509' title='bbox 1311 2421 1586 2463; x_wconf 86' lang='lat' dir='ltr'>praedecessores</span> <span class='ocrx_word' id='word_1_510' title='bbox 1619 2422 1723 2454; x_wconf 90' lang='lat' dir='ltr'>nostri</span> <span class='ocrx_word' id='word_1_511' title='bbox 1751 2432 1808 2464; x_wconf 87' lang='lat' dir='ltr'>per</span> <span class='ocrx_word' id='word_1_512' title='bbox 1833 2432 1907 2455; x_wconf 86' lang='lat' dir='ltr'>suas</span> 
     </span>
     <span class='ocr_line' id='line_1_106' title="bbox 1166 2474 1908 2519; baseline 0.003 -13"><span class='ocrx_word' id='word_1_513' title='bbox 1166 2474 1292 2507; x_wconf 89' lang='lat' dir='ltr'>litteras</span> <span class='ocrx_word' id='word_1_514' title='bbox 1317 2484 1390 2508; x_wconf 89' lang='lat' dir='ltr'>mox</span> <span class='ocrx_word' id='word_1_515' title='bbox 1410 2475 1601 2509; x_wconf 78' lang='lat' dir='ltr'>referendas</span> <span class='ocrx_word' id='word_1_516' title='bbox 1619 2475 1840 2519; x_wconf 85' lang='lat' dir='ltr'>peculiaribus</span> <span class='ocrx_word' id='word_1_517' title='bbox 1860 2475 1908 2508; x_wconf 90' lang='lat' dir='ltr'>in-</span> 
     </span>
    </p>
   </div>
   <div class='ocr_carea' id='block_1_22' title="bbox 1201 2591 1783 2627">
    <p class='ocr_par' dir='ltr' id='par_1_24' title="bbox 1201 2591 1783 2627">
     <span class='ocr_line' id='line_1_107' title="bbox 1201 2591 1783 2627; baseline 0 -9"><span class='ocrx_word' id='word_1_518' title='bbox 1201 2592 1212 2618; x_wconf 84' lang='lat'>1</span> <span class='ocrx_word' id='word_1_519' title='bbox 1237 2591 1306 2618; x_wconf 85' lang='lat' dir='ltr'>Edit.</span> <span class='ocrx_word' id='word_1_520' title='bbox 1330 2592 1411 2618; x_wconf 78' lang='lat' dir='ltr'>Main.</span> <span class='ocrx_word' id='word_1_521' title='bbox 1435 2592 1497 2627; x_wconf 81' lang='lat' dir='ltr'>legit</span> <span class='ocrx_word' id='word_1_522' title='bbox 1520 2591 1657 2626; x_wconf 70' lang='lat' dir='ltr'>Greqorio</span> <span class='ocrx_word' id='word_1_523' title='bbox 1681 2592 1716 2626; x_wconf 82' lang='lat' dir='ltr'>(a.</span> <span class='ocrx_word' id='word_1_524' title='bbox 1733 2591 1783 2625; x_wconf 82' lang='lat' dir='ltr'><strong>T.).</strong></span> 
     </span>
    </p>
   </div>
   <div class='ocr_carea' id='block_1_23' title="bbox 1909 183 2094 212">
    <p class='ocr_par' dir='ltr' id='par_1_25' title="bbox 1909 183 2094 212">
     <span class='ocr_line' id='line_1_108' title="bbox 1909 183 2094 212; baseline 0.016 -3"><span class='ocrx_word' id='word_1_525' title='bbox 1909 183 1957 210; x_wconf 77' lang='lat' dir='ltr'>An.</span> <span class='ocrx_word' id='word_1_526' title='bbox 1975 183 2004 210; x_wconf 87' lang='lat' dir='ltr'>C.</span> <span class='ocrx_word' id='word_1_527' title='bbox 2027 183 2094 212; x_wconf 79' lang='lat'>¹727</span> 
     </span>
    </p>
   </div>
   <div class='ocr_carea' id='block_1_24' title="bbox 1946 1039 2100 1061">
    <p class='ocr_par' dir='ltr' id='par_1_26' title="bbox 1946 1039 2100 1061">
     <span class='ocr_line' id='line_1_109' title="bbox 1946 1039 2100 1061; baseline 0 -1"><span class='ocrx_word' id='word_1_528' title='bbox 1946 1039 2100 1061; x_wconf 74' lang='lat' dir='ltr'>Confirmantur</span> 
     </span>
    </p>
   </div>
   <div class='ocr_carea' id='block_1_25' title="bbox 1889 1067 2100 1093">
    <p class='ocr_par' dir='ltr' id='par_1_27' title="bbox 1889 1067 2100 1093">
     <span class='ocr_line' id='line_1_110' title="bbox 1889 1067 2100 1093; baseline 0 -6"><span class='ocrx_word' id='word_1_529' title='bbox 1889 1084 1894 1090; x_wconf 86' lang='lat'>.</span> <span class='ocrx_word' id='word_1_530' title='bbox 1916 1067 1997 1093; x_wconf 77' lang='lat' dir='ltr'>paritor</span> <span class='ocrx_word' id='word_1_531' title='bbox 2019 1070 2100 1093; x_wconf 70' lang='lat' dir='ltr'>gratiae</span> 
     </span>
    </p>
   </div>
   <div class='ocr_carea' id='block_1_26' title="bbox 1917 1099 2102 1222">
    <p class='ocr_par' dir='ltr' id='par_1_28' title="bbox 1917 1099 2102 1222">
     <span class='ocr_line' id='line_1_111' title="bbox 1917 1099 2101 1114; baseline 0 0"><span class='ocrx_word' id='word_1_532' title='bbox 1917 1100 1989 1114; x_wconf 60' lang='lat' dir='ltr'>unium</span> <span class='ocrx_word' id='word_1_533' title='bbox 2011 1099 2101 1114; x_wconf 70' lang='lat' dir='ltr'>conces-</span> 
     </span>
     <span class='ocr_line' id='line_1_112' title="bbox 1917 1120 2102 1141; baseline 0 -1"><span class='ocrx_word' id='word_1_534' title='bbox 1917 1127 1954 1140; x_wconf 77' lang='lat' dir='ltr'>sae</span> <span class='ocrx_word' id='word_1_535' title='bbox 1973 1121 2044 1141; x_wconf 58' lang='lat' dir='ltr'>&#39;ferun</span> <span class='ocrx_word' id='word_1_536' title='bbox 2062 1120 2102 1140; x_wconf 82' lang='lat' dir='ltr'>Oi·-</span> 
     </span>
     <span class='ocr_line' id='line_1_113' title="bbox 1918 1147 2101 1167; baseline -0.005 0"><span class='ocrx_word' id='word_1_537' title='bbox 1918 1147 1960 1167; x_wconf 88' lang='lat' dir='ltr'>diui</span> <span class='ocrx_word' id='word_1_538' title='bbox 1987 1147 2101 1167; x_wconf 63' lang='lat' dir='ltr'>Paeniten-</span> 
     </span>
     <span class='ocr_line' id='line_1_114' title="bbox 1918 1173 2101 1195; baseline 0.005 -1"><span class='ocrx_word' id='word_1_539' title='bbox 1918 1177 1967 1194; x_wconf 84' lang='lat' dir='ltr'>uum</span> <span class='ocrx_word' id='word_1_540' title='bbox 1988 1174 2011 1195; x_wconf 92' lang='lat' dir='ltr'>S.</span> <span class='ocrx_word' id='word_1_541' title='bbox 2029 1173 2101 1195; x_wconf 81' lang='lat' dir='ltr'>Domi-</span> 
     </span>
     <span class='ocr_line' id='line_1_115' title="bbox 1917 1201 1967 1222; baseline 0 -1"><span class='ocrx_word' id='word_1_542' title='bbox 1917 1201 1967 1222; x_wconf 83' lang='lat' dir='ltr'>uici.</span> 
     </span>
    </p>
   </div>
  </div>
 </body>
</html>
