2170 3147
16 198 66 225 Αι.
78 198 108 223 C.
131 195 198 223 172ss

35 362 169 385 Prooemium
183 367 196 382 a

14 396 65 411 eura
98 389 197 409 habenda

14 416 149 443 regularium.

17 888 126 916 Exponitlo
137 887 194 910 tacu.

47 1839 151 1862 Statuitur
170 1842 194 1862 ut

12 1865 35 1890 in
48 1867 139 1890 rubrica.

799 195 993 220 BENEDICTUS
1020 196 1076 219 XIII
1101 196 1150 218 1³1³.

383 244 563 271 Benedictus
584 245 663 278 Papa
683 245 771 278 xm,

324 287 360 314 ad
380 291 557 321 perpetuam
577 289 622 314 rei
643 288 825 315 memoriam.

252 348 458 391 Apostolicae
485 348 722 387 sollicitudinis,
751 359 847 391 quam
879 359 945 380 me-

207 401 277 434 ritis
303 402 379 435 licet
404 406 435 434 et
461 401 583 433 vitibus
609 402 706 443 longe
732 401 873 444 impares
899 401 945 433 di-

205 454 277 487 vina
303 454 491 497 dignatione
529 454 691 496 gerimus,
720 454 800 486 ratio
826 453 942 495 exigit,

205 513 256 546 ut,
285 513 450 550 paternam
476 518 552 549 erga
577 505 823 545 christifideles,
848 506 901 549 qui
928 516 943 538 e

204 560 354 593 fluctibus
391 560 511 593 saeculi
538 560 569 592 in
594 565 724 602 portum
761 559 843 591 vitae
869 558 944 590 reli-

207 612 318 656 giosae
333 613 561 656 confugerunt,
579 612 770 646 charitatem
786 611 943 654 singulari

205 666 314 699 studio
332 672 536 705 exercentes,
557 676 670 699 eorum
695 665 884 705 stabilitati,
911 670 945 697 ut

204 718 236 751 in
256 721 291 752 ea
309 720 487 759 vocatione,
507 730 569 762 qua
588 720 690 751 vocati
716 723 808 757 sunt,
835 728 944 760 perse-

207 777 319 805 verent
335 783 435 815 usque
452 772 483 804 in
499 772 607 811 tinem,
623 777 778 814 quantum
794 771 888 803 nobis
907 781 942 803 ex

206 826 270 858 alto
295 826 497 864 conceditur,
515 824 704 868 prospicere
726 829 918 866 satagamus.

250 878 321 921 §L
349 878 472 921 Expoui
510 877 671 921 siquidem
709 877 801 910 nobis
839 887 944 919 nuper

205 930 280 964 secit
294 931 431 964 dilectus
448 930 533 964 filius
550 931 700 963 Nicolaus
718 931 843 963 Sersale
861 930 942 963 Cou-

205 984 403 1027 gregationis
435 984 467 1017 S.
505 983 632 1016 Ioannis
671 984 709 1016 de
746 983 944 1016 Carbonaria

204 1037 332 1070 Ordinis
358 1039 565 1070 eremitarum
601 1037 632 1070 S.
669 1037 836 1078 Augustini
861 1036 942 1069 Nea-

204 1088 368 1132 politanae
382 1115 389 1128 ,
409 1088 515 1131 quod,
537 1098 610 1120 cum
628 1098 644 1120 a
663 1087 745 1120 dicia
763 1087 944 1130 Congreget-

205 1142 294 1176 tione
320 1148 352 1176 et
377 1149 538 1176 conventu
568 1142 715 1175 eiusdem
741 1141 772 1174 S.
800 1141 940 1181 loannis,

203 1196 258 1229 ubi
284 1196 428 1239 perfecta
454 1195 517 1228 vita
537 1195 697 1228 communi
716 1195 847 1236 vivitur,
865 1205 943 1227 non-

204 1249 285 1283 nulli
311 1249 456 1292 religiosi
490 1249 637 1282 eiusdem
673 1248 942 1290 Congregationis

204 1302 264 1335 sub
288 1302 384 1335 variis
418 1302 641 1346 praetextibus
671 1302 710 1334 ad
735 1302 815 1334 alias
850 1312 943 1344 prac-

206 1355 282 1388 dicti
308 1355 437 1388 Ordinis
473 1355 657 1398 provincias
694 1360 725 1388 et
762 1364 941 1396 congrega-

205 1409 325 1449 tiones,
352 1408 385 1441 in
412 1409 529 1452 quibus
565 1409 725 1442 eiusmodi
762 1408 826 1441 vita
857 1418 943 1440 com-

204 1462 311 1495 munis
330 1461 463 1495 minime
481 1467 634 1502 servatur,
651 1461 786 1494 transire
801 1462 941 1500 soleant,

203 1514 273 1558 ipse
296 1514 468 1555 Nicotaus,
503 1525 566 1557 quo
597 1515 631 1547 in
662 1514 840 1558 praedictis
867 1524 944 1547 con-

204 1574 301 1602 ventu
326 1574 359 1602 et
383 1568 636 1612 congregatione
663 1568 822 1612 regularis
848 1568 944 1601 disci-

202 1621 294 1666 plina
318 1621 534 1661 sustineatur,
574 1625 604 1656 ct
640 1621 847 1655 observantia
881 1621 943 1654 iam

203 1675 388 1708 introducta
412 1685 479 1708 non
505 1675 730 1718 disperdatur,
758 1679 942 1717 opportune

203 1728 236 1761 in
261 1728 448 1772 praemissis
481 1739 498 1760 a
530 1727 625 1760 nobis
663 1727 826 1770 provideri
853 1731 884 1760 ct
909 1731 944 1758 ut

202 1780 289 1814 infra
312 1780 474 1824 indulgeri
500 1791 707 1824 summopere
734 1780 911 1813 desideret.

246 1835 262 1879 ἓ
285 1834 316 1867 2.
343 1834 417 1875 Nos,
439 1834 538 1878 ipsius
564 1833 688 1867 Nicolai
716 1834 796 1866 rotis
823 1834 883 1866 hac
909 1833 942 1865 in

203 1898 251 1929 re,
268 1892 422 1931 quantum
439 1898 513 1920 cum
531 1887 669 1920 Domino
695 1897 880 1930 possumus,
902 1886 943 1919 sa-

203 1941 391 1975 vorabiliter
416 1951 559 1973 annuere
586 1941 744 1980 volentes,
764 1950 903 1982 eumque
926 1951 943 1972 a

203 1994 372 2039 quibusvis
408 1993 773 2033 excommunicationis,
811 2004 944 2036 suspen-

203 2048 306 2081 sionis
323 2053 354 2081 et
369 2047 544 2087 interdicti,
563 2046 699 2090 aliisque
714 2046 943 2079 ecclesiasticis

204 2100 397 2141 sententiis,
434 2100 582 2133 censuris
611 2106 642 2133 et
665 2100 803 2143 poenis,
829 2111 846 2132 a
872 2099 942 2132 iure

203 2155 253 2188 vel
278 2155 317 2187 ab
342 2154 500 2194 homine,
540 2153 653 2196 quavis
686 2153 857 2186 occasione
894 2154 942 2186 rel

204 2209 300 2240 causa
343 2206 440 2246 latis,
476 2206 502 2238 si
540 2206 657 2249 quibus
698 2205 945 2248 quomodolibet

204 2259 379 2293 innodatus
404 2259 527 2298 existit,
551 2259 589 2291 ad
617 2257 764 2291 effectum
789 2269 944 2301 praesen-

205 2313 285 2346 tium
322 2312 487 2345 dumtaxat
512 2312 800 2354 consequendum,
828 2311 942 2344 harum

203 2365 288 2400 serie
306 2365 512 2398 absolventes
529 2369 560 2397 et
579 2365 761 2397 absolutum
780 2364 847 2396 sore
869 2374 944 2397 cen-

204 2423 334 2459 sentes,
369 2416 661 2461 supplicationibus
702 2416 770 2449 eius
809 2416 943 2449 nomine

171 2494 174 2495 ν
205 2472 300 2505 nobis
340 2481 440 2514 super
479 2471 542 2503 hoc
578 2469 746 2503 humiliter
784 2470 942 2512 porrectis

205 2524 367 2565 inclinati,
385 2525 498 2557 fratres
516 2533 669 2566 expresse
687 2523 851 2566 professos
868 2533 943 2556 con-

206 2583 319 2612 ventus
355 2584 387 2612 et
421 2576 691 2622 Congregationis
729 2575 916 2610 huiusmodi
933 2601 941 2618 ,

1613 185 1678 218 355

992 250 1066 286 post
1083 243 1348 277 constitutionem
1368 242 1471 276 felicis
1492 242 1726 275 recordationis

992 297 1168 329 Innocentii
1195 297 1252 329 PP.
1274 296 1325 328 XII
1344 295 1602 339 praedecessoris
1621 295 1726 327 nostri

990 360 1089 391 super
1114 350 1226 381 eadem
1251 348 1313 381 vita
1339 348 1502 381 communi
1529 352 1725 387 emanatam,

990 402 1028 434 ad
1056 413 1274 444 quascumque
1300 403 1484 445 provincias
1509 413 1564 433 seu
1591 411 1728 442 congre-

990 454 1135 496 gationes
1163 455 1269 487 auimo
1296 465 1368 487 sese
1388 455 1450 487 illis
1471 454 1651 487 associandi
1670 464 1726 486 seu

991 505 1240 547 incorporandi,
1267 505 1337 536 sine
1357 505 1510 547 expressa
1528 516 1563 536 ac
1582 504 1726 537 unanimi

989 556 1078 599 pleni
1093 556 1267 589 definitorii
1287 562 1463 589 conventus
1477 557 1635 600 praedicti
1655 567 1728 590 con-

989 619 1106 649 sensu,
1124 610 1214 642 nullo
1233 610 1331 642 modo
1358 620 1390 642 se
1419 610 1596 642 transferre
1614 620 1725 652 posse;

990 662 1060 694 illos
1087 673 1184 702 vcro,
1213 663 1268 706 qui
1302 664 1340 696 de
1374 664 1525 696 mandato
1560 669 1621 695 tam
1646 663 1727 696 Con-

989 715 1187 757 gregationis
1202 715 1233 748 S.
1250 715 1287 747 R.
1306 716 1340 748 E.
1358 716 1571 748 cardinalium
1587 715 1727 757 negotiis

989 773 1021 800 et
1045 768 1338 800 consultationibus
1364 769 1594 812 episcoporum
1622 773 1653 800 et
1677 778 1728 800 re-

989 821 1147 864 gularium
1174 822 1433 865 praepositorum
1452 833 1546 864 quam
1564 832 1663 864 super
1681 821 1728 854 di-

1726 196 1774 220 An.
1797 193 1825 221 C.
1852 193 1920 223 1726

989 875 1128 918 scipliua
1144 876 1284 917 regulari
1301 876 1528 918 deputatorum
1548 876 1608 907 iam
1629 880 1729 907 trans-
1773 888 1777 892 ¹

989 929 1043 961 lati
1078 929 1230 968 suerunt,
1261 939 1294 961 se
1327 928 1410 961 intra
1445 929 1616 960 terminum
1648 929 1728 960 duo-

990 992 1058 1014 rum
1085 981 1266 1021 mensium,
1302 992 1337 1013 ac
1370 981 1395 1013 si
1432 980 1528 1013 alicui
1555 981 1726 1013 conventui

989 1034 1174 1077 provinciae
1196 1039 1251 1066 aut
1275 1033 1410 1067 aliarum
1437 1033 1727 1075 congregationum

989 1086 1121 1119 adfiliati
1148 1086 1280 1119 minime
1318 1087 1445 1125 forent,
1479 1097 1548 1119 esse
1585 1087 1729 1128 compel-

989 1140 1104 1172 lendos
1141 1141 1181 1173 ad
1218 1140 1420 1173 redeundum
1458 1140 1495 1172 ad
1529 1139 1728 1182 praedictam

987 1193 1278 1236 Congregationem
1316 1193 1347 1225 S.
1371 1193 1500 1226 loannis
1531 1193 1570 1225 de
1607 1192 1728 1225 Carbo-

988 1247 1098 1287 naria,
1141 1247 1331 1280 auctoritate
1372 1245 1575 1289 apostolica,
1615 1250 1728 1278 tenore

989 1300 1218 1343 praesentium,
1239 1300 1441 1333 decernimus
1463 1304 1495 1332 et
1513 1299 1725 1339 declaramus,

988 1365 1022 1387 ac
1047 1354 1218 1387 statuimus
1243 1359 1273 1386 et
1298 1354 1496 1387 ordinamus.

1031 1407 1045 1449 ξ
1070 1407 1101 1440 3.
1128 1407 1362 1446 Decernentcs,
1389 1406 1519 1439 easdem
1541 1410 1730 1449 praesentes

987 1460 1112 1494 litteras
1139 1470 1266 1503 semper
1291 1459 1420 1499 sirmas,
1455 1458 1577 1491 validas
1605 1464 1637 1491 et
1663 1457 1730 1490 offi-

987 1523 1079 1546 caces
1107 1512 1245 1545 existere
1273 1517 1304 1544 et
1329 1511 1411 1550 sore,
1440 1521 1583 1553 suosque
1616 1511 1731 1554 plena-

987 1566 1051 1600 rios
1071 1570 1101 1600 et
1123 1566 1267 1608 integros
1295 1565 1429 1598 effectus
1455 1564 1564 1597 sortiri
1591 1570 1622 1597 et
1647 1563 1731 1596 obti-

988 1630 1075 1660 nere,
1096 1631 1131 1652 ac
1152 1619 1192 1651 ab
1210 1618 1361 1652 omnibus
1381 1623 1412 1650 et
1429 1618 1579 1660 siugulis,
1594 1618 1633 1650 ad
1649 1628 1729 1661 quos

987 1678 1113 1716 spectat
1138 1678 1168 1705 ct.
1193 1682 1255 1715 pro
1282 1677 1429 1714 tempore
1459 1670 1730 1714 quandocumque

987 1726 1161 1769 spectabit,
1178 1724 1411 1758 iuviolabiliter
1425 1723 1600 1764 observari,
1616 1724 1729 1767 sicque

988 1779 1019 1811 in
1044 1779 1235 1822 praemissis
1264 1789 1324 1821 per
1357 1788 1581 1821 quoscumque
1606 1777 1729 1810 iudices

987 1833 1170 1866 ordinarios
1190 1837 1221 1865 et
1242 1832 1420 1873 delegatos,
1444 1831 1540 1864 etiam
1559 1841 1731 1863 causarum

985 1885 1098 1929 palatii
1125 1884 1298 1928 apostolici
1328 1884 1512 1924 auditores,
1538 1883 1673 1916 iudicari
1699 1887 1732 1916 et

987 1937 1114 1971 deliniri
1142 1938 1283 1978 debere,
1303 1948 1338 1970 ac
1365 1936 1493 1969 irritum
1522 1941 1554 1969 et
1579 1937 1674 1969 inane
1704 1936 1729 1969 si

986 2002 1082 2024 secus
1108 2001 1206 2034 super
1236 1991 1286 2023 liis
1320 2001 1337 2023 a
1362 2000 1535 2033 quoquam,
1553 1989 1661 2033 quavis
1679 1999 1731 2022 au-

986 2045 1145 2083 ctoritate,
1167 2044 1311 2077 scienter
1333 2044 1383 2076 vel
1405 2043 1603 2085 ignoranter,
1630 2042 1731 2075 conti-

986 2099 1073 2142 gerit
1102 2098 1269 2131 attentari.

1030 2152 1045 2195 ξ
1068 2151 1100 2184 4.
1122 2151 1193 2184 Non
1220 2149 1427 2183 obstantibus
1463 2148 1665 2191 praemissis,
1692 2159 1729 2182 ac

986 2204 1274 2238 constitutionibus
1301 2209 1332 2236 ct
1356 2202 1621 2235 ordinationibus
1651 2212 1729 2245 apo-

986 2258 1134 2297 stolicis,
1162 2267 1313 2295 necnon,
1351 2261 1511 2298 quatenus
1548 2266 1628 2298 opus
1663 2256 1727 2296 sit,

988 2321 1266 2354 quarumcumque
1285 2309 1522 2351 provinciarum
1543 2313 1574 2340 et
1591 2319 1728 2351 cougre-

988 2364 1167 2405 gationum,
1188 2362 1297 2395 aliisve
1324 2361 1495 2404 quibusvis,
1522 2361 1617 2394 etiam
1643 2362 1728 2394 iura-

988 2421 1119 2457 mento,
1156 2414 1405 2448 confirmatione
1442 2414 1640 2457 apostolica,
1676 2415 1726 2448 vel

988 2469 1099 2512 quavis
1120 2468 1270 2501 firmitate
1299 2468 1362 2500 alia
1393 2467 1568 2508 roboratis,
1601 2468 1727 2500 statutis

987 2527 1018 2554 et
1042 2519 1345 2560 consuetudinibus,
1376 2520 1557 2563 privilegiis
1584 2530 1726 2564 quoque,

986 2575 1121 2609 induitis
1146 2579 1178 2608 et
1202 2574 1317 2608 litteris
1335 2573 1522 2618 apostolicis
1543 2574 1576 2606 in
1596 2579 1725 2608 contra-

1767 1411 1889 1434 etausutao.

1764 2154 1923 2177 Contrariorum

1740 2181 1857 2206 derogatio.
