2170 3147
1 231 27 250 n.
46 221 74 248 C.

21 441 152 463 Benedictio·

1 475 19 490 ΙΙ]
29 471 151 494 impartitur.

0 1448 116 1468 Exordium.

0 2077 101 2097 Clemente
110 2078 153 2098 vttl

1 2105 23 2124 as
44 2105 154 2129 [ινινιΙμςζιε

0 2133 42 2150 :tae
65 2130 153 2155 Cunaro*

1 2157 51 2176 tinni
81 2158 155 2176 contii·-

0 2186 26 2204 ita
40 2188 77 2208 por
93 2189 154 2209 quas-

0 2215 19 2229 m
35 2210 116 2229 litteras
134 2210 153 2230 in

0 2236 36 2256 *tna
52 2236 131 2257 Brevis.

93 221 158 247 1727

768 222 959 245 BENEDICTL'S
986 223 1039 245 xm
1065 223 1111 245 ΡΡ,

165 279 292 302 versum
326 268 573 301 Benedictinum
606 269 783 309 Ordinem,
817 270 902 302 unde
948 276 1039 311 tates,
1065 272 1295 315 exemptiones,
1317 272 1495 312 libertates,
1514 272 1684 314 indulgen-

166 327 212 354 tot
237 321 374 354 illustria
409 321 585 353 extiterunt
622 332 679 364 per
715 333 827 355 onmes
853 333 903 355 ae-

165 380 244 407 tates
270 374 462 407 documenta
488 374 652 406 virtutum.

207 427 277 469 §7.
304 426 382 459 Dum
420 437 496 460 vero
530 428 695 460 caelorum
729 427 900 460 Dominum

163 481 373 514 obsecramus
408 486 442 512 ut
474 485 543 512 rata
575 480 639 512 sint
673 485 744 512 vota
771 486 899 519 nostra,

165 533 234 573 tibi,
255 533 371 565 dilecte
390 531 450 572 fili,
469 533 681 575 apostolicam
704 533 902 565 benedictio-

162 597 235 619 nem
262 591 469 629 peramanter
494 586 711 629 impartimur.

205 640 318 672 Datum
345 639 475 679 Romae,
494 640 578 681 apud
603 639 634 672 S.
655 639 784 671 Mariam
804 639 901 671 Maio-

161 704 248 732 rem,
274 693 333 725 sub
366 693 486 725 annulo
512 691 683 725 Piscatoris
700 719 707 732 ,
735 693 787 725 die
815 703 899 725 xxvii

161 746 285 788 augusti
301 755 486 786 nnccxxvn,
503 745 708 788 pontificatus
726 746 827 779 nostri
848 756 900 778 an-

161 809 202 831 no
227 808 271 831 lv.

197 859 258 886 Dat.
279 859 323 886 die
345 860 377 888 ⁶27
398 860 508 895 augusti
531 860 607 894 1727,
629 860 729 894 pontif.
753 869 824 887 auno
846 867 881 887 tv.

489 1002 559 1035 CCI.

161 1081 403 1123 Confirmanlur
446 1082 624 1124 prita'leyia
666 1082 900 1114 monaclzorwn„

204 1134 338 1168 Ordinis
361 1135 467 1166 sancti
486 1134 652 1166 Benedicti
669 1135 898 1177 Conqreyatio-

204 1188 255 1219 nis
279 1187 316 1219 de
343 1186 553 1220 observantie
586 1188 621 1219 ιή
646 1188 755 1230 rcym‘s
780 1187 899 1230 Hispa-

203 1240 335 1272 niarum
353 1239 372 1272 ¹.

335 1319 516 1347 Benedictus
536 1321 617 1353 Papa
637 1321 722 1353 xm,

300 1365 336 1391 ad
356 1365 490 1391 futuram
510 1365 554 1392 rei
575 1365 757 1392 memoriam.

206 1438 252 1470 Ad
277 1437 440 1480 pastorale
474 1436 633 1478 fastigium
668 1436 791 1469 meritis
825 1436 900 1468 licet

161 1490 339 1534 imparibus
377 1490 483 1522 divina
524 1489 737 1532 dispositione
774 1489 896 1527 evecti,

161 1554 219 1583 ea,
249 1553 331 1586 quae
372 1543 411 1575 de
452 1542 670 1574 Romanorum
709 1542 898 1574 Pontificum

161 1596 448 1639 praedecessorum
474 1601 657 1628 nostrorum
684 1601 714 1627 et
740 1595 900 1638 Apostoli<

161 1660 216 1682 cae
242 1648 333 1682 Sedis
366 1648 565 1691 benignitate
601 1648 630 1679 in
663 1648 804 1680 savorem
830 1659 899 1681 mo-

161 1701 355 1734 nasticarum
382 1701 672 1743 congregationum
699 1701 729 1733 in
756 1701 899 1733 Ecclesia

161 1754 216 1788 Dei
242 1755 293 1798 pie
319 1760 499 1797 sancteque
525 1759 704 1786 erectarum
725 1759 756 1786 et
773 1754 900 1786 institu-

162 1813 263 1840 tarum
298 1818 332 1839 ac
368 1817 581 1849 personarum
609 1807 638 1838 in
666 1807 710 1839 eis
736 1806 898 1839 Altissiino

161 1860 280 1902 iugiter
306 1860 529 1893 famulantium
554 1865 795 1903 processerunt,
824 1871 900 1903 apo-

163 1912 266 1945 stolici
287 1913 472 1945 muniminis
495 1914 592 1945 nostri
617 1914 806 1956 patrocinio,
826 1925 898 1946 cum

165 1964 194 1996 id
220 1975 235 1996 a
261 1965 353 1997 nobis
392 1965 533 2007 petitur,
560 1966 701 1998 libenter
737 1966 900 1999 constabi-

165 2016 272 2049 limus

209 2068 278 2112 §AE
315 2068 436 2111 Exponi
473 2069 632 2112 siquidem
669 2071 762 2104 nobis
799 2083 902 2114 nuper

167 2121 310 2154 iecerunt
347 2121 453 2154 dilecti
490 2122 545 2155 filii
581 2124 742 2165 generalis
782 2123 902 2168 aliique

166 2174 297 2206 abbates
322 2179 353 2206 et
382 2175 531 2207 monaehi
567 2175 831 2219 Congregationis
863 2177 901 2210 dc

165 2226 374 2260 Observantia
399 2228 575 2270 nuncupati
602 2228 633 2260 in
660 2229 768 2271 regnis
793 2230 902 2272 Hispa-

165 2279 289 2312 niarum
315 2279 443 2312 Ordinis
480 2280 577 2312 sancti
604 2281 790 2321 Benedicti,
817 2283 901 2325 quod

164 2332 285 2364 dudum
309 2332 409 2364 felicis
428 2333 663 2366 recordationis
681 2333 828 2367 Clemens
848 2334 902 2367 Pa-

163 2396 202 2428 pa
226 2385 289 2417 &⁷111
317 2385 550 2427 praedecessor
587 2391 695 2418 noster
728 2387 835 2419 omnia
872 2393 903 2420 et

163 2439 291 2481 singula
315 2438 494 2481 privilegia,
521 2438 726 2479 donationes,
754 2440 903 2473 immuni-

198 2519 208 2543 1
239 2517 276 2543 De
306 2516 454 2552 privilegiis
484 2516 571 2544 dictae
600 2517 822 2552 congregationis
843 2518 903 2545 vide

160 2561 307 2588 Clementis
323 2561 380 2588 thl
396 2561 502 2588 constit.
519 2561 584 2588 edit.
600 2568 710 2596 nexem,
723 2562 766 2590 die
780 2562 900 2597 manerii,

159 2605 255 2642 pontis.
276 2611 305 2640 ιι,
328 2613 397 2641 quae
418 2605 461 2631 liic
480 2605 617 2633 laudatur.

948 325 1013 365 tias,
1040 326 1158 368 gratias
1176 331 1207 359 et
1225 326 1349 359 indulta
1375 325 1479 359 eidem
1501 325 1684 368 Congrege-

947 378 1024 411 tioni
1047 378 1183 421 eiusque
1198 379 1341 421 generali
1362 384 1391 411 et
1409 379 1479 412 aliis
1499 378 1682 418 abbatibus,

946 429 1193 478 definitoribus,
1219 431 1440 464 visitatoribus
1455 459 1462 471 ,
1491 432 1658 475 prioribus
1674 459 1681 472 ‚

946 483 1130 524 monachis,
1157 484 1375 524 monialibus,
1406 484 1586 528 ceterisque
1612 496 1685 528 per-

945 536 1044 575 sonis,
1070 547 1196 569 necnon
1221 538 1357 580 singulis
1383 538 1534 577 ecclesiis,
1560 549 1685 571 monas-

946 589 1045 627 teriis,
1073 589 1280 631 prioratibus,
1307 590 1470 629 domibus,
1497 590 1684 623 universita-

945 641 1030 674 tibus
1047 667 1054 680 ,
1082 642 1229 683 collegiis
1255 647 1284 674 et
1310 644 1387 675 locis
1414 643 1518 675 dictae
1544 643 1684 685 Congre-

945 693 1084 736 gationis
1102 705 1160 737 per
1186 694 1314 737 quosvis
1332 696 1493 728 Romanos
1511 695 1683 728 Pontifices

944 746 1210 789 praedecessores
1247 758 1322 780 suos
1349 753 1379 780 et
1404 748 1518 780 Sedent
1557 748 1685 790 praedi-

944 805 1024 832 ctam
1051 810 1227 839 concessa,
1253 801 1508 840 communicata,
1536 806 1684 839 extensa,

944 852 1146 892 confirmata,
1171 853 1352 896 approbata
1377 859 1408 886 et
1432 854 1603 892 innovata,
1630 864 1685 885 au-

944 904 1091 938 ctoritate
1125 906 1305 948 apostolica
1336 911 1496 949 perpetuo
1529 906 1684 949 approba-

943 958 986 990 vit
1018 964 1049 991 et
1080 958 1307 999 confirmavit,
1336 965 1367 991 et
1404 959 1504 999 alias,
1530 965 1627 1002 prout
1652 959 1684 992 in

943 1011 1043 1054 ipsius
1069 1011 1244 1044 Clementis
1277 1012 1537 1054 praedecessoris
1570 1012 1685 1044 litteris

943 1064 975 1096 in
1006 1064 1102 1096 simili
1141 1064 1240 1096 forma
1277 1065 1384 1096 Brevis
1422 1064 1473 1096 die
1506 1074 1578 1097 xxiv
1611 1064 1683 1096 maii

942 1127 1061 1151 Muxciv
1088 1117 1229 1160 desuper
1247 1117 1418 1160 expeditis,
1438 1128 1576 1160 (piarum
1596 1123 1686 1150 teno-

944 1182 1010 1203 rein
1036 1170 1266 1213 praesentibus
1285 1181 1342 1212 pro
1360 1171 1459 1213 plene
1478 1175 1508 1203 ct
1526 1170 1687 1203 sufficien-

945 1230 991 1257 ter
1017 1234 1172 1267 expresso
1206 1234 1241 1255 ac
1274 1224 1312 1255 de
1348 1223 1445 1256 verbo
1480 1223 1517 1255 ad
1552 1224 1685 1256 verbum

943 1278 1066 1311 inserto
1093 1277 1208 1310 haberi
1234 1278 1402 1318 volumus,
1428 1276 1558 1320 plenius
1583 1277 1685 1310 conti-

944 1336 1050 1363 netur.

987 1383 1001 1426 ἓ
1025 1383 1055 1415 ⁶2.
1084 1383 1160 1415 Cum
1187 1387 1316 1422 autem⁷
1340 1382 1423 1414 sicut
1448 1382 1560 1415 eadem
1587 1393 1685 1426 expo-

943 1490 1024 1523 liora
1045 1490 1107 1523 sint
1142 1501 1198 1529 ea,
1227 1489 1344 1533 quibus
1366 1488 1494 1532 saepius
1522 1489 1686 1532 Apostoli-

943 1554 997 1575 cae
1018 1543 1108 1576 Sedis
1134 1542 1321 1585 praedictae
1347 1542 1471 1575 accedit
1495 1543 1683 1583 auctoritas,

943 1596 1138 1639 cupiantque
1174 1601 1346 1638 propterea
1386 1595 1483 1628 iidem
1523 1596 1684 1637 generalis

943 1649 1063 1692 aliique
1104 1648 1235 1681 abbates
1273 1654 1304 1681 et
1339 1648 1487 1680 monachi
1525 1649 1685 1691 praefatas

943 1701 1118 1735 Clementis
1153 1701 1417 1744 praedecessoris
1449 1701 1575 1733 litteras
1609 1712 1684 1744 apo-

943 1754 1077 1787 stolicae
1095 1754 1345 1787 confirmationis
1371 1759 1499 1787 nostrae
1521 1754 1684 1796 praesidio

945 1807 1118 1840 roborari:
1146 1818 1223 1846 nos,
1250 1807 1393 1850 ipsorum
1420 1807 1581 1849 generalis
1607 1808 1684 1840 alio-

945 1871 1080 1903 rumque
1107 1860 1258 1892 abbatum
1281 1865 1312 1892 et
1331 1860 1564 1892 monachorum
1591 1861 1684 1900 votis,

945 1918 1101 1956 quantum
1127 1923 1197 1944 cuin
1225 1912 1359 1945 Domino
1387 1922 1571 1954 possumus,
1601 1913 1685 1945 savo-

946 1966 1093 1998 rabilitcr
1129 1976 1297 2005 annuere,
1326 1976 1449 2008 cosque
1486 1966 1682 2008 specialibus

947 2019 1108 2052 favoribus
1138 2024 1167 2051 et
1202 2019 1312 2061 gratiis
1337 2018 1494 2062 prosequi
1519 2020 1684 2060 volentes,

946 2078 976 2104 et
1001 2083 1111 2105 eorum
1138 2071 1319 2115 singulares
1345 2082 1502 2114 personas
1520 2083 1536 2104 a
1557 2072 1685 2115 quibus-

946 2124 990 2157 vis
1016 2124 1378 2164 excommunicationis,
1404 2124 1628 2167 suspensionIs
1654 2131 1685 2158 et

946 2177 1119 2217 interdicti,
1146 2177 1284 2220 aliisque
1311 2176 1536 2210 ecclesiasticis
1553 2182 1685 2211 senten-

948 2230 1008 2269 tiis,
1035 2230 1178 2263 censuris
1209 2235 1240 2262 et
1265 2230 1403 2272 poenis,
1431 2241 1448 2262 a
1472 2230 1541 2263 iurc
1568 2232 1618 2264 vel
1644 2231 1683 2264 ab

948 2283 1092 2323 homine,
1109 2283 1219 2326 quavis
1234 2283 1403 2316 occasione
1418 2284 1465 2316 vel
1485 2285 1579 2316 causa
1601 2284 1682 2325 latis,

946 2336 970 2367 si
997 2336 1115 2378 quibus
1152 2335 1398 2378 quomodolibet
1433 2336 1577 2369 innodati
1616 2337 1682 2370 exi-

946 2393 1048 2428 stunt,
1073 2388 1111 2420 ad
1138 2387 1287 2420 effectum
1315 2389 1535 2431 praesentium
1559 2390 1684 2423 dumta-

947 2447 997 2473 xat
1022 2440 1301 2482 consequendum,
1329 2441 1442 2473 harum
1468 2442 1553 2475 serie
1578 2442 1684 2477 absol-

945 2498 1058 2525 ventes
1084 2499 1116 2525 et
1139 2493 1305 2526 absolutos
1322 2493 1389 2526 sore
1411 2500 1590 2535 censentes,
1612 2506 1684 2539 sup-

945 2545 1172 2588 plicationibus
1191 2556 1300 2578 eorum
1327 2546 1456 2579 nomine
1474 2548 1568 2579 nobis
1585 2558 1684 2591 super

946 2599 1008 2631 hoe
1034 2598 1201 2632 humiliter
1225 2598 1385 2642 porrectis
1416 2599 1586 2641 inclinati,
1612 2601 1683 2635 Cle-

1578 213 1642 246 607
1689 222 1740 248 An.
1764 221 1878 248 ‹21727

1743 1392 1855 1413 Confirmat
1861 1393 1879 1413 io

1696 1419 1865 1444 'praedictarum

943 1437 1016 1470 sitio
1043 1436 1271 1480 subiungebat,
1299 1435 1441 1469 firmiora
1466 1441 1563 1479 atque
1589 1437 1808 1492 εῑῑὼί-ιᾳὲῗὲιαῖηιη
1824 1447 1879 1466 uus.
