2170 3147
253 214 289 238 An
319 212 347 238 c.
372 212 438 238 1725
485 203 549 236 3028

447 260 525 304 ipsis
559 258 790 304 praesentibus
823 258 847 290 si
885 257 991 290 forent
1027 256 1193 290 exhibitae

448 315 498 347 vel
525 319 688 346 ostensae.

491 366 606 398 Datum
632 365 764 403 Romae,
790 363 877 406 apud
903 363 933 396 S.
955 363 1106 404 Petrum,
1133 362 1194 395 sub

448 419 569 451 annulo
618 417 791 450 piscatoris
812 443 818 457 ,
860 416 912 449 die
943 426 995 449 xtx
1039 414 1193 448 februarii

447 480 625 510 mcccxxvi,
646 469 855 513 pontificatus
886 468 990 502 nostri
1008 478 1093 501 anno
1112 478 1148 501 11.

486 532 544 559 Dat.
566 532 609 558 die
632 531 662 559 19
683 530 814 558 februarii
837 530 922 563 1726,
944 530 1040 566 pontif.
1062 538 1132 557 anno
1153 536 1181 557 11.

776 673 862 707 CXV.

454 766 700 808 I'onfirmamur
736 768 764 796 e!
799 762 1009 805 ampliantur
1034 760 1196 804 quaedam

494 818 674 862 pri'vileyia
710 816 940 849 canonicorum
977 813 1198 857 metropolita-

497 881 557 903 nae
582 869 736 902 Lucensis
761 868 870 912 quoad
894 868 1042 910 insiqnia
1068 865 1088 898 ¹.

630 948 814 976 Benedictus
836 947 1016 981 episcopus,

644 1001 752 1021 servus
773 999 928 1019 servorum
948 990 1010 1022 Dei,

554 1041 589 1066 ad
620 1041 801 1072 perpetuam
829 1036 876 1064 rei
906 1035 1093 1063 memoriam.

285 1121 405 1141 Exordium.

498 1111 663 1145 Romanus
691 1109 858 1149 Pontifex,
884 1108 916 1141 in
941 1117 1094 1151 supremo
1120 1116 1198 1150 apo-

454 1165 590 1199 stolicae
627 1163 797 1207 potestatis
835 1163 977 1201 throno,
1002 1161 1198 1204 disponente

453 1218 602 1258 Domino,
628 1226 725 1260 super
744 1215 911 1248 universas
932 1214 1022 1248 orbis
1043 1212 1198 1247 ecclesias

454 1271 670 1310 constitutus,
707 1269 745 1301 ad
782 1269 854 1301 illas
891 1267 1085 1311 praesertim
1122 1277 1198 1299 suae

454 1324 638 1358 indefessae
675 1322 793 1355 mentis
830 1321 931 1354 aciem
957 1320 1138 1360 convertit,
1164 1324 1199 1351 ut

455 1378 581 1411 divinus
608 1377 714 1410 cultus
750 1375 782 1407 in
820 1375 889 1415 eis,
916 1380 951 1407 ut
984 1384 1041 1417 par
1071 1379 1139 1413 est,
1165 1372 1198 1404 in

456 1495 595 1528 rumque
631 1483 774 1526 ipsarum
807 1481 958 1514 maiestas
993 1480 1096 1522 magis
1132 1480 1200 1512 elu-

456 1543 585 1577 cescat,
611 1535 770 1578 singulari
796 1545 874 1568 suae
900 1532 1112 1576 benignitatis
1139 1534 1201 1565 cle-

456 1590 589 1632 mentia,
605 1595 761 1634 quantuni
776 1589 837 1622 sibi
859 1599 895 1621 ex
914 1589 979 1620 alto
998 1586 1198 1624 conceditur,

456 1655 616 1689 personas
642 1644 673 1676 in
701 1643 746 1675 eis
773 1642 941 1675 Altissimo
975 1640 1199 1673 famulantium

458 1697 715 1742 speciosiorilnts
743 1695 944 1729 ornamentis
971 1700 1003 1727 et
1035 1694 1199 1727 honorum

458 1752 559 1785 titulis
598 1751 754 1784 decorare
791 1756 888 1793 atque
925 1749 1090 1782 illustrare
1125 1758 1201 1781 con-

458 1805 582 1845 suevit,
610 1804 738 1847 aliaque
764 1803 934 1846 disponit,
962 1807 1079 1845 prout,
1100 1802 1203 1834 eccle-

459 1859 581 1892 siarum
608 1863 640 1891 et
664 1867 883 1900 personarum
910 1855 1095 1888 earumdem
1127 1865 1203 1898 qua-

458 1912 548 1945 litate
574 1913 728 1955 pensata,
749 1909 911 1952 conspicit
936 1909 969 1941 in
995 1908 1132 1942 Domino
1158 1919 1202 1940 sa·

458 1964 598 1998 lubriter
623 1963 790 2007 expedire.

335 2023 447 2043 canonicis

265 2050 379 2076 pra-utfinis
400 2056 449 2069 nzus

264 2072 540 2123 ξῇῑὶζῆῗρὶρξῃῇζᾶἰίὲε
566 2071 737 2104 ecclesiam
763 2071 934 2107 Lucanam,
961 2079 1043 2111 quae
1065 2068 1205 2110 singula-

266 2130 449 2177 {lssssssfflssssss'j'ssfi'fi'g
461 2123 550 2155 ribus
592 2121 747 2164 insignita
786 2119 1022 2164 praerogativis
1062 2124 1093 2152 et
1132 2130 1204 2152 con-

267 2183 341 2202 suerv-
460 2175 580 2219 spicuis
616 2175 817 2209 ornamentis
844 2179 876 2207 et
902 2175 1066 2206 honorum
1103 2172 1204 2206 titulis

462 2230 614 2263 decorata
639 2228 845 2272 praefulget,
873 2227 975 2260 felicis
1005 2226 1204 2259 recordatio-

460 2283 510 2315 nis
532 2283 628 2315 lulius
655 2282 741 2324 Papa
766 2281 803 2314 ΙΙΙ
830 2281 1070 2324 praedeeessor
1094 2284 1206 2312 noster

462 2335 683 2377 (extendendo
709 2340 740 2367 et
765 2333 952 2377 ampliando
978 2332 1103 2366 litteras
1129 2342 1206 2375 apo-

461 2388 594 2422 stolicas
618 2387 705 2420 Lucii
731 2387 786 2428 IlI,
814 2386 992 2421 Alexandri
1025 2386 1122 2420 etiam
1148 2385 1203 2426 ΙΙΙ,

498 2477 508 2503 1
533 2476 590 2502 Alia
609 2476 689 2502 huius
711 2476 848 2503 Pontificis
875 2477 983 2503 constit.
1010 2475 1051 2502 ed.
1072 2482 1206 2509 nnccxxv,

463 2520 507 2546 die
529 2520 591 2546 maii
621 2526 684 2553 viii,
717 2520 812 2555 pontif.
844 2526 869 2553 t,
901 2528 1046 2547 concessus
1074 2519 1124 2546 suit
1144 2527 1208 2546 usus

463 2565 558 2591 mitrae
578 2563 748 2598 aliorumque
773 2563 920 2598 insignium
949 2563 1087 2591 canonicis
1107 2567 1208 2591 metro-

463 2608 601 2644 politanae
621 2606 774 2644 Capuanae.

1027 208 1160 233 BULLlilll
1166 208 1206 232 ΕΜ
1231 207 1387 231 ROMANUM

505 2019 519 2061 ἓ
545 2018 575 2050 ’1.
607 2017 684 2051 Cum
720 2016 850 2059 itaque,
877 2016 962 2048 sicut
997 2014 1200 2058 accepimus,
1224 2038 1226 2061 ι

1979 205 2033 231 An.
2050 206 2079 230 c.
2105 205 2170 233 ¹:20

1237 266 1274 288 ac
1299 254 1426 287 Martini
1464 254 1485 286 V
1525 253 1746 288 Romanorum
1784 252 1978 287 Pontificum

1237 308 1531 352 praedecessorum
1557 313 1764 347 nostrorum,
1791 307 1824 340 in
1861 307 1978 350 quibus

1215 361 1510 405 3p1·aedecess0res
1546 360 1757 401 huiusmodi,
1783 361 1871 404 quod
1904 364 1979 394 tunc

1238 414 1413 447 existentes
1446 414 1621 457 capitulum
1648 419 1681 446 et
1705 413 1853 446 canonici
1891 423 1979 456 prac-

1238 468 1320 500 fatae
1346 467 1503 500 ecclesiae
1528 467 1687 506 Lucanae,
1708 475 1886 508 eorumque
1912 475 1980 498 suc-

1216 541 1217 544 =
1238 531 1406 561 cessores,
1433 520 1465 552 in
1491 519 1587 552 certis
1614 523 1690 551 tunc
1716 517 1877 561 expressis
1903 518 1977 551 anni

1238 572 1516 612 solemnitatibus,
1541 571 1739 614 pluvialibus
1758 569 1877 611 induti,
1905 571 1978 604 dum

1216 645 1218 656 t
1239 626 1355 660 divinis
1382 625 1593 665 inservirent,
1620 624 1748 657 mitram
1774 624 1879 657 albam
1904 623 1980 657 seri-

1217 693 1218 697 *
1239 690 1329 712 ceam
1342 706 1350 720 ,

1217 754 1219 764 t
1239 738 1425 765 nostrorum
1445 731 1476 764 S.
1497 731 1533 764 R.
1554 730 1588 763 E.
1609 729 1834 769 cardinalium,
1853 734 1979 772 gestare

1388 679 1427 711 ad
1453 678 1554 711 instar
1578 677 1811 711 venerabilium
1845 677 1979 709 fratrum

1240 789 1381 828 possent,
1400 783 1581 827 respective
1602 782 1846 825 concesserant)
1873 792 1982 825 quam-

1240 837 1388 880 pluribus
1415 837 1485 869 aliis
1512 835 1690 879 privilegiis
1709 840 1741 867 et
1758 834 1870 878 gratiis
1889 835 1982 867 deco-

1241 890 1376 930 raverit,
1394 895 1426 923 et
1443 889 1529 922 inter
1553 889 1616 922 alia
1641 888 1764 921 eisdem
1782 887 1924 931 capitulo
1950 892 1982 920 et

1219 976 1220 981 ,
1241 943 1403 976 canonicis
1418 970 1425 983 ,
1451 942 1537 985 quod
1563 941 1626 985 ipsi
1651 938 1847 984 capitulum⁴
1870 939 1980 982 (etiam

1241 996 1273 1028 in
1310 995 1475 1029 Paschatis
1509 994 1767 1028 Resurrectionis
1799 992 1981 1026 dominicae

1241 1060 1278 1083 ac
1318 1049 1530 1082 Pentecostes
1570 1053 1602 1082 et
1639 1046 1818 1080 Nativitatis
1857 1044 1981 1078 domini

1241 1104 1344 1137 nostri
1369 1103 1439 1137 Iesu
1465 1102 1599 1144 Christi,
1617 1103 1834 1145 Omniumque
1851 1101 1982 1135 Sancto-

1242 1168 1336 1197 rum,
1363 1168 1398 1190 ac
1433 1157 1569 1199 singulis
1610 1157 1644 1189 B.
1690 1157 1809 1190 Mariae
1841 1155 1982 1199 Virginis
2009 1156 2014 1157 ⁷

1243 1211 1421 1254 respective
1455 1210 1545 1243 festis
1586 1210 1721 1251 diebus,
1763 1221 1818 1243 seu
1853 1210 1983 1254 quoties

1242 1276 1297 1298 eos
1338 1264 1628 1308 processionaliter
1665 1269 1721 1297 aut
1759 1264 1983 1307 capitulariter

1243 1320 1292 1352 vel
1320 1319 1356 1352 ad
1384 1318 1508 1361 aliquas
1537 1318 1692 1351 ecclesias
1720 1318 1856 1352 civitatis
1885 1319 1983 1353 Luca-

1220 1413 1221 1422 *
1243 1384 1303 1406 nae
1329 1373 1360 1404 in
1387 1372 1580 1415 quibusdam
1605 1371 1814 1405 ecclesiarum
1839 1372 1984 1416 ipsarum

455 1431 524 1465 dies
560 1430 716 1473 suscipiat
752 1429 1011 1468 incrementum,
1047 1426 1221 1478 ecclesia-¹

1242 1425 1429 1466 solemniis,
1455 1429 1551 1467 prout
1586 1424 1686 1457 moris
1711 1430 1778 1464 est,
1804 1425 1982 1465 accedere,

1243 1479 1308 1512 sive
1333 1478 1366 1511 in
1392 1478 1477 1511 dicta
1503 1477 1642 1510 ecelesia
1667 1477 1794 1511 Lucana
1815 1478 1896 1511 festa
1931 1479 1987 1512 du-

1243 1531 1340 1576 plicia
1376 1536 1407 1564 et
1443 1536 1627 1563 sanctorum
1668 1541 1842 1574 corporum
1872 1531 1905 1564 in
1931 1532 1987 1566 illa

1244 1584 1434 1628 degentium
1462 1583 1621 1617 solemnia
1645 1594 1705 1627 per
1733 1594 1789 1617 eos
1814 1585 1984 1626 celebrari,

1244 1650 1301 1672 seu
1319 1648 1418 1671 unum
1436 1647 1549 1670 eorum
1568 1647 1625 1679 per
1650 1648 1748 1680 quem
1766 1636 1917 1670 missam?
1934 1638 1986 1671 de-

1244 1691 1364 1725 cantari
1392 1696 1445 1723 aut
1470 1690 1501 1722 in
1528 1690 1750 1723 celebratione
1779 1701 1986 1734 vesperarum

1244 1745 1386 1789 pluviale
1413 1744 1551 1777 induere
1577 1743 1792 1786 contigisset),
1813 1744 1852 1777 ad
1874 1754 1986 1777 eorum

1245 1798 1391 1838 libitum,
1417 1808 1452 1830 ac
1486 1797 1590 1830 modis
1616 1802 1648 1830 et
1673 1797 1785 1830 formis
1811 1808 1869 1841 per
1895 1808 1987 1841 prac-

1246 1853 1328 1885 fatos
1353 1851 1626 1895 praedecessores
1666 1861 1722 1883 seu
1759 1851 1897 1884 alterum
1934 1862 1987 1886 eo-

1246 1916 1315 1938 rum
1341 1904 1523 1944 concessis,
1550 1914 1605 1937 seu
1643 1903 1722 1936 alias
1758 1910 1854 1947 prout
1893 1905 1987 1939 dictis

1224 1992 1225 1996 ,
1246 1960 1390 2003 capitulo
1417 1964 1448 1991 et
1473 1957 1637 1990 canonicis
1655 1958 1832 2001 expediens
1857 1964 1889 1992 et
1913 1969 1989 1992 eon—

1248 2011 1368 2044 decens
1395 2020 1464 2043 esse
1491 2009 1593 2041 visum
1614 2009 1741 2048 fuisset,
1763 2010 1876 2042 eadem
1894 2009 1988 2043 mitra

1248 2064 1293 2096 uti
1319 2064 1423 2096 libere
1450 2067 1481 2096 et
1505 2062 1593 2095 licite
1619 2066 1752 2105 possent
1776 2067 1808 2094 et
1826 2063 1986 2103 valerent,

1225 2126 1226 2129 ’
1247 2116 1427 2162 apostolica
1445 2116 1638 2149 auctoritate
1656 2120 1816 2159 perpetuo
1834 2125 1893 2159 per
1909 2115 1988 2149 alias

1248 2171 1392 2204 eiusdem
1438 2169 1511 2202 Iulii
1559 2169 1820 2212 praedecessoris
1863 2169 1988 2203 litteras

1248 2224 1446 2268 apostolicas
1473 2223 1568 2255 ctiam
1596 2222 1796 2255 concesserit
1825 2227 1858 2255 et
1882 2222 1989 2256 indul-

1248 2278 1343 2311 serit:
1361 2288 1395 2310 ac
1414 2277 1511 2316 ali‘as,
1528 2281 1626 2320 prout
1652 2276 1685 2308 in
1711 2276 1846 2319 singulis
1871 2275 1990 2309 litteris

1249 2330 1437 2364 huiusmodi
1464 2330 1606 2373 desuper
1639 2335 1713 2363 tunc
1745 2330 1899 2363 consectis
1924 2330 1991 2374 ple-

1249 2385 1323 2418 nius
1349 2383 1555 2418 continetur:

1293 2438 1307 2481 ξ
1331 2437 1362 2470 ⁶2.
1391 2437 1454 2471 Nos
1472 2464 1480 2478 ,
1508 2436 1562 2480 qui
1600 2435 1810 2469 ecclesiarum
1846 2434 2170 2492 omniumpmffigtsgrntflg

1250 2490 1441 2535 praesertim
1468 2489 1702 2523 cathedralium
1727 2488 1896 2531 privilegia
1916 2515 1923 2528 ,
1950 2489 1989 2521 ad
2001 2481 2060 2514 dulti-

1287 2563 1295 2588 1
1322 2561 1405 2587 Deest
1423 2563 1450 2588 et
1469 2560 1605 2588 canonici
1626 2566 1662 2587 tn.
1678 2560 1727 2592 T.)-

1285 2606 1300 2632 2
1320 2605 1393 2632 Edit.
1413 2604 1493 2632 Main.
1516 2604 1583 2639 legit
1603 2603 1692 2632 missa
1712 2603 1750 2638 (R.
1765 2603 1817 2638 T.).
