2170 3147
227 193 275 219 An.
294 193 324 219 c.
347 191 415 218 ¹725
460 183 525 215 174

423 240 590 281 tionibus,
618 251 768 283 necnon,
801 248 960 286 quatenus
986 254 1066 287 opus
1099 245 1162 286 sit,

421 293 585 335 praefatae
616 295 886 338 metropolitanae
923 296 1077 331 ecclesiae
1110 297 1166 331 Ca-

422 355 569 387 puanae,
601 345 713 380 aliisve
740 348 907 390 quibusvis
924 376 931 389 ,
959 350 1056 382 etiam
1081 350 1166 383 iura-

422 403 541 438 mento,
557 397 805 433 confirmatione
821 402 1009 444 apostolica,
1025 403 1074 435 vel
1092 413 1166 446 qua-

421 449 466 482 vis
493 450 644 485 firmitate
676 453 738 485 alia
763 455 948 496 roboratis,
974 456 1100 489 statutis
1135 461 1166 489 et

421 504 722 545 consuetudinibus,
749 507 926 550 privilegiis
953 518 1095 551 quoque,
1117 508 1166 541 in-

421 556 520 589 dultis
546 562 578 590 et.
603 558 718 592 litteris
751 561 937 603 apostolicis
971 561 1138 604 quibusvis
1155 589 1163 602 ,

420 609 453 641 in
478 620 598 652 genere
619 613 668 645 vel
687 612 718 645 in
737 614 856 656 specie,
876 615 933 647 sub
960 615 1165 658 quibuscum-

420 672 482 705 que
509 665 681 698 verborum
717 667 885 700 tenoribus
912 673 943 701 et
969 668 1101 708 formis,
1127 679 1163 702 ac

419 725 492 748 eum
509 717 677 760 quibusvis
695 719 791 751 etiam
811 720 1089 763 derogatoriarum
1109 722 1163 754 ‹le-

418 770 607 812 rogatoriis,
634 772 769 816 aliisque
789 773 1036 816 efficacioribus,
1058 774 1163 808 effica-

418 821 556 856 cissimis
587 829 618 857 et
646 825 785 859 insolitis
812 827 982 868 clausulis,
1012 828 1162 860 irritanti-

418 875 543 920 busque
572 883 604 911 et
628 878 698 912 aliis
730 880 889 921 decretis,
924 887 955 915 ct
980 882 1059 915 alias
1084 893 1162 925 quo-

417 930 598 965 modolibet
618 932 649 965 in
676 934 875 967 contrarium
903 935 1160 978 praemissoriun

418 985 584 1026 concessis
604 1013 611 1026 ,
638 986 837 1020 confirmatis
864 994 895 1021 et
920 989 1042 1033 pluries
1068 991 1161 1023 iuno-

416 1036 508 1077 vatis,
523 1038 639 1081 quibus
658 1040 811 1073 omnibus
827 1046 858 1074 et
870 1041 1018 1084 singulis,
1035 1042 1160 1075 etiamsi

417 1099 476 1132 pro
513 1101 625 1125 eorum
662 1093 835 1127 sufficienti
870 1095 1086 1137 derogatione
1122 1096 1160 1129 de

416 1141 481 1175 illis
501 1153 681 1188 eorumque
710 1146 784 1179 totis
806 1148 977 1181 tenoribus
1000 1149 1159 1191 specialis,

416 1196 587 1239 specifica,
613 1209 767 1242 expressa
792 1207 824 1233 et
849 1201 1038 1244 individua,
1060 1213 1096 1235 ac
1121 1204 1158 1235 de

415 1249 515 1283 verbo
533 1251 572 1284 ad
591 1253 735 1293 verbum,
752 1264 817 1287 non
837 1260 943 1287 autem
961 1266 1022 1299 per
1035 1256 1160 1289 clausu-

415 1301 460 1334 las
486 1304 665 1345 generales,
688 1316 743 1338 seu
766 1307 897 1350 quaeris
914 1307 974 1340 alia
992 1309 1157 1352 expressio

416 1354 585 1397 habenda,
612 1364 666 1390 aut
690 1359 799 1403 aliqua
825 1360 885 1393 alia
912 1361 1069 1404 exquisita
1096 1362 1159 1395 sor-

415 1409 493 1450 ma',
509 1415 640 1444 tenores
652 1410 663 1428 ‘²
679 1412 880 1454 huiusmodi,
902 1425 938 1447 ac
958 1415 982 1447 si
999 1415 1038 1448 de
1057 1416 1157 1449 verbo

415 1462 453 1495 ad
473 1463 618 1506 verbum,
641 1465 724 1499 nihil
753 1467 884 1510 penitus
906 1468 1025 1502 omisso
1048 1473 1080 1502 et
1097 1469 1158 1502 sor-

414 1517 464 1548 ma
490 1516 522 1550 in
548 1517 609 1551 illis
636 1519 752 1552 tradita
786 1522 969 1563 observata,
998 1523 1157 1567 exprime-

414 1574 528 1602 rentur
546 1576 578 1603 et
595 1572 830 1613 insererentur,
850 1576 1078 1618 praesentibus
1098 1587 1156 1620 pro

414 1622 510 1665 plene
536 1630 566 1657 et
590 1626 790 1660 sufficienter
815 1629 978 1672 expressis
1004 1636 1035 1662 et
1060 1630 1157 1663 inser-

415 1675 455 1708 tis
482 1677 662 1720 habentes,
687 1680 751 1713 illis
787 1681 866 1714 alias
901 1682 931 1714 in
957 1693 1013 1716 suo
1038 1684 1156 1717 robore
1178 1688 1180 1702 *

414 1733 646 1773 permansuris,
669 1733 706 1767 ad
724 1735 977 1777 praemissorum
996 1736 1155 1778 eflectum,

414 1783 476 1817 hac
487 1784 554 1818 vice
569 1786 742 1827 dumtaxat,
755 1789 943 1831 specialiter
957 1795 987 1822 et
1003 1801 1155 1834 expresse

413 1837 616 1880 derogamus,
634 1849 669 1872 ac
687 1840 879 1884 derogatum
900 1853 971 1876 esse
990 1845 1154 1886 volumus,

413 1890 595 1936 ceterisque
621 1894 793 1928 contrariis
819 1895 1094 1941 quibuscumque.

458 1944 570 1978 Datum
597 1945 730 1987 Romae,
756 1948 840 1991 apud
867 1948 897 1981 S.
927 1949 1070 1991 Petrum,
1097 1952 1155 1984 suh

414 1999 534 2031 annulo
551 1998 735 2040 piscatoris,
757 2000 808 2034 die
827 2012 882 2035 v1u
902 2002 976 2035 maii
994 2013 1155 2046 MDCCXXV,

413 2050 620 2093 pontificatus
647 2053 749 2086 nostri
775 2065 860 2089 anno
881 2066 902 2089 1.

450 2113 506 2141 Dat.
529 2115 572 2142 die
592 2115 607 2142 8
629 2115 691 2142 maii
714 2116 792 2150 1725,
810 2118 904 2153 pontif.
926 2127 995 2147 anno
1016 2126 1033 2147 1.

727 2249 842 2282 LXVII.
869 2241 872 2243 ’

412 2325 658 2361 Praescribitur
676 2327 865 2362 ordinariis
889 2329 1011 2363 Italiae
1028 2331 1153 2364 insula-

457 2391 595 2424 rumque
608 2381 831 2415 odiaeentium
848 2387 884 2415 ut
900 2383 1152 2417 seminariorum

456 2435 645 2468 erectionem
678 2441 887 2479 promoveant
902 2464 908 2476 ,
948 2437 1050 2481 (leque
1081 2448 1154 2470 con—

455 2488 549 2530 9ruis
566 2487 749 2522 redditibus
763 2490 969 2533 provideant,
989 2502 1061 2523 cum.
1078 2501 1153 2524 uon·

451 2559 460 2584 1
483 2557 583 2586 Desunt
603 2559 685 2586 verba
703 2561 846 2586 servanda
866 2562 942 2594 soret
961 2564 1001 2593 (n.
1018 2562 1066 2596 τ.).

446 2601 462 2628 2
481 2601 548 2630 Mate
564 2603 628 2631 edit,
645 2603 725 2631 Main.
743 2604 806 2639 legit
827 2608 923 2633 tenore
937 2610 976 2640 (a.
994 2606 1042 2639 τ.),

1003 196 1184 220 numanum
1209 197 1364 223 ROMANUM

1251 247 1357 281 nullis
1372 248 1634 284 ordinationibus
1652 255 1679 284 et
1696 251 1851 285 erectione
1869 253 1948 288 Con·

1250 302 1453 345 9re9ati0nis
1476 314 1573 348 super
1597 305 1656 338 hac
1680 304 1749 339 re¹.

1385 374 1568 402 Benedictus
1589 375 1770 410 episeopus,

1386 421 1494 441 servus
1515 423 1670 442 servorum
1690 417 1753 448 Dei,

1321 453 1357 479 ad
1373 458 1554 487 perpetuam
1579 456 1624 483 rei
1644 457 1830 484 memoriam.

1253 514 1400 549 Creditae
1421 517 1516 550 nobis
1541 518 1675 551 caelitus
1693 518 1947 562 dispensationis

1209 568 1350 602 officium
1365 569 1537 603 salubriter
1554 571 1681 614 exequi,
1701 572 1871 606 adiuvante
1888 573 1949 607 Do-

1208 621 1304 662 mino,
1326 627 1519 666 satagentes,
1541 624 1580 657 ad
1607 634 1643 657 ea
1669 630 1812 658 mentem
1841 636 1949 660 curas-

1207 685 1270 717 que
1296 681 1422 709 nostras
1447 677 1680 718 convertimus
1705 689 1763 722 per
1787 690 1870 723 quae
1896 691 1949 713 se-

1207 727 1301 761 dulae
1326 729 1516 763 clericorum
1542 730 1738 764 institutioni
1764 738 1949 776 opportune

1206 781 1415 824 prospicitur.
1435 783 1494 816 Ubi
1513 784 1597 817 enini
1615 784 1662 818 illi
1676 796 1693 818 a
1707 786 1828 819 teneris
1845 786 1947 827 annis,

1206 845 1264 867 ceu
1294 835 1423 877 plantae
1453 838 1624 878 novellae,
1655 838 1843 881 benigniori
1872 842 1949 873 cura

1206 887 1405 929 educentur,
1433 889 1678 935 litterarumque
1705 891 1893 926 scientiam¹
1915 893 1947 926 in

1206 941 1389 975 seminariis
1420 950 1569 977 accurate
1605 945 1844 987 informentur,
1877 957 1948 979 cum

1206 1000 1319 1037 postea
1352 996 1390 1028 ad
1417 996 1579 1031 laboriosa
1612 999 1830 1032 ecclesiastica
1854 1000 1949 1033 mini-

1205 1049 1304 1082 steria
1325 1049 1356 1082 in
1376 1050 1460 1083 viam
1487 1051 1681 1085 dominicam
1707 1051 1948 1096 transplantan-

1207 1107 1264 1142 ων,
1286 1104 1493 1138 ecclesiarum
1512 1105 1664 1148 regimini
1682 1107 1947 1150 populorumque

1204 1156 1300 1189 saluti
1326 1157 1461 1191 maxime
1488 1158 1673 1192 fructuosos
1699 1171 1735 1192 ae
1758 1160 1855 1193 utiles
1876 1171 1947 1194 esse

1205 1208 1357 1242 diuturna
1374 1211 1586 1253 plurimorum
1603 1222 1763 1246 annorum
1782 1212 1948 1256 experien-

1205 1262 1247 1294 tia
1272 1263 1348 1295 satis
1373 1270 1574 1307 compertum
1602 1265 1771 1300 habemus.

1247 1317 1261 1359 g
1289 1316 1319 1348 1.
1348 1317 1423 1350 Cum
1449 1317 1558 1362 itaque
1595 1320 1760 1353 seminarii
1795 1321 1945 1355 ecelesia-

1203 1369 1273 1402 stici
1293 1371 1426 1412 erectio,
1445 1382 1462 1405 a
1480 1374 1570 1405 sacra
1594 1372 1782 1407 Tridentinzi
1802 1373 1943 1418 Synodo,

1202 1434 1274 1467 cap.
1300 1434 1391 1465 xv1n,
1420 1435 1500 1458 sess,
1529 1436 1606 1459 xxm
1631 1426 1678 1459 De
1700 1427 1944 1470 reformatione,

1202 1476 1366 1521 episeopis
1392 1477 1542 1511 omnibus
1580 1484 1747 1523 tantopere
1783 1490 1946 1515 commen-

1202 1531 1296 1571 data,
1327 1536 1359 1564 et
1390 1532 1429 1564 ad
1462 1533 1716 1567 ecclesiasticam
1741 1533 1944 1578 disciplinam

1201 1585 1456 1618 conservandam
1483 1586 1565 1619 adeo
1590 1587 1793 1628 necessaria,
1819 1587 1852 1620 in
1876 1588 1945 1632 plu-

1201 1637 1289 1669 ribus
1316 1637 1563 1672 cathedralibus
1590 1639 1757 1680 eeclesiis,
1783 1640 1941 1683 quemad-

1201 1691 1332 1725 modum
1370 1703 1435 1725 non
1476 1693 1546 1726 sine
1582 1693 1670 1737 gravi
1708 1694 1805 1728 animi
1841 1694 1942 1728 nostri

1200 1755 1352 1778 moerore
1377 1746 1574 1790 accepimus,
1598 1747 1769 1791 hucusque
1793 1749 1944 1791 neglecta

1200 1797 1308 1831 suerit:
1332 1810 1402 1839 nos,
1420 1810 1478 1842 pro
1504 1801 1654 1843 pastorali
1681 1800 1865 1844 vigilantiae
1889 1811 1944 1836 110-

1200 1857 1286 1885 strae
1313 1852 1424 1886 debito
1450 1853 1539 1896 pium
1558 1854 1621 1887 hoc
1639 1860 1671 1887 et
1690 1860 1836 1888 sanetum
1860 1865 1942 1899 opus

1199 1910 1331 1939 strenue
1349 1917 1541 1950 promovere
1565 1907 1746 1950 cupientes,
1766 1914 1856 1942 motu
1872 1919 1943 1953 pro-

1198 1959 1284 2001 prio,
1312 1970 1347 1992 ex
1374 1962 1464 1993 certa
1489 1961 1625 1994 scientia
1651 1972 1687 1994 ae
1712 1964 1838 1995 matura
1863 1962 1942 1998 deli-

1198 2012 1387 2054 beratione,
1416 2014 1522 2057 deque
1547 2015 1746 2058 apostolicae
1770 2015 1940 2059 potestatis

1198 2066 1426 2109 plenitudine,
1460 2067 1618 2100 universis
1644 2073 1676 2101 et
1699 2068 1835 2111 singulis
1859 2069 1942 2102 loco-

1198 2129 1268 2151 rum
1293 2118 1472 2153 Ordinariis
1497 2119 1618 2161 ltaliae,
1638 2121 1881 2166 insularumque
1907 2133 1940 2156 a·

1199 2172 1409 2213 diacentium,
1430 2174 1492 2206 hac
1508 2177 1618 2207 nostra
1632 2181 1792 2218 perpetuo
1805 2175 1940 2209 vatitura

1198 2226 1434 2259 constitutione
1453 2227 1598 2260 districte
1619 2228 1827 2272 iniungimus,
1846 2239 1940 2272 prae-

1197 2279 1334 2323 cipimus
1357 2285 1388 2312 et
1412 2280 1612 2321 mandamus,
1632 2286 1666 2314 ut
1690 2281 1721 2314 in
1748 2282 1940 2316 cathedrali-

1233 2386 1242 2411 1
1267 2385 1304 2412 De
1323 2386 1462 2413 erectione
1477 2390 1503 2413 et
1518 2386 1625 2414 statutis
1644 2386 1855 2415 seminariorum
1875 2388 1937 2415 mis-

1195 2429 1301 2456 sionum
1331 2439 1378 2466 pro
1402 2431 1532 2458 fratribus
1560 2431 1707 2458 Minoribus
1727 2433 1761 2459 de
1781 2431 1936 2460 Observan-

1196 2473 1247 2508 tia,
1266 2474 1325 2500 vide
1347 2474 1495 2501 lnnocentii
1517 2475 1547 2501 xt
1569 2479 1656 2502 const.
1676 2475 1740 2502 edit.
1762 2482 1914 2504 MDCLxxxw
1928 2499 1934 2510 ,

1194 2518 1237 2544 die
1252 2518 1286 2544 28
1301 2518 1377 2552 iunii,
1394 2520 1488 2554 pontif.
1508 2528 1535 2553 x,
1553 2524 1579 2546 et
1594 2520 1677 2546 huius
1693 2520 1829 2548 Pontificis
1847 2526 1933 2549 const.

1194 2561 1258 2588 edit.
1280 2569 1432 2597 unccxxvn,
1454 2564 1497 2590 die
1518 2564 1533 2591 3
1553 2564 1656 2599 aprili'S,
1680 2565 1776 2599 pontif.
1797 2572 1826 2592 11.

1232 2608 1239 2633 t
1263 2606 1359 2641 Aptius
1380 2608 1437 2642 lege
1457 2608 1577 2637 sciencia
1596 2609 1636 2643 (n.
1655 2608 1702 2643 r).

1955 205 2005 234 An.
2021 206 2050 234 C.
2070 209 2136 239 ¹725

1985 532 2125 555 Prooemium.

1983 1329 2065 1359 Causae
2081 1335 2139 1356 prae-

1955 1360 2021 1386 sentis
2039 1360 2139 1378 consutu-

1957 1385 2028 1404 tionis.
