2170 3147
24 204 73 231 Αη.
95 202 121 227 C.
142 200 208 227 1724

61 1104 74 1124 Α
99 1104 169 1124 Leone
185 1103 201 1124 X

20 1136 71 1150 οοιυι
75 1136 142 1150 essum
158 1130 202 1153 sumt

20 1159 43 1177 ut
58 1157 102 1177 eius
118 1157 151 1176 dm
141 1163 162 1176 es
173 1157 202 1177 se-

21 1185 64 1203 ntus
79 1183 202 1204 eutetnare-

21 1212 62 1231 tur.

794 197 988 222 EENEDICTUS
1013 197 1070 222 xm
1094 197 1144 221 ΡΡ.

216 248 326 282 morbo
345 252 517 285 contracto,
530 247 685 279 Yillacum
701 245 884 278 Pannoniae
903 245 947 277 in-

215 301 340 335 ferioris
365 300 519 343 oppidum
545 300 576 332 in
600 310 676 341 agro
702 298 869 331 Sirmiensi
896 299 948 330 de-

214 355 327 394 fertur,
356 353 408 385 ubi
434 365 450 386 a
477 353 623 385 Latiislao
649 362 723 393 rege
750 351 885 394 aliisque
909 351 947 382 vi-

213 408 256 440 ris
281 405 482 450 principibus
509 405 667 443 visitatur,
686 403 870 445 sanctisque
892 403 947 435 Ee-

213 460 329 494 clesiae
364 458 572 492 sacramentis
615 457 750 490 maxima
787 456 946 499 religione

213 513 389 556 susceptis,
407 518 437 545 et
457 512 577 551 multis,
602 522 684 554 quac
710 515 948 553 superventura

214 570 317 605 erant,
335 564 587 608 praenunciatis,
614 563 774 606 principes
792 562 877 594 viros
893 562 946 594 La-

215 618 352 651 dislaum
384 628 516 660 regem,
552 615 713 648 Matthiam
750 615 944 654 Corvinum,

215 671 371 713 aliosque,
394 671 432 703 ad
459 669 611 702 tuendam
638 667 832 710 religionem
860 667 946 700 cbri-

215 724 349 756 stianam
374 723 528 760 hortatus,
547 721 594 753 vir
614 721 818 764 apostolicus,
838 726 868 753 et
892 731 946 753 vo-

214 777 336 808 luntate
358 780 488 817 martyr,
506 774 558 817 pie
577 774 607 806 in
630 774 765 806 Domino
791 773 872 806 obiit
892 784 946 805 an-

213 838 255 860 no
280 826 398 860 Salutis
419 837 568 867 MCDXLVI,
595 837 612 859 x
638 825 790 859 kalendas
815 836 946 859 novom-

214 882 298 914 bres.
332 881 486 914 Defuncto
523 880 688 912 triduanae
726 879 881 922 exequiae
915 879 944 911 in

215 934 388 974 Pannonia,
403 933 570 966 Germania
584 938 678 975 atque
693 931 780 964 ltalia
796 931 945 964 universa

214 986 449 1029 persolvuntur.
478 986 548 1018 Post
567 985 690 1017 obitum
717 995 818 1026 aeque
853 995 888 1016 ac
914 984 944 1016 in

212 1039 275 1072 rita
292 1039 400 1072 multis
418 1038 606 1081 magnisque
632 1037 797 1070 miraculis
817 1037 942 1070 claruit.

257 1093 271 1136 ἓ
297 1092 327 1125 5
356 1092 414 1125 Pro
440 1103 476 1125 eo
510 1092 541 1124 in
571 1097 754 1124 sanctorum
788 1101 944 1123 cntionem

213 1145 448 1179 iffese1end0ad
475 1145 589 1178 Sedem
608 1144 773 1187 Apostoli«
778 1155 827 1176 ιιιιι
853 1144 946 1177 ι111ι1ι-

213 1209 274 1242 que
299 1198 452 1242 sciiptum
475 1209 507 1230 es
495 1204 540 1237 st,
565 1198 604 1230 ab
629 1198 709 1230 Italia
713 1208 738 1229 ie
764 1197 946 1230 civitatibus

213 1252 366 1292 Bononia,
378 1251 517 1292 Patavio‚
529 1250 680 1289 Tarvisio,
695 1250 824 1285 Asculo:
840 1251 946 1283 Fridc-

213 1306 298 1339 rieus
319 1305 355 1338 111
375 1305 535 1347 Augustus
554 1309 585 1336 et
602 1303 774 1336 Casimirus
792 1303 946 1336 Poloniae

212 1369 266 1391 rex
292 1369 309 1391 a
334 1357 389 1390 Pio
414 1357 437 1389 ll
468 1356 569 1389 felicis
603 1356 779 1388 memoriae
804 1362 948 1389 anteces-

213 1421 287 1444 sore
301 1415 412 1443 nostro
427 1410 456 1442 id
476 1410 732 1452 posti.ilaverimt;
748 1409 946 1452 quiquidem

213 1464 299 1504 Pius,
317 1463 421 1496 adhuc
439 1463 552 1495 1Eneas
569 1462 693 1501 Silvius,
713 1462 944 1504 pcrinsiguium

212 1516 338 1550 loannis
364 1516 513 1548 virtutum
540 1516 686 1558 locuples
715 1515 814 1553 testis,
833 1515 945 1548 eodem

212 1568 375 1602 Friderico
401 1568 438 1600 111
465 1572 613 1610 rogante⁷
632 1568 721 1600 illum
742 1578 757 1600 a
775 1567 905 1600 'Nicolao
925 1569 945 1600 V

211 1622 244 1655 in
261 1621 463 1655 Germaniam
486 1622 677 1654 mittendum
703 1621 942 1664 impetraverat.

212 1676 258 1708 ,td
283 1676 365 1708 baec
389 1675 524 1707 Ioannes
543 1680 572 1706 et
596 1674 822 1716 Sigismnmlus
848 1675 945 1707 eomi-

213 1734 259 1762 tes
284 1728 416 1772 palatini
445 1728 482 1760 ad
510 1728 667 1767 Rhenum,
696 1727 857 1770 nuperius
884 1729 943 1761 dux

212 1781 372 1822 Bavariae,
391 1781 540 1813 Albertus
554 1780 699 1813 marchio
719 1781 946 1814 Brandenbur-

211 1834 321 1876 gisus,
354 1833 514 1866 Corradus
551 1834 611 1865 dux
647 1833 805 1872 Silesiae,
832 1833 944 1867 Petrus

210 1888 241 1920 S.
262 1887 297 1919 R
319 1886 352 1919 E
382 1886 509 1919 tituli
491 1909 522 1919 ι.
550 1886 658 1919 Vitatis
683 1887 853 1930 piesb3tei
878 1897 946 1920 ρι’-ιι

211 1939 326 1972 ‹linalis
351 1940 555 1982 Augustanus
581 1946 796 1982 nuncupatus,
824 1940 856 1972 in
875 1940 946 1973 uui-

210 1995 302 2026 veisa
327 1993 497 2026 Geimania
522 1993 723 2035 apostoticam
742 1994 832 2026 Sedis
859 1994 946 2036 terr-a

212 2051 279 2087 tus,
299 2057 442 2088 episcopi
460 2046 639 2085 llisnensis
658 2046 863 2089 Ejstettenis,
882 2047 945 2080 alii

213 2109 284 2142 que,
299 2098 446 2131 Matthias
460 2109 523 2138 rex,
539 2104 568 2132 ct
582 2098 747 2131 Elisabeth
762 2099 945 2134 Pannoniae

211 2152 333 2194 regina,
351 2151 576 2195 plurimaeque
602 2152 730 2184 illarum
747 2153 884 2195 partium
903 2154 946 2186 ci-

213 2204 334 2244 vitates,
360 2204 398 2236 ab
424 2204 607 2246 Apostoliea
630 2204 713 2237 Sede
739 2204 823 2238 idem
846 2216 946 2249 popo-

211 2262 354 2290 scerunt.
391 2256 514 2297 Quare,
540 2261 585 2289 tot
610 2258 770 2300 tantisque
803 2258 860 2290 viri
891 2259 945 2292 Dei

210 2310 395 2354 praeconiis
422 2312 485 2342 una
509 2320 584 2343 voce
609 2311 648 2343 ad
673 2310 704 2344 S.
733 2311 770 2343 P..
790 2311 824 2343 F.
854 2312 946 2345 undi-

211 2374 273 2407 que
306 2363 411 2396 allatis
443 2369 475 2396 et
510 2363 747 2397 confluentibus
780 2372 946 2408 permotus

211 2416 313 2450 sclieis
338 2416 514 2449 memoriae
540 2422 726 2450 antecessor
751 2423 861 2451 noster
883 2419 946 2453 Leo

211 2470 295 2513 Papa
320 2470 354 2510 X,
380 2480 439 2513 per
460 2470 660 2503 Bernardum
678 2470 709 2503 S.
730 2470 766 2503 tt.
787 2471 821 2504 E.
842 2471 947 2505 diaco-

209 2533 285 2556 num
319 2523 516 2556 cardinalem
544 2524 573 2556 S.
600 2523 715 2556 Mariae
752 2525 782 2557 in
817 2524 945 2558 Porticu

210 2576 376 2610 Bibienam
410 2582 651 2620 nuncupatum,
678 2578 835 2612 concessit
861 2589 945 2613 anno

295 2638 374 2667 Bau.
396 2639 478 2667 Rom.
502 2655 534 2660 —
560 2640 617 2670 l'ol.
640 2641 727 2670 XXII
859 2643 876 2670 5

990 245 1106 278 Salutis
1128 256 1212 279 moxv
1230 250 1265 277 ut
1282 246 1410 279 Ioannis
1430 245 1500 289 piae
1523 245 1728 277 dormitionis

990 298 1058 330 dies
1083 299 1179 331 festus
1197 298 1363 341 perpetuis
1383 298 1497 330 suturis
1523 297 1725 340 temporibus

989 361 1006 383 a
1024 352 1111 384 clero
1131 351 1288 383 saeculari
1309 357 1339 383 et
1364 351 1506 393 regulari
1533 350 1618 394 apud
1636 350 1727 393 Capi-

990 409 1036 436 str
1039 413 1175 436 arienses
1201 404 1375 446 quotannis
1401 404 1599 437 ιᾘοΙθῐιιῡῑιιι.

1033 458 1048 499 ξ
1065 456 1096 488 b.
1115 457 1324 490 Postmodum
1345 457 1427 489 alius
1450 457 1601 490 decessor
1617 463 1727 489 noster

991 476 1092 541 lclieis
1118 518 1248 552 quoque
1274 509 1448 542 memoriae
1474 509 1647 552 Gregorius
1674 510 1727 542 Pa-

990 574 1022 606 p
1013 573 1074 605 xpi
1092 562 1141 594 XV
1167 561 1336 594 bez-itonam
1360 562 1448 595 fastis
1476 562 1628 595 loannem
1655 563 1728 595 scr-i

991 616 1063 658 psit,
1083 614 1114 647 in
1142 625 1206 657 quo
1233 614 1302 647 cius
1321 614 1371 647 die
1391 615 1489 648 natali
1510 615 1651 647 officium
1674 615 1728 647 du-

991 669 1062 710 plex
1090 673 1119 700 et
1136 672 1378 700 sacrosanctum
1397 667 1514 700 missae
1532 667 1726 700 sacrificium

991 721 1021 752 in
1048 720 1194 754 eiusdem
1221 720 1381 753 honorem
1408 720 1463 753 toti
1495 719 1604 752 Ordini
1637 730 1729 762 regu-

990 772 1064 805 laris
1079 772 1304 806 observantiae
1322 772 1408 805 beati
1428 772 1588 805 Francisci
1612 778 1642 805 et
1664 783 1729 805 sae—

989 825 1090 858 culari
1125 825 1220 858 etiam
1246 826 1336 858 clero
1362 825 1394 858 in
1420 826 1497 859 dicti
1522 825 1650 858 Ordinis
1676 837 1728 858 ec-

989 878 1096 911 clesiis
1120 878 1279 911 celebrari
1306 879 1465 921 permisit.
1490 879 1556 912 Mox
1576 879 1637 911 sub
1656 878 1728 922 piae

990 932 1164 965 memoriae
1200 931 1264 964 alio
1290 936 1496 964 antecessore
1532 936 1644 965 nostro
1670 930 1728 964 Ur-

989 984 1072 1017 bano
1098 984 1183 1027 Papa
1209 984 1271 1016 Ylll
1303 983 1427 1017 eximiis
1461 989 1492 1016 et
1528 985 1636 1017 multis
1670 983 1727 1017 viri

989 1037 1043 1070 Dei
1069 1037 1240 1070 virtutibus
1267 1043 1298 1070 et
1323 1037 1488 1070 miraculis
1513 1037 1552 1070 ad
1574 1037 1729 1080 apostoli-

989 1102 1097 1124 carum
1126 1090 1396 1124 constitutionum
1422 1091 1501 1124 ritus
1526 1096 1557 1123 et
1582 1101 1727 1124 canones

990 1144 1021 1177 in
1047 1155 1180 1178 examen
1206 1144 1343 1184 vocatis,
1362 1145 1480 1187 atque·
1505 1144 1647 1178 omnium
1673 1155 1728 1187 ap-

990 1198 1182 1241 probatione
1208 1204 1239 1230 et
1264 1198 1439 1241 praeconio
1466 1198 1604 1241 receptis
1631 1198 1727 1231 etiam

990 1252 1047 1283 sub
1066 1251 1167 1284 felicis
1185 1251 1361 1284 memoriae
1387 1252 1649 1284 antecessoribus
1672 1262 1729 1283 no-

990 1303 1063 1336 stris
1083 1303 1235 1336 Romanis
1252 1303 1462 1337 Pontificibus
1480 1304 1671 1336 Innocentio
1690 1304 1727 1343 X,

991 1358 1170 1391 Alexandro
1190 1358 1236 1390 Vll
1257 1364 1288 1389 et
1313 1358 1478 1390 Clemente
1503 1357 1541 1395 X,
1562 1357 1690 1389 tandem
1712 1368 1728 1389 a

989 1416 1119 1444 sanctae
1143 1411 1318 1444 memoriae
1345 1411 1518 1443 decessore
1539 1410 1651 1444 itidem
1671 1421 1729 1444 no-

988 1469 1054 1497 stro
1089 1464 1280 1497 Innocentio
1313 1464 1351 1496 xl
1388 1464 1426 1496 de
1463 1465 1558 1497 beato
1596 1463 1663 1496 viro
1696 1463 1726 1496 in

988 1523 1174 1550 sanctornm
1193 1527 1350 1550 canonem
1371 1516 1544 1549 referendo
1570 1517 1728 1549 sancitum

989 1575 1058 1610 est,
1085 1569 1232 1613 repetitis
1258 1569 1412 1612 precihus
1437 1570 1468 1602 id
1495 1570 1592 1603 etiam
1618 1576 1727 1613 postu-

989 1623 1129 1655 lantibus
1170 1623 1306 1655 illustris
1345 1622 1522 1656 memoriae
1562 1623 1728 1666 Lcopoldo

1643 186 1685 220 33
1733 195 1784 222 An.
1805 195 1920 222 &1724

1751 469 1922 495 ΜνριιςτίηΧν

1737 497 1922 516 twnnaisatruifsi

1738 524 1787 543 alst
1778 526 1911 550 Mrptusei

989 1676 1090 1709 electo
1113 1675 1333 1708 Romanorum
1348 1677 1555 1718 imperatore,
1573 1675 1689 1709 Carolo
1705 1676 1727 1708 11
1772 1714 1776 1718 .

988 1729 1215 1772 Hispaniarum
1241 1739 1328 1772 rege,
1345 1734 1376 1761 et
1390 1728 1517 1762 Cosimo
1534 1729 1570 1761 111
1585 1728 1616 1761 in
1637 1728 1729 1761 Etru-

988 1783 1033 1814 ria
1051 1782 1113 1815 sibi
1139 1782 1283 1815 subiecta
1309 1792 1425 1825 marno
1452 1782 1548 1815 duce.

1032 1835 1096 1879 57.
1122 1834 1223 1874 Quum
1242 1840 1350 1868 autem
1376 1846 1411 1868 re
1438 1835 1556 1869 infecit]
1574 1835 1659 1869 idem
1678 1836 1726 1869 In-

988 1889 1169 1929 nocentius,
1195 1888 1330 1921 iubente
1357 1888 1499 1929 Domino,
1521 1899 1558 1922 cx
1580 1889 1640 1922 hac
1664 1889 1727 1922 xita

988 1943 1039 1985 pie
1066 1942 1244 1984 migrasset
1263 1942 1364 1975 {elicis
1384 1942 1562 1976 memoriae
1588 1943 1725 1976 Alexan-

989 1997 1047 2029 der
1072 1996 1157 2038 Papa
1183 1996 1244 2027 Ylll
1271 1995 1376 2028 eidem
1402 1994 1575 2036 suffectus,
1602 2006 1638 2029 ex
1665 1996 1727 2029 no-

989 2059 1157 2082 manorum
1183 2048 1373 2081 Pontificum
1401 2049 1605 2089 auctoritate,
1628 2049 1727 2082 ritua-

989 2102 1073 2135 libus
1099 2102 1404 2141 constitutionibus,
1422 2102 1602 2135 canonibus
1625 2108 1656 2135 et
1674 2102 1728 2136 de-

988 2155 1084 2188 cretis
1107 2155 1166 2187 rite
1185 2155 1333 2194 servatis,
1349 2155 1386 2188 de
1402 2155 1520 2188 Ioanne
1542 2161 1727 2189 sanctorum

988 2208 1104 2240 canoni
1137 2207 1355 2240 adscribendo
1389 2207 1525 2250 provide
1561 2208 1726 2251 cogitavit.

988 2261 1093 2299 Quare
1119 2271 1181 2294 xvii
1219 2260 1375 2294 kalendas
1412 2260 1610 2294 novembres
1643 2272 1728 2296 anno

988 2314 1107 2347 Salutis
1128 2324 1244 2353 mccxc,
1271 2314 1320 2346 sui
1346 2313 1555 2357 pontificatus
1573 2324 1605 2356 11,
1628 2316 1659 2349 in
1684 2327 1730 2350 sa-

989 2373 1188 2400 crosanctam
1224 2367 1310 2400 beati
1345 2367 1429 2400 Petri
1462 2368 1620 2412 principis
1652 2380 1730 2413 apo-

989 2421 1147 2453 stolorum
1178 2420 1346 2453 basilicam
1380 2422 1505 2454 summa
1536 2421 1729 2457 celebritate

991 2472 1087 2506 totius
1109 2472 1272 2507 Ecclesiae
1294 2473 1456 2507 Romanae
1481 2474 1647 2517 profectus
1666 2481 1726 2517 est,

989 2526 1053 2567 ubi,
1074 2527 1187 2567 semel,
1204 2526 1323 2560 iteruin
1348 2532 1379 2560 et
1405 2527 1500 2561 tertio
1526 2527 1558 2560 in
1580 2529 1728 2571 plenario

1025 2590 1036 2617 1
1059 2587 1130 2617 Edit.
1150 2587 1234 2618 Μαίη,
1250 2588 1317 2625 legit
1332 2591 1358 2619 et
1373 2596 1448 2625 qaae
1464 2597 1512 2626 pro
1528 2591 1614 2626 acque
1629 2590 1727 2626 (am).

1739 1844 1923 1891 γ1Α1.ιιιι1ιιιι-1ι-ι)

1758 1871 1781 1917 ΙΙΓΙ
1819 1878 1837 1891 ιι
1838 1878 1880 1891 11111]
1883 1871 1923 1891 1,11.

1739 1898 1767 1917 Eu
1772 1904 1870 1943 rppirae1
1862 1903 1902 1917 rin
1895 1898 1923 1918 ti

1738 1931 1756 1950 pi
1754 1926 1780 1943 ibi
1791 1930 1851 1950 spos
1843 1925 1910 1944 sntula

1738 1931 1800 1973 111ι1511,
1810 1958 1847 1971 m»
1839 1957 1888 1971 »ann
1879 1953 1913 1970 rto

1738 1984 1775 1998 ruu
1778 1967 1816 1997 lfa
1814 1979 1844 1997 to
1833 1984 1855 1997 ou
1865 1978 1924 1997 relu-

1738 2007 1770 2024 tus
1781 2007 1811 2023 est
1823 2005 1863 2024 una
1875 2009 1922 2024 eum

1738 2033 1829 2057 quatuor
1875 2031 1923 2051 2qu

1739 2058 1815 2079 beans.
