2170 3147
175 157 367 186 An.c.¹724
414 148 456 183 58

253 751 281 769 <is
303 756 359 770 crni-

174 780 283 797 mewta'u·
296 784 360 797 maxi-

198 810 207 822 ιι
224 810 274 823 cura
300 810 359 829 perc-

177 837 290 856 pinorum.

204 1710 325 1730 Clausulam

205 2240 292 2260 ><vinctio
313 2248 331 2266 pi
343 2247 362 2259 nr

368 207 527 241 beneficia
552 208 591 240 ab
617 208 660 241 Eo
679 236 686 248 ,
713 219 771 252 per
807 219 902 251 quem
938 218 1032 250 reges
1064 219 1114 240 re-

369 266 487 303 gnant,
516 267 728 303 acceperunt,
757 266 846 293 tanto
874 261 1058 300 ardentius,
1081 266 1115 292 nt

368 323 426 356 par
451 318 522 352 est,
548 313 586 345 ad
615 313 668 346 Dei
694 314 831 356 gloriam
858 313 1113 357 promovendam

369 371 400 398 et
424 371 567 398 sanctam
594 365 661 398 cius
691 365 867 399 Ecclesiam
903 376 1114 409 propugnari·
1136 377 1137 391 ³

369 419 441 451 dam
461 418 514 461 pio
532 419 601 450 zelo
619 418 821 459 mouentum
839 418 1014 462 praecipue
1038 429 1114 451 vero

367 470 604 504 venerabilium
629 472 762 504 fratrum
790 478 976 505 nostrorun‘i
995 472 1116 515 episco-

369 534 486 568 porum
512 529 544 557 et
568 524 774 568 superiorum
799 525 980 558 antistitum
1007 530 1115 568 pasto-

368 579 469 611 ralem
496 578 705 611 sedulitatem
731 589 768 611 ac
794 579 993 622 vigilantiam
1025 579 1115 612 adiu—

369 636 453 672 vent,
479 636 511 664 et
536 642 553 664 a
579 631 644 664 suis
665 642 797 676 quoque
821 632 1062 675 magistratilnis
1082 643 1117 665 ac

371 685 531 718 ministris
557 685 701 719 adiuvari
724 687 892 720 mandent.

415 740 430 782 ἓ
457 738 487 771 7.
517 738 652 771 Maxime
684 744 790 772 autem
824 750 899 782 erga
925 740 1114 783 peregrinos

371 790 633 825 beneficientiam
674 797 706 825 et
747 792 976 825 liberalitatem
1017 804 1113 826 exer-

372 850 480 885 ceant,
506 850 688 889 curentque
714 851 748 878 ut
774 846 848 878 tutis
880 846 1033 879 incedant
1066 846 1116 878 iti-

372 899 508 932 neribus
533 905 564 933 et
589 900 677 932 nulla
711 899 914 942 perditorum
947 900 1116 932 homiuum

371 953 540 986 vexatione
573 953 825 996 perturbentur;
851 954 906 986 sed
945 953 1115 996 hospitali-

372 1006 432 1039 bus
451 1006 601 1039 domibus
620 1011 651 1039 et
675 1007 814 1049 publicis
837 1006 990 1049 hospiciis
1007 1017 1117 1039 anian-

373 1066 420 1093 ter
446 1060 589 1103 excepti,
615 1065 646 1092 et
678 1065 860 1092 commeatu
888 1060 1051 1102 rebusque.
1078 1060 1116 1092 ad

370 1114 466 1147 vitam
487 1113 679 1147 necessariis
697 1113 845 1153 recreati,
865 1113 933 1146 sine
957 1114 1022 1146 ulla
1041 1123 1118 1146 con-

373 1167 523 1200 cussione
546 1172 577 1199 et
605 1166 721 1198 iniuria
750 1165 929 1198 institutum
954 1165 1016 1198 iter
1042 1166 1116 1198 laeti

371 1226 536 1264 peragant,
562 1225 593 1252 et
615 1230 687 1252 cum
715 1219 832 1262 gaudio
858 1219 890 1252 in
915 1220 1055 1262 patriam
1073 1230 1119 1252 re-

370 1278 547 1306 vertantur.
570 1271 624 1305 His
643 1272 729 1305 enim
757 1271 873 1305 hostiis
899 1282 990 1315 reges
1017 1271 1119 1315 potis-

372 1326 486 1358 simum
507 1328 535 1358 el,
556 1325 721 1368 principes
743 1324 842 1357 Deum
861 1324 919 1357 sibi
940 1325 1118 1368 propitium

373 1379 522 1418 reddent,
548 1383 580 1410 nt
606 1378 658 1411 diu
680 1378 711 1410 in
731 1378 825 1411 terris
844 1377 973 1411 felicem
992 1384 1021 1411 et
1037 1383 1118 1411 tran-

373 1432 508 1475 quillam
536 1431 630 1464 vitam
657 1437 770 1473 agant,
797 1443 834 1464 ac
860 1431 988 1464 demum
1014 1431 1047 1464 in
1066 1443 1119 1464 ae-

374 1490 465 1517 terna
502 1484 710 1517 tabernacula
749 1483 949 1527 recipiantur
985 1486 1024 1517 ab
1055 1484 1118 1517 illis

373 1538 451 1582 ipsis
476 1537 699 1581 pauperihus,
729 1548 806 1580 erga
832 1548 914 1580 quos
936 1538 1120 1572 misericor-

374 1593 457 1625 diam
484 1591 716 1632 exercuerint,
756 1591 787 1623 in
827 1591 942 1634 quibus
972 1591 1120 1626 Christus

374 1645 520 1688 pascitur
539 1649 575 1687 ‘et
600 1643 752 1677 nutritur.

417 1699 431 1741 ξ
457 1696 486 1730 8.
515 1697 554 1729 Ut
578 1707 655 1730 vero
682 1703 873 1740 praesentes
911 1697 1040 1731 litterae
1079 1699 1117 1731 ad

374 1751 517 1785 omnium
543 1750 687 1784 fidelium
710 1750 967 1794 quilmscumque
986 1752 1017 1783 in
1040 1753 1118 1786 locis

373 1805 580 1839 existentium
599 1804 745 1838 notitiam
763 1805 887 1837 facilius
906 1805 1118 1848 perveniant,

372 1860 518 1892 volumus
544 1868 657 1891 earum
683 1857 849 1901 exemplis,
869 1858 965 1890 etiam
986 1858 1120 1902 impres·

372 1913 440 1953 sis,
467 1922 562 1945 manu
589 1911 708 1944 notarii
743 1911 863 1954 publici
903 1911 1093 1955 subscriptis
1112 1940 1119 1953 ,

373 1978 408 1999 ac
435 1976 595 2009 personae
633 1965 664 1997 in
702 1964 860 2007 dignitate
899 1965 1118 1998 ecclesiastica

373 2019 570 2052 constitutae
585 2018 691 2061 sigillo
707 2018 851 2057 munitis,
866 2018 1011 2051 eamdem
1026 2029 1120 2061 pror-

373 2083 426 2105 sus
452 2072 602 2105 adhiberi
629 2072 727 2105 fidem
747 2098 754 2112 ‚
791 2081 874 2114 quae
912 2071 990 2115 ipsis
1026 2082 1120 2115 prac-

374 2127 523 2160 sentibus
544 2126 758 2160 adhiberetur
781 2126 807 2159 si
827 2125 991 2159 exhibitae
1013 2126 1121 2160 forent

375 2182 423 2214 vel
451 2186 613 2214 ostensae.

419 2236 432 2278 ξ
458 2235 489 2267 o.
517 2233 601 2267 Nulli
628 2244 705 2277 ergo
731 2233 863 2267 omniuo
898 2233 1065 2266 hominum
1085 2234 1120 2267 li-

374 2294 444 2321 ceat
470 2288 553 2320 hanc
583 2287 735 2331 paginam
769 2293 897 2320 nostrae
921 2286 1118 2327 indictionis,

374 2340 643 2384 promulgationis
659 2367 666 2380 ‚
693 2340 913 2374 concessionis
932 2367 939 2381 ‚
975 2340 1120 2383 imparti-

376 2394 484 2434 tionis,
514 2393 723 2433 hortationis,
752 2394 933 2436 rogationis
960 2399 991 2427 et
1011 2395 1121 2427 volun-

376 2447 447 2481 tatis
474 2448 676 2489 infringere,
703 2453 754 2480 aut
780 2447 807 2480 ei
836 2447 1009 2481 temerario
1042 2458 1118 2481 ausu

375 2501 558 2541 contraire,
586 2500 611 2533 si
639 2499 709 2543 quis
736 2506 842 2533 autem
873 2501 936 2533 hoc
962 2507 1119 2534 attentare

375 2552 650 2600 praesumpserit,
677 2553 937 2597 indignationem
963 2554 1117 2598 omnipo-

961 159 1142 183 BULLARIUM
1168 160 1323 184 ROMANUM

1159 209 1253 242 tentis
1280 210 1334 242 Dei
1361 220 1397 243 ac
1422 210 1593 244 beatorum
1626 211 1710 244 Petri
1747 217 1779 244 et
1815 211 1900 245 Pauli

1158 263 1378 305 apostolorum
1401 263 1468 296 eius
1487 274 1521 296 se
1536 264 1661 297 noverit
1681 264 1899 297 incursurum.

1204 316 1314 348 Datum
1340 316 1469 356 Romae,
1498 318 1581 360 apud
1603 317 1634 350 S.
1655 317 1796 358 Petrum,
1816 328 1901 350 auno

1159 368 1394 402 incarnationis
1413 369 1595 403 dominicae
1614 372 1833 409 nnccxxiv,v1‘
1849 371 1902 402 ka-

1160 423 1272 455 lendas
1297 423 1386 463 iulii,
1414 423 1619 466 pontificatus
1645 423 1747 456 nostri
1774 434 1859 456 auno
1878 433 1900 456 1.

1195 485 1256 511 Dat.
1274 485 1319 512 die
1334 486 1368 510 “lo
1385 485 1454 511 iunii
1479 485 1563 519 1724,
1590 485 1691 519 pontif.
1709 493 1781 512 anno
1798 491 1816 511 ι.

1206 548 1239 580 P.
1267 547 1440 579 cardinalis
1467 547 1686 589 prodatarius.

1206 601 1239 633 F.
1268 600 1443 645 cardinalis
1469 600 1652 633 Otivssmos.

1211 679 1285 711 risa
1297 680 1333 711 do
1349 679 1448 712 Cium
1465 679 1487 711 1.
1505 679 1537 711 C.
1551 678 1696 723 archiep.
1711 680 1901 713 Amasenus.

1251 760 1329 792 Loco
1355 762 1376 799 †
1399 759 1539 801 plumbi.

1607 814 1637 845 L.
1664 813 1901 848 Mxmmmws.

1201 893 1353 932 Iagis-trata
1379 895 1405 923 in
1429 894 1585 924 sven-elavit
1608 894 1752 924 Brcvium.

1202 978 1285 1007 Anno
1308 988 1320 1007 a
1345 978 1499 1007 Nativitate
1517 978 1629 1007 Domini
1653 987 1811 1017 nnccxxiv,
1829 979 1904 1009 indi-
1943 993 2100 1014 rubricatum

1916 1026 1965 1041 anui
1980 1021 2055 1040 saucti-

1161 1027 1258 1057 ctione
1281 1037 1310 1063 11,
1334 1027 1381 1057 die
1404 1037 1471 1057 vero
1495 1036 1560 1056 xxix
1584 1028 1656 1057 iunii
1681 1029 1751 1058 sesto
1775 1029 1819 1058 Ss.
1838 1039 1905 1068 apo-

1162 1077 1304 1107 stolorum
1322 1077 1399 1106 Petri
1416 1081 1444 1106 et
1463 1076 1555 1112 Pauli,
1575 1077 1761 1116 pontificatus
1784 1079 1905 1108 sanctis-

1162 1125 1228 1155 simi
1253 1125 1281 1156 in
1302 1126 1420 1156 t⁴hristo
1444 1126 1535 1165 patris
1558 1130 1585 1156 et
1608 1126 1718 1156 domini
1742 1128 1834 1157 nostri
1857 1128 1906 1157 do-
1940 1142 1943 1144 ·

1164 1175 1234 1204 mini
1258 1174 1407 1204 Benedicti
1429 1175 1530 1204 divina
1553 1175 1735 1214 providentia
1758 1175 1813 1205 PP.
1842 1175 1905 1206 xlll

1162 1233 1239 1254 anno
1263 1233 1291 1262 ι,
1327 1228 1497 1264 praesentes
1530 1224 1642 1254 litteras
1671 1225 1843 1264 apostolicas
1875 1225 1905 1255 in

1162 1272 1236 1302 atrio
1272 1277 1475 1303 sacrosanctae
1512 1272 1649 1303 basilicae
1682 1274 1838 1304 Vaticanae
1871 1274 1906 1304 de

1163 1321 1262 1359 Urbe,
1287 1322 1419 1352 adstante
1444 1322 1571 1361 populo,
1599 1322 1655 1361 legi
1679 1327 1707 1353 et
1735 1323 1906 1354 solemniter

1164 1370 1324 1411 publicavi.

1297 1422 1355 1460 Ego
1376 1421 1396 1451 1.
1415 1421 1443 1451 C.
1469 1421 1708 1461 archiepiscopus
1731 1422 1905 1460 Amasenus,

1442 1470 1612 1500 abbreviator
1634 1471 1665 1499 (Ie
1692 1470 1790 1501 Carisi.

1204 1547 1288 1577 Anno
1310 1558 1325 1576 a
1341 1546 1498 1576 Nativitate
1514 1546 1629 1576 Domini
1652 1555 1810 1584 unccxxw,
1832 1547 1908 1577 iudi-

1163 1596 1258 1626 ctione
1282 1605 1312 1633 n,
1347 1596 1394 1625 die
1418 1605 1485 1625 vero
1510 1604 1575 1625 xxix
1599 1595 1684 1634 iunii,
1720 1595 1908 1635 pontificatus

1164 1645 1341 1674 sanctissimi
1366 1644 1475 1674 domini
1500 1644 1591 1675 nostri
1608 1644 1756 1675 Benedicti
1772 1644 1827 1675 PP.
1846 1645 1907 1676 Xlll

1163 1704 1277 1732 annot,
1301 1694 1488 1733 supradictae
1521 1694 1635 1724 litterae
1668 1694 1844 1733 apostolicae
1878 1695 1906 1724 in

1164 1743 1237 1773 atrio
1260 1743 1399 1772 basilicae
1418 1743 1562 1782 Principis
1578 1743 1784 1783 Apostolorum
1808 1747 1839 1773 ut
1863 1754 1910 1774 su-

1164 1801 1214 1831 pra
1239 1792 1413 1831 publicatae,
1439 1792 1473 1821 ad
1498 1792 1594 1821 valvas
1618 1793 1749 1822 eiusdem
1770 1792 1908 1823 basilicae

1163 1842 1266 1870 aftixae
1292 1842 1424 1878 suerunt,
1446 1851 1477 1871 ac
1493 1842 1610 1871 eaedem
1629 1846 1727 1880 postea
1745 1841 1909 1881 publicatae

1164 1890 1193 1919 in
1217 1889 1348 1920 basilicis
1371 1892 1401 1919 S.
1420 1891 1514 1928 Pauli,
1539 1891 1728 1920 Lateranensi
1751 1896 1779 1921 et
1802 1891 1831 1920 S.
1852 1892 1910 1922 Ma-

1163 1938 1223 1968 riae
1256 1938 1383 1975 Maioris,
1413 1943 1441 1968 ct
1473 1939 1507 1968 ad
1539 1948 1640 1968 earum
1675 1939 1772 1968 valvas
1805 1940 1909 1970 affixae

1164 1988 1294 2021 l'ucrunt,
1320 1992 1405 2026 prout
1428 1988 1563 2017 similiter
1585 1988 1619 2017 ad
1643 1988 1741 2017 valvas
1763 1988 1909 2019 Cancella-

1164 2037 1224 2066 riae
1247 2037 1432 2075 Apostolicae
1457 2041 1485 2066 et
1509 2046 1631 2075 magnae
1647 2037 1751 2067 Curiae
1767 2037 1909 2068 Innocen-

1164 2085 1258 2115 tianae
1282 2086 1310 2115 in
1334 2085 1427 2115 Monte
1451 2085 1592 2115 Citatorio
1615 2089 1643 2116 et
1666 2086 1696 2115 in
1718 2085 1781 2116 acie
1797 2086 1909 2126 Campi-

1165 2135 1265 2172 florae,
1283 2144 1315 2164 ac
1338 2134 1403 2164 aliis
1426 2134 1497 2164 locis
1521 2135 1615 2165 solitis
1638 2139 1666 2165 et
1688 2135 1837 2165 consuetis
1853 2135 1908 2166 Ur-

1163 2183 1219 2222 bis,
1244 2183 1374 2214 dimissis
1397 2184 1502 2223 copiis,
1528 2188 1558 2214 ut
1582 2183 1672 2213 moris
1703 2188 1757 2221 est,
1782 2193 1832 2224 per
1855 2194 1908 2215 nos

1164 2233 1300 2262 Ioannem
1323 2232 1486 2262 Trisellium
1511 2237 1538 2262 et
1557 2232 1693 2262 Ioannem
1717 2233 1762 2263 del
1780 2233 1821 2263 Re
1843 2242 1910 2264 san-

1165 2281 1286 2312 ctissimi
1310 2281 1420 2311 domini
1444 2282 1536 2312 nostri
1559 2281 1655 2321 Papae
1678 2291 1826 2313 cursores.

1291 2336 1406 2366 Partus
1423 2336 1612 2366 nononmus
1631 2337 1759 2375 mayz'sler
1775 2346 1881 2366 cursor.

1205 2412 1313 2442 Iterum
1348 2412 1458 2442 eisdem
1491 2422 1567 2442 anno
1602 2417 1630 2442 et
1654 2412 1838 2451 indictione,
1862 2413 1909 2443 die

1165 2470 1234 2490 vero
1254 2470 1310 2491 xvu
1335 2461 1443 2491 mensis
1460 2461 1635 2499 decembris,
1653 2461 1799 2491 dominic-‘i
1823 2461 1909 2491 tertia

1164 2510 1314 2540 Adventus
1338 2510 1463 2548 Domini,
1489 2510 1677 2549 pontificatus
1700 2510 1820 2549 praefati
1843 2520 1910 2541 san-

1164 2558 1288 2589 ctissimi
1321 2558 1430 2589 domiui
1465 2559 1557 2590 nostri
1581 2568 1657 2589 anno
1681 2568 1700 2598 1,
1725 2559 1908 2600 supradictae

1914 159 2097 192 An.c.i725
