<?xml version="1.0" encoding="UTF-8"?>
<!DOCTYPE html PUBLIC "-//W3C//DTD XHTML 1.0 Transitional//EN"
    "http://www.w3.org/TR/xhtml1/DTD/xhtml1-transitional.dtd">
<html xmlns="http://www.w3.org/1999/xhtml" xml:lang="en" lang="en">
 <head>
  <title>
</title>
<meta http-equiv="Content-Type" content="text/html;charset=utf-8" />
  <meta name='ocr-system' content='tesseract 3.04.00' />
  <meta name='ocr-capabilities' content='ocr_page ocr_carea ocr_par ocr_line ocrx_word'/>
</head>
<body>
  <div class='ocr_page' id='page_1' title='image "./bullarumdiplomat22cath_0954.png"; bbox 0 0 2139 3142; ppageno 0'>
   <div class='ocr_carea' id='block_1_1' title="bbox 412 173 477 206">
    <p class='ocr_par' dir='ltr' id='par_1_1' title="bbox 412 173 477 206">
     <span class='ocr_line' id='line_1_1' title="bbox 412 173 477 206; baseline -0.015 0"><span class='ocrx_word' id='word_1_1' title='bbox 412 173 477 206; x_wconf 69' lang='lat'>914</span> 
     </span>
    </p>
   </div>
   <div class='ocr_carea' id='block_1_2' title="bbox 368 230 1137 2610">
    <p class='ocr_par' dir='ltr' id='par_1_2' title="bbox 368 230 1115 483">
     <span class='ocr_line' id='line_1_2' title="bbox 368 230 1114 276; baseline -0.009 -7"><span class='ocrx_word' id='word_1_2' title='bbox 368 236 444 269; x_wconf 85' lang='lat' dir='ltr'>XVI.</span> <span class='ocrx_word' id='word_1_3' title='bbox 470 235 652 268; x_wconf 74' lang='lat' dir='ltr'>Declaratur</span> <span class='ocrx_word' id='word_1_4' title='bbox 680 239 709 266; x_wconf 91' lang='lat' dir='ltr'>et</span> <span class='ocrx_word' id='word_1_5' title='bbox 734 232 906 276; x_wconf 88' lang='lat' dir='ltr'>ampliatur</span> <span class='ocrx_word' id='word_1_6' title='bbox 931 230 1114 263; x_wconf 84' lang='lat' dir='ltr'>constitutio</span> 
     </span>
     <span class='ocr_line' id='line_1_3' title="bbox 455 283 1114 328; baseline -0.011 -7"><span class='ocrx_word' id='word_1_7' title='bbox 455 287 628 322; x_wconf 87' lang='lat' dir='ltr'>Innocentii</span> <span class='ocrx_word' id='word_1_8' title='bbox 655 286 708 319; x_wconf 88' lang='lat' dir='ltr'>XII</span> <span class='ocrx_word' id='word_1_9' title='bbox 733 285 771 318; x_wconf 92' lang='lat' dir='ltr'>de</span> <span class='ocrx_word' id='word_1_10' title='bbox 796 283 997 328; x_wconf 80' lang='lat' dir='ltr'>exemptione</span> <span class='ocrx_word' id='word_1_11' title='bbox 1022 293 1114 326; x_wconf 88' lang='lat' dir='ltr'>prae-</span> 
     </span>
     <span class='ocr_line' id='line_1_4' title="bbox 455 335 1115 381; baseline -0.011 -8"><span class='ocrx_word' id='word_1_12' title='bbox 455 341 558 373; x_wconf 88' lang='lat' dir='ltr'>sulum</span> <span class='ocrx_word' id='word_1_13' title='bbox 585 338 675 381; x_wconf 77' lang='lat' dir='ltr'>regni</span> <span class='ocrx_word' id='word_1_14' title='bbox 708 337 856 381; x_wconf 80' lang='lat' dir='ltr'>Neapolis</span> <span class='ocrx_word' id='word_1_15' title='bbox 880 347 897 368; x_wconf 88' lang='lat' dir='ltr'>a</span> <span class='ocrx_word' id='word_1_16' title='bbox 921 335 1031 379; x_wconf 87' lang='lat' dir='ltr'>spoliis</span> <span class='ocrx_word' id='word_1_17' title='bbox 1059 335 1115 368; x_wconf 90' lang='lat' dir='ltr'>Ca-</span> 
     </span>
     <span class='ocr_line' id='line_1_5' title="bbox 456 389 1114 435; baseline -0.008 -9"><span class='ocrx_word' id='word_1_18' title='bbox 456 403 562 426; x_wconf 84' lang='lat' dir='ltr'>merae</span> <span class='ocrx_word' id='word_1_19' title='bbox 587 391 785 435; x_wconf 88' lang='lat' dir='ltr'>Apostolicae</span> <span class='ocrx_word' id='word_1_20' title='bbox 805 389 930 430; x_wconf 79' lang='lat' dir='ltr'>debitis,</span> <span class='ocrx_word' id='word_1_21' title='bbox 948 400 1020 422; x_wconf 90' lang='lat' dir='ltr'>cum</span> <span class='ocrx_word' id='word_1_22' title='bbox 1046 389 1114 433; x_wconf 87' lang='lat' dir='ltr'>qui-</span> 
     </span>
     <span class='ocr_line' id='line_1_6' title="bbox 455 441 968 483; baseline -0.008 -5"><span class='ocrx_word' id='word_1_23' title='bbox 455 445 588 479; x_wconf 88' lang='lat' dir='ltr'>busdam</span> <span class='ocrx_word' id='word_1_24' title='bbox 613 443 888 483; x_wconf 74' lang='lat' dir='ltr'>ordinationibus,</span> <span class='ocrx_word' id='word_1_25' title='bbox 915 441 968 475; x_wconf 82' lang='lat'>61.</span> 
     </span>
    </p>

    <p class='ocr_par' dir='ltr' id='par_1_3' title="bbox 371 494 1115 644">
     <span class='ocr_line' id='line_1_7' title="bbox 371 494 1115 540; baseline -0.005 -8"><span class='ocrx_word' id='word_1_26' title='bbox 371 499 460 533; x_wconf 91' lang='lat' dir='ltr'>XVII.</span> <span class='ocrx_word' id='word_1_27' title='bbox 484 497 664 531; x_wconf 89' lang='lat' dir='ltr'>Instituitur</span> <span class='ocrx_word' id='word_1_28' title='bbox 688 502 855 540; x_wconf 89' lang='lat' dir='ltr'>promotor</span> <span class='ocrx_word' id='word_1_29' title='bbox 874 495 1030 538; x_wconf 80' lang='lat' dir='ltr'>generalis</span> <span class='ocrx_word' id='word_1_30' title='bbox 1047 494 1115 528; x_wconf 82' lang='lat' dir='ltr'>fisci</span> 
     </span>
     <span class='ocr_line' id='line_1_8' title="bbox 455 550 1113 595; baseline -0.006 -11"><span class='ocrx_word' id='word_1_31' title='bbox 455 562 513 595; x_wconf 93' lang='lat' dir='ltr'>pro</span> <span class='ocrx_word' id='word_1_32' title='bbox 543 550 720 594; x_wconf 87' lang='lat' dir='ltr'>patrocinio</span> <span class='ocrx_word' id='word_1_33' title='bbox 746 559 913 582; x_wconf 89' lang='lat' dir='ltr'>causarum</span> <span class='ocrx_word' id='word_1_34' title='bbox 950 550 1113 581; x_wconf 87' lang='lat' dir='ltr'>curiarum</span> 
     </span>
     <span class='ocr_line' id='line_1_9' title="bbox 459 602 845 644; baseline -0.008 -7"><span class='ocrx_word' id='word_1_35' title='bbox 459 604 765 644; x_wconf 78' lang='lat' dir='ltr'>ecclesiasticarum,</span> <span class='ocrx_word' id='word_1_36' title='bbox 791 602 845 635; x_wconf 75' lang='lat'>66.</span> 
     </span>
    </p>

    <p class='ocr_par' dir='ltr' id='par_1_4' title="bbox 370 655 1117 804">
     <span class='ocr_line' id='line_1_10' title="bbox 370 655 1117 692; baseline -0.007 0"><span class='ocrx_word' id='word_1_37' title='bbox 370 658 473 692; x_wconf 89' lang='lat' dir='ltr'>XVIII.</span> <span class='ocrx_word' id='word_1_38' title='bbox 499 658 682 690; x_wconf 74' lang='lat' dir='ltr'>Declaratur</span> <span class='ocrx_word' id='word_1_39' title='bbox 716 666 803 688; x_wconf 86' lang='lat' dir='ltr'>mens</span> <span class='ocrx_word' id='word_1_40' title='bbox 836 655 997 688; x_wconf 78' lang='lat' dir='ltr'>pontificis</span> <span class='ocrx_word' id='word_1_41' title='bbox 1032 655 1117 688; x_wconf 87' lang='lat' dir='ltr'>circa</span> 
     </span>
     <span class='ocr_line' id='line_1_11' title="bbox 460 707 1116 752; baseline -0.005 -9"><span class='ocrx_word' id='word_1_42' title='bbox 460 711 631 744; x_wconf 90' lang='lat' dir='ltr'>iubilaeum</span> <span class='ocrx_word' id='word_1_43' title='bbox 657 709 748 742; x_wconf 91' lang='lat' dir='ltr'>initio</span> <span class='ocrx_word' id='word_1_44' title='bbox 769 709 815 741; x_wconf 90' lang='lat' dir='ltr'>sui</span> <span class='ocrx_word' id='word_1_45' title='bbox 840 707 1043 752; x_wconf 86' lang='lat' dir='ltr'>pontificatus</span> <span class='ocrx_word' id='word_1_46' title='bbox 1068 707 1116 740; x_wconf 93' lang='lat' dir='ltr'>in-</span> 
     </span>
     <span class='ocr_line' id='line_1_12' title="bbox 458 762 675 804; baseline -0.005 -8"><span class='ocrx_word' id='word_1_47' title='bbox 458 764 594 804; x_wconf 87' lang='lat' dir='ltr'>dictum,</span> <span class='ocrx_word' id='word_1_48' title='bbox 621 762 675 796; x_wconf 73' lang='lat'>68.</span> 
     </span>
    </p>

    <p class='ocr_par' dir='ltr' id='par_1_5' title="bbox 372 814 1119 1126">
     <span class='ocr_line' id='line_1_13' title="bbox 372 814 1118 858; baseline -0.007 -7"><span class='ocrx_word' id='word_1_49' title='bbox 372 818 448 851; x_wconf 90' lang='lat' dir='ltr'>XIX.</span> <span class='ocrx_word' id='word_1_50' title='bbox 473 816 663 850; x_wconf 88' lang='lat' dir='ltr'>Conceditur</span> <span class='ocrx_word' id='word_1_51' title='bbox 677 814 872 857; x_wconf 73' lang='lat' dir='ltr'>indulgentia</span> <span class='ocrx_word' id='word_1_52' title='bbox 890 814 1033 857; x_wconf 87' lang='lat' dir='ltr'>plenaria</span> <span class='ocrx_word' id='word_1_53' title='bbox 1050 824 1118 858; x_wconf 90' lang='lat' dir='ltr'>per-</span> 
     </span>
     <span class='ocr_line' id='line_1_14' title="bbox 458 867 1117 914; baseline -0.005 -12"><span class='ocrx_word' id='word_1_54' title='bbox 458 875 552 914; x_wconf 85' lang='lat' dir='ltr'>petua</span> <span class='ocrx_word' id='word_1_55' title='bbox 577 868 777 901; x_wconf 73' lang='lat' dir='ltr'>visitantibus</span> <span class='ocrx_word' id='word_1_56' title='bbox 807 867 957 900; x_wconf 86' lang='lat' dir='ltr'>ecclesias</span> <span class='ocrx_word' id='word_1_57' title='bbox 983 868 1117 900; x_wconf 78' lang='lat' dir='ltr'>fratrum</span> 
     </span>
     <span class='ocr_line' id='line_1_15' title="bbox 457 921 1119 963; baseline -0.006 -7"><span class='ocrx_word' id='word_1_58' title='bbox 457 923 585 957; x_wconf 81' lang='lat' dir='ltr'>Ordinis</span> <span class='ocrx_word' id='word_1_59' title='bbox 615 922 714 956; x_wconf 85' lang='lat' dir='ltr'>saneti</span> <span class='ocrx_word' id='word_1_60' title='bbox 746 921 871 954; x_wconf 87' lang='lat' dir='ltr'>Ioannis</span> <span class='ocrx_word' id='word_1_61' title='bbox 901 921 956 953; x_wconf 86' lang='lat' dir='ltr'>Dei</span> <span class='ocrx_word' id='word_1_62' title='bbox 980 921 1119 963; x_wconf 78' lang='lat' dir='ltr'>Congre-</span> 
     </span>
     <span class='ocr_line' id='line_1_16' title="bbox 462 974 1119 1020; baseline -0.005 -11"><span class='ocrx_word' id='word_1_63' title='bbox 462 976 597 1020; x_wconf 79' lang='lat' dir='ltr'>gationis</span> <span class='ocrx_word' id='word_1_64' title='bbox 617 975 841 1019; x_wconf 81' lang='lat' dir='ltr'>Hispaniarum</span> <span class='ocrx_word' id='word_1_65' title='bbox 860 974 910 1007; x_wconf 92' lang='lat' dir='ltr'>die</span> <span class='ocrx_word' id='word_1_66' title='bbox 928 974 1007 1007; x_wconf 85' lang='lat' dir='ltr'>sesto</span> <span class='ocrx_word' id='word_1_67' title='bbox 1021 974 1050 1007; x_wconf 80' lang='lat' dir='ltr'>S.</span> <span class='ocrx_word' id='word_1_68' title='bbox 1068 974 1119 1007; x_wconf 87' lang='lat' dir='ltr'>Ca-</span> 
     </span>
     <span class='ocr_line' id='line_1_17' title="bbox 461 1027 1118 1063; baseline -0.006 0"><span class='ocrx_word' id='word_1_69' title='bbox 461 1030 520 1063; x_wconf 93' lang='lat' dir='ltr'>roli</span> <span class='ocrx_word' id='word_1_70' title='bbox 558 1028 741 1062; x_wconf 81' lang='lat' dir='ltr'>Borromaei</span> <span class='ocrx_word' id='word_1_71' title='bbox 779 1028 853 1060; x_wconf 86' lang='lat' dir='ltr'>dicti</span> <span class='ocrx_word' id='word_1_72' title='bbox 890 1027 1015 1060; x_wconf 88' lang='lat' dir='ltr'>Ordinis</span> <span class='ocrx_word' id='word_1_73' title='bbox 1044 1027 1118 1060; x_wconf 89' lang='lat' dir='ltr'>dum</span> 
     </span>
     <span class='ocr_line' id='line_1_18' title="bbox 462 1080 849 1126; baseline -0.003 -12"><span class='ocrx_word' id='word_1_74' title='bbox 462 1083 537 1116; x_wconf 80' lang='lat' dir='ltr'>vixit</span> <span class='ocrx_word' id='word_1_75' title='bbox 563 1081 770 1126; x_wconf 80' lang='lat' dir='ltr'>protectoris,</span> <span class='ocrx_word' id='word_1_76' title='bbox 797 1080 849 1113; x_wconf 87' lang='lat'>70.</span> 
     </span>
    </p>

    <p class='ocr_par' dir='ltr' id='par_1_6' title="bbox 373 1132 1120 1284">
     <span class='ocr_line' id='line_1_19' title="bbox 373 1132 1120 1171; baseline -0.009 0"><span class='ocrx_word' id='word_1_77' title='bbox 373 1139 435 1171; x_wconf 87' lang='lat' dir='ltr'>XX.</span> <span class='ocrx_word' id='word_1_78' title='bbox 472 1135 658 1169; x_wconf 88' lang='lat' dir='ltr'>Decernitur</span> <span class='ocrx_word' id='word_1_79' title='bbox 698 1133 895 1167; x_wconf 85' lang='lat' dir='ltr'>continuatio</span> <span class='ocrx_word' id='word_1_80' title='bbox 932 1132 1120 1166; x_wconf 73' lang='lat' dir='ltr'>visitationis</span> 
     </span>
     <span class='ocr_line' id='line_1_20' title="bbox 463 1186 1120 1233; baseline -0.008 -11"><span class='ocrx_word' id='word_1_81' title='bbox 463 1188 655 1233; x_wconf 81' lang='lat' dir='ltr'>apostolicae</span> <span class='ocrx_word' id='word_1_82' title='bbox 668 1187 744 1220; x_wconf 86' lang='lat' dir='ltr'>cleri</span> <span class='ocrx_word' id='word_1_83' title='bbox 763 1186 896 1225; x_wconf 84' lang='lat' dir='ltr'>romani,</span> <span class='ocrx_word' id='word_1_84' title='bbox 913 1186 1120 1218; x_wconf 82' lang='lat' dir='ltr'>ecclesiarum</span> 
     </span>
     <span class='ocr_line' id='line_1_21' title="bbox 464 1238 1029 1284; baseline -0.009 -9"><span class='ocrx_word' id='word_1_85' title='bbox 464 1249 494 1275; x_wconf 88' lang='lat' dir='ltr'>et</span> <span class='ocrx_word' id='word_1_86' title='bbox 518 1243 662 1274; x_wconf 85' lang='lat' dir='ltr'>locorum</span> <span class='ocrx_word' id='word_1_87' title='bbox 689 1240 814 1284; x_wconf 89' lang='lat' dir='ltr'>piorum</span> <span class='ocrx_word' id='word_1_88' title='bbox 843 1238 950 1279; x_wconf 71' lang='lat' dir='ltr'>Urbis,</span> <span class='ocrx_word' id='word_1_89' title='bbox 977 1238 1029 1271; x_wconf 89' lang='lat'>70.</span> 
     </span>
    </p>

    <p class='ocr_par' dir='ltr' id='par_1_7' title="bbox 375 1292 1126 1492">
     <span class='ocr_line' id='line_1_22' title="bbox 375 1292 1123 1335; baseline -0.009 -4"><span class='ocrx_word' id='word_1_90' title='bbox 375 1296 452 1331; x_wconf 83' lang='lat' dir='ltr'>XXI.</span> <span class='ocrx_word' id='word_1_91' title='bbox 478 1296 690 1329; x_wconf 84' lang='lat' dir='ltr'>Confirmatur</span> <span class='ocrx_word' id='word_1_92' title='bbox 713 1294 876 1326; x_wconf 84' lang='lat' dir='ltr'>decretum</span> <span class='ocrx_word' id='word_1_93' title='bbox 902 1292 1123 1335; x_wconf 79' lang='lat' dir='ltr'>Congregatio-</span> 
     </span>
     <span class='ocr_line' id='line_1_23' title="bbox 463 1345 1122 1389; baseline -0.006 -7"><span class='ocrx_word' id='word_1_94' title='bbox 463 1349 512 1382; x_wconf 88' lang='lat' dir='ltr'>nis</span> <span class='ocrx_word' id='word_1_95' title='bbox 537 1347 667 1382; x_wconf 68' lang='lat' dir='ltr'>Consilii</span> <span class='ocrx_word' id='word_1_96' title='bbox 704 1347 743 1378; x_wconf 89' lang='lat' dir='ltr'>de</span> <span class='ocrx_word' id='word_1_97' title='bbox 778 1346 967 1378; x_wconf 87' lang='lat' dir='ltr'>auctoritate</span> <span class='ocrx_word' id='word_1_98' title='bbox 1004 1345 1122 1389; x_wconf 81' lang='lat' dir='ltr'>prioris</span> 
     </span>
     <span class='ocr_line' id='line_1_24' title="bbox 466 1398 1126 1443; baseline -0.006 -9"><span class='ocrx_word' id='word_1_99' title='bbox 466 1402 496 1434; x_wconf 89' lang='lat' dir='ltr'>S.</span> <span class='ocrx_word' id='word_1_100' title='bbox 525 1401 641 1434; x_wconf 85' lang='lat' dir='ltr'>Mariae</span> <span class='ocrx_word' id='word_1_101' title='bbox 665 1410 761 1443; x_wconf 87' lang='lat' dir='ltr'>super</span> <span class='ocrx_word' id='word_1_102' title='bbox 778 1399 950 1431; x_wconf 76' lang='lat' dir='ltr'>Minervam</span> <span class='ocrx_word' id='word_1_103' title='bbox 969 1398 1000 1430; x_wconf 88' lang='lat' dir='ltr'>in</span> <span class='ocrx_word' id='word_1_104' title='bbox 1018 1398 1126 1442; x_wconf 87' lang='lat' dir='ltr'>poeni-</span> 
     </span>
     <span class='ocr_line' id='line_1_25' title="bbox 467 1450 1122 1492; baseline -0.005 -5"><span class='ocrx_word' id='word_1_105' title='bbox 467 1454 629 1487; x_wconf 86' lang='lat' dir='ltr'>tentiarios</span> <span class='ocrx_word' id='word_1_106' title='bbox 664 1452 813 1485; x_wconf 77' lang='lat' dir='ltr'>basilicae</span> <span class='ocrx_word' id='word_1_107' title='bbox 839 1451 1043 1492; x_wconf 85' lang='lat' dir='ltr'>Liberianae,</span> <span class='ocrx_word' id='word_1_108' title='bbox 1070 1450 1122 1484; x_wconf 70' lang='lat'>72.</span> 
     </span>
    </p>

    <p class='ocr_par' dir='ltr' id='par_1_8' title="bbox 378 1504 1128 1711">
     <span class='ocr_line' id='line_1_26' title="bbox 378 1504 1128 1549; baseline -0.008 -7"><span class='ocrx_word' id='word_1_109' title='bbox 378 1509 467 1542; x_wconf 89' lang='lat' dir='ltr'>XXII.</span> <span class='ocrx_word' id='word_1_110' title='bbox 493 1506 682 1541; x_wconf 74' lang='lat' dir='ltr'>Conceditur</span> <span class='ocrx_word' id='word_1_111' title='bbox 706 1504 985 1549; x_wconf 75' lang='lat' dir='ltr'>patriarchalibuS,</span> <span class='ocrx_word' id='word_1_112' title='bbox 1010 1509 1128 1537; x_wconf 89' lang='lat' dir='ltr'>metro-</span> 
     </span>
     <span class='ocr_line' id='line_1_27' title="bbox 466 1558 1127 1605; baseline -0.006 -11"><span class='ocrx_word' id='word_1_113' title='bbox 466 1561 615 1605; x_wconf 88' lang='lat' dir='ltr'>politanis</span> <span class='ocrx_word' id='word_1_114' title='bbox 629 1566 659 1592; x_wconf 87' lang='lat' dir='ltr'>et</span> <span class='ocrx_word' id='word_1_115' title='bbox 674 1558 909 1592; x_wconf 69' lang='lat' dir='ltr'>cathedralibus</span> <span class='ocrx_word' id='word_1_116' title='bbox 931 1558 1026 1591; x_wconf 88' lang='lat' dir='ltr'>totius</span> <span class='ocrx_word' id='word_1_117' title='bbox 1039 1558 1127 1591; x_wconf 90' lang='lat' dir='ltr'>orbis</span> 
     </span>
     <span class='ocr_line' id='line_1_28' title="bbox 468 1612 1128 1654; baseline -0.006 -7"><span class='ocrx_word' id='word_1_118' title='bbox 468 1614 614 1647; x_wconf 79' lang='lat' dir='ltr'>catholici</span> <span class='ocrx_word' id='word_1_119' title='bbox 644 1613 786 1646; x_wconf 82' lang='lat' dir='ltr'>ecclesiis</span> <span class='ocrx_word' id='word_1_120' title='bbox 815 1613 911 1644; x_wconf 85' lang='lat' dir='ltr'>altare</span> <span class='ocrx_word' id='word_1_121' title='bbox 946 1612 1128 1654; x_wconf 77' lang='lat' dir='ltr'>privilegia-</span> 
     </span>
     <span class='ocr_line' id='line_1_29' title="bbox 471 1664 1125 1711; baseline -0.005 -11"><span class='ocrx_word' id='word_1_122' title='bbox 471 1674 536 1700; x_wconf 89' lang='lat' dir='ltr'>tum</span> <span class='ocrx_word' id='word_1_123' title='bbox 554 1678 611 1711; x_wconf 88' lang='lat' dir='ltr'>pro</span> <span class='ocrx_word' id='word_1_124' title='bbox 626 1666 793 1698; x_wconf 80' lang='lat' dir='ltr'>animabus</span> <span class='ocrx_word' id='word_1_125' title='bbox 809 1665 1033 1697; x_wconf 76' lang='lat' dir='ltr'>defunctorum</span> <span class='ocrx_word' id='word_1_126' title='bbox 1045 1693 1052 1706; x_wconf 84' lang='lat'>,</span> <span class='ocrx_word' id='word_1_127' title='bbox 1071 1664 1125 1698; x_wconf 79' lang='lat'>76.</span> 
     </span>
    </p>

    <p class='ocr_par' dir='ltr' id='par_1_9' title="bbox 381 1717 1130 2024">
     <span class='ocr_line' id='line_1_30' title="bbox 381 1717 1127 1760; baseline -0.007 -7"><span class='ocrx_word' id='word_1_128' title='bbox 381 1721 485 1754; x_wconf 81' lang='lat' dir='ltr'>XXIII.</span> <span class='ocrx_word' id='word_1_129' title='bbox 510 1719 724 1753; x_wconf 78' lang='lat' dir='ltr'>Confirmatur</span> <span class='ocrx_word' id='word_1_130' title='bbox 756 1718 921 1750; x_wconf 83' lang='lat' dir='ltr'>decretum</span> <span class='ocrx_word' id='word_1_131' title='bbox 948 1717 1127 1760; x_wconf 75' lang='lat' dir='ltr'>Congrega-</span> 
     </span>
     <span class='ocr_line' id='line_1_31' title="bbox 469 1770 1129 1816; baseline -0.006 -10"><span class='ocrx_word' id='word_1_132' title='bbox 469 1773 563 1806; x_wconf 84' lang='lat' dir='ltr'>tionis</span> <span class='ocrx_word' id='word_1_133' title='bbox 581 1783 677 1816; x_wconf 82' lang='lat' dir='ltr'>super</span> <span class='ocrx_word' id='word_1_134' title='bbox 690 1771 859 1814; x_wconf 73' lang='lat' dir='ltr'>disciplina</span> <span class='ocrx_word' id='word_1_135' title='bbox 875 1770 1014 1814; x_wconf 85' lang='lat' dir='ltr'>regulari</span> <span class='ocrx_word' id='word_1_136' title='bbox 1034 1780 1129 1813; x_wconf 86' lang='lat' dir='ltr'>super</span> 
     </span>
     <span class='ocr_line' id='line_1_32' title="bbox 470 1823 1129 1859; baseline -0.005 -1"><span class='ocrx_word' id='word_1_137' title='bbox 470 1825 746 1859; x_wconf 83' lang='lat' dir='ltr'>reformationem</span> <span class='ocrx_word' id='word_1_138' title='bbox 771 1824 896 1857; x_wconf 84' lang='lat' dir='ltr'>duobus</span> <span class='ocrx_word' id='word_1_139' title='bbox 922 1823 1129 1856; x_wconf 84' lang='lat' dir='ltr'>conventibus</span> 
     </span>
     <span class='ocr_line' id='line_1_33' title="bbox 472 1877 1130 1923; baseline -0.005 -12"><span class='ocrx_word' id='word_1_140' title='bbox 472 1879 653 1923; x_wconf 86' lang='lat' dir='ltr'>provinciae</span> <span class='ocrx_word' id='word_1_141' title='bbox 678 1879 708 1911; x_wconf 82' lang='lat' dir='ltr'>S.</span> <span class='ocrx_word' id='word_1_142' title='bbox 733 1878 850 1910; x_wconf 75' lang='lat' dir='ltr'>Alberti</span> <span class='ocrx_word' id='word_1_143' title='bbox 876 1877 908 1909; x_wconf 88' lang='lat' dir='ltr'>in</span> <span class='ocrx_word' id='word_1_144' title='bbox 934 1887 1033 1919; x_wconf 79' lang='lat' dir='ltr'>regno</span> <span class='ocrx_word' id='word_1_145' title='bbox 1050 1877 1130 1909; x_wconf 85' lang='lat' dir='ltr'>Sici-</span> 
     </span>
     <span class='ocr_line' id='line_1_34' title="bbox 472 1930 1130 1965; baseline -0.003 -1"><span class='ocrx_word' id='word_1_146' title='bbox 472 1933 532 1964; x_wconf 84' lang='lat' dir='ltr'>liae</span> <span class='ocrx_word' id='word_1_147' title='bbox 557 1931 681 1965; x_wconf 80' lang='lat' dir='ltr'>Ordinis</span> <span class='ocrx_word' id='word_1_148' title='bbox 713 1931 745 1963; x_wconf 87' lang='lat' dir='ltr'>B.</span> <span class='ocrx_word' id='word_1_149' title='bbox 774 1932 811 1964; x_wconf 78' lang='lat' dir='ltr'>M.</span> <span class='ocrx_word' id='word_1_150' title='bbox 848 1930 887 1962; x_wconf 84' lang='lat' dir='ltr'>de</span> <span class='ocrx_word' id='word_1_151' title='bbox 919 1930 1023 1962; x_wconf 85' lang='lat' dir='ltr'>Monte</span> <span class='ocrx_word' id='word_1_152' title='bbox 1055 1930 1130 1963; x_wconf 88' lang='lat' dir='ltr'>Car-</span> 
     </span>
     <span class='ocr_line' id='line_1_35' title="bbox 476 1984 654 2024; baseline 0 -7"><span class='ocrx_word' id='word_1_153' title='bbox 476 1985 575 2024; x_wconf 85' lang='lat' dir='ltr'>melo,</span> <span class='ocrx_word' id='word_1_154' title='bbox 602 1984 654 2017; x_wconf 88' lang='lat'>77.</span> 
     </span>
    </p>

    <p class='ocr_par' dir='ltr' id='par_1_10' title="bbox 387 2035 1133 2294">
     <span class='ocr_line' id='line_1_36' title="bbox 387 2035 1131 2080; baseline -0.005 -8"><span class='ocrx_word' id='word_1_155' title='bbox 387 2039 490 2072; x_wconf 94' lang='lat' dir='ltr'>XXIV.</span> <span class='ocrx_word' id='word_1_156' title='bbox 507 2037 695 2071; x_wconf 83' lang='lat' dir='ltr'>Conceditur</span> <span class='ocrx_word' id='word_1_157' title='bbox 713 2036 866 2069; x_wconf 85' lang='lat' dir='ltr'>ministris</span> <span class='ocrx_word' id='word_1_158' title='bbox 884 2035 1131 2080; x_wconf 86' lang='lat' dir='ltr'>provincialibus</span> 
     </span>
     <span class='ocr_line' id='line_1_37' title="bbox 474 2089 1132 2133; baseline -0.006 -9"><span class='ocrx_word' id='word_1_159' title='bbox 474 2098 505 2124; x_wconf 87' lang='lat' dir='ltr'>et</span> <span class='ocrx_word' id='word_1_160' title='bbox 518 2090 698 2123; x_wconf 82' lang='lat' dir='ltr'>definitorio</span> <span class='ocrx_word' id='word_1_161' title='bbox 716 2090 954 2133; x_wconf 85' lang='lat' dir='ltr'>provinciarum</span> <span class='ocrx_word' id='word_1_162' title='bbox 975 2089 1132 2121; x_wconf 84' lang='lat' dir='ltr'>Minorum</span> 
     </span>
     <span class='ocr_line' id='line_1_38' title="bbox 474 2141 1133 2189; baseline -0.003 -11"><span class='ocrx_word' id='word_1_163' title='bbox 474 2145 724 2189; x_wconf 78' lang='lat' dir='ltr'>capuccinorum</span> <span class='ocrx_word' id='word_1_164' title='bbox 752 2144 883 2176; x_wconf 80' lang='lat' dir='ltr'>facultas</span> <span class='ocrx_word' id='word_1_165' title='bbox 909 2141 1063 2174; x_wconf 81' lang='lat' dir='ltr'>vendendi</span> <span class='ocrx_word' id='word_1_166' title='bbox 1084 2143 1133 2176; x_wconf 87' lang='lat' dir='ltr'>vel</span> 
     </span>
     <span class='ocr_line' id='line_1_39' title="bbox 475 2195 1131 2241; baseline -0.003 -11"><span class='ocrx_word' id='word_1_167' title='bbox 475 2197 678 2241; x_wconf 85' lang='lat' dir='ltr'>permutandi</span> <span class='ocrx_word' id='word_1_168' title='bbox 697 2197 793 2230; x_wconf 88' lang='lat' dir='ltr'>libros</span> <span class='ocrx_word' id='word_1_169' title='bbox 810 2195 987 2240; x_wconf 88' lang='lat' dir='ltr'>duplicatos</span> <span class='ocrx_word' id='word_1_170' title='bbox 1004 2195 1068 2228; x_wconf 91' lang='lat' dir='ltr'>sive</span> <span class='ocrx_word' id='word_1_171' title='bbox 1083 2206 1131 2228; x_wconf 88' lang='lat' dir='ltr'>su-</span> 
     </span>
     <span class='ocr_line' id='line_1_40' title="bbox 476 2248 717 2294; baseline -0.004 -11"><span class='ocrx_word' id='word_1_172' title='bbox 476 2251 634 2294; x_wconf 75' lang='lat' dir='ltr'>pei-nuos,</span> <span class='ocrx_word' id='word_1_173' title='bbox 665 2248 717 2282; x_wconf 84' lang='lat'>78.</span> 
     </span>
    </p>

    <p class='ocr_par' dir='ltr' id='par_1_11' title="bbox 388 2301 1136 2451">
     <span class='ocr_line' id='line_1_41' title="bbox 388 2301 1133 2338; baseline -0.007 0"><span class='ocrx_word' id='word_1_174' title='bbox 388 2305 479 2338; x_wconf 87' lang='lat' dir='ltr'>XXV.</span> <span class='ocrx_word' id='word_1_175' title='bbox 507 2304 695 2337; x_wconf 81' lang='lat' dir='ltr'>Conceditur</span> <span class='ocrx_word' id='word_1_176' title='bbox 718 2303 872 2336; x_wconf 75' lang='lat' dir='ltr'>Ruthenis</span> <span class='ocrx_word' id='word_1_177' title='bbox 896 2303 936 2336; x_wconf 90' lang='lat' dir='ltr'>ad</span> <span class='ocrx_word' id='word_1_178' title='bbox 968 2301 1133 2335; x_wconf 86' lang='lat' dir='ltr'>ecclesiam</span> 
     </span>
     <span class='ocr_line' id='line_1_42' title="bbox 477 2355 1136 2400; baseline -0.003 -10"><span class='ocrx_word' id='word_1_179' title='bbox 477 2357 685 2390; x_wconf 82' lang='lat' dir='ltr'>redeuntibus</span> <span class='ocrx_word' id='word_1_180' title='bbox 710 2357 840 2389; x_wconf 76' lang='lat' dir='ltr'>facultas</span> <span class='ocrx_word' id='word_1_181' title='bbox 870 2355 1080 2400; x_wconf 84' lang='lat' dir='ltr'>recuperandi</span> <span class='ocrx_word' id='word_1_182' title='bbox 1105 2360 1136 2388; x_wconf 86' lang='lat' dir='ltr'>et</span> 
     </span>
     <span class='ocr_line' id='line_1_43' title="bbox 479 2408 923 2451; baseline -0.002 -8"><span class='ocrx_word' id='word_1_183' title='bbox 479 2411 634 2443; x_wconf 87' lang='lat' dir='ltr'>retinendi</span> <span class='ocrx_word' id='word_1_184' title='bbox 661 2411 744 2443; x_wconf 90' lang='lat' dir='ltr'>bona</span> <span class='ocrx_word' id='word_1_185' title='bbox 768 2420 842 2451; x_wconf 87' lang='lat' dir='ltr'>sua,</span> <span class='ocrx_word' id='word_1_186' title='bbox 868 2408 923 2442; x_wconf 89' lang='lat'>80.</span> 
     </span>
    </p>

    <p class='ocr_par' dir='ltr' id='par_1_12' title="bbox 392 2461 1137 2610">
     <span class='ocr_line' id='line_1_44' title="bbox 392 2461 1136 2497; baseline -0.003 -1"><span class='ocrx_word' id='word_1_187' title='bbox 392 2463 494 2496; x_wconf 84' lang='lat' dir='ltr'>XXVI.</span> <span class='ocrx_word' id='word_1_188' title='bbox 519 2464 706 2497; x_wconf 85' lang='lat' dir='ltr'>Restituitur</span> <span class='ocrx_word' id='word_1_189' title='bbox 730 2463 883 2497; x_wconf 85' lang='lat' dir='ltr'>cardinali</span> <span class='ocrx_word' id='word_1_190' title='bbox 901 2462 1021 2496; x_wconf 78' lang='lat' dir='ltr'>vicarIO</span> <span class='ocrx_word' id='word_1_191' title='bbox 1042 2461 1136 2496; x_wconf 87' lang='lat' dir='ltr'>Urbis</span> 
     </span>
     <span class='ocr_line' id='line_1_45' title="bbox 482 2514 1137 2550; baseline -0.002 -2"><span class='ocrx_word' id='word_1_192' title='bbox 482 2515 660 2549; x_wconf 80' lang='lat' dir='ltr'>iurisdictio</span> <span class='ocrx_word' id='word_1_193' title='bbox 695 2517 887 2550; x_wconf 89' lang='lat' dir='ltr'>cumulative</span> <span class='ocrx_word' id='word_1_194' title='bbox 922 2515 955 2549; x_wconf 91' lang='lat' dir='ltr'>in</span> <span class='ocrx_word' id='word_1_195' title='bbox 990 2514 1137 2549; x_wconf 89' lang='lat' dir='ltr'>omnibus</span> 
     </span>
     <span class='ocr_line' id='line_1_46' title="bbox 483 2569 682 2610; baseline 0.005 -10"><span class='ocrx_word' id='word_1_196' title='bbox 483 2569 603 2610; x_wconf 79' lang='lat' dir='ltr'>causis,</span> <span class='ocrx_word' id='word_1_197' title='bbox 629 2569 682 2602; x_wconf 83' lang='lat'>81.</span> 
     </span>
    </p>
   </div>
   <div class='ocr_carea' id='block_1_3' title="bbox 1138 338 1156 1809">
    <p class='ocr_par' dir='ltr' id='par_1_13' title="bbox 1138 338 1156 1809">
     <span class='ocr_line' id='line_1_47' title="bbox 1138 338 1156 1809; baseline 0 0"><span class='ocrx_word' id='word_1_198' title='bbox 1138 338 1156 1809; x_wconf 95' lang='lat' dir='ltr'> </span> 
     </span>
    </p>
   </div>
   <div class='ocr_carea' id='block_1_4' title="bbox 962 178 1321 203">
    <p class='ocr_par' dir='ltr' id='par_1_14' title="bbox 962 178 1321 203">
     <span class='ocr_line' id='line_1_48' title="bbox 962 178 1321 203; baseline -0.003 0"><span class='ocrx_word' id='word_1_199' title='bbox 962 179 1059 203; x_wconf 78' lang='lat' dir='ltr'>BULLA</span> <span class='ocrx_word' id='word_1_200' title='bbox 1066 178 1142 201; x_wconf 75' lang='lat' dir='ltr'>ntttttt</span> <span class='ocrx_word' id='word_1_201' title='bbox 1168 178 1294 202; x_wconf 79' lang='lat' dir='ltr'>ROMANU</span> <span class='ocrx_word' id='word_1_202' title='bbox 1301 180 1321 202; x_wconf 77' lang='grc' dir='ltr'><strong>Μ</strong></span> 
     </span>
    </p>
   </div>
   <div class='ocr_carea' id='block_1_5' title="bbox 1167 230 1919 751">
    <p class='ocr_par' dir='ltr' id='par_1_15' title="bbox 1167 230 1917 537">
     <span class='ocr_line' id='line_1_49' title="bbox 1167 230 1916 276; baseline 0.003 -13"><span class='ocrx_word' id='word_1_203' title='bbox 1167 230 1285 264; x_wconf 84' lang='lat' dir='ltr'>XXVII.</span> <span class='ocrx_word' id='word_1_204' title='bbox 1319 232 1554 265; x_wconf 83' lang='lat' dir='ltr'>Confirmantur</span> <span class='ocrx_word' id='word_1_205' title='bbox 1592 233 1749 276; x_wconf 86' lang='lat' dir='ltr'>quaedam</span> <span class='ocrx_word' id='word_1_206' title='bbox 1790 233 1916 266; x_wconf 82' lang='lat' dir='ltr'>litterae</span> 
     </span>
     <span class='ocr_line' id='line_1_50' title="bbox 1254 284 1916 325; baseline 0.003 -9"><span class='ocrx_word' id='word_1_207' title='bbox 1254 284 1430 317; x_wconf 85' lang='lat' dir='ltr'>Innocentii</span> <span class='ocrx_word' id='word_1_208' title='bbox 1454 285 1542 325; x_wconf 86' lang='lat' dir='ltr'>VIII,</span> <span class='ocrx_word' id='word_1_209' title='bbox 1567 286 1655 318; x_wconf 88' lang='lat' dir='ltr'>Pauli</span> <span class='ocrx_word' id='word_1_210' title='bbox 1681 286 1721 318; x_wconf 92' lang='lat' dir='ltr'>Ill</span> <span class='ocrx_word' id='word_1_211' title='bbox 1754 291 1784 319; x_wconf 88' lang='lat' dir='ltr'>et</span> <span class='ocrx_word' id='word_1_212' title='bbox 1809 285 1853 318; x_wconf 87' lang='lat' dir='ltr'>Pii</span> <span class='ocrx_word' id='word_1_213' title='bbox 1878 286 1916 319; x_wconf 94' lang='lat' dir='ltr'>IV</span> 
     </span>
     <span class='ocr_line' id='line_1_51' title="bbox 1255 338 1917 380; baseline 0.005 -11"><span class='ocrx_word' id='word_1_214' title='bbox 1255 347 1350 380; x_wconf 85' lang='lat' dir='ltr'>super</span> <span class='ocrx_word' id='word_1_215' title='bbox 1375 348 1542 370; x_wconf 82' lang='lat' dir='ltr'>causarum</span> <span class='ocrx_word' id='word_1_216' title='bbox 1579 338 1763 380; x_wconf 83' lang='lat' dir='ltr'>cognitione</span> <span class='ocrx_word' id='word_1_217' title='bbox 1793 338 1917 372; x_wconf 86' lang='lat' dir='ltr'>archie-</span> 
     </span>
     <span class='ocr_line' id='line_1_52' title="bbox 1254 389 1913 434; baseline 0.008 -14"><span class='ocrx_word' id='word_1_218' title='bbox 1254 389 1386 432; x_wconf 84' lang='lat' dir='ltr'>piscopo</span> <span class='ocrx_word' id='word_1_219' title='bbox 1419 391 1640 423; x_wconf 83' lang='lat' dir='ltr'>Beneventano</span> <span class='ocrx_word' id='word_1_220' title='bbox 1677 391 1913 434; x_wconf 82' lang='lat' dir='ltr'>spectantibus,</span> 
     </span>
     <span class='ocr_line' id='line_1_53' title="bbox 1256 441 1917 486; baseline 0.008 -13"><span class='ocrx_word' id='word_1_221' title='bbox 1256 441 1390 486; x_wconf 87' lang='lat' dir='ltr'>aliisque</span> <span class='ocrx_word' id='word_1_222' title='bbox 1415 443 1567 476; x_wconf 83' lang='lat' dir='ltr'>ecclesiae</span> <span class='ocrx_word' id='word_1_223' title='bbox 1584 444 1825 478; x_wconf 84' lang='lat' dir='ltr'>Beneventanae</span> <span class='ocrx_word' id='word_1_224' title='bbox 1845 456 1917 479; x_wconf 91' lang='lat' dir='ltr'>con-</span> 
     </span>
     <span class='ocr_line' id='line_1_54' title="bbox 1256 494 1573 537; baseline 0.009 -11"><span class='ocrx_word' id='word_1_225' title='bbox 1256 495 1492 537; x_wconf 87' lang='lat' dir='ltr'>suetudinibus,</span> <span class='ocrx_word' id='word_1_226' title='bbox 1518 494 1573 529; x_wconf 80' lang='lat'>86.</span> 
     </span>
    </p>

    <p class='ocr_par' dir='ltr' id='par_1_16' title="bbox 1167 546 1919 751">
     <span class='ocr_line' id='line_1_55' title="bbox 1167 546 1915 591; baseline 0.007 -12"><span class='ocrx_word' id='word_1_227' title='bbox 1167 546 1299 580; x_wconf 82' lang='lat' dir='ltr'>XXVIII.</span> <span class='ocrx_word' id='word_1_228' title='bbox 1321 548 1511 581; x_wconf 85' lang='lat' dir='ltr'>Decernitur</span> <span class='ocrx_word' id='word_1_229' title='bbox 1536 550 1727 582; x_wconf 86' lang='lat' dir='ltr'>decanatum</span> <span class='ocrx_word' id='word_1_230' title='bbox 1745 550 1824 583; x_wconf 88' lang='lat' dir='ltr'>sacri</span> <span class='ocrx_word' id='word_1_231' title='bbox 1850 561 1915 591; x_wconf 83' lang='lat' dir='ltr'>car-</span> 
     </span>
     <span class='ocr_line' id='line_1_56' title="bbox 1257 600 1919 646; baseline 0.006 -14"><span class='ocrx_word' id='word_1_232' title='bbox 1257 600 1410 633; x_wconf 88' lang='lat' dir='ltr'>dinalium</span> <span class='ocrx_word' id='word_1_233' title='bbox 1435 602 1562 644; x_wconf 79' lang='lat' dir='ltr'>collegii</span> <span class='ocrx_word' id='word_1_234' title='bbox 1580 602 1618 634; x_wconf 92' lang='lat' dir='ltr'>ad</span> <span class='ocrx_word' id='word_1_235' title='bbox 1636 602 1822 646; x_wconf 89' lang='lat' dir='ltr'>episcopum</span> <span class='ocrx_word' id='word_1_236' title='bbox 1848 614 1919 636; x_wconf 90' lang='lat' dir='ltr'>car-</span> 
     </span>
     <span class='ocr_line' id='line_1_57' title="bbox 1260 653 1919 698; baseline 0.008 -13"><span class='ocrx_word' id='word_1_237' title='bbox 1260 653 1400 686; x_wconf 87' lang='lat' dir='ltr'>dinalem</span> <span class='ocrx_word' id='word_1_238' title='bbox 1427 655 1660 698; x_wconf 84' lang='lat' dir='ltr'>antiquiorem,</span> <span class='ocrx_word' id='word_1_239' title='bbox 1698 655 1772 688; x_wconf 86' lang='lat' dir='ltr'>licet</span> <span class='ocrx_word' id='word_1_240' title='bbox 1805 656 1919 690; x_wconf 86' lang='lat' dir='ltr'>absen-</span> 
     </span>
     <span class='ocr_line' id='line_1_58' title="bbox 1259 707 1919 751; baseline 0.008 -14"><span class='ocrx_word' id='word_1_241' title='bbox 1259 711 1344 746; x_wconf 85' lang='lat' dir='ltr'>tem,</span> <span class='ocrx_word' id='word_1_242' title='bbox 1369 707 1540 750; x_wconf 90' lang='lat' dir='ltr'>pertinere‚</span> <span class='ocrx_word' id='word_1_243' title='bbox 1566 708 1710 751; x_wconf 85' lang='lat' dir='ltr'>aliaeque</span> <span class='ocrx_word' id='word_1_244' title='bbox 1735 714 1919 742; x_wconf 88' lang='lat' dir='ltr'>controver-</span> 
     </span>
    </p>
   </div>
   <div class='ocr_carea' id='block_1_6' title="bbox 1259 759 1951 851">
    <p class='ocr_par' dir='ltr' id='par_1_17' title="bbox 1259 759 1951 851">
     <span class='ocr_line' id='line_1_59' title="bbox 1259 759 1951 804; baseline 0.007 -13"><span class='ocrx_word' id='word_1_245' title='bbox 1259 759 1323 792; x_wconf 89' lang='lat' dir='ltr'>siae</span> <span class='ocrx_word' id='word_1_246' title='bbox 1349 760 1406 793; x_wconf 88' lang='lat' dir='ltr'>hac</span> <span class='ocrx_word' id='word_1_247' title='bbox 1422 771 1518 804; x_wconf 86' lang='lat' dir='ltr'>super</span> <span class='ocrx_word' id='word_1_248' title='bbox 1546 771 1581 794; x_wconf 91' lang='lat' dir='ltr'>re</span> <span class='ocrx_word' id='word_1_249' title='bbox 1608 761 1647 793; x_wconf 85' lang='lat' dir='ltr'>de</span> <span class='ocrx_word' id='word_1_250' title='bbox 1672 761 1778 795; x_wconf 89' lang='lat' dir='ltr'>medio</span> <span class='ocrx_word' id='word_1_251' title='bbox 1804 762 1919 796; x_wconf 91' lang='lat' dir='ltr'>tollun-</span> <span class='ocrx_word' id='word_1_252' title='bbox 1938 784 1951 789; x_wconf 84' lang='lat'>—-</span> 
     </span>
     <span class='ocr_line' id='line_1_60' title="bbox 1261 812 1409 851; baseline 0.02 -9"><span class='ocrx_word' id='word_1_253' title='bbox 1261 816 1328 851; x_wconf 87' lang='lat' dir='ltr'>tur,</span> <span class='ocrx_word' id='word_1_254' title='bbox 1356 812 1409 845; x_wconf 80' lang='lat'>90.</span> 
     </span>
    </p>
   </div>
   <div class='ocr_carea' id='block_1_7' title="bbox 1170 863 1935 2604">
    <p class='ocr_par' dir='ltr' id='par_1_18' title="bbox 1170 863 1920 1012">
     <span class='ocr_line' id='line_1_61' title="bbox 1170 863 1918 909; baseline 0.008 -14"><span class='ocrx_word' id='word_1_255' title='bbox 1170 863 1276 896; x_wconf 88' lang='lat' dir='ltr'>XXIX.</span> <span class='ocrx_word' id='word_1_256' title='bbox 1302 864 1539 898; x_wconf 84' lang='lat' dir='ltr'>Confirmantur</span> <span class='ocrx_word' id='word_1_257' title='bbox 1563 865 1728 909; x_wconf 83' lang='lat' dir='ltr'>privilegia</span> <span class='ocrx_word' id='word_1_258' title='bbox 1753 867 1792 899; x_wconf 89' lang='lat' dir='ltr'>ab</span> <span class='ocrx_word' id='word_1_259' title='bbox 1817 867 1918 901; x_wconf 88' lang='lat' dir='ltr'>Urba-</span> 
     </span>
     <span class='ocr_line' id='line_1_62' title="bbox 1259 917 1920 962; baseline 0.008 -13"><span class='ocrx_word' id='word_1_260' title='bbox 1259 927 1301 950; x_wconf 92' lang='lat' dir='ltr'>no</span> <span class='ocrx_word' id='word_1_261' title='bbox 1326 917 1391 950; x_wconf 91' lang='lat' dir='ltr'>Vlll</span> <span class='ocrx_word' id='word_1_262' title='bbox 1416 918 1523 951; x_wconf 88' lang='lat' dir='ltr'>Ordini</span> <span class='ocrx_word' id='word_1_263' title='bbox 1538 918 1567 951; x_wconf 82' lang='lat' dir='ltr'>S.</span> <span class='ocrx_word' id='word_1_264' title='bbox 1582 919 1706 952; x_wconf 82' lang='lat' dir='ltr'>Ioannis</span> <span class='ocrx_word' id='word_1_265' title='bbox 1723 919 1777 952; x_wconf 88' lang='lat' dir='ltr'>Dei</span> <span class='ocrx_word' id='word_1_266' title='bbox 1795 919 1920 962; x_wconf 88' lang='lat' dir='ltr'>tradita,</span> 
     </span>
     <span class='ocr_line' id='line_1_63' title="bbox 1261 971 1740 1012; baseline 0.004 -9"><span class='ocrx_word' id='word_1_267' title='bbox 1261 976 1291 1003; x_wconf 88' lang='lat' dir='ltr'>et</span> <span class='ocrx_word' id='word_1_268' title='bbox 1316 981 1397 1003; x_wconf 81' lang='lat' dir='ltr'>nova</span> <span class='ocrx_word' id='word_1_269' title='bbox 1417 971 1656 1012; x_wconf 85' lang='lat' dir='ltr'>conceduntur,</span> <span class='ocrx_word' id='word_1_270' title='bbox 1686 972 1740 1005; x_wconf 84' lang='lat'>97.</span> 
     </span>
    </p>

    <p class='ocr_par' dir='ltr' id='par_1_19' title="bbox 1171 1023 1925 1329">
     <span class='ocr_line' id='line_1_64' title="bbox 1171 1023 1922 1068; baseline 0.005 -12"><span class='ocrx_word' id='word_1_271' title='bbox 1171 1023 1266 1056; x_wconf 86' lang='lat' dir='ltr'>XXX.</span> <span class='ocrx_word' id='word_1_272' title='bbox 1284 1023 1498 1057; x_wconf 81' lang='lat' dir='ltr'>Contirmatur</span> <span class='ocrx_word' id='word_1_273' title='bbox 1515 1024 1677 1057; x_wconf 87' lang='lat' dir='ltr'>decretum</span> <span class='ocrx_word' id='word_1_274' title='bbox 1697 1025 1922 1068; x_wconf 80' lang='lat' dir='ltr'>Congregatio-</span> 
     </span>
     <span class='ocr_line' id='line_1_65' title="bbox 1261 1077 1918 1113; baseline 0.008 -5"><span class='ocrx_word' id='word_1_275' title='bbox 1261 1077 1309 1109; x_wconf 88' lang='lat' dir='ltr'>nis</span> <span class='ocrx_word' id='word_1_276' title='bbox 1335 1077 1461 1109; x_wconf 78' lang='lat' dir='ltr'>Rittium</span> <span class='ocrx_word' id='word_1_277' title='bbox 1480 1078 1563 1110; x_wconf 83' lang='lat' dir='ltr'>circa</span> <span class='ocrx_word' id='word_1_278' title='bbox 1585 1078 1822 1112; x_wconf 81' lang='lat' dir='ltr'>translationem</span> <span class='ocrx_word' id='word_1_279' title='bbox 1848 1089 1918 1113; x_wconf 84' lang='lat' dir='ltr'>cor-</span> 
     </span>
     <span class='ocr_line' id='line_1_66' title="bbox 1261 1130 1923 1172; baseline 0.008 -11"><span class='ocrx_word' id='word_1_280' title='bbox 1261 1130 1349 1172; x_wconf 85' lang='lat' dir='ltr'>poris</span> <span class='ocrx_word' id='word_1_281' title='bbox 1375 1130 1565 1162; x_wconf 74' lang='lat' dir='ltr'>vencrabilis</span> <span class='ocrx_word' id='word_1_282' title='bbox 1586 1131 1778 1164; x_wconf 85' lang='lat' dir='ltr'>Ferdiuandi</span> <span class='ocrx_word' id='word_1_283' title='bbox 1796 1142 1813 1164; x_wconf 90' lang='lat' dir='ltr'>a</span> <span class='ocrx_word' id='word_1_284' title='bbox 1830 1132 1859 1165; x_wconf 89' lang='lat' dir='ltr'>S.</span> <span class='ocrx_word' id='word_1_285' title='bbox 1878 1133 1923 1166; x_wconf 90' lang='lat' dir='ltr'>Io-</span> 
     </span>
     <span class='ocr_line' id='line_1_67' title="bbox 1261 1183 1921 1226; baseline 0.005 -11"><span class='ocrx_word' id='word_1_286' title='bbox 1261 1184 1362 1226; x_wconf 86' lang='lat' dir='ltr'>sepho</span> <span class='ocrx_word' id='word_1_287' title='bbox 1379 1183 1504 1216; x_wconf 81' lang='lat' dir='ltr'>Ordinis</span> <span class='ocrx_word' id='word_1_288' title='bbox 1522 1184 1726 1216; x_wconf 86' lang='lat' dir='ltr'>eremitarum</span> <span class='ocrx_word' id='word_1_289' title='bbox 1742 1185 1840 1218; x_wconf 88' lang='lat' dir='ltr'>sancti</span> <span class='ocrx_word' id='word_1_290' title='bbox 1857 1186 1921 1218; x_wconf 81' lang='lat' dir='ltr'>Au-</span> 
     </span>
     <span class='ocr_line' id='line_1_68' title="bbox 1264 1237 1925 1280; baseline 0.006 -12"><span class='ocrx_word' id='word_1_291' title='bbox 1264 1237 1380 1279; x_wconf 52' lang='lat' dir='ltr'>gustini</span> <span class='ocrx_word' id='word_1_292' title='bbox 1406 1237 1445 1269; x_wconf 87' lang='lat' dir='ltr'>ad</span> <span class='ocrx_word' id='word_1_293' title='bbox 1465 1237 1632 1269; x_wconf 82' lang='lat' dir='ltr'>ecclesiam</span> <span class='ocrx_word' id='word_1_294' title='bbox 1656 1238 1825 1280; x_wconf 89' lang='lat' dir='ltr'>quamdam</span> <span class='ocrx_word' id='word_1_295' title='bbox 1845 1239 1925 1272; x_wconf 86' lang='lat' dir='ltr'>eius-</span> 
     </span>
     <span class='ocr_line' id='line_1_69' title="bbox 1264 1289 1586 1329; baseline 0.003 -7"><span class='ocrx_word' id='word_1_296' title='bbox 1264 1290 1336 1323; x_wconf 87' lang='lat' dir='ltr'>dem</span> <span class='ocrx_word' id='word_1_297' title='bbox 1363 1289 1506 1329; x_wconf 80' lang='lat' dir='ltr'>Ordinis,</span> <span class='ocrx_word' id='word_1_298' title='bbox 1532 1289 1586 1323; x_wconf 73' lang='lat'>98.</span> 
     </span>
    </p>

    <p class='ocr_par' dir='ltr' id='par_1_20' title="bbox 1177 1343 1927 1492">
     <span class='ocr_line' id='line_1_70' title="bbox 1177 1343 1927 1379; baseline 0.003 -3"><span class='ocrx_word' id='word_1_299' title='bbox 1177 1344 1283 1376; x_wconf 85' lang='lat' dir='ltr'>XXXI.</span> <span class='ocrx_word' id='word_1_300' title='bbox 1317 1343 1534 1377; x_wconf 78' lang='lat' dir='ltr'>Confirmatur</span> <span class='ocrx_word' id='word_1_301' title='bbox 1570 1344 1753 1377; x_wconf 85' lang='lat' dir='ltr'>constitutio</span> <span class='ocrx_word' id='word_1_302' title='bbox 1779 1344 1927 1379; x_wconf 90' lang='lat' dir='ltr'>Innocen-</span> 
     </span>
     <span class='ocr_line' id='line_1_71' title="bbox 1266 1396 1927 1442; baseline 0.003 -13"><span class='ocrx_word' id='word_1_303' title='bbox 1266 1397 1299 1429; x_wconf 88' lang='lat' dir='ltr'>tii</span> <span class='ocrx_word' id='word_1_304' title='bbox 1317 1397 1382 1429; x_wconf 89' lang='lat' dir='ltr'>Xlll</span> <span class='ocrx_word' id='word_1_305' title='bbox 1405 1407 1501 1439; x_wconf 83' lang='lat' dir='ltr'>super</span> <span class='ocrx_word' id='word_1_306' title='bbox 1519 1396 1732 1429; x_wconf 80' lang='lat' dir='ltr'>ecclesiastica</span> <span class='ocrx_word' id='word_1_307' title='bbox 1758 1397 1927 1442; x_wconf 77' lang='lat' dir='ltr'>disciplina</span> 
     </span>
     <span class='ocr_line' id='line_1_72' title="bbox 1267 1449 1789 1492; baseline 0.002 -10"><span class='ocrx_word' id='word_1_308' title='bbox 1267 1449 1299 1482; x_wconf 89' lang='lat' dir='ltr'>in</span> <span class='ocrx_word' id='word_1_309' title='bbox 1321 1449 1426 1491; x_wconf 80' lang='lat' dir='ltr'>regnis</span> <span class='ocrx_word' id='word_1_310' title='bbox 1449 1449 1685 1492; x_wconf 80' lang='lat' dir='ltr'>Hispaniarum,</span> <span class='ocrx_word' id='word_1_311' title='bbox 1715 1449 1789 1483; x_wconf 80' lang='lat'>100.</span> 
     </span>
    </p>

    <p class='ocr_par' dir='ltr' id='par_1_21' title="bbox 1179 1502 1929 1811">
     <span class='ocr_line' id='line_1_73' title="bbox 1179 1502 1929 1548; baseline 0.003 -12"><span class='ocrx_word' id='word_1_312' title='bbox 1179 1503 1298 1536; x_wconf 84' lang='lat' dir='ltr'>XXXII.</span> <span class='ocrx_word' id='word_1_313' title='bbox 1324 1502 1514 1535; x_wconf 85' lang='lat' dir='ltr'>Conceditur</span> <span class='ocrx_word' id='word_1_314' title='bbox 1548 1502 1744 1545; x_wconf 78' lang='lat' dir='ltr'>indulgentia</span> <span class='ocrx_word' id='word_1_315' title='bbox 1776 1508 1929 1548; x_wconf 85' lang='lat' dir='ltr'>perpetua</span> 
     </span>
     <span class='ocr_line' id='line_1_74' title="bbox 1268 1555 1927 1590; baseline 0.002 -2"><span class='ocrx_word' id='word_1_316' title='bbox 1268 1562 1298 1588; x_wconf 87' lang='lat' dir='ltr'>et</span> <span class='ocrx_word' id='word_1_317' title='bbox 1325 1555 1511 1588; x_wconf 85' lang='lat' dir='ltr'>universalis</span> <span class='ocrx_word' id='word_1_318' title='bbox 1535 1556 1685 1588; x_wconf 91' lang='lat' dir='ltr'>omnibus</span> <span class='ocrx_word' id='word_1_319' title='bbox 1711 1556 1927 1590; x_wconf 81' lang='lat' dir='ltr'>christifideli-</span> 
     </span>
     <span class='ocr_line' id='line_1_75' title="bbox 1266 1609 1927 1654; baseline 0.002 -12"><span class='ocrx_word' id='word_1_320' title='bbox 1266 1610 1327 1642; x_wconf 87' lang='lat' dir='ltr'>bus</span> <span class='ocrx_word' id='word_1_321' title='bbox 1353 1609 1570 1649; x_wconf 80' lang='lat' dir='ltr'>recitantibus,</span> <span class='ocrx_word' id='word_1_322' title='bbox 1592 1609 1630 1642; x_wconf 90' lang='lat' dir='ltr'>ad</span> <span class='ocrx_word' id='word_1_323' title='bbox 1651 1609 1776 1652; x_wconf 80' lang='lat' dir='ltr'>signum</span> <span class='ocrx_word' id='word_1_324' title='bbox 1803 1620 1927 1654; x_wconf 83' lang='lat' dir='ltr'>campa-</span> 
     </span>
     <span class='ocr_line' id='line_1_76' title="bbox 1269 1662 1929 1706; baseline 0 -11"><span class='ocrx_word' id='word_1_325' title='bbox 1269 1673 1337 1702; x_wconf 83' lang='lat' dir='ltr'>nae,</span> <span class='ocrx_word' id='word_1_326' title='bbox 1351 1662 1435 1706; x_wconf 89' lang='lat' dir='ltr'>quod</span> <span class='ocrx_word' id='word_1_327' title='bbox 1455 1663 1548 1704; x_wconf 78' lang='lat' dir='ltr'>vulgo</span> <span class='ocrx_word' id='word_1_328' title='bbox 1568 1662 1685 1695; x_wconf 84' lang='lat' dir='ltr'>dicitur</span> <span class='ocrx_word' id='word_1_329' title='bbox 1702 1662 1792 1695; x_wconf 78' lang='lat' dir='ltr'>l’Ave</span> <span class='ocrx_word' id='word_1_330' title='bbox 1808 1662 1929 1704; x_wconf 83' lang='lat' dir='ltr'>Maria,</span> 
     </span>
     <span class='ocr_line' id='line_1_77' title="bbox 1269 1715 1928 1759; baseline 0.002 -11"><span class='ocrx_word' id='word_1_331' title='bbox 1269 1716 1477 1759; x_wconf 85' lang='lat' dir='ltr'>antiphonam</span> <span class='ocrx_word' id='word_1_332' title='bbox 1503 1716 1653 1758; x_wconf 68' lang='lat' dir='ltr'>Anqelus</span> <span class='ocrx_word' id='word_1_333' title='bbox 1676 1715 1815 1748; x_wconf 81' lang='lat' dir='ltr'>Domini</span> <span class='ocrx_word' id='word_1_334' title='bbox 1838 1715 1928 1749; x_wconf 85' lang='lat' dir='ltr'>flexis</span> 
     </span>
     <span class='ocr_line' id='line_1_78' title="bbox 1270 1768 1525 1811; baseline 0 -10"><span class='ocrx_word' id='word_1_335' title='bbox 1270 1769 1422 1811; x_wconf 76' lang='lat' dir='ltr'>genibus,</span> <span class='ocrx_word' id='word_1_336' title='bbox 1449 1768 1525 1801; x_wconf 51' lang='lat'>1101.</span> 
     </span>
    </p>

    <p class='ocr_par' dir='ltr' id='par_1_22' title="bbox 1181 1821 1931 2024">
     <span class='ocr_line' id='line_1_79' title="bbox 1181 1821 1931 1864; baseline -0.001 -9"><span class='ocrx_word' id='word_1_337' title='bbox 1181 1822 1313 1856; x_wconf 86' lang='lat' dir='ltr'>XXXIII.</span> <span class='ocrx_word' id='word_1_338' title='bbox 1331 1821 1556 1855; x_wconf 83' lang='lat' dir='ltr'>Conceduntur</span> <span class='ocrx_word' id='word_1_339' title='bbox 1577 1821 1746 1853; x_wconf 87' lang='lat' dir='ltr'>nonnullae</span> <span class='ocrx_word' id='word_1_340' title='bbox 1764 1821 1931 1864; x_wconf 81' lang='lat' dir='ltr'>indulgen-</span> 
     </span>
     <span class='ocr_line' id='line_1_80' title="bbox 1271 1874 1930 1919; baseline -0.002 -11"><span class='ocrx_word' id='word_1_341' title='bbox 1271 1876 1331 1908; x_wconf 85' lang='lat' dir='ltr'>tiae</span> <span class='ocrx_word' id='word_1_342' title='bbox 1354 1880 1529 1919; x_wconf 77' lang='lat' dir='ltr'>perpetuae</span> <span class='ocrx_word' id='word_1_343' title='bbox 1547 1874 1752 1907; x_wconf 86' lang='lat' dir='ltr'>recitantibus</span> <span class='ocrx_word' id='word_1_344' title='bbox 1778 1884 1930 1908; x_wconf 85' lang='lat' dir='ltr'>coronam</span> 
     </span>
     <span class='ocr_line' id='line_1_81' title="bbox 1269 1927 1931 1972; baseline -0.002 -11"><span class='ocrx_word' id='word_1_345' title='bbox 1269 1934 1388 1972; x_wconf 87' lang='lat' dir='ltr'>septem</span> <span class='ocrx_word' id='word_1_346' title='bbox 1415 1928 1563 1961; x_wconf 91' lang='lat' dir='ltr'>dolorum</span> <span class='ocrx_word' id='word_1_347' title='bbox 1587 1928 1700 1961; x_wconf 88' lang='lat' dir='ltr'>Beatae</span> <span class='ocrx_word' id='word_1_348' title='bbox 1724 1927 1841 1960; x_wconf 86' lang='lat' dir='ltr'>Mariae</span> <span class='ocrx_word' id='word_1_349' title='bbox 1865 1927 1931 1960; x_wconf 92' lang='lat' dir='ltr'>Vir-</span> 
     </span>
     <span class='ocr_line' id='line_1_82' title="bbox 1272 1981 1475 2024; baseline -0.005 -10"><span class='ocrx_word' id='word_1_350' title='bbox 1272 1982 1372 2024; x_wconf 76' lang='lat' dir='ltr'>ginis⁷</span> <span class='ocrx_word' id='word_1_351' title='bbox 1398 1981 1475 2014; x_wconf 69' lang='lat'>409..</span> 
     </span>
    </p>

    <p class='ocr_par' dir='ltr' id='par_1_23' title="bbox 1184 2033 1934 2339">
     <span class='ocr_line' id='line_1_83' title="bbox 1184 2033 1934 2069; baseline -0.005 1"><span class='ocrx_word' id='word_1_352' title='bbox 1184 2036 1316 2069; x_wconf 86' lang='lat' dir='ltr'>XXXIV.</span> <span class='ocrx_word' id='word_1_353' title='bbox 1342 2034 1531 2068; x_wconf 85' lang='lat' dir='ltr'>Conceditur</span> <span class='ocrx_word' id='word_1_354' title='bbox 1548 2034 1698 2068; x_wconf 83' lang='lat' dir='ltr'>fratribus</span> <span class='ocrx_word' id='word_1_355' title='bbox 1715 2033 1840 2067; x_wconf 90' lang='lat' dir='ltr'>Ordinis</span> <span class='ocrx_word' id='word_1_356' title='bbox 1864 2043 1934 2066; x_wconf 88' lang='lat' dir='ltr'>san-</span> 
     </span>
     <span class='ocr_line' id='line_1_84' title="bbox 1274 2085 1934 2130; baseline -0.005 -9"><span class='ocrx_word' id='word_1_357' title='bbox 1274 2088 1432 2121; x_wconf 87' lang='lat' dir='ltr'>ctissimae</span> <span class='ocrx_word' id='word_1_358' title='bbox 1448 2087 1609 2120; x_wconf 86' lang='lat' dir='ltr'>Trinitatis</span> <span class='ocrx_word' id='word_1_359' title='bbox 1627 2085 1856 2130; x_wconf 86' lang='lat' dir='ltr'>redemptionis</span> <span class='ocrx_word' id='word_1_360' title='bbox 1880 2096 1934 2120; x_wconf 88' lang='lat' dir='ltr'>ca-</span> 
     </span>
     <span class='ocr_line' id='line_1_85' title="bbox 1275 2138 1933 2185; baseline -0.003 -12"><span class='ocrx_word' id='word_1_361' title='bbox 1275 2140 1435 2185; x_wconf 83' lang='lat' dir='ltr'>ptivorum</span> <span class='ocrx_word' id='word_1_362' title='bbox 1455 2140 1586 2172; x_wconf 83' lang='lat' dir='ltr'>facultas</span> <span class='ocrx_word' id='word_1_363' title='bbox 1605 2139 1791 2172; x_wconf 88' lang='lat' dir='ltr'>nominandi</span> <span class='ocrx_word' id='word_1_364' title='bbox 1814 2138 1933 2172; x_wconf 91' lang='lat' dir='ltr'>iudices</span> 
     </span>
     <span class='ocr_line' id='line_1_86' title="bbox 1275 2191 1934 2235; baseline -0.003 -9"><span class='ocrx_word' id='word_1_365' title='bbox 1275 2198 1516 2227; x_wconf 80' lang='lat' dir='ltr'>conservatores</span> <span class='ocrx_word' id='word_1_366' title='bbox 1532 2193 1563 2225; x_wconf 91' lang='lat' dir='ltr'>in</span> <span class='ocrx_word' id='word_1_367' title='bbox 1581 2192 1790 2225; x_wconf 85' lang='lat' dir='ltr'>conventibus</span> <span class='ocrx_word' id='word_1_368' title='bbox 1806 2191 1934 2235; x_wconf 89' lang='lat' dir='ltr'>provin-</span> 
     </span>
     <span class='ocr_line' id='line_1_87' title="bbox 1276 2244 1934 2288; baseline -0.003 -9"><span class='ocrx_word' id='word_1_369' title='bbox 1276 2247 1399 2280; x_wconf 87' lang='lat' dir='ltr'>ciarum</span> <span class='ocrx_word' id='word_1_370' title='bbox 1416 2245 1581 2284; x_wconf 75' lang='lat' dir='ltr'>Castellae,</span> <span class='ocrx_word' id='word_1_371' title='bbox 1598 2244 1757 2288; x_wconf 82' lang='lat' dir='ltr'>Legionis,</span> <span class='ocrx_word' id='word_1_372' title='bbox 1774 2244 1934 2277; x_wconf 84' lang='lat' dir='ltr'>Navarrae</span> 
     </span>
     <span class='ocr_line' id='line_1_88' title="bbox 1276 2298 1589 2339; baseline -0.01 -6"><span class='ocrx_word' id='word_1_373' title='bbox 1276 2306 1307 2333; x_wconf 92' lang='lat' dir='ltr'>et</span> <span class='ocrx_word' id='word_1_374' title='bbox 1326 2299 1485 2339; x_wconf 81' lang='lat' dir='ltr'>Baeticae,</span> <span class='ocrx_word' id='word_1_375' title='bbox 1513 2298 1589 2331; x_wconf 74' lang='lat'>103.</span> 
     </span>
    </p>

    <p class='ocr_par' dir='ltr' id='par_1_24' title="bbox 1187 2349 1935 2604">
     <span class='ocr_line' id='line_1_89' title="bbox 1187 2349 1934 2394; baseline -0.007 -6"><span class='ocrx_word' id='word_1_376' title='bbox 1187 2354 1306 2388; x_wconf 83' lang='lat' dir='ltr'>XXXV.</span> <span class='ocrx_word' id='word_1_377' title='bbox 1325 2352 1515 2387; x_wconf 86' lang='lat' dir='ltr'>Conceditur</span> <span class='ocrx_word' id='word_1_378' title='bbox 1540 2351 1686 2384; x_wconf 86' lang='lat' dir='ltr'>ministro</span> <span class='ocrx_word' id='word_1_379' title='bbox 1711 2350 1852 2394; x_wconf 85' lang='lat' dir='ltr'>generali</span> <span class='ocrx_word' id='word_1_380' title='bbox 1877 2349 1934 2383; x_wconf 80' lang='lat' dir='ltr'>Mi-</span> 
     </span>
     <span class='ocr_line' id='line_1_90' title="bbox 1275 2402 1930 2440; baseline -0.005 -1"><span class='ocrx_word' id='word_1_381' title='bbox 1275 2416 1391 2440; x_wconf 88' lang='lat' dir='ltr'>norum</span> <span class='ocrx_word' id='word_1_382' title='bbox 1416 2405 1680 2440; x_wconf 89' lang='lat' dir='ltr'>Conventualium</span> <span class='ocrx_word' id='word_1_383' title='bbox 1706 2404 1838 2437; x_wconf 81' lang='lat' dir='ltr'>facultas</span> <span class='ocrx_word' id='word_1_384' title='bbox 1863 2402 1930 2437; x_wconf 89' lang='lat' dir='ltr'>eri-</span> 
     </span>
     <span class='ocr_line' id='line_1_91' title="bbox 1276 2457 1935 2504; baseline -0.003 -12"><span class='ocrx_word' id='word_1_385' title='bbox 1276 2460 1370 2504; x_wconf 80' lang='lat' dir='ltr'>gendi</span> <span class='ocrx_word' id='word_1_386' title='bbox 1396 2459 1671 2492; x_wconf 77' lang='lat' dir='ltr'>confraternitates</span> <span class='ocrx_word' id='word_1_387' title='bbox 1687 2457 1935 2500; x_wconf 85' lang='lat' dir='ltr'>Cordigerorum</span> 
     </span>
     <span class='ocr_line' id='line_1_92' title="bbox 1278 2509 1935 2556; baseline -0.005 -10"><span class='ocrx_word' id='word_1_388' title='bbox 1278 2513 1310 2546; x_wconf 88' lang='lat' dir='ltr'>in</span> <span class='ocrx_word' id='word_1_389' title='bbox 1336 2513 1372 2546; x_wconf 90' lang='lat' dir='ltr'>iis</span> <span class='ocrx_word' id='word_1_390' title='bbox 1393 2513 1486 2545; x_wconf 90' lang='lat' dir='ltr'>etiam</span> <span class='ocrx_word' id='word_1_391' title='bbox 1507 2512 1584 2545; x_wconf 88' lang='lat' dir='ltr'>locis</span> <span class='ocrx_word' id='word_1_392' title='bbox 1602 2512 1632 2544; x_wconf 89' lang='lat' dir='ltr'>in</span> <span class='ocrx_word' id='word_1_393' title='bbox 1650 2511 1766 2556; x_wconf 88' lang='lat' dir='ltr'>quibus</span> <span class='ocrx_word' id='word_1_394' title='bbox 1782 2509 1935 2544; x_wconf 82' lang='lat' dir='ltr'>ecclesiae</span> 
     </span>
     <span class='ocr_line' id='line_1_93' title="bbox 1277 2561 1933 2604; baseline -0.005 -5"><span class='ocrx_word' id='word_1_395' title='bbox 1277 2566 1405 2600; x_wconf 89' lang='lat' dir='ltr'>Ordinis</span> <span class='ocrx_word' id='word_1_396' title='bbox 1429 2565 1588 2599; x_wconf 77' lang='lat' dir='ltr'>Minoi-um</span> <span class='ocrx_word' id='word_1_397' title='bbox 1609 2574 1672 2598; x_wconf 92' lang='lat' dir='ltr'>non</span> <span class='ocrx_word' id='word_1_398' title='bbox 1692 2563 1841 2604; x_wconf 87' lang='lat' dir='ltr'>existunt,</span> <span class='ocrx_word' id='word_1_399' title='bbox 1858 2561 1933 2596; x_wconf 77' lang='lat' dir='ltr'>tot.</span> 
     </span>
    </p>
   </div>
  </div>
 </body>
</html>
