<?xml version="1.0" encoding="UTF-8"?>
<!DOCTYPE html PUBLIC "-//W3C//DTD XHTML 1.0 Transitional//EN"
    "http://www.w3.org/TR/xhtml1/DTD/xhtml1-transitional.dtd">
<html xmlns="http://www.w3.org/1999/xhtml" xml:lang="en" lang="en">
 <head>
  <title>
</title>
<meta http-equiv="Content-Type" content="text/html;charset=utf-8" />
  <meta name='ocr-system' content='tesseract 3.04.00' />
  <meta name='ocr-capabilities' content='ocr_page ocr_carea ocr_par ocr_line ocrx_word'/>
</head>
<body>
  <div class='ocr_page' id='page_1' title='image "./bullarumdiplomat22cath_0100.png"; bbox 0 0 2170 3147; ppageno 0'>
   <div class='ocr_carea' id='block_1_1' title="bbox 203 188 391 216">
    <p class='ocr_par' dir='ltr' id='par_1_1' title="bbox 203 188 391 216">
     <span class='ocr_line' id='line_1_1' title="bbox 203 188 391 216; baseline 0 -1"><span class='ocrx_word' id='word_1_1' title='bbox 203 188 254 216; x_wconf 69' lang='lat' dir='ltr'>An.</span> <span class='ocrx_word' id='word_1_2' title='bbox 275 188 304 215; x_wconf 90' lang='lat' dir='ltr'>C.</span> <span class='ocrx_word' id='word_1_3' title='bbox 323 188 391 215; x_wconf 68' lang='lat'>¹724</span> 
     </span>
    </p>
   </div>
   <div class='ocr_carea' id='block_1_2' title="bbox 398 179 1173 2524">
    <p class='ocr_par' dir='ltr' id='par_1_2' title="bbox 398 179 1173 2524">
     <span class='ocr_line' id='line_1_2' title="bbox 437 179 478 213; baseline -0.024 0"><span class='ocrx_word' id='word_1_4' title='bbox 437 179 478 213; x_wconf 61' lang='lat'>602</span> 
     </span>
     <span class='ocr_line' id='line_1_3' title="bbox 399 237 1145 281; baseline -0.003 -11"><span class='ocrx_word' id='word_1_5' title='bbox 399 248 509 270; x_wconf 84' lang='lat' dir='ltr'>earuui</span> <span class='ocrx_word' id='word_1_6' title='bbox 535 238 681 281; x_wconf 86' lang='lat' dir='ltr'>inopiam</span> <span class='ocrx_word' id='word_1_7' title='bbox 709 238 757 270; x_wconf 79' lang='lat' dir='ltr'>rel</span> <span class='ocrx_word' id='word_1_8' title='bbox 786 248 849 270; x_wconf 87' lang='lat' dir='ltr'>nou</span> <span class='ocrx_word' id='word_1_9' title='bbox 878 237 1088 280; x_wconf 82' lang='lat' dir='ltr'>opulentiam,</span> <span class='ocrx_word' id='word_1_10' title='bbox 1111 242 1145 268; x_wconf 93' lang='lat' dir='ltr'>ut</span> 
     </span>
     <span class='ocr_line' id='line_1_4' title="bbox 399 289 1167 335; baseline -0.004 -11"><span class='ocrx_word' id='word_1_11' title='bbox 399 291 577 334; x_wconf 88' lang='lat' dir='ltr'>plurimum</span> <span class='ocrx_word' id='word_1_12' title='bbox 604 290 849 329; x_wconf 70' lang='lat' dir='ltr'>destitutarum‘,</span> <span class='ocrx_word' id='word_1_13' title='bbox 877 289 1041 333; x_wconf 84' lang='lat' dir='ltr'>simulque</span> <span class='ocrx_word' id='word_1_14' title='bbox 1066 299 1144 322; x_wconf 85' lang='lat' dir='ltr'>con-</span> <span class='ocrx_word' id='word_1_15' title='bbox 1165 293 1167 335; x_wconf 64' lang='grc' dir='ltr'>ξ</span> 
     </span>
     <span class='ocr_line' id='line_1_5' title="bbox 400 339 1167 389; baseline -0.003 -13"><span class='ocrx_word' id='word_1_16' title='bbox 400 345 550 377; x_wconf 86' lang='lat' dir='ltr'>siderans</span> <span class='ocrx_word' id='word_1_17' title='bbox 584 344 783 387; x_wconf 75' lang='lat' dir='ltr'>multiplices</span> <span class='ocrx_word' id='word_1_18' title='bbox 821 344 989 386; x_wconf 73' lang='lat' dir='ltr'>angustias</span> <span class='ocrx_word' id='word_1_19' title='bbox 1016 348 1047 375; x_wconf 93' lang='lat' dir='ltr'>et</span> <span class='ocrx_word' id='word_1_20' title='bbox 1073 339 1167 389; x_wconf 69' lang='lat' dir='ltr'>gra-l</span> 
     </span>
     <span class='ocr_line' id='line_1_6' title="bbox 398 396 1143 441; baseline -0.001 -12"><span class='ocrx_word' id='word_1_21' title='bbox 398 409 452 431; x_wconf 78' lang='lat' dir='ltr'>ves</span> <span class='ocrx_word' id='word_1_22' title='bbox 470 398 649 437; x_wconf 76' lang='lat' dir='ltr'>molestias,</span> <span class='ocrx_word' id='word_1_23' title='bbox 668 397 786 441; x_wconf 85' lang='lat' dir='ltr'>quibus</span> <span class='ocrx_word' id='word_1_24' title='bbox 805 397 1005 429; x_wconf 81' lang='lat' dir='ltr'>venerabiles</span> <span class='ocrx_word' id='word_1_25' title='bbox 1029 396 1143 428; x_wconf 75' lang='lat' dir='ltr'>fratres</span> 
     </span>
     <span class='ocr_line' id='line_1_7' title="bbox 401 449 1145 493; baseline -0.003 -10"><span class='ocrx_word' id='word_1_26' title='bbox 401 451 588 484; x_wconf 85' lang='lat' dir='ltr'>earumdem</span> <span class='ocrx_word' id='word_1_27' title='bbox 610 451 824 484; x_wconf 87' lang='lat' dir='ltr'>ecclesiarum</span> <span class='ocrx_word' id='word_1_28' title='bbox 851 449 1093 493; x_wconf 86' lang='lat' dir='ltr'>archiepiscopi</span> <span class='ocrx_word' id='word_1_29' title='bbox 1114 455 1145 482; x_wconf 78' lang='lat' dir='ltr'>et</span> 
     </span>
     <span class='ocr_line' id='line_1_8' title="bbox 400 503 1143 548; baseline -0.001 -12"><span class='ocrx_word' id='word_1_30' title='bbox 400 505 546 548; x_wconf 80' lang='lat' dir='ltr'>episcopi</span> <span class='ocrx_word' id='word_1_31' title='bbox 573 515 609 537; x_wconf 85' lang='lat' dir='ltr'>ac</span> <span class='ocrx_word' id='word_1_32' title='bbox 630 505 683 538; x_wconf 87' lang='lat' dir='ltr'>alii</span> <span class='ocrx_word' id='word_1_33' title='bbox 705 504 841 548; x_wconf 87' lang='lat' dir='ltr'>praelati</span> <span class='ocrx_word' id='word_1_34' title='bbox 864 503 1046 543; x_wconf 77' lang='lat' dir='ltr'>inferiores,</span> <span class='ocrx_word' id='word_1_35' title='bbox 1070 503 1143 535; x_wconf 88' lang='lat' dir='ltr'>dum</span> 
     </span>
     <span class='ocr_line' id='line_1_9' title="bbox 399 556 1167 606; baseline -0.001 -15"><span class='ocrx_word' id='word_1_36' title='bbox 399 558 606 599; x_wconf 72' lang='lat' dir='ltr'>aegritudine</span> <span class='ocrx_word' id='word_1_37' title='bbox 632 557 885 602; x_wconf 71' lang='lat' dir='ltr'>premebantur,</span> <span class='ocrx_word' id='word_1_38' title='bbox 912 562 943 589; x_wconf 83' lang='lat' dir='ltr'>et</span> <span class='ocrx_word' id='word_1_39' title='bbox 968 556 1144 600; x_wconf 80' lang='lat' dir='ltr'>aliquando</span> <span class='ocrx_word' id='word_1_40' title='bbox 1165 597 1167 606; x_wconf 48' lang='grc' dir='ltr'>Ι</span> 
     </span>
     <span class='ocr_line' id='line_1_10' title="bbox 400 609 1167 649; baseline -0.005 -5"><span class='ocrx_word' id='word_1_41' title='bbox 400 613 495 644; x_wconf 88' lang='lat' dir='ltr'>etiam</span> <span class='ocrx_word' id='word_1_42' title='bbox 523 612 553 644; x_wconf 89' lang='lat' dir='ltr'>in</span> <span class='ocrx_word' id='word_1_43' title='bbox 581 610 733 644; x_wconf 77' lang='lat' dir='ltr'>extremis</span> <span class='ocrx_word' id='word_1_44' title='bbox 760 610 963 649; x_wconf 82' lang='lat' dir='ltr'>laborabant,</span> <span class='ocrx_word' id='word_1_45' title='bbox 982 621 999 642; x_wconf 84' lang='lat' dir='ltr'>a</span> <span class='ocrx_word' id='word_1_46' title='bbox 1020 609 1145 643; x_wconf 80' lang='lat' dir='ltr'>subcol-</span> <span class='ocrx_word' id='word_1_47' title='bbox 1165 612 1167 640; x_wconf 71' lang='grc' dir='ltr'>ἐ</span> 
     </span>
     <span class='ocr_line' id='line_1_11' title="bbox 400 653 1166 720; baseline -0.001 -23"><span class='ocrx_word' id='word_1_48' title='bbox 400 665 577 698; x_wconf 83' lang='lat' dir='ltr'>lectoribus</span> <span class='ocrx_word' id='word_1_49' title='bbox 603 665 807 708; x_wconf 83' lang='lat' dir='ltr'>spoliorum,</span> <span class='ocrx_word' id='word_1_50' title='bbox 836 664 894 696; x_wconf 83' lang='lat' dir='ltr'>sub</span> <span class='ocrx_word' id='word_1_51' title='bbox 920 653 1166 720; x_wconf 22' lang='lat' dir='ltr'>lui-actexiibus}</span> 
     </span>
     <span class='ocr_line' id='line_1_12' title="bbox 399 717 1142 751; baseline -0.001 -1"><span class='ocrx_word' id='word_1_52' title='bbox 399 718 609 751; x_wconf 83' lang='lat' dir='ltr'>assecurandi</span> <span class='ocrx_word' id='word_1_53' title='bbox 643 718 713 750; x_wconf 86' lang='lat' dir='ltr'>iura</span> <span class='ocrx_word' id='word_1_54' title='bbox 738 718 777 750; x_wconf 83' lang='lat' dir='ltr'>ad</span> <span class='ocrx_word' id='word_1_55' title='bbox 804 717 969 750; x_wconf 74' lang='lat' dir='ltr'>Csuueram</span> <span class='ocrx_word' id='word_1_56' title='bbox 998 722 1142 749; x_wconf 85' lang='lat' dir='ltr'>nostram</span> 
     </span>
     <span class='ocr_line' id='line_1_13' title="bbox 401 769 1141 814; baseline -0.003 -11"><span class='ocrx_word' id='word_1_57' title='bbox 401 771 621 814; x_wconf 79' lang='lat' dir='ltr'>Apostolicam</span> <span class='ocrx_word' id='word_1_58' title='bbox 648 770 855 814; x_wconf 68' lang='lat' dir='ltr'>pertinentia,</span> <span class='ocrx_word' id='word_1_59' title='bbox 876 769 1054 803; x_wconf 84' lang='lat' dir='ltr'>identidem</span> <span class='ocrx_word' id='word_1_60' title='bbox 1084 780 1141 801; x_wconf 71' lang='lat' dir='ltr'>ve-</span> 
     </span>
     <span class='ocr_line' id='line_1_14' title="bbox 400 875 1166 921; baseline -0.005 -10"><span class='ocrx_word' id='word_1_61' title='bbox 400 879 442 911; x_wconf 93' lang='lat' dir='ltr'>lio</span> <span class='ocrx_word' id='word_1_62' title='bbox 477 884 508 911; x_wconf 89' lang='lat' dir='ltr'>et</span> <span class='ocrx_word' id='word_1_63' title='bbox 545 887 754 921; x_wconf 80' lang='lat' dir='ltr'>quocumque</span> <span class='ocrx_word' id='word_1_64' title='bbox 789 877 852 910; x_wconf 90' lang='lat' dir='ltr'>alio</span> <span class='ocrx_word' id='word_1_65' title='bbox 889 877 957 909; x_wconf 88' lang='lat' dir='ltr'>iure</span> <span class='ocrx_word' id='word_1_66' title='bbox 998 875 1166 908; x_wconf 62' lang='lat' dir='ltr'>eiusdemi</span> 
     </span>
     <span class='ocr_line' id='line_1_15' title="bbox 399 928 1144 975; baseline -0.003 -13"><span class='ocrx_word' id='word_1_67' title='bbox 399 930 553 964; x_wconf 77' lang='lat' dir='ltr'>Gamerae</span> <span class='ocrx_word' id='word_1_68' title='bbox 581 930 785 975; x_wconf 76' lang='lat' dir='ltr'>Apostolicae</span> <span class='ocrx_word' id='word_1_69' title='bbox 812 928 961 971; x_wconf 60' lang='lat' dir='ltr'>exigendi</span> <span class='ocrx_word' id='word_1_70' title='bbox 988 933 1019 961; x_wconf 93' lang='lat' dir='ltr'>et</span> <span class='ocrx_word' id='word_1_71' title='bbox 1039 928 1144 972; x_wconf 87' lang='lat' dir='ltr'>perci-</span> 
     </span>
     <span class='ocr_line' id='line_1_16' title="bbox 398 981 1141 1028; baseline -0.005 -11"><span class='ocrx_word' id='word_1_72' title='bbox 398 984 512 1028; x_wconf 86' lang='lat' dir='ltr'>piendi</span> <span class='ocrx_word' id='word_1_73' title='bbox 539 984 716 1028; x_wconf 80' lang='lat' dir='ltr'>pecunias,</span> <span class='ocrx_word' id='word_1_74' title='bbox 740 994 811 1022; x_wconf 87' lang='lat' dir='ltr'>res,</span> <span class='ocrx_word' id='word_1_75' title='bbox 830 982 976 1022; x_wconf 75' lang='lat' dir='ltr'>ell&#39;ectus,</span> <span class='ocrx_word' id='word_1_76' title='bbox 998 981 1141 1020; x_wconf 83' lang='lat' dir='ltr'>mobilia,</span> 
     </span>
     <span class='ocr_line' id='line_1_17' title="bbox 400 1032 1165 1075; baseline -0.004 -5"><span class='ocrx_word' id='word_1_77' title='bbox 400 1038 603 1071; x_wconf 80' lang='lat' dir='ltr'>semoventia</span> <span class='ocrx_word' id='word_1_78' title='bbox 621 1042 648 1070; x_wconf 86' lang='lat' dir='ltr'>et</span> <span class='ocrx_word' id='word_1_79' title='bbox 672 1037 735 1070; x_wconf 87' lang='lat' dir='ltr'>alia</span> <span class='ocrx_word' id='word_1_80' title='bbox 761 1037 857 1075; x_wconf 88' lang='lat' dir='ltr'>bona,</span> <span class='ocrx_word' id='word_1_81' title='bbox 876 1035 972 1068; x_wconf 85' lang='lat' dir='ltr'>etiam</span> <span class='ocrx_word' id='word_1_82' title='bbox 999 1035 1140 1074; x_wconf 84' lang='lat' dir='ltr'>stabilia,</span> <span class='ocrx_word' id='word_1_83' title='bbox 1164 1032 1165 1056; x_wconf 70' lang='lat' dir='ltr'>t</span> 
     </span>
     <span class='ocr_line' id='line_1_18' title="bbox 399 1083 1166 1134; baseline -0.005 -11"><span class='ocrx_word' id='word_1_84' title='bbox 399 1091 636 1134; x_wconf 80' lang='lat' dir='ltr'>cuiuscumque</span> <span class='ocrx_word' id='word_1_85' title='bbox 655 1091 762 1134; x_wconf 87' lang='lat' dir='ltr'>pretii,</span> <span class='ocrx_word' id='word_1_86' title='bbox 777 1090 908 1130; x_wconf 76' lang='lat' dir='ltr'>valoriS,</span> <span class='ocrx_word' id='word_1_87' title='bbox 924 1089 1056 1133; x_wconf 84' lang='lat' dir='ltr'>speciei,</span> <span class='ocrx_word' id='word_1_88' title='bbox 1073 1099 1144 1132; x_wconf 84' lang='lat' dir='ltr'>qua·</span> <span class='ocrx_word' id='word_1_89' title='bbox 1164 1083 1166 1118; x_wconf 66' lang='lat' dir='ltr'>l</span> 
     </span>
     <span class='ocr_line' id='line_1_19' title="bbox 399 1143 1145 1188; baseline -0.005 -10"><span class='ocrx_word' id='word_1_90' title='bbox 399 1145 498 1178; x_wconf 86' lang='lat' dir='ltr'>litatis</span> <span class='ocrx_word' id='word_1_91' title='bbox 523 1150 555 1177; x_wconf 89' lang='lat' dir='ltr'>et</span> <span class='ocrx_word' id='word_1_92' title='bbox 580 1143 770 1188; x_wconf 83' lang='lat' dir='ltr'>quantitatis</span> <span class='ocrx_word' id='word_1_93' title='bbox 795 1153 853 1186; x_wconf 87' lang='lat' dir='ltr'>per</span> <span class='ocrx_word' id='word_1_94' title='bbox 878 1148 1075 1176; x_wconf 81' lang='lat' dir='ltr'>memoratos</span> <span class='ocrx_word' id='word_1_95' title='bbox 1095 1153 1145 1175; x_wconf 88' lang='lat' dir='ltr'>ar-</span> 
     </span>
     <span class='ocr_line' id='line_1_20' title="bbox 399 1196 1145 1242; baseline -0.004 -11"><span class='ocrx_word' id='word_1_96' title='bbox 399 1199 642 1242; x_wconf 85' lang='lat' dir='ltr'>chiepiscopos,</span> <span class='ocrx_word' id='word_1_97' title='bbox 662 1198 837 1240; x_wconf 86' lang='lat' dir='ltr'>episcopos</span> <span class='ocrx_word' id='word_1_98' title='bbox 863 1202 896 1230; x_wconf 88' lang='lat' dir='ltr'>et</span> <span class='ocrx_word' id='word_1_99' title='bbox 919 1197 1084 1239; x_wconf 84' lang='lat' dir='ltr'>praelatos</span> <span class='ocrx_word' id='word_1_100' title='bbox 1102 1196 1145 1228; x_wconf 91' lang='lat' dir='ltr'>in·</span> 
     </span>
     <span class='ocr_line' id='line_1_21' title="bbox 400 1248 1145 1293; baseline -0.004 -9"><span class='ocrx_word' id='word_1_101' title='bbox 400 1252 538 1285; x_wconf 87' lang='lat' dir='ltr'>seriores</span> <span class='ocrx_word' id='word_1_102' title='bbox 571 1251 648 1284; x_wconf 89' lang='lat' dir='ltr'>dicti</span> <span class='ocrx_word' id='word_1_103' title='bbox 682 1251 773 1293; x_wconf 78' lang='lat' dir='ltr'>regni</span> <span class='ocrx_word' id='word_1_104' title='bbox 801 1260 837 1282; x_wconf 77' lang='lat' dir='ltr'>ex</span> <span class='ocrx_word' id='word_1_105' title='bbox 864 1248 1047 1282; x_wconf 73' lang='lat' dir='ltr'>redditibus</span> <span class='ocrx_word' id='word_1_106' title='bbox 1073 1259 1145 1281; x_wconf 88' lang='lat' dir='ltr'>sua-</span> 
     </span>
     <span class='ocr_line' id='line_1_22' title="bbox 398 1303 1145 1346; baseline -0.004 -9"><span class='ocrx_word' id='word_1_107' title='bbox 398 1315 470 1337; x_wconf 79' lang='lat' dir='ltr'>ruin</span> <span class='ocrx_word' id='word_1_108' title='bbox 502 1304 716 1338; x_wconf 84' lang='lat' dir='ltr'>ecclesiarum</span> <span class='ocrx_word' id='word_1_109' title='bbox 753 1303 1062 1346; x_wconf 73' lang='lat' dir='ltr'>quomodocumque</span> <span class='ocrx_word' id='word_1_110' title='bbox 1094 1312 1145 1334; x_wconf 87' lang='lat' dir='ltr'>ac-</span> 
     </span>
     <span class='ocr_line' id='line_1_23' title="bbox 399 1356 1144 1402; baseline -0.001 -12"><span class='ocrx_word' id='word_1_111' title='bbox 399 1358 527 1402; x_wconf 80' lang='lat' dir='ltr'>quisita,</span> <span class='ocrx_word' id='word_1_112' title='bbox 547 1367 674 1391; x_wconf 80' lang='lat' dir='ltr'>necnon</span> <span class='ocrx_word' id='word_1_113' title='bbox 701 1358 826 1390; x_wconf 72' lang='lat' dir='ltr'>fructus</span> <span class='ocrx_word' id='word_1_114' title='bbox 853 1357 1017 1389; x_wconf 72' lang='lat' dir='ltr'>naturales</span> <span class='ocrx_word' id='word_1_115' title='bbox 1036 1367 1052 1389; x_wconf 86' lang='lat' dir='ltr'>a</span> <span class='ocrx_word' id='word_1_116' title='bbox 1074 1356 1144 1389; x_wconf 88' lang='lat' dir='ltr'>solo</span> 
     </span>
     <span class='ocr_line' id='line_1_24' title="bbox 399 1411 1144 1456; baseline -0.004 -11"><span class='ocrx_word' id='word_1_117' title='bbox 399 1418 577 1456; x_wconf 83' lang='lat' dir='ltr'>separatos,</span> <span class='ocrx_word' id='word_1_118' title='bbox 593 1418 624 1445; x_wconf 89' lang='lat' dir='ltr'>et</span> <span class='ocrx_word' id='word_1_119' title='bbox 638 1412 760 1451; x_wconf 79' lang='lat' dir='ltr'>civiles,</span> <span class='ocrx_word' id='word_1_120' title='bbox 778 1417 925 1454; x_wconf 80' lang='lat' dir='ltr'>ternpore</span> <span class='ocrx_word' id='word_1_121' title='bbox 944 1411 1057 1444; x_wconf 86' lang='lat' dir='ltr'>mortis</span> <span class='ocrx_word' id='word_1_122' title='bbox 1076 1421 1144 1453; x_wconf 89' lang='lat' dir='ltr'>per-</span> 
     </span>
     <span class='ocr_line' id='line_1_25' title="bbox 400 1464 1145 1510; baseline -0.007 -10"><span class='ocrx_word' id='word_1_123' title='bbox 400 1472 512 1510; x_wconf 82' lang='lat' dir='ltr'>ceptos</span> <span class='ocrx_word' id='word_1_124' title='bbox 537 1477 593 1499; x_wconf 86' lang='lat' dir='ltr'>seu</span> <span class='ocrx_word' id='word_1_125' title='bbox 625 1471 754 1499; x_wconf 78' lang='lat' dir='ltr'>exactos</span> <span class='ocrx_word' id='word_1_126' title='bbox 782 1476 818 1498; x_wconf 79' lang='lat' dir='ltr'>ex</span> <span class='ocrx_word' id='word_1_127' title='bbox 845 1464 1027 1498; x_wconf 68' lang='lat' dir='ltr'>redditibus</span> <span class='ocrx_word' id='word_1_128' title='bbox 1053 1473 1145 1507; x_wconf 86' lang='lat' dir='ltr'>prae-</span> 
     </span>
     <span class='ocr_line' id='line_1_26' title="bbox 400 1517 1143 1559; baseline -0.004 -7"><span class='ocrx_word' id='word_1_129' title='bbox 400 1520 538 1553; x_wconf 82' lang='lat' dir='ltr'>fatarum</span> <span class='ocrx_word' id='word_1_130' title='bbox 565 1519 790 1559; x_wconf 87' lang='lat' dir='ltr'>ecclesiarum,</span> <span class='ocrx_word' id='word_1_131' title='bbox 810 1518 906 1552; x_wconf 85' lang='lat' dir='ltr'>etiam</span> <span class='ocrx_word' id='word_1_132' title='bbox 929 1517 1143 1551; x_wconf 84' lang='lat' dir='ltr'>inconsuntos</span> 
     </span>
     <span class='ocr_line' id='line_1_27' title="bbox 400 1571 1145 1614; baseline -0.005 -8"><span class='ocrx_word' id='word_1_133' title='bbox 400 1579 433 1606; x_wconf 86' lang='lat' dir='ltr'>et</span> <span class='ocrx_word' id='word_1_134' title='bbox 456 1573 703 1613; x_wconf 79' lang='lat' dir='ltr'>incommixtos‚</span> <span class='ocrx_word' id='word_1_135' title='bbox 730 1583 796 1606; x_wconf 91' lang='lat' dir='ltr'>non</span> <span class='ocrx_word' id='word_1_136' title='bbox 829 1578 935 1604; x_wconf 83' lang='lat' dir='ltr'>tamen</span> <span class='ocrx_word' id='word_1_137' title='bbox 963 1571 1145 1614; x_wconf 75' lang='lat' dir='ltr'>pendentes</span> 
     </span>
     <span class='ocr_line' id='line_1_28' title="bbox 400 1624 1145 1669; baseline -0.004 -10"><span class='ocrx_word' id='word_1_138' title='bbox 400 1636 457 1659; x_wconf 86' lang='lat' dir='ltr'>seu</span> <span class='ocrx_word' id='word_1_139' title='bbox 482 1625 673 1666; x_wconf 77' lang='lat' dir='ltr'>inexactos,</span> <span class='ocrx_word' id='word_1_140' title='bbox 694 1636 730 1659; x_wconf 79' lang='lat' dir='ltr'>ex</span> <span class='ocrx_word' id='word_1_141' title='bbox 756 1625 887 1669; x_wconf 86' lang='lat' dir='ltr'>speciali</span> <span class='ocrx_word' id='word_1_142' title='bbox 914 1625 1001 1658; x_wconf 88' lang='lat' dir='ltr'>dono</span> <span class='ocrx_word' id='word_1_143' title='bbox 1023 1624 1145 1667; x_wconf 73' lang='lat' dir='ltr'>gratiae.</span> 
     </span>
     <span class='ocr_line' id='line_1_29' title="bbox 399 1678 1147 1723; baseline -0.003 -11"><span class='ocrx_word' id='word_1_144' title='bbox 399 1679 569 1723; x_wconf 89' lang='lat' dir='ltr'>perpetuis</span> <span class='ocrx_word' id='word_1_145' title='bbox 597 1679 711 1712; x_wconf 80' lang='lat' dir='ltr'>futuris</span> <span class='ocrx_word' id='word_1_146' title='bbox 739 1679 941 1723; x_wconf 78' lang='lat' dir='ltr'>temporibus</span> <span class='ocrx_word' id='word_1_147' title='bbox 969 1678 1073 1711; x_wconf 89' lang='lat' dir='ltr'>dictos</span> <span class='ocrx_word' id='word_1_148' title='bbox 1097 1688 1147 1710; x_wconf 87' lang='lat' dir='ltr'>ar-</span> 
     </span>
     <span class='ocr_line' id='line_1_30' title="bbox 401 1731 1146 1777; baseline -0.004 -11"><span class='ocrx_word' id='word_1_149' title='bbox 401 1733 639 1777; x_wconf 85' lang='lat' dir='ltr'>chiepiscopos,</span> <span class='ocrx_word' id='word_1_150' title='bbox 666 1732 839 1776; x_wconf 87' lang='lat' dir='ltr'>episcopos</span> <span class='ocrx_word' id='word_1_151' title='bbox 866 1738 895 1765; x_wconf 87' lang='lat' dir='ltr'>et</span> <span class='ocrx_word' id='word_1_152' title='bbox 922 1733 1085 1776; x_wconf 81' lang='lat' dir='ltr'>praelatos</span> <span class='ocrx_word' id='word_1_153' title='bbox 1104 1731 1146 1763; x_wconf 91' lang='lat' dir='ltr'>in-</span> 
     </span>
     <span class='ocr_line' id='line_1_31' title="bbox 401 1785 1144 1830; baseline -0.004 -10"><span class='ocrx_word' id='word_1_154' title='bbox 401 1786 537 1820; x_wconf 73' lang='lat' dir='ltr'>feriores</span> <span class='ocrx_word' id='word_1_155' title='bbox 564 1787 654 1830; x_wconf 79' lang='lat' dir='ltr'>regni</span> <span class='ocrx_word' id='word_1_156' title='bbox 693 1786 829 1830; x_wconf 81' lang='lat' dir='ltr'>praefati</span> <span class='ocrx_word' id='word_1_157' title='bbox 863 1786 998 1819; x_wconf 88' lang='lat' dir='ltr'>omnino</span> <span class='ocrx_word' id='word_1_158' title='bbox 1030 1785 1144 1818; x_wconf 75' lang='lat' dir='ltr'>exeruit</span> 
     </span>
     <span class='ocr_line' id='line_1_32' title="bbox 401 1839 1145 1880; baseline -0.003 -8"><span class='ocrx_word' id='word_1_159' title='bbox 401 1845 432 1872; x_wconf 90' lang='lat' dir='ltr'>et</span> <span class='ocrx_word' id='word_1_160' title='bbox 457 1840 614 1880; x_wconf 83' lang='lat' dir='ltr'>liberavit,</span> <span class='ocrx_word' id='word_1_161' title='bbox 642 1840 680 1873; x_wconf 88' lang='lat' dir='ltr'>ad</span> <span class='ocrx_word' id='word_1_162' title='bbox 708 1839 856 1873; x_wconf 72' lang='lat' dir='ltr'>ellectum</span> <span class='ocrx_word' id='word_1_163' title='bbox 883 1845 1002 1878; x_wconf 82' lang='lat' dir='ltr'>tamen,</span> <span class='ocrx_word' id='word_1_164' title='bbox 1024 1843 1055 1872; x_wconf 87' lang='lat' dir='ltr'>et</span> <span class='ocrx_word' id='word_1_165' title='bbox 1080 1848 1145 1870; x_wconf 85' lang='lat' dir='ltr'>non</span> 
     </span>
     <span class='ocr_line' id='line_1_33' title="bbox 401 1892 1146 1936; baseline -0.004 -10"><span class='ocrx_word' id='word_1_166' title='bbox 401 1893 493 1933; x_wconf 67' lang='lat' dir='ltr'>alifis,</span> <span class='ocrx_word' id='word_1_167' title='bbox 518 1894 623 1934; x_wconf 80' lang='lat' dir='ltr'>aliter,</span> <span class='ocrx_word' id='word_1_168' title='bbox 640 1903 699 1927; x_wconf 88' lang='lat' dir='ltr'>nec</span> <span class='ocrx_word' id='word_1_169' title='bbox 717 1893 780 1927; x_wconf 87' lang='lat' dir='ltr'>alio</span> <span class='ocrx_word' id='word_1_170' title='bbox 798 1893 904 1932; x_wconf 84' lang='lat' dir='ltr'>inodo,</span> <span class='ocrx_word' id='word_1_171' title='bbox 921 1899 955 1924; x_wconf 89' lang='lat' dir='ltr'>ut</span> <span class='ocrx_word' id='word_1_172' title='bbox 968 1892 1146 1936; x_wconf 84' lang='lat' dir='ltr'>praemissa</span> 
     </span>
     <span class='ocr_line' id='line_1_34' title="bbox 402 1938 1170 1990; baseline -0.003 -11"><span class='ocrx_word' id='word_1_173' title='bbox 402 1947 510 1980; x_wconf 85' lang='lat' dir='ltr'>onmia</span> <span class='ocrx_word' id='word_1_174' title='bbox 537 1952 567 1980; x_wconf 89' lang='lat' dir='ltr'>et</span> <span class='ocrx_word' id='word_1_175' title='bbox 592 1947 720 1990; x_wconf 75' lang='lat' dir='ltr'>singula</span> <span class='ocrx_word' id='word_1_176' title='bbox 747 1947 785 1980; x_wconf 89' lang='lat' dir='ltr'>ad</span> <span class='ocrx_word' id='word_1_177' title='bbox 814 1946 996 1979; x_wconf 83' lang='lat' dir='ltr'>antedictas</span> <span class='ocrx_word' id='word_1_178' title='bbox 1025 1938 1170 1978; x_wconf 77' lang='lat' dir='ltr'>metro-l</span> 
     </span>
     <span class='ocr_line' id='line_1_35' title="bbox 402 1999 1148 2044; baseline -0.001 -11"><span class='ocrx_word' id='word_1_179' title='bbox 402 2001 581 2044; x_wconf 75' lang='lat' dir='ltr'>politanas,</span> <span class='ocrx_word' id='word_1_180' title='bbox 608 2000 753 2044; x_wconf 84' lang='lat' dir='ltr'>aliasque</span> <span class='ocrx_word' id='word_1_181' title='bbox 780 2000 999 2040; x_wconf 73' lang='lat' dir='ltr'>cathedrales,</span> <span class='ocrx_word' id='word_1_182' title='bbox 1019 2005 1049 2033; x_wconf 89' lang='lat' dir='ltr'>et</span> <span class='ocrx_word' id='word_1_183' title='bbox 1076 1999 1148 2032; x_wconf 88' lang='lat' dir='ltr'>reli-</span> 
     </span>
     <span class='ocr_line' id='line_1_36' title="bbox 403 2052 1171 2098; baseline 0 -11"><span class='ocrx_word' id='word_1_184' title='bbox 403 2065 504 2098; x_wconf 78' lang='lat' dir='ltr'>quas,</span> <span class='ocrx_word' id='word_1_185' title='bbox 531 2055 650 2098; x_wconf 85' lang='lat' dir='ltr'>quihus</span> <span class='ocrx_word' id='word_1_186' title='bbox 686 2054 813 2098; x_wconf 81' lang='lat' dir='ltr'>ipsimet</span> <span class='ocrx_word' id='word_1_187' title='bbox 849 2053 1089 2097; x_wconf 84' lang='lat' dir='ltr'>archiepiscopi</span> <span class='ocrx_word' id='word_1_188' title='bbox 1117 2052 1171 2087; x_wconf 82' lang='lat' dir='ltr'>etl</span> 
     </span>
     <span class='ocr_line' id='line_1_37' title="bbox 404 2107 1148 2151; baseline -0.001 -11"><span class='ocrx_word' id='word_1_189' title='bbox 404 2108 550 2151; x_wconf 87' lang='lat' dir='ltr'>episcopi</span> <span class='ocrx_word' id='word_1_190' title='bbox 568 2118 623 2141; x_wconf 87' lang='lat' dir='ltr'>seu</span> <span class='ocrx_word' id='word_1_191' title='bbox 645 2107 780 2151; x_wconf 87' lang='lat' dir='ltr'>praelati</span> <span class='ocrx_word' id='word_1_192' title='bbox 807 2107 979 2140; x_wconf 74' lang='lat' dir='ltr'>interiores</span> <span class='ocrx_word' id='word_1_193' title='bbox 998 2107 1148 2150; x_wconf 78' lang='lat' dir='ltr'>praefue-</span> 
     </span>
     <span class='ocr_line' id='line_1_38' title="bbox 405 2160 1148 2206; baseline 0 -13"><span class='ocrx_word' id='word_1_194' title='bbox 405 2162 493 2201; x_wconf 85' lang='lat' dir='ltr'>rint,</span> <span class='ocrx_word' id='word_1_195' title='bbox 523 2161 654 2206; x_wconf 88' lang='lat' dir='ltr'>illisque</span> <span class='ocrx_word' id='word_1_196' title='bbox 687 2172 752 2194; x_wconf 90' lang='lat' dir='ltr'>non</span> <span class='ocrx_word' id='word_1_197' title='bbox 784 2160 1006 2204; x_wconf 80' lang='lat' dir='ltr'>indigentibus</span> <span class='ocrx_word' id='word_1_198' title='bbox 1031 2160 1148 2204; x_wconf 81' lang='lat' dir='ltr'>quibus</span> 
     </span>
     <span class='ocr_line' id='line_1_39' title="bbox 405 2213 1148 2258; baseline -0.001 -12"><span class='ocrx_word' id='word_1_199' title='bbox 405 2214 538 2257; x_wconf 81' lang='lat' dir='ltr'>ipsimet</span> <span class='ocrx_word' id='word_1_200' title='bbox 575 2214 818 2258; x_wconf 81' lang='lat' dir='ltr'>archiepiscopi</span> <span class='ocrx_word' id='word_1_201' title='bbox 857 2220 889 2247; x_wconf 89' lang='lat' dir='ltr'>et</span> <span class='ocrx_word' id='word_1_202' title='bbox 920 2213 1066 2257; x_wconf 80' lang='lat' dir='ltr'>episcopi</span> <span class='ocrx_word' id='word_1_203' title='bbox 1092 2224 1148 2246; x_wconf 91' lang='lat' dir='ltr'>seu</span> 
     </span>
     <span class='ocr_line' id='line_1_40' title="bbox 405 2266 1173 2311; baseline -0.001 -11"><span class='ocrx_word' id='word_1_204' title='bbox 405 2268 543 2311; x_wconf 85' lang='lat' dir='ltr'>praelati</span> <span class='ocrx_word' id='word_1_205' title='bbox 570 2268 744 2301; x_wconf 82' lang='lat' dir='ltr'>inferiores</span> <span class='ocrx_word' id='word_1_206' title='bbox 764 2267 983 2311; x_wconf 77' lang='lat' dir='ltr'>praefuerint,</span> <span class='ocrx_word' id='word_1_207' title='bbox 1001 2266 1148 2310; x_wconf 79' lang='lat' dir='ltr'>illisque¹</span> <span class='ocrx_word' id='word_1_208' title='bbox 1171 2285 1173 2299; x_wconf 66' lang='grc' dir='ltr'>ι</span> 
     </span>
     <span class='ocr_line' id='line_1_41' title="bbox 405 2321 1150 2365; baseline 0 -12"><span class='ocrx_word' id='word_1_209' title='bbox 405 2331 471 2354; x_wconf 87' lang='lat' dir='ltr'>non</span> <span class='ocrx_word' id='word_1_210' title='bbox 494 2321 728 2364; x_wconf 80' lang='lat' dir='ltr'>indigentibus,</span> <span class='ocrx_word' id='word_1_211' title='bbox 748 2322 787 2354; x_wconf 87' lang='lat' dir='ltr'>ad</span> <span class='ocrx_word' id='word_1_212' title='bbox 813 2321 1019 2365; x_wconf 77' lang='lat' dir='ltr'>parochiales</span> <span class='ocrx_word' id='word_1_213' title='bbox 1047 2321 1150 2353; x_wconf 85' lang='lat' dir='ltr'>ecclc-</span> 
     </span>
     <span class='ocr_line' id='line_1_42' title="bbox 406 2374 1148 2417; baseline -0.001 -10"><span class='ocrx_word' id='word_1_214' title='bbox 406 2374 470 2407; x_wconf 82' lang='lat' dir='ltr'>sias</span> <span class='ocrx_word' id='word_1_215' title='bbox 489 2384 600 2407; x_wconf 89' lang='lat' dir='ltr'>eorum</span> <span class='ocrx_word' id='word_1_216' title='bbox 615 2374 766 2417; x_wconf 78' lang='lat' dir='ltr'>regimini</span> <span class='ocrx_word' id='word_1_217' title='bbox 782 2375 971 2407; x_wconf 85' lang='lat' dir='ltr'>commissas</span> <span class='ocrx_word' id='word_1_218' title='bbox 989 2379 1148 2417; x_wconf 85' lang='lat' dir='ltr'>spectare,</span> 
     </span>
     <span class='ocr_line' id='line_1_43' title="bbox 407 2426 1150 2466; baseline -0.001 -7"><span class='ocrx_word' id='word_1_219' title='bbox 407 2437 444 2459; x_wconf 79' lang='lat' dir='ltr'>ac</span> <span class='ocrx_word' id='word_1_220' title='bbox 468 2427 507 2459; x_wconf 85' lang='lat' dir='ltr'>ad</span> <span class='ocrx_word' id='word_1_221' title='bbox 542 2427 731 2460; x_wconf 82' lang='lat' dir='ltr'>earumdem</span> <span class='ocrx_word' id='word_1_222' title='bbox 769 2427 930 2466; x_wconf 83' lang='lat' dir='ltr'>savorem,</span> <span class='ocrx_word' id='word_1_223' title='bbox 957 2426 1150 2459; x_wconf 76' lang='lat' dir='ltr'>beneficium</span> 
     </span>
     <span class='ocr_line' id='line_1_44' title="bbox 408 2480 1150 2524; baseline -0.003 -11"><span class='ocrx_word' id='word_1_224' title='bbox 408 2487 440 2513; x_wconf 85' lang='lat' dir='ltr'>et</span> <span class='ocrx_word' id='word_1_225' title='bbox 465 2480 638 2513; x_wconf 77' lang='lat' dir='ltr'>utilitatem</span> <span class='ocrx_word' id='word_1_226' title='bbox 672 2490 806 2524; x_wconf 82' lang='lat' dir='ltr'>prorsus</span> <span class='ocrx_word' id='word_1_227' title='bbox 837 2480 978 2520; x_wconf 78' lang='lat' dir='ltr'>cedere,</span> <span class='ocrx_word' id='word_1_228' title='bbox 1006 2480 1150 2513; x_wconf 83' lang='lat' dir='ltr'>converti</span> 
     </span>
    </p>
   </div>
   <div class='ocr_carea' id='block_1_3' title="bbox 1164 903 1166 960">
    <p class='ocr_par' dir='ltr' id='par_1_3' title="bbox 1164 903 1166 960">
     <span class='ocr_line' id='line_1_45' title="bbox 1164 903 1166 960; baseline 0 2187"><span class='ocrx_word' id='word_1_229' title='bbox 1164 903 1166 960; x_wconf 95' lang='lat' dir='ltr'> </span> 
     </span>
    </p>
   </div>
   <div class='ocr_carea' id='block_1_4' title="bbox 407 2550 1149 2632">
    <p class='ocr_par' dir='ltr' id='par_1_4' title="bbox 407 2550 1149 2632">
     <span class='ocr_line' id='line_1_46' title="bbox 445 2550 1149 2585; baseline -0.003 -7"><span class='ocrx_word' id='word_1_230' title='bbox 445 2552 454 2578; x_wconf 82' lang='lat'>1</span> <span class='ocrx_word' id='word_1_231' title='bbox 479 2551 588 2578; x_wconf 81' lang='lat' dir='ltr'>Comma</span> <span class='ocrx_word' id='word_1_232' title='bbox 604 2551 675 2578; x_wconf 76' lang='lat' dir='ltr'>istud</span> <span class='ocrx_word' id='word_1_233' title='bbox 692 2550 850 2584; x_wconf 83' lang='lat' dir='ltr'>delendum,</span> <span class='ocrx_word' id='word_1_234' title='bbox 865 2551 904 2577; x_wconf 68' lang='lat' dir='ltr'>vel</span> <span class='ocrx_word' id='word_1_235' title='bbox 920 2550 1064 2585; x_wconf 80' lang='lat' dir='ltr'>legendum</span> <span class='ocrx_word' id='word_1_236' title='bbox 1081 2551 1149 2585; x_wconf 65' lang='lat' dir='ltr'>illis,</span> 
     </span>
     <span class='ocr_line' id='line_1_47' title="bbox 407 2595 971 2632; baseline -0.007 -7"><span class='ocrx_word' id='word_1_237' title='bbox 407 2596 548 2632; x_wconf 74' lang='lat' dir='ltr'>inquam,</span> <span class='ocrx_word' id='word_1_238' title='bbox 570 2605 626 2624; x_wconf 80' lang='lat' dir='ltr'>non</span> <span class='ocrx_word' id='word_1_239' title='bbox 648 2595 850 2630; x_wconf 68' lang='lat' dir='ltr'>iudiyenlibus</span> <span class='ocrx_word' id='word_1_240' title='bbox 872 2598 906 2632; x_wconf 43' lang='lat' dir='ltr'>gn.</span> <span class='ocrx_word' id='word_1_241' title='bbox 924 2597 971 2629; x_wconf 80' lang='lat' dir='ltr'>T.).</span> 
     </span>
    </p>
   </div>
   <div class='ocr_carea' id='block_1_5' title="bbox 1165 1120 1175 2629">
    <p class='ocr_par' dir='ltr' id='par_1_5' title="bbox 1165 1120 1175 2629">
     <span class='ocr_line' id='line_1_48' title="bbox 1165 1120 1175 2629; baseline 0 0"><span class='ocrx_word' id='word_1_242' title='bbox 1165 1120 1175 2629; x_wconf 95' lang='lat' dir='ltr'> </span> 
     </span>
    </p>
   </div>
   <div class='ocr_carea' id='block_1_6' title="bbox 992 188 1931 292">
    <p class='ocr_par' dir='ltr' id='par_1_6' title="bbox 992 188 1931 292">
     <span class='ocr_line' id='line_1_49' title="bbox 992 188 1358 212; baseline 0.003 -1"><span class='ocrx_word' id='word_1_243' title='bbox 992 188 1173 212; x_wconf 35' lang='lat' dir='ltr'>nrtihinu‘n</span> <span class='ocrx_word' id='word_1_244' title='bbox 1201 188 1358 212; x_wconf 57' lang='lat' dir='ltr'>normUM</span> 
     </span>
     <span class='ocr_line' id='line_1_50' title="bbox 1165 237 1931 292; baseline 0.004 -24"><span class='ocrx_word' id='word_1_245' title='bbox 1165 239 1167 292; x_wconf 53' lang='lat' dir='ltr'>l</span> <span class='ocrx_word' id='word_1_246' title='bbox 1188 243 1220 269; x_wconf 88' lang='lat' dir='ltr'>et</span> <span class='ocrx_word' id='word_1_247' title='bbox 1245 237 1372 280; x_wconf 74' lang='lat' dir='ltr'>erogari</span> <span class='ocrx_word' id='word_1_248' title='bbox 1400 237 1578 279; x_wconf 77' lang='lat' dir='ltr'>deberent3</span> <span class='ocrx_word' id='word_1_249' title='bbox 1606 239 1766 282; x_wconf 79' lang='lat' dir='ltr'>pluraque</span> <span class='ocrx_word' id='word_1_250' title='bbox 1785 237 1846 271; x_wconf 80' lang='lat' dir='ltr'>alia</span> <span class='ocrx_word' id='word_1_251' title='bbox 1868 242 1931 271; x_wconf 82' lang='lat' dir='ltr'>sta-</span> 
     </span>
    </p>
   </div>
   <div class='ocr_carea' id='block_1_7' title="bbox 1189 291 1932 388">
    <p class='ocr_par' dir='ltr' id='par_1_7' title="bbox 1189 291 1932 388">
     <span class='ocr_line' id='line_1_51' title="bbox 1189 291 1932 335; baseline 0.001 -14"><span class='ocrx_word' id='word_1_252' title='bbox 1189 291 1248 323; x_wconf 88' lang='lat' dir='ltr'>tuit</span> <span class='ocrx_word' id='word_1_253' title='bbox 1273 297 1369 334; x_wconf 76' lang='lat' dir='ltr'>ntque</span> <span class='ocrx_word' id='word_1_254' title='bbox 1396 291 1565 330; x_wconf 83' lang='lat' dir='ltr'>dissolvit,</span> <span class='ocrx_word' id='word_1_255' title='bbox 1596 302 1677 335; x_wconf 82' lang='lat' dir='ltr'>quae</span> <span class='ocrx_word' id='word_1_256' title='bbox 1709 292 1740 324; x_wconf 93' lang='lat' dir='ltr'>in</span> <span class='ocrx_word' id='word_1_257' title='bbox 1774 291 1932 325; x_wconf 89' lang='lat' dir='ltr'>constitu-</span> 
     </span>
     <span class='ocr_line' id='line_1_52' title="bbox 1189 344 1928 388; baseline 0.001 -12"><span class='ocrx_word' id='word_1_258' title='bbox 1189 344 1277 376; x_wconf 84' lang='lat' dir='ltr'>tione</span> <span class='ocrx_word' id='word_1_259' title='bbox 1305 355 1322 376; x_wconf 86' lang='lat' dir='ltr'>a</span> <span class='ocrx_word' id='word_1_260' title='bbox 1348 350 1528 377; x_wconf 84' lang='lat' dir='ltr'>memorato</span> <span class='ocrx_word' id='word_1_261' title='bbox 1563 345 1753 378; x_wconf 74' lang='lat' dir='ltr'>Innocentio</span> <span class='ocrx_word' id='word_1_262' title='bbox 1786 345 1928 388; x_wconf 88' lang='lat' dir='ltr'>praede-</span> 
     </span>
    </p>
   </div>
   <div class='ocr_carea' id='block_1_8' title="bbox 1166 397 1933 443">
    <p class='ocr_par' dir='ltr' id='par_1_8' title="bbox 1166 397 1933 443">
     <span class='ocr_line' id='line_1_53' title="bbox 1166 397 1933 443; baseline 0 -13"><span class='ocrx_word' id='word_1_263' title='bbox 1166 397 1322 443; x_wconf 63' lang='lat' dir='ltr'>{ressore</span> <span class='ocrx_word' id='word_1_264' title='bbox 1349 398 1493 441; x_wconf 71' lang='lat' dir='ltr'>desuper</span> <span class='ocrx_word' id='word_1_265' title='bbox 1511 398 1597 431; x_wconf 72' lang='lat' dir='ltr'>edita</span> <span class='ocrx_word' id='word_1_266' title='bbox 1623 408 1708 431; x_wconf 90' lang='lat' dir='ltr'>anno</span> <span class='ocrx_word' id='word_1_267' title='bbox 1734 397 1933 431; x_wconf 85' lang='lat' dir='ltr'>lucarnatio-</span> 
     </span>
    </p>
   </div>
   <div class='ocr_carea' id='block_1_9' title="bbox 1188 450 1933 708">
    <p class='ocr_par' dir='ltr' id='par_1_9' title="bbox 1188 450 1933 644">
     <span class='ocr_line' id='line_1_54' title="bbox 1189 450 1933 490; baseline 0.003 -8"><span class='ocrx_word' id='word_1_268' title='bbox 1189 450 1238 482; x_wconf 85' lang='lat' dir='ltr'>nis</span> <span class='ocrx_word' id='word_1_269' title='bbox 1257 451 1437 484; x_wconf 81' lang='lat' dir='ltr'>dominicae</span> <span class='ocrx_word' id='word_1_270' title='bbox 1464 451 1635 490; x_wconf 74' lang='lat' dir='ltr'>MDCXCtlt‘,</span> <span class='ocrx_word' id='word_1_271' title='bbox 1658 462 1691 484; x_wconf 91' lang='grc' dir='ltr'>ιιι</span> <span class='ocrx_word' id='word_1_272' title='bbox 1710 451 1865 484; x_wconf 80' lang='lat' dir='ltr'>kalendas</span> <span class='ocrx_word' id='word_1_273' title='bbox 1892 450 1933 484; x_wconf 82' lang='lat' dir='ltr'>se-</span> 
     </span>
     <span class='ocr_line' id='line_1_55' title="bbox 1189 504 1931 548; baseline 0 -12"><span class='ocrx_word' id='word_1_274' title='bbox 1189 505 1324 544; x_wconf 67' lang='lat' dir='ltr'>lwuarii,</span> <span class='ocrx_word' id='word_1_275' title='bbox 1348 504 1558 548; x_wconf 75' lang='lat' dir='ltr'>pontificatus</span> <span class='ocrx_word' id='word_1_276' title='bbox 1592 504 1638 537; x_wconf 92' lang='lat' dir='ltr'>sui</span> <span class='ocrx_word' id='word_1_277' title='bbox 1665 515 1751 537; x_wconf 87' lang='lat' dir='ltr'>anno</span> <span class='ocrx_word' id='word_1_278' title='bbox 1777 514 1823 544; x_wconf 84' lang='grc' dir='ltr'>ιιι,</span> <span class='ocrx_word' id='word_1_279' title='bbox 1848 513 1931 547; x_wconf 86' lang='lat' dir='ltr'>quae</span> 
     </span>
     <span class='ocr_line' id='line_1_56' title="bbox 1188 558 1932 602; baseline 0 -13"><span class='ocrx_word' id='word_1_280' title='bbox 1188 558 1304 601; x_wconf 84' lang='lat' dir='ltr'>incipit</span> <span class='ocrx_word' id='word_1_281' title='bbox 1329 558 1555 598; x_wconf 49' lang='lat' dir='ltr'>[inscrutabile]</span> <span class='ocrx_word' id='word_1_282' title='bbox 1585 558 1712 602; x_wconf 82' lang='lat' dir='ltr'>plenius</span> <span class='ocrx_word' id='word_1_283' title='bbox 1738 568 1773 591; x_wconf 87' lang='lat' dir='ltr'>ac</span> <span class='ocrx_word' id='word_1_284' title='bbox 1798 558 1932 591; x_wconf 85' lang='lat' dir='ltr'>uberius</span> 
     </span>
     <span class='ocr_line' id='line_1_57' title="bbox 1188 611 1384 644; baseline 0 0"><span class='ocrx_word' id='word_1_285' title='bbox 1188 611 1384 644; x_wconf 84' lang='lat' dir='ltr'>continetur.</span> 
     </span>
    </p>

    <p class='ocr_par' dir='ltr' id='par_1_10' title="bbox 1231 664 1926 708">
     <span class='ocr_line' id='line_1_58' title="bbox 1231 664 1926 708; baseline 0.001 -12"><span class='ocrx_word' id='word_1_286' title='bbox 1231 664 1302 706; x_wconf 55' lang='lat'>§2</span> <span class='ocrx_word' id='word_1_287' title='bbox 1345 664 1423 698; x_wconf 85' lang='lat' dir='ltr'>Cum</span> <span class='ocrx_word' id='word_1_288' title='bbox 1457 669 1577 704; x_wconf 78' lang='lat' dir='ltr'>autem,</span> <span class='ocrx_word' id='word_1_289' title='bbox 1612 665 1693 697; x_wconf 88' lang='lat' dir='ltr'>sicut</span> <span class='ocrx_word' id='word_1_290' title='bbox 1728 664 1926 708; x_wconf 80' lang='lat' dir='ltr'>accepimus,</span> 
     </span>
    </p>
   </div>
   <div class='ocr_carea' id='block_1_10' title="bbox 400 719 1980 868">
    <p class='ocr_par' dir='ltr' id='par_1_11' title="bbox 400 719 1980 868">
     <span class='ocr_line' id='line_1_59' title="bbox 1188 719 1930 761; baseline 0.005 -13.88"><span class='ocrx_word' id='word_1_291' title='bbox 1188 724 1355 761; x_wconf 76' lang='lat' dir='ltr'>postquam</span> <span class='ocrx_word' id='word_1_292' title='bbox 1382 719 1542 750; x_wconf 80' lang='lat' dir='ltr'>eiusmodi</span> <span class='ocrx_word' id='word_1_293' title='bbox 1569 719 1758 751; x_wconf 74' lang='lat' dir='ltr'>constitutio</span> <span class='ocrx_word' id='word_1_294' title='bbox 1785 719 1930 761; x_wconf 83' lang='lat' dir='ltr'>promul-</span> 
     </span>
     <span class='ocr_line' id='line_1_60' title="bbox 1165 772 1930 814; baseline -0.003 -8"><span class='ocrx_word' id='word_1_295' title='bbox 1165 784 1166 806; x_wconf 76' lang='lat'>]</span> <span class='ocrx_word' id='word_1_296' title='bbox 1188 777 1260 811; x_wconf 51' lang='lat' dir='ltr'>:eata</span> <span class='ocrx_word' id='word_1_297' title='bbox 1287 772 1353 810; x_wconf 82' lang='lat' dir='ltr'>l&#39;uit,</span> <span class='ocrx_word' id='word_1_298' title='bbox 1377 772 1572 814; x_wconf 68' lang='lat' dir='ltr'>debitaespie</span> <span class='ocrx_word' id='word_1_299' title='bbox 1596 772 1780 804; x_wconf 62' lang='lat' dir='ltr'>executioni</span> <span class='ocrx_word' id='word_1_300' title='bbox 1802 772 1930 804; x_wconf 79' lang='lat' dir='ltr'>deman-</span> 
     </span>
     <span class='ocr_line' id='line_1_61' title="bbox 400 817 1980 868; baseline 0.001 -11"><span class='ocrx_word' id='word_1_301' title='bbox 400 825 466 857; x_wconf 71' lang='lat' dir='ltr'>xari</span> <span class='ocrx_word' id='word_1_302' title='bbox 486 835 522 857; x_wconf 86' lang='lat' dir='ltr'>ac</span> <span class='ocrx_word' id='word_1_303' title='bbox 548 823 733 868; x_wconf 85' lang='lat' dir='ltr'>perturbari</span> <span class='ocrx_word' id='word_1_304' title='bbox 756 823 1013 865; x_wconf 70' lang='lat' dir='ltr'>consueverant)</span> <span class='ocrx_word' id='word_1_305' title='bbox 1035 833 1051 854; x_wconf 86' lang='lat' dir='ltr'>a</span> <span class='ocrx_word' id='word_1_306' title='bbox 1069 833 1143 865; x_wconf 87' lang='lat' dir='ltr'>spo·</span> <span class='ocrx_word' id='word_1_307' title='bbox 1164 817 1165 823; x_wconf 36' lang='lat'>¹</span> <span class='ocrx_word' id='word_1_308' title='bbox 1188 824 1255 857; x_wconf 89' lang='lat' dir='ltr'>dari</span> <span class='ocrx_word' id='word_1_309' title='bbox 1283 825 1399 868; x_wconf 70' lang='lat' dir='ltr'>coepit„</span> <span class='ocrx_word' id='word_1_310' title='bbox 1424 825 1531 858; x_wconf 79' lang='lat' dir='ltr'>dilecti</span> <span class='ocrx_word' id='word_1_311' title='bbox 1559 825 1615 857; x_wconf 79' lang='lat' dir='ltr'>tilii</span> <span class='ocrx_word' id='word_1_312' title='bbox 1649 825 1832 868; x_wconf 81' lang='lat' dir='ltr'>praedictae</span> <span class='ocrx_word' id='word_1_313' title='bbox 1866 825 1926 859; x_wconf 78' lang='lat' dir='ltr'>Ca·</span> <span class='ocrx_word' id='word_1_314' title='bbox 1942 835 1980 853; x_wconf 69' lang='lat'>0³¹·</span> 
     </span>
    </p>
   </div>
   <div class='ocr_carea' id='block_1_11' title="bbox 1187 878 1932 975">
    <p class='ocr_par' dir='ltr' id='par_1_12' title="bbox 1187 878 1932 975">
     <span class='ocr_line' id='line_1_62' title="bbox 1188 878 1931 921; baseline -0.001 -10"><span class='ocrx_word' id='word_1_315' title='bbox 1188 889 1296 912; x_wconf 85' lang='lat' dir='ltr'>merae</span> <span class='ocrx_word' id='word_1_316' title='bbox 1323 884 1452 912; x_wconf 84' lang='lat' dir='ltr'>nostrae</span> <span class='ocrx_word' id='word_1_317' title='bbox 1479 878 1685 921; x_wconf 72' lang='lat' dir='ltr'>Apostolicae</span> <span class='ocrx_word' id='word_1_318' title='bbox 1709 879 1931 912; x_wconf 82' lang='lat' dir='ltr'>thesaurarius</span> 
     </span>
     <span class='ocr_line' id='line_1_63' title="bbox 1187 932 1932 975; baseline 0.001 -11"><span class='ocrx_word' id='word_1_319' title='bbox 1187 932 1348 974; x_wconf 79' lang='lat' dir='ltr'>generalis</span> <span class='ocrx_word' id='word_1_320' title='bbox 1375 938 1406 965; x_wconf 89' lang='lat' dir='ltr'>et</span> <span class='ocrx_word' id='word_1_321' title='bbox 1431 932 1672 965; x_wconf 86' lang='lat' dir='ltr'>commissarius</span> <span class='ocrx_word' id='word_1_322' title='bbox 1699 932 1810 965; x_wconf 86' lang='lat' dir='ltr'>itidem</span> <span class='ocrx_word' id='word_1_323' title='bbox 1837 943 1932 975; x_wconf 78' lang='lat' dir='ltr'>gene-</span> 
     </span>
    </p>
   </div>
   <div class='ocr_carea' id='block_1_12' title="bbox 1164 970 1932 1028">
    <p class='ocr_par' dir='ltr' id='par_1_13' title="bbox 1164 970 1932 1028">
     <span class='ocr_line' id='line_1_64' title="bbox 1164 970 1932 1028; baseline 0.001 -11"><span class='ocrx_word' id='word_1_324' title='bbox 1164 970 1275 1026; x_wconf 54' lang='lat' dir='ltr'>{ralis¹</span> <span class='ocrx_word' id='word_1_325' title='bbox 1303 995 1431 1018; x_wconf 84' lang='lat' dir='ltr'>necnon</span> <span class='ocrx_word' id='word_1_326' title='bbox 1467 985 1651 1028; x_wconf 79' lang='lat' dir='ltr'>spoliorum</span> <span class='ocrx_word' id='word_1_327' title='bbox 1685 985 1714 1017; x_wconf 91' lang='lat' dir='ltr'>in</span> <span class='ocrx_word' id='word_1_328' title='bbox 1749 993 1932 1018; x_wconf 84' lang='lat' dir='ltr'>memorato</span> 
     </span>
    </p>
   </div>
   <div class='ocr_carea' id='block_1_13' title="bbox 1188 1039 1936 2310">
    <p class='ocr_par' dir='ltr' id='par_1_14' title="bbox 1188 1039 1936 2310">
     <span class='ocr_line' id='line_1_65' title="bbox 1189 1039 1934 1082; baseline 0.001 -12"><span class='ocrx_word' id='word_1_329' title='bbox 1189 1049 1288 1081; x_wconf 75' lang='lat' dir='ltr'>regno</span> <span class='ocrx_word' id='word_1_330' title='bbox 1314 1039 1528 1082; x_wconf 84' lang='lat' dir='ltr'>Neapolitano</span> <span class='ocrx_word' id='word_1_331' title='bbox 1566 1040 1762 1073; x_wconf 84' lang='lat' dir='ltr'>collectores</span> <span class='ocrx_word' id='word_1_332' title='bbox 1794 1044 1825 1072; x_wconf 89' lang='lat' dir='ltr'>et</span> <span class='ocrx_word' id='word_1_333' title='bbox 1857 1039 1934 1071; x_wconf 87' lang='lat' dir='ltr'>sub·</span> 
     </span>
     <span class='ocr_line' id='line_1_66' title="bbox 1189 1091 1932 1134; baseline 0.001 -12"><span class='ocrx_word' id='word_1_334' title='bbox 1189 1092 1401 1131; x_wconf 79' lang='lat' dir='ltr'>collectores,</span> <span class='ocrx_word' id='word_1_335' title='bbox 1439 1091 1686 1134; x_wconf 83' lang='lat' dir='ltr'>praetenderint</span> <span class='ocrx_word' id='word_1_336' title='bbox 1725 1091 1783 1123; x_wconf 82' lang='lat' dir='ltr'>sub</span> <span class='ocrx_word' id='word_1_337' title='bbox 1818 1091 1932 1125; x_wconf 75' lang='lat' dir='ltr'>eadent</span> 
     </span>
     <span class='ocr_line' id='line_1_67' title="bbox 1188 1144 1932 1188; baseline 0.001 -12"><span class='ocrx_word' id='word_1_338' title='bbox 1188 1144 1418 1178; x_wconf 89' lang='lat' dir='ltr'>constitutione</span> <span class='ocrx_word' id='word_1_339' title='bbox 1444 1145 1579 1178; x_wconf 89' lang='lat' dir='ltr'>minime</span> <span class='ocrx_word' id='word_1_340' title='bbox 1608 1145 1847 1188; x_wconf 87' lang='lat' dir='ltr'>comprehendi</span> <span class='ocrx_word' id='word_1_341' title='bbox 1872 1155 1932 1178; x_wconf 80' lang='lat' dir='ltr'>nec</span> 
     </span>
     <span class='ocr_line' id='line_1_68' title="bbox 1189 1198 1934 1242; baseline 0.003 -12"><span class='ocrx_word' id='word_1_342' title='bbox 1189 1198 1428 1242; x_wconf 83' lang='lat' dir='ltr'>comprehensa</span> <span class='ocrx_word' id='word_1_343' title='bbox 1453 1198 1581 1231; x_wconf 85' lang='lat' dir='ltr'>censeri</span> <span class='ocrx_word' id='word_1_344' title='bbox 1609 1199 1729 1231; x_wconf 86' lang='lat' dir='ltr'>debere</span> <span class='ocrx_word' id='word_1_345' title='bbox 1755 1198 1862 1242; x_wconf 86' lang='lat' dir='ltr'>spolia</span> <span class='ocrx_word' id='word_1_346' title='bbox 1879 1199 1934 1232; x_wconf 91' lang='lat' dir='ltr'>bo-</span> 
     </span>
     <span class='ocr_line' id='line_1_69' title="bbox 1188 1245 1934 1295; baseline 0.004 -13"><span class='ocrx_word' id='word_1_347' title='bbox 1188 1261 1302 1283; x_wconf 86' lang='lat' dir='ltr'>norum</span> <span class='ocrx_word' id='word_1_348' title='bbox 1329 1256 1359 1284; x_wconf 89' lang='lat' dir='ltr'>et</span> <span class='ocrx_word' id='word_1_349' title='bbox 1384 1251 1544 1283; x_wconf 81' lang='lat' dir='ltr'>fruetuum</span> <span class='ocrx_word' id='word_1_350' title='bbox 1563 1261 1845 1295; x_wconf 83' lang='lat' dir='ltr'>quorumcumque</span> <span class='ocrx_word' id='word_1_351' title='bbox 1865 1245 1934 1295; x_wconf 59' lang='lat' dir='ltr'>speL</span> 
     </span>
     <span class='ocr_line' id='line_1_70' title="bbox 1189 1303 1933 1348; baseline 0.004 -13"><span class='ocrx_word' id='word_1_352' title='bbox 1189 1303 1345 1336; x_wconf 84' lang='lat' dir='ltr'>etantium</span> <span class='ocrx_word' id='word_1_353' title='bbox 1371 1304 1409 1336; x_wconf 84' lang='lat' dir='ltr'>ad</span> <span class='ocrx_word' id='word_1_354' title='bbox 1444 1304 1726 1347; x_wconf 75' lang='lat' dir='ltr'>archiepiscopos,</span> <span class='ocrx_word' id='word_1_355' title='bbox 1761 1304 1933 1348; x_wconf 86' lang='lat' dir='ltr'>episcopos</span> 
     </span>
     <span class='ocr_line' id='line_1_71' title="bbox 1189 1356 1933 1400; baseline 0.001 -12"><span class='ocrx_word' id='word_1_356' title='bbox 1189 1362 1220 1389; x_wconf 88' lang='lat' dir='ltr'>et</span> <span class='ocrx_word' id='word_1_357' title='bbox 1245 1357 1324 1390; x_wconf 84' lang='lat' dir='ltr'>alios</span> <span class='ocrx_word' id='word_1_358' title='bbox 1351 1358 1518 1400; x_wconf 85' lang='lat' dir='ltr'>praesules</span> <span class='ocrx_word' id='word_1_359' title='bbox 1545 1356 1714 1390; x_wconf 77' lang='lat' dir='ltr'>inferiores</span> <span class='ocrx_word' id='word_1_360' title='bbox 1736 1357 1933 1393; x_wconf 87' lang='lat' dir='ltr'>decedentes</span> 
     </span>
     <span class='ocr_line' id='line_1_72' title="bbox 1190 1408 1931 1451; baseline 0 -9"><span class='ocrx_word' id='word_1_361' title='bbox 1190 1415 1279 1442; x_wconf 80' lang='lat' dir='ltr'>extra</span> <span class='ocrx_word' id='word_1_362' title='bbox 1304 1408 1385 1443; x_wconf 80' lang='lat' dir='ltr'>sines</span> <span class='ocrx_word' id='word_1_363' title='bbox 1418 1410 1629 1443; x_wconf 84' lang='lat' dir='ltr'>ecclesiarum</span> <span class='ocrx_word' id='word_1_364' title='bbox 1663 1416 1695 1443; x_wconf 85' lang='lat' dir='ltr'>et</span> <span class='ocrx_word' id='word_1_365' title='bbox 1728 1411 1931 1451; x_wconf 85' lang='lat' dir='ltr'>dioecesum,</span> 
     </span>
     <span class='ocr_line' id='line_1_73' title="bbox 1189 1463 1934 1506; baseline 0.001 -11"><span class='ocrx_word' id='word_1_366' title='bbox 1189 1463 1275 1506; x_wconf 87' lang='lat' dir='ltr'>apud</span> <span class='ocrx_word' id='word_1_367' title='bbox 1301 1473 1382 1506; x_wconf 82' lang='lat' dir='ltr'>quas</span> <span class='ocrx_word' id='word_1_368' title='bbox 1408 1464 1615 1506; x_wconf 83' lang='lat' dir='ltr'>personalem</span> <span class='ocrx_word' id='word_1_369' title='bbox 1648 1463 1859 1497; x_wconf 81' lang='lat' dir='ltr'>residentiam</span> <span class='ocrx_word' id='word_1_370' title='bbox 1891 1464 1934 1497; x_wconf 83' lang='lat' dir='ltr'>sa-</span> 
     </span>
     <span class='ocr_line' id='line_1_74' title="bbox 1190 1516 1935 1561; baseline 0 -11"><span class='ocrx_word' id='word_1_371' title='bbox 1190 1527 1264 1550; x_wconf 88' lang='lat' dir='ltr'>cere</span> <span class='ocrx_word' id='word_1_372' title='bbox 1292 1516 1506 1557; x_wconf 57' lang='lat' dir='ltr'>tenebantur,</span> <span class='ocrx_word' id='word_1_373' title='bbox 1533 1527 1572 1550; x_wconf 89' lang='lat' dir='ltr'>eo</span> <span class='ocrx_word' id='word_1_374' title='bbox 1598 1517 1674 1560; x_wconf 86' lang='lat' dir='ltr'>quia</span> <span class='ocrx_word' id='word_1_375' title='bbox 1700 1517 1865 1561; x_wconf 77' lang='lat' dir='ltr'>praefatus</span> <span class='ocrx_word' id='word_1_376' title='bbox 1885 1517 1935 1550; x_wconf 90' lang='lat' dir='ltr'>ln-</span> 
     </span>
     <span class='ocr_line' id='line_1_75' title="bbox 1190 1569 1934 1613; baseline 0 -10"><span class='ocrx_word' id='word_1_377' title='bbox 1190 1570 1363 1603; x_wconf 87' lang='lat' dir='ltr'>noceutius</span> <span class='ocrx_word' id='word_1_378' title='bbox 1379 1570 1616 1613; x_wconf 85' lang='lat' dir='ltr'>praedecessor</span> <span class='ocrx_word' id='word_1_379' title='bbox 1631 1570 1662 1602; x_wconf 93' lang='lat' dir='ltr'>in</span> <span class='ocrx_word' id='word_1_380' title='bbox 1682 1569 1845 1603; x_wconf 75' lang='lat' dir='ltr'>antedicta</span> <span class='ocrx_word' id='word_1_381' title='bbox 1863 1580 1934 1603; x_wconf 89' lang='lat' dir='ltr'>con·</span> 
     </span>
     <span class='ocr_line' id='line_1_76' title="bbox 1190 1623 1935 1667; baseline 0 -11"><span class='ocrx_word' id='word_1_382' title='bbox 1190 1623 1360 1657; x_wconf 81' lang='lat' dir='ltr'>stitutione</span> <span class='ocrx_word' id='word_1_383' title='bbox 1386 1634 1449 1656; x_wconf 87' lang='lat' dir='ltr'>non</span> <span class='ocrx_word' id='word_1_384' title='bbox 1477 1624 1573 1656; x_wconf 85' lang='lat' dir='ltr'>niodo</span> <span class='ocrx_word' id='word_1_385' title='bbox 1600 1633 1760 1667; x_wconf 75' lang='lat' dir='ltr'>expresse,</span> <span class='ocrx_word' id='word_1_386' title='bbox 1780 1623 1935 1667; x_wconf 83' lang='lat' dir='ltr'>quemad-</span> 
     </span>
     <span class='ocr_line' id='line_1_77' title="bbox 1190 1678 1934 1721; baseline 0 -11"><span class='ocrx_word' id='word_1_387' title='bbox 1190 1678 1323 1711; x_wconf 80' lang='lat' dir='ltr'>modum</span> <span class='ocrx_word' id='word_1_388' title='bbox 1350 1689 1431 1721; x_wconf 81' lang='lat' dir='ltr'>opus</span> <span class='ocrx_word' id='word_1_389' title='bbox 1454 1684 1532 1717; x_wconf 84' lang='lat' dir='ltr'>erat,</span> <span class='ocrx_word' id='word_1_390' title='bbox 1554 1688 1617 1711; x_wconf 87' lang='lat' dir='ltr'>uon</span> <span class='ocrx_word' id='word_1_391' title='bbox 1637 1678 1855 1720; x_wconf 77' lang='lat' dir='ltr'>derogaverit,</span> <span class='ocrx_word' id='word_1_392' title='bbox 1876 1678 1934 1711; x_wconf 91' lang='lat' dir='ltr'>sed</span> 
     </span>
     <span class='ocr_line' id='line_1_78' title="bbox 1191 1730 1935 1774; baseline 0 -12"><span class='ocrx_word' id='word_1_393' title='bbox 1191 1742 1251 1764; x_wconf 85' lang='lat' dir='ltr'>nec</span> <span class='ocrx_word' id='word_1_394' title='bbox 1276 1732 1376 1764; x_wconf 84' lang='lat' dir='ltr'>ullam</span> <span class='ocrx_word' id='word_1_395' title='bbox 1413 1742 1548 1774; x_wconf 86' lang='lat' dir='ltr'>prorsus</span> <span class='ocrx_word' id='word_1_396' title='bbox 1583 1731 1783 1764; x_wconf 86' lang='lat' dir='ltr'>mentionem</span> <span class='ocrx_word' id='word_1_397' title='bbox 1818 1730 1935 1764; x_wconf 80' lang='lat' dir='ltr'>fecerit</span> 
     </span>
     <span class='ocr_line' id='line_1_79' title="bbox 1192 1784 1936 1828; baseline -0.001 -10"><span class='ocrx_word' id='word_1_398' title='bbox 1192 1784 1370 1818; x_wconf 84' lang='lat' dir='ltr'>litterarum</span> <span class='ocrx_word' id='word_1_399' title='bbox 1387 1785 1641 1828; x_wconf 80' lang='lat' dir='ltr'>apostolicarum</span> <span class='ocrx_word' id='word_1_400' title='bbox 1661 1785 1857 1818; x_wconf 82' lang='lat' dir='ltr'>recolendae</span> <span class='ocrx_word' id='word_1_401' title='bbox 1872 1794 1936 1817; x_wconf 85' lang='lat' dir='ltr'>me-</span> 
     </span>
     <span class='ocr_line' id='line_1_80' title="bbox 1192 1837 1934 1882; baseline -0.001 -12"><span class='ocrx_word' id='word_1_402' title='bbox 1192 1838 1312 1870; x_wconf 70' lang='lat' dir='ltr'>moriae</span> <span class='ocrx_word' id='word_1_403' title='bbox 1363 1838 1407 1870; x_wconf 86' lang='lat' dir='ltr'>l‘ii</span> <span class='ocrx_word' id='word_1_404' title='bbox 1445 1839 1551 1881; x_wconf 81' lang='lat' dir='ltr'>Papae</span> <span class='ocrx_word' id='word_1_405' title='bbox 1593 1838 1629 1870; x_wconf 75' lang='lat' dir='ltr'>lv</span> <span class='ocrx_word' id='word_1_406' title='bbox 1668 1837 1934 1882; x_wconf 83' lang='lat' dir='ltr'>praedecessoris</span> 
     </span>
     <span class='ocr_line' id='line_1_81' title="bbox 1192 1892 1935 1935; baseline -0.001 -11"><span class='ocrx_word' id='word_1_407' title='bbox 1192 1893 1288 1925; x_wconf 87' lang='lat' dir='ltr'>etiam</span> <span class='ocrx_word' id='word_1_408' title='bbox 1314 1892 1428 1930; x_wconf 75' lang='lat' dir='ltr'>nostri,</span> <span class='ocrx_word' id='word_1_409' title='bbox 1446 1903 1581 1935; x_wconf 72' lang='lat' dir='ltr'>(piarum</span> <span class='ocrx_word' id='word_1_410' title='bbox 1603 1892 1730 1924; x_wconf 88' lang='lat' dir='ltr'>initium</span> <span class='ocrx_word' id='word_1_411' title='bbox 1753 1898 1802 1924; x_wconf 89' lang='lat' dir='ltr'>cst</span> <span class='ocrx_word' id='word_1_412' title='bbox 1819 1892 1860 1925; x_wconf 83' lang='lat' dir='ltr'>In</span> <span class='ocrx_word' id='word_1_413' title='bbox 1884 1902 1935 1924; x_wconf 78' lang='lat' dir='ltr'>su-</span> 
     </span>
     <span class='ocr_line' id='line_1_82' title="bbox 1190 1945 1936 1989; baseline 0 -11"><span class='ocrx_word' id='word_1_414' title='bbox 1190 1946 1490 1989; x_wconf 56' lang='lat' dir='ltr'>prema,editarum</span> <span class='ocrx_word' id='word_1_415' title='bbox 1517 1956 1601 1979; x_wconf 90' lang='lat' dir='ltr'>anno</span> <span class='ocrx_word' id='word_1_416' title='bbox 1627 1945 1864 1978; x_wconf 81' lang='lat' dir='ltr'>Incarnationis</span> <span class='ocrx_word' id='word_1_417' title='bbox 1885 1946 1936 1978; x_wconf 89' lang='lat' dir='ltr'>do-</span> 
     </span>
     <span class='ocr_line' id='line_1_83' title="bbox 1193 1998 1934 2039; baseline -0.003 -7"><span class='ocrx_word' id='word_1_418' title='bbox 1193 2000 1331 2032; x_wconf 86' lang='lat' dir='ltr'>minicae</span> <span class='ocrx_word' id='word_1_419' title='bbox 1353 2009 1480 2039; x_wconf 67' lang='lat' dir='ltr'>unrxw,</span> <span class='ocrx_word' id='word_1_420' title='bbox 1508 2010 1549 2032; x_wconf 80' lang='lat' dir='ltr'>vu</span> <span class='ocrx_word' id='word_1_421' title='bbox 1571 1999 1724 2032; x_wconf 80' lang='lat' dir='ltr'>kalendas</span> <span class='ocrx_word' id='word_1_422' title='bbox 1742 1998 1934 2037; x_wconf 82' lang='lat' dir='ltr'>decembris,</span> 
     </span>
     <span class='ocr_line' id='line_1_84' title="bbox 1193 2052 1936 2096; baseline -0.001 -12"><span class='ocrx_word' id='word_1_423' title='bbox 1193 2052 1401 2096; x_wconf 79' lang='lat' dir='ltr'>pontificatus</span> <span class='ocrx_word' id='word_1_424' title='bbox 1437 2053 1484 2085; x_wconf 71' lang='lat' dir='ltr'>sui</span> <span class='ocrx_word' id='word_1_425' title='bbox 1520 2062 1603 2085; x_wconf 86' lang='lat' dir='ltr'>anno</span> <span class='ocrx_word' id='word_1_426' title='bbox 1634 2063 1661 2092; x_wconf 80' lang='lat' dir='ltr'>v,</span> <span class='ocrx_word' id='word_1_427' title='bbox 1695 2052 1814 2095; x_wconf 88' lang='lat' dir='ltr'>quibus</span> <span class='ocrx_word' id='word_1_428' title='bbox 1849 2052 1936 2085; x_wconf 85' lang='lat' dir='ltr'>bona</span> 
     </span>
     <span class='ocr_line' id='line_1_85' title="bbox 1194 2105 1936 2149; baseline -0.004 -10"><span class='ocrx_word' id='word_1_429' title='bbox 1194 2105 1301 2139; x_wconf 78' lang='lat' dir='ltr'>emnia</span> <span class='ocrx_word' id='word_1_430' title='bbox 1327 2107 1364 2139; x_wconf 86' lang='lat' dir='ltr'>ad</span> <span class='ocrx_word' id='word_1_431' title='bbox 1392 2106 1603 2149; x_wconf 83' lang='lat' dir='ltr'>patriarchas,</span> <span class='ocrx_word' id='word_1_432' title='bbox 1631 2105 1796 2149; x_wconf 83' lang='lat' dir='ltr'>primates,</span> <span class='ocrx_word' id='word_1_433' title='bbox 1815 2105 1936 2138; x_wconf 87' lang='lat' dir='ltr'>archie-</span> 
     </span>
     <span class='ocr_line' id='line_1_86' title="bbox 1192 2159 1936 2203; baseline 0 -13"><span class='ocrx_word' id='word_1_434' title='bbox 1192 2159 1345 2203; x_wconf 84' lang='lat' dir='ltr'>piscopos</span> <span class='ocrx_word' id='word_1_435' title='bbox 1377 2164 1408 2192; x_wconf 88' lang='lat' dir='ltr'>et.</span> <span class='ocrx_word' id='word_1_436' title='bbox 1445 2159 1624 2202; x_wconf 83' lang='lat' dir='ltr'>episcopos,</span> <span class='ocrx_word' id='word_1_437' title='bbox 1652 2170 1688 2191; x_wconf 85' lang='lat' dir='ltr'>ac</span> <span class='ocrx_word' id='word_1_438' title='bbox 1725 2159 1806 2192; x_wconf 85' lang='lat' dir='ltr'>alios</span> <span class='ocrx_word' id='word_1_439' title='bbox 1839 2168 1936 2202; x_wconf 85' lang='lat' dir='ltr'>quos-</span> 
     </span>
     <span class='ocr_line' id='line_1_87' title="bbox 1193 2211 1936 2257; baseline -0.001 -12"><span class='ocrx_word' id='word_1_440' title='bbox 1193 2223 1331 2257; x_wconf 85' lang='lat' dir='ltr'>cumque</span> <span class='ocrx_word' id='word_1_441' title='bbox 1363 2212 1575 2246; x_wconf 81' lang='lat' dir='ltr'>benesiciatos</span> <span class='ocrx_word' id='word_1_442' title='bbox 1603 2217 1693 2245; x_wconf 82' lang='lat' dir='ltr'>extra</span> <span class='ocrx_word' id='word_1_443' title='bbox 1724 2211 1936 2245; x_wconf 85' lang='lat' dir='ltr'>residentiam</span> 
     </span>
     <span class='ocr_line' id='line_1_88' title="bbox 1194 2265 1931 2310; baseline -0.004 -10"><span class='ocrx_word' id='word_1_444' title='bbox 1194 2267 1363 2300; x_wconf 80' lang='lat' dir='ltr'>defunctos</span> <span class='ocrx_word' id='word_1_445' title='bbox 1389 2266 1599 2310; x_wconf 88' lang='lat' dir='ltr'>pertinentia,</span> <span class='ocrx_word' id='word_1_446' title='bbox 1626 2271 1791 2308; x_wconf 81' lang='lat' dir='ltr'>tamquam</span> <span class='ocrx_word' id='word_1_447' title='bbox 1817 2265 1931 2309; x_wconf 85' lang='lat' dir='ltr'>spolia,</span> 
     </span>
    </p>
   </div>
   <div class='ocr_carea' id='block_1_14' title="bbox 1933 187 2124 216">
    <p class='ocr_par' dir='ltr' id='par_1_15' title="bbox 1933 187 2124 216">
     <span class='ocr_line' id='line_1_89' title="bbox 1933 187 2124 216; baseline 0.01 -2"><span class='ocrx_word' id='word_1_448' title='bbox 1933 187 1989 215; x_wconf 87' lang='lat' dir='ltr'>An.</span> <span class='ocrx_word' id='word_1_449' title='bbox 2009 187 2038 216; x_wconf 93' lang='lat' dir='ltr'>C.</span> <span class='ocrx_word' id='word_1_450' title='bbox 2057 188 2124 216; x_wconf 64' lang='lat'>¹716</span> 
     </span>
    </p>
   </div>
   <div class='ocr_carea' id='block_1_15' title="bbox 1995 672 2127 698">
    <p class='ocr_par' dir='ltr' id='par_1_16' title="bbox 1995 672 2127 698">
     <span class='ocr_line' id='line_1_90' title="bbox 1995 672 2127 698; baseline 0.008 -5"><span class='ocrx_word' id='word_1_451' title='bbox 1995 673 2025 693; x_wconf 82' lang='lat' dir='ltr'>An</span> <span class='ocrx_word' id='word_1_452' title='bbox 2044 672 2064 693; x_wconf 90' lang='lat' dir='ltr'>in</span> <span class='ocrx_word' id='word_1_453' title='bbox 2081 673 2127 698; x_wconf 50' lang='lat' dir='ltr'>ips&amp;</span> 
     </span>
    </p>
   </div>
   <div class='ocr_carea' id='block_1_16' title="bbox 1950 700 2155 725">
    <p class='ocr_par' dir='ltr' id='par_1_17' title="bbox 1950 700 2155 725">
     <span class='ocr_line' id='line_1_91' title="bbox 1950 700 2155 725; baseline 0.005 -6"><span class='ocrx_word' id='word_1_454' title='bbox 1950 700 2118 725; x_wconf 78' lang='lat' dir='ltr'>comprehende-</span> <span class='ocrx_word' id='word_1_455' title='bbox 2151 712 2155 713; x_wconf 38' lang='grc' dir='ltr'><em>ν</em></span> 
     </span>
    </p>
   </div>
   <div class='ocr_carea' id='block_1_17' title="bbox 1941 728 2154 829">
    <p class='ocr_par' dir='ltr' id='par_1_18' title="bbox 1941 728 2154 829">
     <span class='ocr_line' id='line_1_92' title="bbox 1941 728 2154 753; baseline 0 -7"><span class='ocrx_word' id='word_1_456' title='bbox 1941 728 2126 753; x_wconf 63' lang='grc' dir='ltr'>ΠῚιίιιι-ρῐῆεειηιτς</span> <span class='ocrx_word' id='word_1_457' title='bbox 2151 749 2154 752; x_wconf 39' lang='grc'>,</span> 
     </span>
     <span class='ocr_line' id='line_1_93' title="bbox 1942 753 2127 774; baseline -0.005 -2"><span class='ocrx_word' id='word_1_458' title='bbox 1942 755 2001 772; x_wconf 63' lang='lat' dir='ltr'>extra</span> <span class='ocrx_word' id='word_1_459' title='bbox 2041 753 2127 774; x_wconf 71' lang='lat' dir='ltr'>dinone-</span> 
     </span>
     <span class='ocr_line' id='line_1_94' title="bbox 1942 778 2126 800; baseline 0.005 -1"><span class='ocrx_word' id='word_1_460' title='bbox 1942 780 1980 799; x_wconf 71' lang='lat' dir='ltr'>sun</span> <span class='ocrx_word' id='word_1_461' title='bbox 2022 778 2126 800; x_wconf 58' lang='lat' dir='ltr'>decaden·</span> 
     </span>
     <span class='ocr_line' id='line_1_95' title="bbox 1942 806 2127 829; baseline 0.005 -4"><span class='ocrx_word' id='word_1_462' title='bbox 1942 808 1986 829; x_wconf 66' lang='lat' dir='ltr'>tes,</span> <span class='ocrx_word' id='word_1_463' title='bbox 2008 806 2127 826; x_wconf 78' lang='lat' dir='ltr'>dubitatum</span> 
     </span>
    </p>
   </div>
   <div class='ocr_carea' id='block_1_18' title="bbox 1194 2318 1985 2363">
    <p class='ocr_par' dir='ltr' id='par_1_19' title="bbox 1194 2318 1985 2363">
     <span class='ocr_line' id='line_1_96' title="bbox 1194 2318 1985 2363; baseline -0.003 -10"><span class='ocrx_word' id='word_1_464' title='bbox 1194 2321 1232 2353; x_wconf 88' lang='lat' dir='ltr'>ad</span> <span class='ocrx_word' id='word_1_465' title='bbox 1258 2320 1425 2353; x_wconf 85' lang='lat' dir='ltr'>Camerain</span> <span class='ocrx_word' id='word_1_466' title='bbox 1450 2319 1673 2363; x_wconf 75' lang='lat' dir='ltr'>Apostolicam</span> <span class='ocrx_word' id='word_1_467' title='bbox 1699 2318 1844 2362; x_wconf 80' lang='lat' dir='ltr'>legitime</span> <span class='ocrx_word' id='word_1_468' title='bbox 1862 2329 1935 2362; x_wconf 89' lang='lat' dir='ltr'>spe·</span> <span class='ocrx_word' id='word_1_469' title='bbox 1981 2353 1985 2357; x_wconf 61' lang='grc'><strong>,</strong></span> 
     </span>
    </p>
   </div>
   <div class='ocr_carea' id='block_1_19' title="bbox 1194 2372 1935 2469">
    <p class='ocr_par' dir='ltr' id='par_1_20' title="bbox 1194 2372 1935 2469">
     <span class='ocr_line' id='line_1_97' title="bbox 1194 2372 1935 2417; baseline -0.003 -11"><span class='ocrx_word' id='word_1_470' title='bbox 1194 2379 1280 2406; x_wconf 87' lang='lat' dir='ltr'>ctare</span> <span class='ocrx_word' id='word_1_471' title='bbox 1298 2379 1408 2417; x_wconf 84' lang='lat' dir='ltr'>aperte</span> <span class='ocrx_word' id='word_1_472' title='bbox 1425 2373 1613 2406; x_wconf 87' lang='lat' dir='ltr'>decernitur</span> <span class='ocrx_word' id='word_1_473' title='bbox 1628 2378 1658 2405; x_wconf 93' lang='lat' dir='ltr'>et</span> <span class='ocrx_word' id='word_1_474' title='bbox 1676 2378 1820 2412; x_wconf 80' lang='lat' dir='ltr'>cavetur3</span> <span class='ocrx_word' id='word_1_475' title='bbox 1841 2372 1935 2405; x_wconf 82' lang='lat' dir='ltr'>adeo-</span> 
     </span>
     <span class='ocr_line' id='line_1_98' title="bbox 1194 2424 1935 2469; baseline 0 -12"><span class='ocrx_word' id='word_1_476' title='bbox 1194 2437 1255 2469; x_wconf 81' lang='lat' dir='ltr'>que</span> <span class='ocrx_word' id='word_1_477' title='bbox 1283 2431 1369 2469; x_wconf 76' lang='lat' dir='ltr'>(cum</span> <span class='ocrx_word' id='word_1_478' title='bbox 1397 2431 1469 2469; x_wconf 86' lang='lat' dir='ltr'>post</span> <span class='ocrx_word' id='word_1_479' title='bbox 1496 2425 1620 2459; x_wconf 89' lang='lat' dir='ltr'>obitum</span> <span class='ocrx_word' id='word_1_480' title='bbox 1648 2424 1818 2458; x_wconf 79' lang='lat' dir='ltr'>memorati</span> <span class='ocrx_word' id='word_1_481' title='bbox 1841 2424 1935 2458; x_wconf 86' lang='lat' dir='ltr'>Inno-</span> 
     </span>
    </p>
   </div>
   <div class='ocr_carea' id='block_1_20' title="bbox 1172 2479 1935 2522">
    <p class='ocr_par' dir='ltr' id='par_1_21' title="bbox 1172 2479 1935 2522">
     <span class='ocr_line' id='line_1_99' title="bbox 1172 2479 1935 2522; baseline -0.003 -9"><span class='ocrx_word' id='word_1_482' title='bbox 1172 2479 1291 2513; x_wconf 88' lang='lat' dir='ltr'>·centii</span> <span class='ocrx_word' id='word_1_483' title='bbox 1327 2479 1590 2522; x_wconf 83' lang='lat' dir='ltr'>praedecessoris</span> <span class='ocrx_word' id='word_1_484' title='bbox 1621 2479 1770 2511; x_wconf 88' lang='lat' dir='ltr'>nonnulli</span> <span class='ocrx_word' id='word_1_485' title='bbox 1807 2479 1935 2512; x_wconf 84' lang='lat' dir='ltr'>archie-</span> 
     </span>
    </p>
   </div>
   <div class='ocr_carea' id='block_1_21' title="bbox 1194 2546 1935 2630">
    <p class='ocr_par' dir='ltr' id='par_1_22' title="bbox 1194 2546 1935 2630">
     <span class='ocr_line' id='line_1_100' title="bbox 1232 2546 1935 2577; baseline 0.001 -1"><span class='ocrx_word' id='word_1_486' title='bbox 1232 2552 1240 2577; x_wconf 86' lang='grc'>1</span> <span class='ocrx_word' id='word_1_487' title='bbox 1265 2549 1385 2576; x_wconf 84' lang='lat' dir='ltr'>llabetur</span> <span class='ocrx_word' id='word_1_488' title='bbox 1411 2550 1435 2575; x_wconf 89' lang='lat' dir='ltr'>in</span> <span class='ocrx_word' id='word_1_489' title='bbox 1457 2549 1573 2576; x_wconf 86' lang='lat' dir='ltr'>Bullario</span> <span class='ocrx_word' id='word_1_490' title='bbox 1600 2549 1651 2576; x_wconf 85' lang='lat' dir='ltr'>sub</span> <span class='ocrx_word' id='word_1_491' title='bbox 1674 2557 1743 2577; x_wconf 85' lang='lat' dir='ltr'>anno</span> <span class='ocrx_word' id='word_1_492' title='bbox 1769 2555 1884 2576; x_wconf 69' lang='lat' dir='ltr'>Mncxcw</span> <span class='ocrx_word' id='word_1_493' title='bbox 1909 2546 1935 2577; x_wconf 79' lang='lat' dir='ltr'>in</span> 
     </span>
     <span class='ocr_line' id='line_1_101' title="bbox 1194 2594 1617 2630; baseline -0.005 -9"><span class='ocrx_word' id='word_1_494' title='bbox 1194 2599 1257 2622; x_wconf 86' lang='lat' dir='ltr'>tom.</span> <span class='ocrx_word' id='word_1_495' title='bbox 1279 2603 1329 2625; x_wconf 73' lang='lat' dir='ltr'>xx,</span> <span class='ocrx_word' id='word_1_496' title='bbox 1352 2602 1413 2630; x_wconf 75' lang='lat' dir='ltr'>pag.</span> <span class='ocrx_word' id='word_1_497' title='bbox 1434 2594 1486 2621; x_wconf 75' lang='lat'>590</span> <span class='ocrx_word' id='word_1_498' title='bbox 1504 2594 1545 2629; x_wconf 80' lang='lat' dir='ltr'>(n.</span> <span class='ocrx_word' id='word_1_499' title='bbox 1568 2595 1617 2630; x_wconf 62' lang='lat' dir='ltr'>r).</span> 
     </span>
    </p>
   </div>
  </div>
 </body>
</html>
