2139 3142
456 241 520 273 880
1006 247 1183 269 artesium
1210 245 1359 270 nomam

499 303 530 336 in
555 303 638 336 dicta
662 300 824 345 provincia
842 299 1077 332 Pedemontana
1103 297 1187 330 iuxta
1207 297 1448 331 constitutiones
1464 297 1583 330 Urbani
1601 298 1666 331 VIII
1687 303 1717 331 et
1735 298 1910 332 innocentii
1926 298 1956 332 X

498 355 648 388 nonnulla
672 354 794 392 statuit,
815 352 878 385 816
903 362 924 384 a
948 356 978 383 et
1001 361 1099 394 seq.‚,·
1115 351 1236 384 eisdem
1261 351 1444 394 provinciae
1467 351 1617 384 Castellae
1642 351 1805 385 decretum
1825 351 1956 396 capituli

499 407 654 451 generalis
671 405 845 448 abrogavit,
862 410 956 448 atque
973 403 1229 436 observationem
1245 403 1379 436 aliorum
1398 404 1611 446 capitulorum
1631 405 1828 446 generalium
1846 410 1878 437 et
1894 409 1956 437 sta-

496 467 635 494 tutorum
650 459 751 492 dictae
767 458 948 501 provinciae
962 457 1047 490 circa
1060 456 1237 489 doctrinam
1252 456 1397 489 Doctoris
1410 457 1550 499 Angelici
1566 456 1734 497 mandavit,
1744 456 1808 489 868
1820 468 1841 490 a
1853 462 1954 501 etseq.

409 514 593 548 Carmelitae
617 511 811 545 Discalceati.
837 530 878 535 ——
904 512 928 543 A
952 511 1112 543 Clemente
1136 509 1174 542 IX
1199 510 1404 543 confirmatae
1428 510 1516 543 fuere
1541 510 1782 543 constitutiones
1819 510 1908 543 Pauli
1931 510 1956 542 V

499 572 528 599 et
553 565 697 608 Gregorii
724 565 786 604 XV,
807 564 922 607 quibus
943 564 987 596 eis
1012 563 1245 596 concedebatur
1269 563 1401 596 facultas
1424 573 1522 596 novas
1539 563 1681 606 erigendi
1703 563 1816 596 domos
1832 563 1871 596 de
1887 563 1956 596 sola

498 618 626 651 licentia
642 617 895 656 Ordinariorum,
913 626 1015 659 neque
1033 619 1156 648 servata
1173 616 1333 657 distantia,
1349 615 1414 649 302
1434 617 1451 648 h
1468 621 1498 649 et
1522 627 1605 659 seq.;
1623 616 1794 659 praedictis
1811 616 1956 649 eamdem

498 670 754 704 constitutionem
772 669 942 703 Clementis
962 670 999 702 IX
1017 678 1112 712 super
1136 669 1282 702 facultate
1306 679 1403 701 novas
1428 669 1570 712 erigendi
1595 669 1706 702 domos
1731 669 1776 702 eis
1794 670 1956 711 concessa,

498 723 718 761 confirmavit,
743 722 808 755 306
842 733 862 754 a
894 726 923 753 et
954 721 987 760 b;
1017 721 1259 754 Carmelitarum
1294 722 1553 755 Excalceatorum
1589 722 1738 756 Ordinem
1764 732 1782 754 a
1806 721 1957 755 Romanis

497 775 701 809 Pontificibus
734 775 811 807 alias
835 779 1016 817 exemptum
1043 775 1138 807 fuisse
1161 784 1179 806 a
1204 775 1361 807 solutione
1385 775 1592 816 decimarum,
1620 776 1731 816 refert,
1757 775 1821 809 512
1847 776 1881 814 b;
1906 774 1958 807 ad-

497 839 606 862 versus
631 828 814 861 Carmelitas
845 826 971 859 eosdem
1002 827 1262 870 Congregationis
1286 828 1509 871 Hispaniarum
1542 838 1560 860 a
1583 828 1732 872 parochis
1756 834 1787 861 et
1812 826 1957 871 capitulis

496 881 657 915 nonnullis
682 881 741 913 hac
773 890 870 923 super
894 890 929 912 re
951 880 1099 913 excitatas
1124 880 1220 913 fuisse
1244 880 1313 913 lites
1333 880 1419 921 dicit,
1443 881 1523 921 ibid3
1548 881 1581 913 in
1605 881 1791 914 eorumdem
1816 880 1957 922 Congre-

497 935 634 977 gationis
650 934 789 967 favorem
808 933 974 977 privilegia
991 933 1152 977 praedicta
1169 943 1264 976 super
1284 934 1485 977 exemptione
1509 944 1527 965 a
1551 933 1692 973 decimis,
1710 934 1787 967 alias
1808 933 1957 966 universo

496 988 605 1022 Ordini
623 997 788 1028 concessa,
808 987 986 1025 confirmat,
1004 985 1069 1019 513
1086 997 1122 1025 α;
1140 987 1316 1020 Carmelitis
1334 986 1533 1019 Discalceatis
1550 986 1812 1029 Congregationis
1832 985 1957 1025 Italiae,

497 1041 659 1074 decretum
685 1040 814 1083 capituli
839 1040 1013 1082 generalis,
1038 1050 1101 1083 quo
1126 1050 1314 1083 responsum
1341 1045 1388 1072 est
1412 1039 1508 1072 laicos
1532 1049 1588 1071 seu
1612 1049 1799 1081 conversos,
1824 1038 1958 1071 donatos

498 1098 709 1137 nuncupatos,
726 1092 866 1126 eiusdem
892 1092 1027 1132 Ordinis,
1053 1093 1153 1125 teneri
1178 1093 1330 1125 unacum
1351 1092 1508 1134 religiosis
1532 1092 1680 1125 choristis
1704 1091 1743 1124 ad
1768 1092 1875 1125 omnia
1897 1090 1956 1124 hu-

500 1146 639 1179 militatis
663 1146 785 1186 officia,
813 1145 1022 1185 confirmavit,
1048 1144 1112 1177 6002
1136 1145 1153 1177 b
1178 1150 1208 1177 et
1231 1156 1294 1188 seq.

410 1199 619 1235 Carthusiam.
646 1216 691 1222 -κ
720 1198 796 1231 Vide
819 1197 961 1231 Monachi
987 1198 1113 1231 Ordinis
1138 1198 1379 1232 Carthasiensis.

410 1254 620 1288 Cassinenses.
639 1270 680 1275 —
705 1251 936 1284 Cassinensium
963 1252 1145 1284 monasterii
1173 1252 1281 1284 laudes
1306 1256 1458 1290 recenset,
1487 1251 1551 1284 2238
1579 1262 1618 1291 a;
1644 1253 1715 1285 vide
1738 1251 1882 1284 Monachi
1906 1251 1960 1284 Or-

500 1306 583 1339 dinis
607 1305 636 1338 S.
663 1305 822 1337 Benedicti
847 1304 1110 1347 Congregatiffliis
1134 1305 1343 1343 Cassinensis3
1371 1304 1563 1337 Cassinensis
1592 1304 1774 1337 monasterii
1806 1304 1958 1348 templum

500 1370 518 1391 a
543 1358 710 1391 Benedicto
731 1357 796 1390 XIII
816 1363 1035 1390 consecratum
1054 1358 1160 1397 fuisse,
1179 1358 1289 1397 refert,
1311 1357 1376 1390 604
1391 1368 1424 1397 a3
1454 1358 1604 1390 ecclesiae
1630 1357 1810 1401 praedictae
1833 1357 1959 1390 dedica-

503 1412 594 1445 tionis
619 1411 769 1444 lcctioncs
794 1411 942 1454 proprias
967 1411 1005 1443 ab
1031 1412 1179 1444 universo
1204 1412 1290 1444 clero
1314 1411 1467 1443 dioecesis
1493 1411 1685 1443 Cassinensis
1710 1411 1760 1443 die
1785 1422 1795 1444 1
1819 1410 1959 1444 octobris

500 1465 678 1498 recitandas
699 1474 768 1496 esse
787 1464 936 1503 decrevit,
963 1463 1028 1496 605
1046 1475 1066 1497 α
1083 1470 1113 1496 et
1138 1475 1211 1507 seq„
1233 1464 1305 1496 mile
1329 1464 1450 1503 Aleas;
1478 1464 1667 1497 monasterio
1688 1464 1828 1507 praefato
1852 1463 1959 1497 omnia

502 1519 669 1563 privilegia
697 1518 828 1560 elargita
860 1517 1079 1557 confirmavit,
1115 1518 1201 1556 2‘b1'd.;
1231 1517 1381 1549 eeclesiae
1405 1517 1584 1560 praedictae
1609 1517 1731 1550 duobus
1757 1517 1957 1549 confessariis

502 1572 666 1605 facultates
692 1571 845 1614 quasdam
870 1570 1043 1610 concessit,
1073 1570 1148 1603 ibid.

414 1627 555 1659 Castrum
581 1624 774 1668 Gandulphi.
802 1644 843 1647 ψ
869 1624 1018 1656 Eiusdeni
1052 1624 1241 1665 gubernium
1274 1623 1378 1655 denuo
1411 1623 1628 1665 praefecturae
1660 1623 1766 1666 palatii
1791 1622 1957 1666 apostolici

502 1680 624 1712 unitum
649 1678 707 1710 fuit
731 1688 788 1720 per
813 1677 1076 1720 chirographum,
1102 1677 1185 1719 quod
1211 1676 1419 1716 confirmavit,
1442 1675 1500 1708 764
1529 1686 1549 1708 α
1574 1682 1603 1707 ct.
1628 1687 1690 1718 seq.

413 1732 648 1766 Catechumeni.
675 1751 716 1755 —
747 1731 822 1763 Vide
845 1730 1120 1763 Conservatorium
1146 1730 1465 1763 Catechumeliorum.

416 1786 584 1820 Catharina
601 1785 658 1827 (S.)
676 1795 692 1816 a
711 1784 860 1817 Bononia.
877 1803 920 1807 -—
938 1784 1011 1816 Eius
1036 1784 1116 1815 facta
1141 1789 1170 1815 et
1191 1783 1295 1824 vitam,
1318 1783 1449 1815 virtutes
1466 1787 1496 1816 et
1519 1783 1618 1825 signa,
1636 1788 1666 1815 et
1689 1783 1756 1815 eius
1773 1782 1959 1815 Sanctarum

503 1840 574 1872 albo
598 1838 844 1881 adscriptionem
871 1838 967 1870 refert
992 1837 1178 1870 Benedictus
1204 1837 1284 1877 XIII7
1309 1842 1340 1869 et
1364 1836 1635 1869 canonizationem
1661 1837 1854 1879 promulgat,
1872 1835 1915 1868 36
1939 1846 1960 1868 a

504 1897 533 1926 et
556 1903 617 1935 seq.

414 1947 531 1979 Causae
568 1945 814 1977 conlislentiales
847 1964 889 1966 ’ν
923 1944 1038 1977 Causas
1072 1944 1247 1987 praedictas
1278 1943 1417 1986 primum
1450 1943 1584 1986 abipso
1620 1943 1761 1975 Romano
1787 1941 1960 1981 Pontifice,

503 1999 615 2030 deinde
640 2008 695 2040 per
720 1997 943 2041 particularem
971 1997 1105 2029 iudicem
1132 2008 1167 2028 ex
1194 1996 1392 2038 delegatione
1416 1995 1601 2038 apostolica,
1626 1994 1776 2037 cognosci
1801 1999 1831 2026 et
1857 1993 1959 2033 decidi

503 2052 711 2089 consuevisse,
738 2051 842 2090 refert,
870 2050 934 2082 734
958 2050 993 2090 03
1021 2050 1092 2082 vide
1117 2049 1321 2081 Auditoratus
1346 2058 1514 2080 causarum
1540 2047 1822 2079 conlidentialium.

414 2106 571 2138 Censura-‘2
597 2104 837 2137 ecrdefflasticae.
866 2123 909 2125 —
934 2103 1110 2142 Censuras,
1135 2113 1212 2145 quas
1239 2103 1443 2134 incurrerunt
1466 2100 1644 2134 administri
1674 2100 1845 2132 saecularis
1870 2104 1960 2143 pote-

503 2159 588 2191 statis
622 2159 652 2189 iu
687 2157 802 2189 ducatu
839 2156 1015 2188 Sabaudiae
1050 2156 1090 2189 ol)
1116 2161 1265 2188 attentata
1290 2154 1441 2187 nonnulla
1470 2154 1620 2186 adversus
1646 2163 1798 2196 personas
1823 2158 1853 2185 et
1877 2153 1960 2185 bona

504 2210 685 2243 monasterii
710 2210 741 2242 S.
770 2209 921 2241 Bernardi
947 2209 977 2241 ln
1002 2209 1125 2241 Valesia
1150 2209 1276 2241 Ordinis
1301 2207 1533 2242 Canonicorum
1559 2207 1763 2249 Regularium
1795 2206 1824 2238 S.
1854 2207 1961 2248 Augu-

505 2266 586 2303 slim,
601 2266 707 2297 firmas
724 2274 792 2296 esse
806 2263 955 2301 decrevit,
974 2263 1038 2295 326
1058 2264 1088 2301 l›;
1108 2272 1257 2295 censuras
1275 2262 1352 2294 latas
1369 2261 1407 2293 ab
1425 2260 1573 2303 episcopo
1586 2259 1730 2303 Papiensi
1748 2259 1779 2291 in
1793 2259 1961 2292 canonicos

503 2324 585 2350 ratas
610 2316 790 2355 declaravit,
815 2316 880 2348 373
906 2316 922 2347 b
949 2320 978 2349 et
1002 2327 1082 2359 seq.;
1107 2327 1123 2348 a
1149 2315 1291 2347 censuris
1315 2313 1484 2357 praedictis
1510 2312 1739 2345 absolutionem
1766 2311 1867 2344 eidem
1893 2311 1960 2354 epi-

504 2381 610 2413 scopo,
629 2377 787 2412 tamquam
814 2370 957 2411 delegato
982 2369 1167 2413 apostolico,
1187 2368 1322 2405 remisit,
1340 2367 1436 2406 ibid.;
1454 2376 1602 2399 censuras
1627 2376 1644 2398 a
1669 2365 1766 2398 sacris
1787 2365 1961 2398 canonibus

506 2424 638 2456 inllictas
655 2423 826 2455 incurrisse
851 2433 915 2462 eos,
940 2423 993 2465 qui
1019 2423 1048 2454 in
1075 2422 1221 2455 Poloniae
1247 2431 1345 2462 reguo
1370 2419 1521 2451 adversus
1545 2418 1750 2451 nunciaturae
1767 2417 1961 2461 apostolicae

508 2476 684 2508 libertatem
710 2481 778 2507 acta
803 2476 959 2517 quaedam
985 2475 1169 2513 ediderunt,
1192 2474 1380 2513 declaratur,
1408 2472 1470 2505 7⁶26
1497 2473 1514 2505 b
1539 2477 1568 2504 et
1592 2483 1654 2515 seq.

418 2528 536 2570 Cinguli
565 2528 665 2560 l¹iceni
692 2529 848 2560 civitatem
874 2528 949 2560 olim
976 2528 1150 2571 episcopali
1176 2527 1326 2560 cathedra
1343 2526 1503 2565 claruisse,
1524 2526 1729 2564 demonstrat,
1746 2523 1811 2557 243
1836 2524 1871 2564 b;
1891 2523 1961 2556 Cin-

506 2581 652 2621 gulanam
678 2581 842 2613 ecclesiam
868 2585 977 2623 postea
1001 2580 1174 2613 AuximatIs
1199 2579 1339 2622 episcopi
1372 2589 1467 2611 curae
1499 2578 1699 2611 commissam
1731 2577 1828 2610 fuisse
1852 2576 1960 2616 docet,

505 2632 570 2664 244
587 2644 622 2672 af,
642 2633 832 2675 praedictam
852 2635 1015 2675 primaevo
1040 2643 1097 2666 suo
1122 2633 1310 2666 cathedralis
1335 2632 1466 2665 honoris
1491 2632 1615 2674 fastigio
1640 2631 1794 2670 restituit,
1811 2635 1841 2662 et
1858 2639 1958 2672 aeque
