2170 3147
238 231 287 257 An.
311 230 337 256 C.
360 229 425 256 1720·
472 219 536 254 368
1021 222 1202 248 normaton

435 289 517 321 qnae
536 288 619 309 unos
632 275 811 309 TcrtIarios
833 273 983 306 fratribus
999 270 1180 305 Minoribus
1200 272 1204 282 ¹

436 343 452 363 a
475 329 618 372 regulari
634 327 847 361 Observantia
865 325 1058 369 nuncupatis
1073 324 1179 357 subie-

437 389 506 416 ctos
530 381 724 424 respiciunt,
742 385 856 412 contra
873 384 1014 411 mentem
1036 382 1178 409 nostram

437 436 476 469 ad
503 435 585 468 alios
610 432 799 472 Tertiarios,
826 433 885 465 sub
912 432 1024 473 regula
1049 430 1179 473 quidem

437 489 472 521 B.
501 487 663 520 Francisci
689 487 753 519 Deo
781 486 993 523 sanititanics,
1026 483 1082 516 scd
1108 493 1181 526 spc-

437 541 511 573 ciali
539 541 614 573 nota
640 539 770 581 dignos,
797 538 896 581 inque
922 537 1037 569 iisdem
1064 535 1181 569 litteris

436 594 556 627 nostris
581 592 714 625 minime
740 591 924 624 nominatos
958 595 1012 622 aut
1037 599 1182 632 compre-

438 648 569 687 hensos,
597 656 772 690 perperam
800 645 943 678 detortas
969 643 1067 676 fuisse
1092 642 1184 675 intel-

438 701 594 741 leximus;
636 699 690 743 qui
731 709 808 732 sane
847 697 996 730 Tertiarii
1029 696 1182 729 fratribus

438 754 618 788 Minoribus
651 765 668 786 a
693 752 838 796 regulari
859 750 1074 785 Observantia
1101 760 1184 781 nun-

438 807 566 851 cupatis
592 807 683 840 nullo
709 806 808 839 modo
839 805 1003 844 subsunt;
1034 802 1090 835 sed
1124 802 1183 834 mi-

438 861 543 894 nistro
570 859 713 902 generali
747 858 877 892 Ordinis
912 858 1048 889 fratrum
1083 855 1184 887 Mino-

439 924 512 946 rum
539 913 624 947 beati
651 912 825 952 Francisci,
852 911 906 954 qui
933 908 1110 953 Capuccini
1129 919 1183 951 ap-

440 968 613 1011 pellantur,
636 977 652 999 a
677 977 740 1009 quo
767 970 798 998 et
823 964 863 997 ab
889 964 956 997 eius
982 961 1183 996 secundariis

440 1019 599 1052 ministris
624 1019 656 1051 in
683 1018 781 1051 rebus
813 1015 1036 1060 spiritualibus
1072 1013 1183 1047 directi

441 1072 576 1110 omnino
599 1071 797 1115 dependent,
824 1076 922 1113 atque
941 1067 1087 1101 habitum
1110 1065 1186 1098 reli-

443 1125 569 1168 giosum
594 1124 774 1169 accipiunt.

246 1187 433 1235 iiufflssiiiiiimnci'iff
487 1178 502 1222 g
528 1178 558 1211 ΕΖ.
587 1178 766 1221 Propterea
792 1176 869 1209 huic
895 1175 998 1208 errori
1025 1175 1188 1206 etincom-

247 1232 342 1266 ruceium
362 1227 542 1265 omn‘iamodo
567 1241 627 1275 pro
654 1231 765 1263 nostra
790 1229 986 1262 auctoritate
1013 1231 1045 1259 et
1070 1225 1189 1258 sollici-

247 1274 267 1287 1n
301 1266 432 1286 conferendo

247 1294 433 1327 scammum-iu·
446 1284 558 1318 tudine
584 1283 776 1327 prospicere
798 1282 979 1325 cupientes,
997 1278 1187 1312 eorumdem

247 1320 433 1367 {ffipsuffltffls
446 1337 580 1370 fratrum
604 1336 765 1368 Minorum
790 1334 877 1367 beati
904 1332 1067 1366 Francisci
1090 1359 1097 1372 ,
1135 1331 1189 1374 qui

446 1389 621 1433 Capuccini
647 1389 880 1432 appellantur,
909 1386 978 1418 iura
1004 1391 1036 1418 et
1061 1384 1190 1428 privile-

447 1442 523 1486 gia,
558 1452 655 1484 saepe
693 1440 726 1473 in
762 1439 892 1472 iudiciis
928 1438 1190 1471 contradictoriis

447 1506 554 1529 coram
595 1494 838 1528 venerabilibus
877 1492 1031 1525 fratribus
1069 1492 1191 1525 nostris

447 1550 480 1583 S.
508 1549 546 1582 R.
573 1549 608 1581 E.
637 1548 860 1581 cardinalibus
886 1546 1119 1579 consultationi
1153 1546 1192 1578 de

449 1604 548 1636 rebus
575 1602 811 1646 cpiscoporum
838 1606 867 1633 ct
885 1599 1085 1643 regularium
1104 1610 1194 1642 prae-

449 1657 563 1701 positis
605 1656 701 1699 plene
742 1655 888 1687 discussa
912 1681 919 1694 ,
956 1652 1193 1697 pontilicioquc

450 1709 580 1744 oraculo
615 1719 650 1741 ac
683 1708 802 1741 litteris
833 1706 1025 1750 apostolicis
1050 1717 1067 1738 a
1094 1705 1195 1739 felicis

450 1763 690 1797 recordationis
715 1762 879 1795 Clemente
908 1761 994 1803 Papa
1030 1759 1068 1792 xt
1106 1765 1196 1792 ante-

450 1827 578 1850 cessore
603 1820 717 1849 nostro
744 1814 935 1848 confirmata
961 1819 1058 1857 atque
1078 1823 1197 1856 appro-

449 1871 537 1910 bata,
551 1880 620 1909 nos,
636 1867 865 1912 praesentibus
880 1872 1075 1910 perpetuum
1095 1867 1197 1899 robur

451 1923 670 1966 imposterum
701 1920 864 1954 habituris
885 1947 892 1961 ‚
929 1925 1004 1963 post
1037 1924 1196 1951 maturam

453 1975 748 2015 deliberationem,
786 1978 876 2006 motu
914 1972 1050 2017 proprio
1088 1978 1120 2005 et
1160 1982 1196 2005 ex

453 2031 543 2062 certa
568 2028 717 2068 scientia,
736 2027 774 2060 ad
796 2027 958 2059 tollendas
974 2035 1196 2069 quascumque

453 2081 663 2120 discordias„
692 2081 810 2113 iterum
837 2079 1001 2112 munimus
1027 2084 1058 2112 et
1083 2089 1198 2122 appro-

452 2135 567 2168 bamus
585 2161 593 2175 ,
627 2133 860 2167 confirmantes
885 2132 994 2165 omnia
1020 2131 1112 2172 iura,
1139 2131 1198 2164 im-

453 2187 652 2227 munitates,
692 2186 881 2226 facultates,
921 2184 1195 2228 praerogativas,

456 2240 599 2283 gratias,
625 2239 754 2272 indulta
779 2243 811 2271 et
835 2238 1011 2282 privilegia
1046 2237 1198 2270 ministro

456 2293 601 2337 generali
626 2292 755 2325 Ordinis
789 2292 924 2324 fratrum
956 2291 1117 2324 Minorum
1144 2291 1200 2324 be-

457 2348 499 2380 ati
518 2346 692 2386 Francisci,
711 2346 765 2390 qui
784 2345 957 2389 Capuccini
976 2346 1197 2389 appellantur,

456 2399 676 2443 competentia
702 2400 733 2432 in
759 2398 959 2432 conferendo
984 2398 1097 2431 eodem
1132 2408 1201 2430 sca-

456 2453 562 2497 pulari
589 2458 620 2485 et
645 2453 776 2495 cingulo
802 2451 967 2484 Tcrtiariis
996 2450 1058 2483 sibi
1093 2450 1201 2483 subie-

458 2506 530 2546 ctis,
556 2516 637 2549 quac
663 2506 771 2538 omnia
797 2505 823 2538 ei
851 2505 927 2538 olim
955 2504 1086 2537 fuerunt
1110 2504 1201 2536 adiu-

459 2559 582 2599 dicata,
607 2559 819 2601 eiusdemque
838 2557 1018 2591 Clementis
1039 2557 1144 2601 Papae
1163 2557 1202 2590 XI

459 2613 578 2650 litteris
604 2610 813 2652 confirmata,
839 2621 975 2655 quarum
1002 2616 1095 2644 tenor
1128 2615 1201 2644 est:

1226 219 1381 245 nonanun
1968 212 2021 240 An.
2042 212 2071 240 C.
2089 212 2155 242 ¹756

1269 269 1413 303 Clemens
1445 268 1541 311 Papa
1573 266 1638 306 XI,
1662 265 1705 299 acl
1736 265 1884 308 futuram
1913 261 1963 295 rei
1999 274 2090 311 Απρςιης
2109 273 2157 295 cie-

1224 323 1425 355 memoriam
1452 322 1649 355 Einanarunt
1671 329 1799 362 nupera
1821 318 1963 360 Congre-
1973 300 2158 353 322233302333

1224 376 1352 419 gationc
1392 374 1627 408 venerabilium
1650 373 1781 404 fratrum
1816 356 2036 403 nosti·tim²¹¹'¹‘''

1224 428 1332 462 sass.
1350 427 1574 465 cardinalium,
1589 425 1735 467 negociis
1755 429 1786 457 et
1804 423 1965 456 consulta-

1226 482 1367 515 tionibus
1383 481 1612 524 episcoporum
1628 476 1866 520 etregularium
1877 485 1967 518 prae-

1225 535 1344 578 posita,
1370 534 1408 566 ad
1438 534 1578 565 favorem
1606 531 1799 564 dilectorum
1824 528 1966 562 filiorum

1228 589 1359 620 fratrum
1377 586 1508 620 Ordinis
1534 585 1695 617 Minorum
1721 581 1820 616 sancti
1840 580 1969 614 Franci-

1226 641 1269 674 sci
1296 640 1554 684 Capuccinornm
1580 641 1854 680 nuncupatorum,
1874 634 1968 677 regni

1227 693 1394 727 Sardiniae
1421 693 1481 726 tria
1507 692 1637 724 decreta
1656 717 1663 731 ‚
1690 689 1859 722 videlicet:

1267 751 1298 780 ln
1321 751 1410 780 causa
1432 752 1563 779 vertente
1589 748 1666 778 inter
1687 747 1743 777 PP.
1767 745 1893 775 Minores
1916 743 1969 774 Ca·
2016 748 2164 786 nec-ratane

1228 799 1366 840 puccinos
1383 799 1466 837 regni
1485 797 1648 833 Sardiniae,
1666 806 1699 826 ex
1716 796 1786 832 una,
1804 799 1832 824 et
1847 794 1902 823 PF.
1919 792 1970 822 Mi·
1981 776 2166 831 ,ss?;2÷f,53?‡:3⁰g{

1229 858 1314 878 nores
1336 848 1371 878 de
1394 846 1586 878 Observantia
1616 845 1746 875 eiusdem
1768 843 1874 882 regni,
1899 851 1968 879 seu,
1982 829 2166 882 qu‘ffffissifflui

1228 903 1298 934 etc„
1323 897 1456 937 partibus
1478 906 1512 926 ex
1535 896 1641 932 altera,
1666 895 1699 924 de
1722 899 1751 924 et
1773 901 1861 932 super
1883 879 2167 935 ἰηΓι-ε-ζᾞεῆξξξωρξῖἶ

1228 947 1338 986 scripto
1357 946 1459 983 dubio,
1473 954 1578 984 nempe
1597 954 1631 973 an
1650 943 1781 983 patribus
1799 942 1973 981 Capuccinis
1983 935 2062 983 ffiffiam
2077 933 2167 955 ‘mm‘

1229 995 1312 1034 regni
1329 994 1483 1024 Sardiniae
1502 993 1588 1023 liceat
1604 993 1777 1031 dispensare
1800 1000 1851 1020 seu
1873 990 1974 1021 distri-

1229 1044 1321 1074 buere
1348 1043 1479 1073 habitum
1510 1051 1562 1072 seu
1585 1041 1738 1080 scapulare
1761 1048 1884 1079 parvum
1906 1047 1974 1069 cum

1230 1092 1348 1130 cingulo
1370 1091 1400 1121 S.
1424 1090 1574 1121 Francisci
1597 1088 1799 1119 saecularibus
1821 1087 1976 1127 utriusque

1231 1150 1317 1171 sexus
1333 1141 1362 1170 in
1380 1140 1508 1180 propriis
1524 1138 1659 1169 domibus
1674 1142 1702 1168 et
1719 1137 1773 1168 sub
1795 1136 1976 1166 iurisdictio-

1232 1199 1268 1220 ne
1291 1189 1441 1220 Ordinarii
1464 1187 1653 1225 viventibuS,
1677 1187 1728 1226 qui
1750 1185 1977 1216 denominantur

1232 1238 1369 1268 Tertiarii
1391 1247 1443 1267 seu
1464 1236 1553 1279 Tertii
1570 1235 1701 1273 Ordinis,
1719 1244 1827 1274 eosque
1849 1233 1978 1272 dirigere

1234 1287 1263 1317 in
1297 1286 1502 1326 spiritualibus
1530 1286 1610 1315 iuxta
1639 1285 1755 1323 regulas
1786 1284 1856 1314 dicti
1885 1283 1978 1314 Tertii

1234 1336 1353 1367 Ordinis
1376 1336 1404 1365 in
1429 1335 1555 1374 propriis
1578 1334 1726 1371 ecclesiis;
1750 1323 1780 1364 iri
1803 1344 1884 1374 casu,
1902 1339 1977 1372 etc.;

1235 1394 1317 1415 sacra
1332 1384 1523 1423 Congregatio
1539 1384 1837 1414 eminentissimorum
1854 1388 1882 1414 et
1898 1393 1980 1414 reve-

1235 1433 1477 1463 rendissimorum
1498 1432 1573 1462 SR.
1587 1432 1617 1462 E.
1634 1432 1827 1462 cardinalium
1851 1432 1979 1471 negotiis

1236 1486 1264 1512 et
1290 1481 1556 1511 consultationibus
1585 1481 1789 1521 episcoporum
1813 1485 1841 1511 et
1862 1482 1980 1520 regula-

1236 1531 1313 1561 rium
1337 1530 1519 1570 praeposita,
1541 1529 1673 1569 partibus
1695 1530 1766 1569 ipsis
1788 1530 1913 1567 auditis,
1936 1540 1981 1560 re-

1238 1581 1349 1610 ferente
1371 1579 1606 1609 eminentissimo
1629 1578 1800 1617 Gabrielho,
1818 1580 1933 1609 censuit
1948 1589 1981 1610 ac

1238 1629 1399 1659 declaravit
1419 1632 1586 1667 competere
1605 1627 1738 1667 patribus
1754 1628 1926 1667 Capuccinis
1941 1629 1983 1658 fa-

1239 1678 1376 1707 cultatem
1404 1677 1573 1707 conferendi
1601 1677 1754 1716 scapulare
1776 1686 1842 1707 cum
1865 1677 1982 1716 cingulo

1240 1726 1269 1755 S.
1308 1725 1468 1756 Francisci.
1507 1726 1616 1755 Romae
1649 1725 1696 1755 die
1726 1734 1779 1755 ‘XVI
1814 1724 1982 1755 novembris

1240 1783 1361 1804 nucem.
1380 1774 1413 1804 Et
1435 1774 1482 1804 die
1505 1783 1573 1804 xx1x
1595 1774 1737 1804 februarii
1758 1776 1867 1804 nucciv
1885 1774 1981 1804 denuo

1241 1824 1349 1854 auditis
1366 1823 1559 1862 religionibus
1578 1824 1701 1853 fratrum
1715 1823 1859 1853 Minorum
1875 1823 1912 1854 de
1926 1822 1981 1854 Ob-

1241 1873 1391 1903 servautia
1409 1877 1437 1902 et
1456 1877 1571 1911 patrum
1589 1872 1731 1902 Minorum
1747 1872 1981 1912 Capuccinorum

1241 1922 1334 1952 saneti
1351 1921 1510 1958 Francisci,
1529 1921 1675 1951 referente
1691 1921 1792 1951 eodem
1808 1920 1982 1951 eminentis-

1242 1971 1316 2000 simo
1329 1969 1499 2007 Gabricllio,
1514 1969 1739 1999 eminentissimi
1755 1974 1852 2009 patres
1863 1978 1983 2000 censue-

1242 2023 1325 2057 runt,
1347 2018 1564 2058 persistendum
1581 2027 1644 2048 esse
1660 2018 1689 2048 in
1705 2019 1805 2048 decisis
1827 2018 1882 2048 sub
1900 2027 1984 2058 prae-

1243 2068 1318 2097 dicta
1339 2068 1386 2096 die
1403 2076 1448 2096 xvi
1465 2066 1631 2096 novembris
1653 2075 1775 2097 uincent.
1790 2067 1911 2104 Romae,
1924 2070 1980 2096 etc.

1243 2117 1292 2146 Die
1325 2125 1393 2145 vero
1419 2124 1447 2145 iv
1480 2115 1577 2145 martii
1603 2115 1734 2145 eiusdem
1770 2115 1838 2145 anni
1871 2123 1981 2145 nncciv

1243 2166 1332 2196 tertia
1344 2165 1406 2194 vice
1422 2164 1570 2204 proposita
1586 2165 1673 2194 eausa
1689 2173 1741 2203 per
1755 2164 1892 2194 eumdem
1908 2164 1980 2194 emi-

1243 2214 1450 2244 nentissimum
1477 2213 1670 2243 Gabriellium
1693 2213 1727 2242 ad
1751 2222 1852 2252 preces
1879 2222 1984 2252 procu-

1244 2263 1349 2293 ratoris
1361 2262 1506 2301 generalis
1518 2261 1712 2291 commissarii
1726 2261 1825 2291 curiae
1838 2260 1984 2291 Minorum

1244 2312 1278 2341 de
1291 2310 1485 2342 Observantia
1497 2314 1525 2340 et
1541 2309 1738 2349 procuratoris
1754 2309 1901 2348 generalis
1916 2309 1984 2340 stri-

1244 2360 1343 2390 ctioris
1359 2359 1562 2389 observantiae
1586 2359 1679 2388 sancti
1701 2358 1862 2396 Francisci,
1882 2358 1983 2388 eadem

1244 2418 1325 2438 sacra
1341 2407 1535 2446 Congregatio
1552 2407 1666 2437 censuit
1689 2416 1722 2436 ac
1745 2406 1884 2442 decrevit,
1902 2408 1983 2436 extra

1245 2458 1373 2488 dandum
1389 2456 1587 2496 supradictum
1604 2455 1763 2485 decretum.
1782 2455 1902 2491 Romae,
1922 2458 1980 2485 etc.

1245 2506 1407 2538 Cardinalis
1430 2506 1607 2536 marineus.
1631 2505 1699 2535 Loco
1721 2505 1744 2543 †
1766 2504 1862 2542 sigilli.

1291 2556 1367 2589 Cum
1404 2561 1512 2588 autem
1529 2581 1536 2595 ,
1562 2555 1647 2587 sicut
1670 2564 1730 2598 pro
1757 2559 1846 2597 parte
1873 2553 1982 2586 dilecti

1247 2609 1304 2644 tilii
1330 2608 1478 2644 moderni
1500 2607 1723 2653 procuratoris
1748 2606 1911 2650 generalis
1936 2606 1984 2643 di-

2044 2554 2170 2578 confirmant

1994 2584 2107 2607 Clementis
2121 2582 2156 2606 n.
