2170 3147
219 209 270 234 An.
292 207 320 233 C.
339 205 406 233 {7⁴25

242 637 364 658 Clau-ulau.

244 1378 377 1398 mmmmm

382 1385 399 1398 iu

452 196 516 229 4:34
994 199 1176 223 nrmxmru

411 254 490 286 lium
515 251 780 285 universitatibus
808 249 986 291 recipiunt,
1015 258 1051 280 ex
1084 247 1153 289 qui-

411 305 520 338 busvis
559 302 824 338 concessionibus
850 301 1037 345 apostolicis
1075 311 1154 342 quo-

410 358 590 391 modolibet
607 362 752 395 utuntur,
769 355 939 398 potiuntur
954 359 985 386 et
1000 353 1151 396 gaudent,

411 422 445 443 ac
470 411 534 450 uti,
564 410 624 442 srui
651 414 683 441 ct
708 409 848 452 gaudere
876 411 1015 450 possunt
1041 411 1072 438 et
1096 416 1154 449 po-

411 468 519 497 terunt.
544 463 575 495 in
603 463 758 501 futurum,
777 461 846 504 pari
866 460 963 493 modo
982 464 1014 492 et
1032 460 1152 501 absque

410 517 476 548 ulla
500 525 634 559 prorsus
661 513 842 547 dill'erentiai
867 513 932 552 uti,
955 512 1034 552 srui,
1054 511 1151 555 potiri

411 574 442 601 et
466 570 605 611 gaudere
631 569 772 601 debcant
797 571 829 599 et
853 566 993 598 valeant.

455 623 469 666 ἓ
502 622 533 655 3.
572 622 808 659 Decernentes,
837 620 923 662 ipsas
959 623 1153 661 praesentes

411 676 535 708 litteras
561 674 682 714 sirmas,
710 673 835 706 validas
863 677 895 704 et
919 671 1067 705 efficaces
1091 671 1155 704 exi-

411 734 499 762 stere
525 734 556 761 et
580 728 662 767 sore,
687 737 827 770 suosque
853 725 1023 770 plenarios
1049 730 1081 758 et
1105 725 1153 757 in-

410 789 521 825 tegros
555 781 690 815 effectus
715 779 828 814 sortiri
861 785 894 813 et
925 779 1091 818 obtinere,
1118 789 1154 811 ac

409 836 487 876 illis,
513 836 553 869 ad
579 846 658 879 quos
683 839 807 878 spectat
845 839 875 867 et
906 843 968 877 pro
1001 838 1152 875 tempore

409 889 680 932 quandocumque
695 887 865 930 spectabit,
885 885 1076 929 plenissime
1091 884 1153 918 sus-

409 942 537 985 sragari‚
561 947 592 974 et
617 941 655 973 ab
682 941 727 974 eis
752 940 931 983 respective
956 937 1153 971 inviolabili-

411 1001 459 1029 ter
483 995 669 1035 observari,
697 994 807 1037 sicque
833 994 865 1026 in
892 991 1079 1036 praemissis
1096 1002 1154 1035 per

410 1059 632 1092 quoscumque
658 1047 782 1080 iudices
804 1046 985 1079 ordinarios
1010 1051 1041 1078 et
1066 1045 1153 1078 dele-

411 1107 518 1144 gatos,
539 1102 635 1134 etiam
661 1110 831 1133 causarum
850 1099 962 1143 palatii
982 1098 1152 1142 apostolici

410 1155 584 1193 auditores,
601 1153 735 1186 iudicari
763 1158 794 1185 et
819 1151 946 1185 deliniri
966 1151 1097 1190 debere,
1116 1162 1153 1184 ac

410 1207 536 1240 irritum
563 1212 593 1239 et
629 1208 724 1239 inane
758 1206 784 1238 si
810 1216 905 1238 secus
935 1215 1033 1248 super
1059 1205 1110 1237 liis
1136 1214 1154 1236 a

411 1271 592 1303 quoquam,
619 1258 729 1302 quavis
764 1258 976 1298 auctoritate,
1008 1257 1153 1290 scienter

412 1315 459 1346 vel
486 1314 692 1356 ignoranter,
720 1311 894 1355 contigerit
919 1310 1084 1344 attentari.

455 1367 469 1411 ξ
492 1367 524 1399 4.
550 1366 621 1400 Non
646 1366 847 1399 obstantibus
883 1365 1090 1409 apostolice,
1118 1374 1154 1397 ac

412 1421 444 1453 in
482 1420 722 1454 universalibus
768 1419 1086 1463 provincialibusque
1124 1422 1155 1451 et

411 1473 623 1518 synodalibus
649 1473 796 1506 conciliis
820 1472 925 1513 editis,
945 1471 1153 1515 generalibus
1175 1497 1176 1501 ,

410 1529 459 1561 vel
486 1527 700 1571 specialibus,
727 1527 1012 1560 constitutionibus
1046 1531 1077 1559 ct
1102 1534 1176 1570 (η’-Ξ

411 1581 633 1614 dinationibus
669 1580 877 1624 apostolicis,
904 1590 1052 1620 necnon,
1077 1573 1176 1622 quas

411 1640 504 1666 tenus
530 1644 611 1677 opus
637 1635 698 1674 sit,
726 1633 912 1677 quibusvis,
941 1633 1038 1666 etiam
1066 1632 1153 1665 iura-

411 1692 542 1727 mento,
581 1686 828 1720 confirmatione
863 1686 1064 1729 apostolica,
1105 1687 1154 1719 vel

414 1740 525 1783 quavis
551 1740 700 1773 firmitate
727 1740 789 1772 alia
824 1739 999 1779 roboratis,
1027 1739 1154 1772 statutis
1176 1741 1178 1790 Ξ

412 1799 443 1825 et
468 1794 778 1833 consuetudinibus,
806 1793 984 1836 privilegiis
1012 1795 1178 1835 quoque,}

413 1846 545 1880 indultis
571 1853 601 1880 et
627 1847 741 1879 litteris
762 1847 948 1890 apostolicis
976 1847 1005 1879 in
1033 1838 1178 1879 contra-3

412 1900 496 1933 rium
522 1900 775 1944 praemissorum
802 1900 1053 1944 quomodolibet
1079 1911 1178 1933 con-¹

412 1953 519 1993 cessis,
546 1952 743 1986 confirmatis
771 1959 801 1986 et
827 1953 1008 1993 innovatis,
1036 1953 1155 1997 quibus

414 2006 563 2039 omnibus
597 2012 628 2039 et
663 2006 822 2050 singulis,
850 2007 982 2040 illorum
1023 2012 1153 2040 tenores

412 2060 642 2103 praesentibus
667 2070 727 2103 pro
764 2061 860 2103 plene
898 2065 930 2093 et
955 2060 1156 2094 sufficienter

413 2113 574 2156 expressis
601 2124 636 2146 ac
662 2114 700 2146 ad
721 2114 856 2146 verbum
876 2114 1007 2147 insertis
1030 2115 1155 2148 baben·
1177 2121 1178 2142 ὲ

414 2171 480 2205 tes,
506 2166 570 2199 illis
596 2166 676 2200 alias
702 2166 734 2199 in
761 2178 820 2200 suo
852 2167 971 2200 robore
1006 2177 1156 2210 perman-

412 2219 514 2258 suri&
542 2220 581 2252 ad
607 2220 862 2262 praemissorum
896 2218 1065 2261 effectum,
1095 2221 1155 2253 hac

413 2272 478 2305 vice
513 2273 692 2314 dumtaxat,
719 2273 905 2316 specialiter
936 2278 968 2304 et
1002 2283 1154 2316 expresse

413 2325 623 2367 derogamus,
651 2325 837 2369 ceterisque
875 2325 1048 2358 contrariis
1083 2325 1156 2368 qui-

414 2377 628 2421 buscumque.
1176 2411 1178 2423 Ξ

457 2431 571 2464 Datum
594 2431 728 2469 Romae,
757 2432 842 2474 apud
874 2431 904 2464 S
929 2431 1073 2472 Petrum,
1095 2432 1155 2464 sub

414 2486 532 2517 annulo
549 2484 729 2523 piscatoris,
745 2485 796 2517 die
815 2496 857 2518 xn
875 2485 981 2517 martii
998 2494 1154 2525 nnccxxv,
1176 2474 1178 2496 ¹

414 2537 626 2581 pontificatus
651 2537 755 2570 nostri
783 2548 868 2570 anno
894 2549 916 2570 1.

450 2599 510 2626 Dat.
535 2599 577 2626 die
601 2600 631 2626 12
653 2599 741 2627 martii
771 2599 852 2633 1723,
877 2600 973 2633 pontit
996 2608 1066 2626 {inno
1088 2606 1103 2624 ι.

1201 198 1358 222 amrinum

1520 246 1624 279 XLIX.

1199 317 1421 359 Confirnmtur
1451 318 1639 350 constitutio
1672 317 1760 351 Sioetz·
1796 317 1830 357 V,
1863 327 1940 360 qua,

1242 371 1336 403 iuoela
1357 370 1611 403 declarationem
1628 371 1686 404 Pii
1714 370 1740 403 V
1763 370 1823 403 hac
1847 380 1944 412 super

1242 435 1298 465 re,
1326 424 1534 463 ‹lecet-nilum
1561 429 1597 457 ut
1628 434 1736 457 omnes
1768 423 1944 456 obtinentes

1241 477 1444 510 cormnenclas
1492 481 1520 510 ec
1569 477 1722 519 beneficia
1770 475 1944 519 hospitalis

1241 530 1274 563 S.
1302 530 1438 563 Ioannis
1463 530 1760 574 Hierosolymitoni
1784 529 1827 562 ad
1850 528 1940 562 solu—

1243 584 1363 617 tionem
1377 585 1504 617 iuriam
1517 584 1697 616 communis
1714 582 1840 616 aerarii
1854 591 1945 625 prae-

1241 636 1321 669 dicti
1346 636 1518 680 hospitalis
1546 639 1718 670 teneantur
1742 635 1762 668 ¹.

1379 717 1563 745 Benedictus
1584 717 1666 751 Papa
1684 716 1762 748 x111,

1318 762 1354 788 ad
1375 764 1551 796 perpetuam
1573 762 1618 789 rei
1638 761 1819 788 memoriam.

1242 833 1289 866 Ad
1315 834 1478 876 pastorale
1505 833 1686 876 fastigium,
1715 831 1840 865 meritis
1867 831 1945 865 licet

1198 885 1399 929 imparibus,
1427 886 1534 919 divina
1568 885 1785 929 dispositione
1819 884 1941 925 evecti,

1199 950 1252 979 ea,
1289 949 1371 982 quae
1412 939 1451 972 de
1492 939 1711 972 Romanorum
1753 937 1943 971 Pontificum

1198 992 1487 1035 praedecessorum
1514 998 1701 1025 nostrorum
1728 997 1760 1024 et
1785 990 1944 1034 Apostoli-

1198 1056 1252 1078 cae
1278 1045 1371 1079 Sedis
1396 1045 1599 1089 benignitate
1625 1045 1657 1078 in
1684 1045 1827 1078 savorem
1853 1044 1941 1077 mili-

1199 1099 1313 1132 tiarum
1342 1104 1374 1132 et
1409 1099 1623 1142 hospitalium
1661 1108 1943 1141 quorumcumque

1198 1153 1235 1185 ad
1262 1152 1497 1196 omnipotentis
1535 1152 1591 1184 Dei
1629 1151 1766 1194 gloriam
1800 1160 1943 1193 suaeque

1197 1205 1359 1238 Ecclesiae
1400 1210 1530 1238 sanctae
1572 1205 1824 1245 exaltationem,
1856 1203 1943 1235 illius

1197 1269 1274 1292 vero
1290 1258 1433 1291 hostium
1452 1258 1718 1302 profligationem
1728 1257 1747 1297 ²,
1763 1257 1815 1300 pie
1834 1255 1939 1300 provi-

1199 1313 1304 1356 deque
1337 1312 1561 1344 institutorum
1594 1315 1851 1355 processerunt,
1877 1319 1943 1352 quo

1197 1365 1330 1398 maioris
1353 1364 1528 1398 validitatis
1551 1364 1728 1398 munimine
1747 1363 1943 1403 subsistant,

1199 1419 1398 1463 apostolicae
1439 1418 1697 1452 confirmationis
1738 1417 1942 1461 patrocinio,

1198 1484 1269 1506 cum
1296 1473 1326 1505 id
1354 1484 1371 1506 a
1395 1473 1490 1505 nobis
1514 1471 1653 1516 petitur,
1681 1470 1940 1504 constabilimus.

1243 1527 1257 1570 g
1282 1526 1313 1558 1.
1342 1526 1468 1559 Dudum
1494 1524 1654 1569 siquidem
1673 1524 1776 1558 felicis
1794 1524 1944 1558 recorda-

1174 1586 1176 1591 ’
1199 1579 1298 1613 tionis
1324 1579 1430 1612 Sixtus
1449 1579 1507 1612 PP.
1528 1579 1550 1611 V
1576 1579 1815 1622 praedecessor
1830 1582 1944 1611 noster

1197 1643 1310 1665 omnes
1336 1637 1368 1665 et
1393 1631 1558 1674 singulos,
1584 1631 1767 1675 prioratus,
1785 1629 1944 1663 baiuliva-

1200 1692 1248 1719 tus
1267 1685 1288 1726 ³,
1306 1685 1528 1725 castellanias,
1555 1684 1799 1728 praeceptorias
1826 1688 1857 1717 et
1880 1683 1943 1717 alia

1198 1739 1356 1773 beneficia
1376 1745 1406 1772 et
1423 1739 1599 1783 pensiones
1617 1737 1752 1772 militiae
1770 1737 1798 1771 S.
1814 1737 1942 1771 Ioannis

1202 1793 1504 1837 Hierosolymitani‚
1526 1793 1622 1826 etiam
1643 1803 1680 1825 ex
1698 1791 1790 1825 Sedis
1807 1792 1943 1835 Aposto-

1200 1847 1280 1880 licae
1307 1846 1495 1890 provisione
1515 1846 1713 1885 obtinentes,
1738 1845 1776 1878 ad
1799 1844 1940 1878 solutio-

1200 1911 1274 1934 nem
1294 1901 1414 1933 iurium
1437 1899 1619 1933 communis
1637 1899 1752 1932 aerarii
1772 1897 1943 1941 hospitalis

1200 1953 1275 1986 dicti
1296 1953 1327 1986 S.
1346 1953 1476 1986 Ioannis
1494 1951 1785 1996 Hierosolymitani
1808 1951 1942 1984 omnino

1178 2016 1179 2019 ’
1201 2006 1314 2046 teneri,
1335 2011 1590 2050 receptoresque
1619 2005 1766 2038 eiusdem
1787 2004 1939 2048 hospita-

1199 2061 1237 2094 lis
1263 2061 1403 2100 fruetus,
1421 2059 1568 2092 redditus
1594 2064 1623 2092 et
1651 2063 1830 2102 proventus
1856 2057 1942 2091 eius-

1200 2114 1286 2148 modi
1319 2113 1621 2157 praeceptoriarum
1648 2117 1679 2145 et
1702 2110 1940 2144 beneficiorum

1199 2167 1335 2210 propria
1366 2165 1559 2199 auctoritate
1586 2165 1728 2208 exigere,
1751 2175 1786 2197 ac
1810 2164 1941 2197 illorum

1200 2220 1444 2263 possessionem
1471 2218 1735 2262 apprehendere,
1757 2228 1794 2250 ae
1812 2217 1852 2251 de
1877 2217 1941 2250 illis

1200 2274 1376 2317 disponere
1401 2282 1499 2316 possc
1526 2271 1668 2304 decrevit
1701 2276 1732 2303 et
1768 2269 1943 2303 declaravit

1200 2336 1259 2370 per
1277 2336 1350 2359 suas
1378 2325 1520 2368 desuper
1542 2324 1670 2358 litteras
1697 2324 1730 2356 in
1755 2322 1853 2356 simili
1879 2322 1943 2355 sor-

1199 2382 1248 2412 ma
1282 2379 1392 2412 Brevis
1430 2377 1462 2411 in
1501 2378 1605 2411 forma
1642 2376 1760 2410 rationi
1798 2376 1943 2418 congrua

1237 2469 1245 2492 t
1270 2466 1344 2492 Dicta
1364 2466 1429 2491 Sixti
1452 2466 1471 2491 V
1492 2465 1648 2492 constitutio
1675 2464 1719 2491 bic
1747 2465 1849 2490 inserta
1870 2463 1943 2489 edita

1175 2546 1177 2549 ι
1198 2511 1247 2537 suit
1267 2518 1401 2542 mobxxxv,
1423 2511 1466 2536 die
1490 2512 1496 2536 1
1523 2510 1598 2541 maii,
1620 2509 1716 2544 pontis.
1738 2515 1756 2535 Ι,

1234 2556 1248 2581 2
1269 2554 1339 2581 Edit.
1358 2554 1437 2580 Mam.
1460 2554 1524 2588 legit
1541 2553 1749 2587 profligatione
1768 2558 1806 2586 (R.
1824 2552 1873 2587 τ,’).

1233 2598 1248 2625 3
1270 2598 1339 2625 Edit.
1362 2598 1442 2627 lilain.
1465 2598 1529 2633 legit
1551 2598 1698 2626 hariolatus
1717 2598 1755 2632 (u.
1777 2596 1825 2633 12).

1951 196 2001 225 An.
2023 197 2050 225 C.
2068 198 2133 230 ¹725

1982 842 2102 866 Exordium.

2012 1532 2134 1554 (znnstitutio

1955 1559 2065 1586 praedicta
2103 1560 2135 1581 Si·

1955 1588 1982 1607 xti
1999 1586 2024 1608 V.
