2170 3147
208 232 256 256 An.
276 231 304 257 c,
331 227 398 256 ¹726
444 218 508 253 43⁶2

234 1939 347 1959 ‹lt-msulae
367 1945 391 1958 n·-

207 1969 297 1985 rixantes
320 1968 339 1985 et
358 1966 392 1986 du·
405 1983 409 1988 .

208 1992 336 2017 rogator-iae.

404 277 515 311 stolica
548 276 741 310 auctoritate
775 277 807 310 in
843 276 994 310 omnibus
1027 281 1059 310 et
1091 285 1150 319 per

404 331 512 364 omnia
549 331 635 363 iuxta
671 330 839 363 decretum
882 329 913 362 in
954 328 1148 363 consistorio

404 390 516 417 nostro
543 388 667 416 secreto
687 383 831 426 desuper
847 383 968 417 editum
987 388 1148 427 perpetuo
1169 411 1171 424 ἱ

403 437 558 480 erigimus
595 442 625 469 et
663 436 886 477 instituimus,
925 447 961 469 ac
987 436 1117 469 nomine
1138 462 1145 475 ,

402 554 522 577 ramus.
550 543 684 577 Necnon
710 543 933 577 venerabilem
959 543 1056 576 etiam
1083 543 1146 576 sra-

402 604 485 631 trem
503 602 651 631 nostrum
671 598 913 631 Bernardinum
932 597 1058 640 Guinigi
1079 608 1146 630 mo-

403 651 538 684 dernum
560 650 649 684 illius
669 651 859 694 episcopum
875 656 906 683 et
923 661 983 693 pro
996 656 1145 693 tempore

402 704 579 737 existentes
605 704 763 737 ecclesiae
799 703 944 736 Lucanae
980 702 1168 750 praefatae}

402 758 572 801 praesules
592 757 623 790 in
642 757 910 800 archiepiscopos
929 757 1144 797 declaramus,

402 810 497 854 eique
524 816 554 844 et
580 821 694 844 eornm
720 811 868 851 cuilibet,
892 815 926 843 ut
951 810 1011 854 ipsi
1038 816 1145 843 cetera

402 864 549 907 singula,
577 869 672 907 prout
698 864 957 908 archiepiscopis
982 864 1015 896 in
1034 874 1144 897 earum

402 917 587 950 civitatibus
613 923 643 949 et
668 917 874 950 dioecesibus
902 928 918 950 a
943 917 1012 950 iure
1039 916 1145 949 indul·
1166 917 1167 934 ³

403 976 468 1004 tum
494 970 615 1010 existit,
644 970 773 1009 facere,
799 981 979 1010 exercere,
1005 970 1143 1002 admini-

402 1029 504 1057 strare
521 1030 552 1057 et
569 1024 684 1067 exequi
701 1024 827 1068 possint
842 1024 860 1064 ¹,
880 1023 992 1057 eadem
1007 1023 1145 1056 auctori·
1166 1057 1167 1064 χ

1189 1076 1342 1119 specialis
1359 1103 1366 1116 ,
1394 1075 1557 1119 specifica,
1584 1085 1743 1118 expressa
1768 1079 1800 1108 et
1824 1074 1938 1108 indivi-

403 1082 466 1110 tate
481 1077 688 1110 concedimus
707 1084 737 1110 et
755 1078 979 1121 indulgemus,
994 1077 1038 1110 ita
1056 1077 1143 1121 quod

403 1129 488 1163 idem
530 1130 752 1164 Bernardinus
794 1131 967 1174 episcopus
985 1158 992 1171 ,
1020 1131 1076 1163 abs
1064 1141 1143 1173 que
1166 1146 1168 1151 ·

1167 1173 1168 1197 ³
1189 1194 1249 1227 per
1274 1183 1438 1217 clausulas
1465 1182 1635 1224 generales
1652 1182 1738 1215 idem
1757 1181 1936 1225 importan-

403 1183 465 1216 alia
491 1182 529 1216 de
557 1183 626 1216 eius
656 1184 796 1217 ecclesii
822 1183 948 1217 Lucana
976 1184 1168 1227 praedicta

989 226 1173 252 BULLARIUM
1198 226 1357 252 ROMANUM

1194 275 1295 309 dultIs
1315 276 1421 310 eidem
1448 276 1608 311 ecclesiae
1627 275 1782 321 illiusque
1800 285 1934 320 praesu-

1192 329 1277 363 libus
1303 335 1336 363 et
1360 329 1689 369 administratoribus,
1710 331 1836 364 dilectis
1858 330 1932 364 siliis

1192 383 1335 426 capitulo
1356 389 1388 417 et
1405 384 1583 423 canonicis,
1603 384 1660 417 sub
1676 384 1934 428 quibuscumque

1169 446 1170 462 ³
1193 437 1360 470 tenoribus
1386 443 1416 471 et
1441 438 1577 478 formis,
1603 448 1640 470 ac
1665 448 1734 471 cum
1766 437 1935 481 quibusvis

402 491 496 524 titulo
522 495 554 523 et
579 490 707 523 honore
734 490 1011 534 archiepiscopali
1050 487 1170 523 deco-t

1168 535 1253 586 ique
1279 543 1517 576 efficacioribus
1544 548 1574 577 et
1600 543 1740 576 insolitis
1766 543 1931 584 clausulis,

1191 489 1288 523 etiam
1303 490 1582 533 derogatoriarum
1604 491 1832 532 derogatoriis,
1848 490 1936 524 aliis-

1190 605 1321 628 necnon
1349 595 1556 629 irritantibus
1593 601 1624 628 et
1660 595 1730 629 aliis
1767 596 1932 636 decretis,

1190 648 1288 681 etiam
1316 655 1403 683 motu
1429 650 1567 694 proprio
1593 654 1624 683 et
1650 660 1686 683 ex
1713 652 1802 682 certa
1831 649 1935 683 scien·

1195 703 1237 736 tia
1263 713 1298 735 ac
1323 703 1362 736 de
1396 703 1600 747 apostolieae
1632 702 1806 747 potestatis
1831 701 1935 746 pleni-

1191 756 1301 790 tudine
1327 756 1485 800 praefata,
1511 760 1542 790 et
1568 755 1869 795 consistorialiter,
1903 759 1935 789 et

1166 799 1168 851 Ξ
1190 810 1229 843 de
1261 809 1359 843 simili
1392 809 1550 850 consilio,
1574 814 1629 842 aut
1653 808 1731 842 alias
1755 808 1936 852 quomodo-

1189 863 1269 898 libet
1290 864 1385 897 etiam
1403 864 1528 907 pluries
1545 862 1718 904 concessis,
1734 861 1934 896 confirmatis

1190 922 1222 950 et
1239 916 1417 957 innovatis;
1432 915 1551 960 quibus
1570 916 1722 949 omnibus
1740 920 1770 948 et
1787 914 1936 957 singulis,

1190 969 1317 1003 etiamsi
1343 980 1403 1013 pro
1430 970 1559 1003 illorum
1593 968 1764 1002 sufficienti
1801 968 1936 1012 deroga·

1190 1023 1279 1056 tione
1306 1022 1345 1055 de
1371 1022 1437 1055 illis
1460 1032 1642 1065 eorumque
1663 1022 1737 1054 totis
1767 1021 1936 1055 tenoribus

1190 1130 1267 1171 dua,
1293 1139 1329 1161 ac
1354 1129 1392 1162 de
1418 1129 1518 1161 verbo
1534 1128 1729 1166 adverbum,
1746 1137 1811 1160 non
1828 1133 1936 1161 autem

403 1237 442 1270 de
469 1247 553 1269 novo
580 1236 728 1270 facienda
754 1237 940 1281 pioiisione
967 1248 1021 1270 seu
1054 1246 1146 1280 piae·
1166 1238 1169 1268 l
1192 1243 1260 1278 tes,
1285 1236 1407 1270 mentio
1433 1246 1489 1269 seu
1516 1235 1650 1279 quaevis
1688 1235 1749 1269 alia
1774 1234 1936 1279 exquisita

403 1290 566 1330 sectione,
592 1290 623 1322 in
659 1290 946 1334 archiepiscopum
980 1291 1144 1324 Lucanum

402 1344 587 1388 praefectus
615 1353 684 1375 esse
718 1343 934 1386 intelligatur.
974 1344 1147 1378 Praeterea

402 1397 508 1430 cidem
525 1396 729 1429 Bernardino
745 1396 1007 1441 archiepiscopo,
1028 1403 1060 1429 ut
1077 1398 1146 1440 ipse
1168 1390 1169 1439 J

402 1449 510 1483 onmia
535 1454 566 1482 et
592 1450 721 1492 singula
747 1460 983 1494 quaecumque,
1004 1461 1087 1494 quae
1107 1451 1146 1483 de
1168 1445 1169 1466 ³

1168 1504 1339 1537 :sentibus
1365 1515 1423 1547 pro
1449 1503 1650 1537 sufficienter
1680 1503 1843 1547 expressis
1872 1503 1932 1537 ha-

1168 1552 1325 1603 }bentes,
1353 1558 1418 1592 illis
1451 1558 1528 1591 alias
1562 1558 1593 1590 in
1629 1568 1688 1591 suo
1714 1558 1836 1591 robore
1861 1569 1936 1602 per·

1192 1613 1368 1653 mansuris,
1402 1613 1462 1645 hac
1487 1612 1553 1645 vice
1573 1612 1753 1652 dumtaxat,
1780 1611 1935 1645 latissime

636 1674 765 1706 gerere,
795 1664 899 1697 facere
931 1670 963 1697 et
995 1656 1170 1697 exercerel

403 1503 475 1537 iure
492 1504 540 1536 vel
561 1504 800 1536 consuetudine
818 1508 874 1536 aut
891 1502 982 1537 alitis⁹
1002 1514 1147 1547 quoquo-

403 1557 499 1590 modo
525 1558 562 1589 ad
590 1557 858 1600 archiepiscopos
880 1563 912 1590 et
929 1558 1147 1602 archiepisco-

403 1611 475 1654 pale
503 1621 620 1643 munus
645 1616 793 1654 spectare
816 1612 1027 1655 etpertinere
1044 1613 1148 1644 solent

404 1668 434 1697 et
461 1664 582 1696 debent
599 1690 606 1703 ,

403 1716 508 1749 libere
536 1722 567 1749 et
592 1717 680 1750 licite
708 1718 833 1760 possit,
861 1718 990 1761 plenam
1017 1723 1047 1751 et
1080 1728 1147 1751 om-

403 1770 567 1803 nimodam
594 1771 820 1804 auctoritatem
841 1798 847 1812 ‚

404 1876 625 1919 indulgemus.

1193 1719 1411 1761 derogamus;

875 1771 1064 1804 earumdem
1102 1777 1147 1804 te·
1168 1766 1170 1824 J
1192 1773 1408 1814 buscumque.

404 1834 485 1857 nore
513 1824 746 1867 praesentium,
765 1825 862 1857 etiam
883 1825 1095 1858 concedimus
1117 1830 1148 1857 et
1169 1832 1170 1866 ξ

1168 1873 1170 1911 i
1192 1884 1262 1912 ceat
1277 1879 1359 1911 hanc
1377 1877 1529 1921 paginam
1549 1884 1734 1911 nostrorum
1756 1878 1934 1912 absolutio-

447 1933 461 1973 ἓ
487 1931 516 1963 3.
543 1930 761 1964 Decernentcs
787 1940 824 1963 ex
852 1941 938 1963 nunc
964 1931 1091 1964 irritum
1118 1936 1170 1980 et,¹

1191 1290 1295 1323 forma
1320 1290 1359 1322 ad
1386 1290 1450 1323 hoc
1475 1289 1633 1322 servanda
1665 1289 1769 1329 soret,
1803 1294 1936 1323 tenores

1191 1343 1393 1383 huiusmodi,
1419 1354 1454 1376 ac
1480 1343 1505 1376 si
1531 1343 1570 1376 de
1596 1342 1696 1377 verbo
1721 1342 1760 1376 ad
1786 1343 1933 1384 verbum,

1193 1397 1274 1431 nihil
1302 1397 1432 1441 penitus
1457 1397 1580 1430 omisso
1606 1402 1638 1430 et
1664 1397 1767 1429 forma
1800 1396 1833 1429 in
1869 1396 1934 1430 illis

1193 1451 1309 1484 tradita
1334 1451 1524 1489 observata,
1551 1450 1661 1482 inserti
1689 1450 1796 1483 forent
1814 1477 1821 1490 ‚
1845 1460 1936 1494 prae-

1192 1672 1221 1698 et
1241 1665 1427 1709 plenissime
1448 1675 1484 1697 ac
1514 1664 1702 1708 specialiter
1723 1670 1754 1697 et
1780 1674 1936 1707 expresse

1447 1718 1633 1761 ceterisque
1666 1717 1840 1750 contrariis
1866 1717 1936 1761 qui·

1236 1825 1250 1867 g
1276 1824 1307 1857 4.
1334 1823 1419 1857 Nulli
1446 1834 1523 1866 ergo
1549 1823 1680 1857 omnino
1708 1823 1876 1857 hominum
1897 1825 1934 1858 ti-

1946 227 1994 254 An.
2009 228 2037 254 C.
2063 226 2128 255 1726

1972 1834 2060 1856 Sanctio
2078 1841 2130 1862 poo-

1890 1878 1895 1884 .
1945 1862 2009 1883 naus.

1192 1933 1251 1972 nis,
1279 1931 1472 1971 erectionis,
1499 1931 1731 1971 institutionis,
1759 1931 1935 1966 decoratio-

402 1993 499 2015 mane
527 1983 553 2015 si
580 1994 672 2016 secus
699 1994 801 2027 super
827 1984 876 2016 his
903 1995 920 2017 a
954 1995 1119 2028 quoquam
1139 2013 1146 2025 ‚
1169 1987 1170 2025 l
1192 1986 1258 2025 nis,
1278 1984 1527 2024 declarationis,
1549 1984 1780 2024 concessionis,
1805 1985 1932 2026 indulti,

402 2036 512 2080 quavis
538 2036 747 2077 auctoritate,
774 2037 915 2070 scienter
929 2039 977 2070 vel
994 2038 1149 2080 ignoran-

1169 2030 1170 2070 l
1192 2038 1432 2082 assignationis,
1452 2038 1574 2071 decreti
1597 2044 1628 2071 et
1646 2038 1868 2081 derogationis
1885 2040 1933 2073 in-

403 2096 459 2131 ter,
474 2091 651 2132 contigerit
669 2091 832 2124 attentari.
848 2090 918 2124 Non
940 2091 1147 2124 obstantibus
1169 2096 1171 2109 ¹
1193 2093 1347 2135 sringere,
1372 2093 1422 2126 vel
1449 2092 1477 2125 ei
1504 2102 1582 2124 ausu
1609 2092 1783 2125 temerario
1810 2098 1934 2126 contra-

403 2144 603 2187 praemissis,

622 2155 669 2183 ac,
688 2149 850 2187 quatenus
871 2154 951 2188 opus
970 2144 1020 2184 sit,
1036 2147 1149 2177 nostra
1169 2178 1172 2196 ,

1192 2146 1263 2186 ire;
1291 2145 1316 2178 si
1344 2145 1414 2188 quis
1441 2150 1549 2178 autem
1574 2145 1638 2178 hoc
1664 2150 1823 2179 attentare
1845 2157 1934 2189 prae-

403 2202 435 2229 et
459 2196 676 2230 Cancellariae
714 2197 923 2240 Apostolicae
961 2198 1071 2240 regula
1108 2198 1147 2231 de
1169 2206 1171 2250 ἱ
1193 2198 1388 2242 sumpserit,
1413 2197 1674 2240 indignationem
1700 2199 1933 2243 omnipotentis

403 2250 474 2282 iure
508 2250 655 2293 quaesito
692 2260 758 2283 non
796 2250 969 2291 tollendo,
1009 2250 1147 2294 aliisque

403 2303 688 2336 constitutionibus
713 2309 743 2336 et
769 2303 1044 2344 ordinationibus,
1076 2315 1149 2337 nec-

404 2365 470 2388 non
496 2356 661 2398 praefatae
689 2357 846 2390 ecclesiac
872 2357 1030 2397 Lucanae,
1051 2357 1148 2390 etiarn

404 2409 596 2448 iuramento,
616 2409 865 2443 confirmatione
888 2411 1078 2454 apostolica,
1097 2412 1147 2444 vel
1192 2413 1296 2447 iorem
1313 2439 1319 2452 ,

1169 2254 1171 2276 l
1192 2252 1247 2286 Dei
1273 2263 1309 2285 ac
1335 2252 1505 2285 beatorum
1531 2251 1615 2284 Petri
1636 2256 1667 2284 et
1688 2252 1777 2285 Pauli
1803 2257 1934 2296 aposto-

1169 2308 1296 2346 glorum
1330 2305 1400 2337 cius
1438 2315 1471 2337 se
1506 2304 1634 2338 noverit
1669 2305 1885 2339 incursurum.

1236 2359 1349 2392 Datum
1373 2358 1495 2391 Romae
1516 2385 1522 2398 ,
1550 2358 1635 2401 apud
1657 2357 1689 2391 S.
1716 2358 1848 2391 Mariam
1871 2358 1932 2391 Ma-

1356 2422 1442 2445 anno
1479 2411 1717 2444 incarnationis
1751 2411 1932 2445 dominicae

405 2461 518 2504 quavis
535 2461 687 2495 firmitate
706 2464 768 2496 ati-:1
786 2464 959 2503 roboratis,
975 2464 1102 2498 statutis
1116 2469 1148 2496 et
1191 2476 1352 2501 moccxxvl
1372 2492 1377 2505 ‚
1405 2476 1439 2499 111
1465 2465 1537 2498 idus
1564 2464 1773 2508 septembris,
1799 2465 1933 2508 pontifi-

404 2515 708 2554 consuetudinibus,
729 2517 913 2560 privilegiis
936 2528 1079 2561 quoque,
1102 2516 1148 2549 in-

441 2588 451 2612 1
477 2585 546 2611 Edit.
568 2584 646 2612 Μαίη.
670 2586 735 2621 legit
753 2588 842 2621 possit
865 2589 904 2622 (n.
922 2590 971 2619 T.).

439 2629 454 2656 Ξ
475 2629 545 2656 Edit.
568 2629 647 2657 Maiu.
670 2630 733 2665 tegit
753 2631 815 2658 αἶιά
834 2634 870 2666 (n.
888 2633 935 2667 12).

1191 2524 1282 2552 catus
1309 2519 1414 2551 nostri
1439 2528 1526 2551 ιἨῙΠΟ
1549 2528 1597 2550 ΙΙΙ.

1225 2589 1288 2615 Dat.
1306 2587 1352 2615 die
1369 2589 1396 2614 tt
1411 2587 1575 2623 septembris
1591 2587 1672 2621 1725,
1689 2587 1791 2621 pontis.
1805 2595 1878 2616 anno
1894 2595 1932 2617 111.

1225 2634 1238 2661 1
1252 2632 1324 2661 Edit.
1341 2632 1421 2661 Main.
1438 2633 1472 2660 ad
1488 2632 1638 2668 marginem
1654 2631 1736 2660 habet
1751 2633 1766 2660 Ξ
1781 2633 1821 2668 (n.
1839 2634 1888 2668 T.)-
