2170 3147
224 202 271 226 An.
289 199 316 226 c.
341 198 409 226 ¹726
455 188 520 223 464

253 1320 373 1341 Exordium.

257 1904 327 1925 iacobi
339 1909 351 1925 a
362 1903 415 1924 Mar-

231 1932 280 1951 clua
297 1938 319 1951 ur
332 1938 354 1950 us
386 1931 402 1949 ν’

240 1965 265 1977 ae
297 1960 352 1978 ratio
381 1963 414 1983 pre

231 1988 279 2004 acta
290 2000 294 2007 ,
330 1984 414 2007 obitus,

232 2012 333 2031 nuracnla
349 2013 369 2031 ct
382 2017 415 2031 te-

232 2040 320 2058 ueratro.

778 376 785 393 ἱ

413 249 432 430 4444

457 442 488 471 P.
513 440 669 471 cardinalis
693 440 888 479 prodatarius.

457 491 513 520 Pro
536 490 655 520 domino
677 488 820 519 cardinali
840 487 978 519 Oliverio.

456 541 486 570 C.
513 539 753 578 archiepiscopus
775 538 959 568 Emissenus.

540 595 603 625 l'isa
627 596 658 625 de
673 594 757 625 Curia
780 594 802 624 Ι.
821 593 953 633 archiep.
979 594 1158 632 Ancyranus.

737 652 767 682 L.
792 651 1015 682 Mitmmmws.

498 711 652 750 Reyistrata
675 712 703 741 in
725 710 882 741 secretaria
904 710 1049 740 Brerizcm.

741 867 836 901 CLIV.

418 948 661 990 Promulyatur
696 947 899 981 canonizatio
935 947 975 980 B.
1005 946 1116 980 Iacobi
1146 956 1163 978 a

464 1002 616 1034 Marchia
658 1000 793 1034 Ordinis
831 1000 999 1033 Minorum
1034 1000 1071 1032 de
1101 998 1163 1033 Ob-

464 1055 631 1088 servanlid
656 1055 742 1087 inter
766 1057 892 1086 sanctos
916 1052 1014 1085 relati
1031 1051 1052 1085 ¹.

599 1134 780 1161 Benedictus
809 1133 988 1167 episcopus,

606 1186 712 1206 servus
734 1185 891 1205 servorum
911 1177 980 1209 Dei,

539 1225 576 1252 ad
598 1227 778 1258 perpetuam
798 1223 845 1250 rei
866 1222 1052 1250 memoriam.

466 1305 585 1339 Summi
614 1305 668 1337 Dei
705 1303 809 1347 gloria
846 1303 985 1336 maxime
1023 1303 1169 1346 postulat

424 1365 458 1392 ut
484 1360 647 1392 Romanus
685 1357 856 1397 Pontifex,
891 1357 1010 1389 auditis
1043 1356 1168 1399 magnis

424 1413 597 1446 virtutibus
632 1417 664 1445 et
700 1411 868 1443 miraculis
906 1420 987 1454 quae
1021 1410 1169 1443 Christus

424 1467 576 1500 dominus
613 1475 672 1509 per
709 1475 818 1498 servos
856 1474 929 1497 suos
966 1464 1096 1507 operari
1123 1463 1170 1496 di-

424 1520 605 1563 gnoscitur,
626 1519 756 1551 illorum
775 1518 966 1551 memoriam
983 1528 1083 1560 super
1100 1527 1170 1550 can-

425 1573 595 1607 delabrum
623 1572 723 1605 totius
748 1572 909 1604 Ecclesiae
934 1570 1089 1604 collocari
1116 1571 1171 1604 de-

425 1631 552 1666 cernat,
591 1625 677 1658 unde
712 1624 873 1657 universis
899 1623 1170 1657 christifidelibus

425 1681 512 1714 clara
536 1680 589 1712 lux
617 1678 817 1718 effundatur,
836 1688 911 1722 qua,
930 1688 991 1721 per
1015 1677 1097 1710 viam
1124 1688 1171 1710 sa-

425 1733 503 1767 lutis
531 1738 598 1765 tuto
621 1733 840 1772 ambulanteS,
859 1731 1051 1764 eorumdem
1071 1741 1172 1764 exem-

425 1787 487 1830 plis
504 1792 536 1819 et
550 1784 732 1829 patrocinio
752 1785 784 1817 in
799 1795 940 1828 superna
963 1784 1171 1818 tabernacula

425 1839 563 1884 perduci
588 1844 790 1872 mereantur.

470 1894 484 1936 g
509 1893 540 1926 t.
567 1892 678 1936 Itaque
704 1902 784 1933 nos,
811 1891 919 1924 animo
948 1892 1168 1932 revolventes,

426 1947 554 1980 beatum
580 1946 682 1977 virum
712 1944 863 1978 Iacobum
884 1955 900 1977 a
918 1944 1060 1977 Marchia
1086 1944 1171 1978 cliri-

426 2000 538 2032 stianis
558 1999 733 2031 virtutibus
763 1998 931 2041 signisque
964 1997 1172 2040 omnipoten-

427 2053 467 2085 tis
486 2053 542 2085 Dei
569 2062 665 2084 manu
702 2062 762 2094 per
787 2051 904 2084 merita
940 2050 1009 2084 eius
1035 2051 1171 2095 patratis

426 2105 630 2145 excelluisse,
658 2115 756 2148 quem
783 2105 815 2137 in
840 2104 951 2137 Piceni
975 2114 1053 2147 agro
1075 2104 1171 2137 Ascu-

426 2161 500 2193 lano
515 2164 621 2192 ortum
638 2169 724 2191 anno
740 2158 858 2191 Christi
878 2157 1003 2191 domini
1023 2167 1170 2198 ucccxcr,

427 2214 547 2257 pieque
578 2212 773 2252 educatum,
811 2211 897 2244 inter
934 2221 1007 2244 suos
1044 2211 1172 2255 excepit

426 2266 513 2299 Ordo
552 2266 685 2298 fratrum
722 2265 881 2298 Illinorum
908 2264 961 2309 qui
988 2275 1004 2297 a
1029 2265 1171 2308 regulari

427 2320 640 2352 observantia
676 2324 919 2362 nuncupantur,
955 2319 987 2351 in
1013 2318 1096 2352 hanc
1122 2319 1171 2352 de·

429 2373 655 2406 liberationem
675 2379 800 2406 maturo
816 2373 957 2406 consilio
972 2373 1171 2413 devenimus

429 2431 464 2458 ut
489 2436 573 2465 eum,
590 2427 782 2459 caelestium
805 2427 964 2460 donorum
992 2427 1085 2470 copia
1103 2437 1172 2469 spe-

429 2479 638 2519 massanum,
678 2490 795 2523 aspero
831 2480 914 2513 vitae
948 2490 1068 2523 genere
1095 2480 1173 2512 insi-

466 2551 475 2575 1
501 2549 569 2576 Vide
590 2550 801 2584 praecedentem
831 2554 857 2578 et
883 2554 1045 2586 sequentem
1069 2550 1171 2578 consti-

430 2595 576 2623 tutionem.

1007 190 1190 218 BULLARIUM
1216 189 1373 215 ROMANUM

1203 249 1311 282 gnem,
1339 243 1371 272 et
1394 237 1617 282 compluribus
1641 235 1862 280 legationibus
1886 244 1946 279 pro

1205 303 1238 325 re
1263 291 1443 325 christiana
1460 290 1618 334 susceptis
1637 290 1676 323 de
1694 288 1836 323 Ecclesia
1857 298 1948 332 prae-

1205 347 1293 379 clare
1329 345 1505 385 meritum,
1542 355 1578 377 ac
1614 343 1803 376 iamdudum
1845 341 1949 375 beatis

1205 399 1480 438 adnumeratum,
1522 396 1554 429 in
1595 395 1744 440 plenario
1788 399 1950 428 conventu

1205 456 1389 485 sanctorum
1422 451 1648 484 consessorum
1685 448 1802 482 canoni
1829 446 1950 481 adscri-

1206 505 1369 538 beremus.
1397 504 1525 537 Etenim
1544 503 1600 536 Dei
1621 502 1734 543 virum,
1752 502 1787 535 B.
1815 502 1950 534 Bernar-

1205 558 1272 590 dini
1298 557 1452 591 Senensis
1486 556 1698 599 discipulum,
1734 554 1834 597 inque
1860 563 1950 586 aver-

1207 611 1313 645 tendis
1351 611 1390 644 ab
1427 620 1505 653 agro
1532 609 1697 643 dominico
1726 606 1949 651 ingruentium

1205 665 1440 707 contagionum
1467 663 1626 696 afflatibus
1651 662 1686 695 B.
1714 660 1844 694 Ioannis
1863 658 1951 693 aCa-

1206 718 1354 762 pistrano
1379 717 1514 756 socium,
1533 726 1650 758 magna
1680 725 1828 758 quaeque
1864 723 1952 747 com-

1206 771 1382 811 mendant3
1409 770 1530 813 quippe
1567 779 1685 812 quem,
1710 773 1747 801 ut
1771 767 1856 800 vitae
1882 776 1952 800 san-

1207 823 1361 857 ctimonia
1400 823 1652 866 percelebrem,
1693 831 1710 854 a
1734 819 1950 860 Caesaribus,

1207 877 1340 920 regibus
1375 880 1406 909 et
1442 875 1647 919 principibus
1685 885 1745 918 pro
1783 872 1951 916 religionis

1209 932 1305 964 causa
1323 929 1513 973 expetitum,
1531 933 1722 972 septemque
1740 927 1952 960 decessorum

1209 988 1398 1018 nostrorum
1423 983 1496 1026 piae
1524 982 1764 1016 recordationis
1793 981 1954 1014 Romano-

1210 1047 1279 1069 rum
1304 1035 1510 1073 Pontiticum,
1538 1035 1664 1069 Martini
1688 1035 1724 1076 V,
1747 1033 1884 1077 Eugenii
1902 1032 1951 1073 IV,

1210 1089 1332 1122 Nicolai
1359 1089 1403 1129 V,
1432 1088 1545 1121 Calixti
1576 1088 1636 1129 ΙΙΙ,
1669 1087 1715 1121 Pii
1740 1087 1787 1128 ΙΙ,
1812 1086 1902 1120 Pauli
1926 1086 1952 1120 11

1211 1147 1241 1175 et
1260 1141 1339 1175 xisti
1357 1141 1394 1175 lv
1415 1141 1594 1185 legationes
1613 1147 1727 1176 contra
1748 1139 1950 1180 haereticos,

1212 1195 1411 1236 sraficellos,
1435 1195 1648 1228 manichaeos
1683 1194 1859 1234 redivivos,
1895 1203 1953 1237 pa-

1212 1254 1356 1288 tarenos,
1385 1248 1546 1288 hussitas,
1573 1247 1755 1281 tliaboritas
1787 1253 1819 1280 et
1848 1251 1954 1279 turcas

1212 1303 1299 1346 ipsos
1329 1303 1447 1345 magna
1465 1301 1630 1335 doctrinae
1649 1306 1680 1334 et
1699 1301 1759 1334 zeli
1780 1299 1954 1344 apostolici

1212 1356 1308 1389 laude
1338 1355 1370 1387 in
1403 1354 1508 1395 Italia,
1545 1354 1729 1395 Pannonia,
1763 1352 1954 1392 Germania,

1214 1408 1370 1442 ssohemia
1405 1413 1436 1441 et
1481 1408 1638 1441 Sarmatia
1685 1418 1745 1451 per
1785 1407 1955 1440 innumera

1213 1463 1296 1495 vitae
1322 1462 1467 1505 pericula
1492 1463 1686 1502 obeuntem,
1719 1461 1868 1494 universa
1898 1460 1955 1493 Ec-

1213 1516 1312 1549 clesia
1337 1516 1452 1549 mirata
1478 1521 1537 1549 est.
1565 1515 1669 1554 Quare
1687 1514 1953 1558 probatissimum

1213 1570 1338 1610 virum,
1367 1570 1420 1614 qui
1437 1597 1444 1610 ‚
1472 1570 1582 1602 multis
1609 1569 1799 1612 magnisque
1831 1567 1954 1601 meritis

1214 1624 1350 1666 plenus,
1383 1633 1415 1657 v1
1448 1623 1603 1656 kalendas
1641 1622 1830 1656 decembres
1869 1631 1955 1654 anno

1214 1686 1400 1711 MCCCCLxxv
1441 1677 1577 1720 Neapoli
1615 1677 1647 1709 in
1690 1676 1864 1719 Campania
1900 1675 1957 1708 ob·

1215 1730 1367 1763 dormivit
1383 1730 1414 1763 in
1433 1730 1586 1771 Domino,
1605 1731 1763 1774 perplura
1780 1729 1953 1769 miracula,

1215 1789 1294 1816 nutu
1322 1783 1430 1817 divino
1455 1794 1514 1827 per
1539 1794 1612 1816 eum
1638 1789 1770 1827 patrata,
1797 1782 1896 1816 sacris
1921 1781 1954 1815 il-

1215 1837 1275 1870 lius
1312 1837 1434 1870 exuviis
1467 1837 1499 1869 in
1532 1837 1612 1870 aede
1637 1836 1670 1870 S.
1696 1836 1814 1869 Mariae
1849 1835 1956 1869 Novae

1215 1890 1435 1934 corruptionis
1461 1890 1649 1934 expertibus
1687 1901 1723 1923 ac
1745 1889 1831 1922 suavi
1853 1894 1885 1922 et
1902 1899 1957 1932 pe-

1215 1945 1308 1977 renni
1335 1944 1434 1978 odore
1476 1944 1635 1988 perfusis,
1659 1944 1880 1988 undequaque
1909 1943 1957 1976 in-

1216 1999 1336 2042 clytum
1356 1998 1584 2031 reddiderunt:
1614 2009 1691 2042 quas
1722 1997 1853 2041 quidem
1883 2007 1958 2030 exu-

1217 2051 1281 2085 vias
1308 2062 1367 2085 nos
1392 2051 1465 2095 ipsi,
1492 2051 1600 2084 adhuc
1625 2052 1657 2084 in
1684 2051 1866 2084 minoribus
1885 2060 1959 2084 con·

1216 2105 1338 2145 stituti,
1377 2105 1466 2138 hisce
1506 2105 1657 2138 manibus
1697 2109 1956 2144 contrectantes,

1216 2159 1382 2192 carissimo
1409 2158 1441 2192 in
1467 2158 1595 2192 Christo
1631 2158 1698 2192 filio
1732 2163 1847 2191 nostro
1882 2157 1958 2190 Phi-

1215 2213 1306 2257 lippo
1332 2214 1354 2245 V
1380 2212 1607 2256 Hispaniarum
1633 2212 1703 2255 regi
1729 2211 1891 2245 catholico
1909 2222 1959 2244 ve-

1216 2267 1380 2300 nerandas
1406 2265 1620 2300 ostendimus.
1647 2265 1730 2298 Hinc
1755 2264 1886 2305 factum,
1913 2270 1956 2305 ut,

1215 2321 1327 2354 Carolo
1352 2320 1375 2353 V
1400 2320 1620 2353 Romanorum
1648 2319 1844 2363 imperatore
1870 2318 1958 2363 apud

1217 2374 1319 2408 felicis
1346 2374 1524 2407 memoriae
1550 2378 1791 2407 antecessorem
1809 2378 1956 2406 nostrum

1215 2426 1415 2460 Clementem
1451 2426 1570 2470 Papam
1606 2426 1656 2458 VII
1692 2426 1878 2468 flagitante,
1916 2425 1956 2458 de

1215 2480 1331 2513 Iacobo
1366 2480 1450 2513 inter
1481 2485 1610 2512 sanctos
1644 2478 1816 2512 referendo
1848 2482 1957 2511 actum

1216 2533 1325 2573 suerit,
1351 2538 1448 2577 atque
1473 2532 1590 2565 iterum
1615 2531 1768 2574 Philippo
1786 2530 1823 2563 111
1842 2530 1957 2574 Hispa-

1215 2584 1341 2619 niarum
1366 2596 1444 2631 rege
1480 2585 1640 2619 catholico
1677 2583 1843 2618 adnitente
1869 2584 1956 2628 apud

1955 184 2006 213 An.
2029 183 2059 212 C.
2078 182 2145 213 1726
