2170 3147
49 195 103 224 An.
117 192 145 221 C.
167 193 235 221 ¹726

817 191 1012 216 BENEDICTUS
1038 192 1094 215 2111
1118 191 1166 215 PP.

241 241 272 274 in
290 240 472 273 minoribus
494 239 659 272 constituti
681 245 712 273 et
737 240 776 274 de
797 240 981 283 Congrega-
1002 239 1006 249 “

242 293 328 326 tione
345 292 542 326 Clericorum
562 292 770 334 Regularium
793 304 929 332 eramus,
949 299 981 325 et

241 345 407 388 quondam
432 344 574 377 Caietani
611 345 650 378 de
675 345 815 377 Thienes
849 346 980 388 presby·
1001 361 1003 364 >

241 397 301 430 teri
319 397 478 430 Vicentini
503 402 579 429 tunc
605 397 636 428 in
657 397 808 429 humanis
834 397 978 438 agentis,

240 460 278 484 ac
301 451 464 483 sociorum
498 450 767 492 Congregationis
793 449 978 482 huiusmodi

241 503 401 547 exposito,
427 504 514 547 quod
541 513 599 536 nos
626 508 658 536 et
683 503 743 546 ipsi
766 513 802 535 ae
827 503 977 535 nonnulli

240 557 295 590 alii
313 557 458 590 eiusdem
476 556 744 599 Congregationis
766 555 853 595 socii,
873 554 979 588 divina

239 609 453 653 inspiratione
479 609 576 649 ducti,
603 608 772 652 cupientes
809 618 880 641 euin
912 619 979 641 nia-

239 662 300 695 iori
333 662 431 695 animi
464 662 572 706 quiete
603 662 668 694 Deo
700 661 834 701 servire,
868 666 900 694 et
932 660 977 693 illi

238 716 342 759 magis
382 716 436 759 pio
476 715 641 748 desiderio
678 715 878 754 adhaerere,
919 715 978 747 tria

238 769 463 802 substantialia
486 768 660 811 religiosae
688 768 768 801 vitae
793 773 875 807 vota,
896 777 977 811 pau-

238 822 371 865 pertatis
391 821 522 861 scilicet,
542 821 698 854 castitatis
714 826 746 853 et
759 820 977 860 obedientiae,

238 875 400 915 emittere,
416 879 447 908 et
473 875 531 907 sub
557 876 656 907 solito
678 885 714 907 ac
739 873 901 907 communi
920 874 978 906 lia-

237 927 307 960 bitu
332 928 476 961 clericali
497 928 528 960 in
547 938 646 961 unum
668 928 867 967 cohabitare,
886 933 926 967 et,
945 926 976 959 in

238 982 403 1015 communi
428 991 464 1014 ac
488 981 528 1015 de
560 981 723 1014 communi
757 981 914 1019 viventes,
941 991 978 1013 ac

237 1034 303 1068 Deo
328 1034 499 1068 humiliter
523 1045 559 1067 ac
584 1035 710 1074 devote,
731 1039 888 1077 quantum
908 1034 977 1077 ipse

237 1087 389 1127 dedisset,
415 1087 604 1126 servientes,
625 1087 685 1120 sub
711 1087 857 1120 eiusdem
883 1097 978 1130 prae-

238 1141 420 1174 decessoris
445 1145 476 1173 et
501 1140 605 1173 dictae
623 1140 714 1173 Sedis
735 1139 849 1173 humili
876 1145 907 1172 et
923 1139 978 1171 im-

236 1194 380 1227 mediata
404 1193 607 1227 subiectione
640 1198 671 1227 et
705 1193 837 1236 speciali
872 1198 978 1236 prote-

237 1247 345 1280 ctione
370 1247 556 1280 clericalem
588 1247 683 1279 vitam
718 1247 835 1280 ducere
866 1247 978 1280 decre-

237 1299 390 1343 verint¹)
416 1300 539 1334 nostris
565 1305 597 1333 et
622 1311 735 1333 eorum
763 1300 795 1332 in
822 1301 857 1333 ea
883 1305 976 1343 parte

237 1353 534 1397 supplicationibus
559 1353 748 1393 inclinatus,
765 1353 861 1387 nobis
886 1359 917 1386 et.
942 1354 977 1386 il-

236 1407 286 1446 lis,
305 1417 341 1440 ac
358 1407 493 1440 cuilibet
506 1417 631 1447 eorum,
645 1412 688 1448 ut,
703 1407 975 1451 quandocumque.

235 1460 338 1493 visum
363 1460 454 1499 soret,
472 1470 644 1503 possemus
669 1459 727 1493 tria
752 1459 976 1493 substantialia

236 1513 411 1556 religiosae
438 1513 532 1549 vitae.
550 1513 749 1557 paupertatis
774 1513 907 1552 scilicet,
927 1524 977 1545 ca-

235 1566 353 1600 stitatis
370 1571 402 1599 et
419 1566 625 1600 obedientiae
644 1571 717 1600 vota
734 1566 862 1610 publice
884 1566 976 1599 emit-

235 1625 316 1660 tere,
337 1625 369 1653 et
393 1621 426 1654 in
452 1621 602 1653 manibus
627 1620 859 1663 cuiuscumque
886 1630 975 1663 pres-

234 1673 338 1717 byteri
374 1674 550 1707 saecularis
584 1673 631 1706 vel
669 1673 812 1705 cuiusvis
845 1672 975 1705 Ordinis

234 1727 395 1769 regularis
421 1727 615 1760 solemniter
638 1725 810 1770 profiteri,
837 1737 893 1765 ac,
917 1725 974 1758 sub

235 1779 333 1813 solito
354 1785 386 1813 et
405 1780 567 1813 communi
595 1780 708 1812 habitu
734 1779 878 1812 clericali
903 1780 976 1812 sub-

234 1843 296 1877 que
313 1833 446 1866 nomine
464 1837 495 1866 et
514 1833 753 1875 nuncupatione
771 1832 973 1866 Clerieoruin

234 1886 446 1929 Regularium
468 1885 499 1917 in
521 1885 682 1918 communi
702 1890 733 1917 et
752 1884 790 1917 de
809 1885 973 1918 communi

233 1939 400 1973 viventes²
424 1939 457 1972 in
483 1939 563 1972 loeis
589 1938 750 1982 religiosis
776 1943 831 1971 aut
864 1948 974 1972 saecu-

234 1993 367 2033 laribus,
389 1997 490 2035 prout
514 1991 609 2024 nobis
631 1996 662 2024 et
680 1991 742 2024 illis
759 1991 798 2024 ab
817 1991 880 2025 illis
900 2002 974 2034 quo·

234 2056 303 2078 rum
329 2046 400 2078 loca
425 2045 496 2088 ipsa
521 2049 632 2077 essent
667 2055 864 2078 concessum
891 2045 974 2077 soret

235 2108 291 2130 seu
316 2097 471 2141 expedire
496 2097 673 2137 videretur,
699 2098 758 2130 sub
784 2099 842 2130 sua
868 2103 901 2130 et
926 2098 973 2130 di-

235 2156 306 2184 ctae
322 2150 414 2183 Sedis
430 2149 616 2182 immediata
633 2150 836 2183 subiectione
855 2155 887 2183 et
905 2161 973 2193 spe-

233 2203 306 2236 ciali
327 2202 530 2246 protectione
555 2203 587 2235 in
613 2213 712 2235 unum
738 2203 899 2243 habitare,
927 2209 972 2236 at-

234 2265 298 2300 que
324 2265 362 2288 ex
387 2255 483 2288 nobis
503 2260 535 2288 et
559 2255 604 2288 eis
637 2255 721 2288 inter
753 2266 812 2288 nos
836 2256 972 2299 singulis

234 2308 326 2342 annis
351 2309 558 2352 superiorem
584 2308 718 2351 eligere,
746 2309 969 2352 praepositum

234 2361 498 2404 nuncupandum,
525 2361 579 2404 qui
604 2371 708 2404 usque
729 2361 768 2393 ad
795 2361 970 2394 triennium

234 2419 267 2447 et
287 2424 353 2448 non
370 2415 455 2448 ultra
474 2413 660 2447 confirmari
677 2419 801 2457 posset,
824 2415 971 2458 aliosque

235 2477 456 2511 quoscumque
481 2468 666 2500 saeculares
697 2467 834 2501 clericos
860 2468 971 2512 quavis

227 2573 229 2576 Α
270 2540 280 2566 1
305 2538 499 2566 Cohaerentius
519 2538 578 2573 lege
598 2538 810 2567 decreverimus
829 2539 868 2573 (n.
887 2539 935 2572 τ.).

268 2584 286 2612 2
301 2583 371 2612 Edit.
387 2584 470 2612 Main.
487 2583 536 2613 hoc
552 2584 611 2612 loeo
627 2583 692 2619 legit
707 2584 866 2614 viventium
879 2584 969 2621 (nm).

1025 240 1182 282 dignitate
1208 239 1379 282 fulgentes,
1399 250 1454 272 seu
1481 239 1591 278 laicos,
1610 239 1677 282 qui,
1697 239 1761 272 Deo

1025 293 1219 335 inspirante,
1246 293 1284 325 ad
1312 292 1499 325 huiusmodi
1532 292 1614 325 vitae
1641 303 1763 334 propo-

1024 345 1119 378 situm
1157 352 1190 378 et
1225 356 1428 378 communem
1465 346 1591 378 vivendi
1630 346 1760 377 modum

1024 409 1094 431 sese
1120 400 1269 431 conferre
1295 400 1425 438 vellent,
1454 399 1610 441 recipere,
1634 403 1665 430 et
1689 404 1761 440 post

1023 462 1143 483 annum
1169 452 1372 494 probationis
1399 452 1436 484 ad
1465 453 1560 483 talem
1588 452 1682 483 trium
1713 462 1762 483 vo-

1023 506 1127 536 torum
1153 504 1390 546 professionem
1428 504 1459 536 in
1492 504 1638 536 inanibus
1665 514 1760 546 supe-

1023 556 1120 589 rioris
1147 567 1204 589 seu
1230 557 1411 599 praepositi
1434 557 1645 589 emittendam
1672 563 1702 589 et
1721 558 1760 589 ad

1023 621 1229 643 communem
1263 610 1392 643 vivendi
1418 611 1549 643 modum
1576 610 1759 649 admittere,

1023 674 1149 696 necnon
1173 668 1291 696 statuta
1317 674 1539 707 quaecumque
1571 669 1599 695 et
1634 663 1762 695 ordina-

1025 716 1129 748 tiones
1159 726 1193 748 ac
1219 716 1466 749 constitutiones
1494 717 1532 749 de
1558 716 1705 748 omnibus
1732 721 1763 748 et

1022 768 1159 811 singulis
1186 779 1267 812 quae
1298 769 1336 801 ad
1368 769 1553 801 huiusmodi
1581 769 1662 801 vitae
1690 779 1762 810 pro-

1022 822 1162 864 positum
1199 821 1383 854 conducere
1417 832 1589 864 moresque
1616 826 1647 853 et
1673 821 1763 853 insti-

1023 879 1125 908 tutum
1168 875 1303 908 honeste
1342 881 1373 907 et
1414 875 1527 907 devote
1569 874 1764 907 clericaliter

1023 928 1148 961 vivendi
1171 938 1368 960 eoneernere
1394 928 1594 968 viderentur,
1624 928 1662 960 de
1688 928 1762 959 inis-

1022 981 1064 1014 sis
1089 982 1264 1024 praecipue
1291 986 1321 1013 et
1348 981 1418 1013 aliis
1439 981 1556 1013 divinis
1574 980 1686 1012 officiis
1706 990 1763 1012 seu

1023 1034 1113 1066 horis
1149 1033 1336 1073 canonicis,
1368 1039 1465 1075 prout
1500 1032 1595 1065 nobis
1631 1038 1662 1065 et
1698 1032 1762 1064 illis

1022 1087 1136 1120 melius
1167 1087 1350 1126 rideretur,
1378 1087 1583 1120 celebrandis
1618 1091 1645 1118 et
1681 1086 1763 1118 reei-

1023 1140 1152 1179 tandis,
1177 1140 1262 1172 licita
1291 1145 1398 1173 tamen
1426 1145 1456 1172 ct
1482 1140 1618 1172 honesta
1649 1149 1684 1171 ac
1712 1149 1762 1170 ra-

1023 1193 1190 1226 tionabilia
1225 1199 1256 1225 et
1287 1193 1381 1226 bonis
1415 1193 1561 1226 moribus
1600 1203 1636 1225 ac
1664 1192 1761 1227 saeris

1022 1247 1202 1280 canonibus
1229 1258 1293 1280 non
1317 1247 1490 1286 contraria,
1510 1248 1613 1279 facere
1636 1253 1667 1279 et
1686 1248 1762 1281 ede-

1021 1312 1067 1341 re,
1095 1314 1130 1335 ac
1156 1312 1214 1344 pro
1242 1306 1387 1344 tempore
1416 1302 1494 1333 l‘aeta
1523 1307 1551 1333 et
1580 1300 1666 1333 edita
1692 1311 1761 1334 eor-

1021 1355 1139 1398 rigere,
1168 1355 1365 1394 reformare,
1392 1359 1423 1386 et
1449 1354 1478 1386 iu
1507 1360 1632 1397 partein
1654 1355 1702 1387 vel
1729 1355 1759 1386 in

1023 1412 1125 1440 totuin
1153 1408 1333 1447 immutare,
1356 1418 1391 1440 ac
1416 1408 1454 1439 de
1476 1418 1556 1440 novo
1576 1407 1644 1446 alia,
1665 1413 1762 1449 prout,

1022 1461 1176 1504 expedire
1210 1462 1392 1499 rideretur,
1420 1461 1589 1494 instituere
1617 1466 1649 1492 οι,
1674 1461 1761 1493 ordi-

1021 1524 1114 1552 nare,
1142 1524 1176 1546 ac
1204 1514 1288 1545 iuxta
1314 1513 1370 1546 illa
1396 1514 1522 1553 virere,
1549 1524 1647 1556 quae,
1676 1519 1763 1556 post-

1020 1578 1114 1610 quam
1135 1566 1275 1606 condita,
1295 1567 1391 1606 edita,
1409 1567 1594 1605 reformata,
1614 1567 1762 1599 instituta

1021 1631 1056 1653 ac
1092 1621 1258 1653 immutata
1291 1625 1319 1651 et
1358 1620 1529 1658 ordinata,
1555 1631 1590 1652 ae
1616 1621 1761 1662 praelato

1021 1673 1178 1706 Clementi
1206 1673 1452 1715 praedecessori
1481 1684 1538 1705 ¹<eu
1565 1673 1762 1705 suecessori-

1020 1728 1079 1759 bus
1105 1727 1169 1759 suis
1194 1726 1339 1759 exhibita
1365 1727 1485 1765 serent,
1512 1726 1595 1759 dieta
1621 1726 1761 1758 auctori-

1021 1785 1085 1813 tate
1112 1779 1291 1822 apostoliea
1316 1780 1495 1822 approbata
1517 1784 1547 1811 et
1572 1779 1760 1812 confirmata

1022 1839 1129 1866 essent
1150 1838 1179 1865 et
1201 1844 1273 1866 esse
1293 1838 1527 1871 censerentur,
1555 1838 1585 1865 ct
1605 1838 1639 1864 ut
1657 1832 1761 1865 omni-

1020 1887 1079 1919 bus
1104 1892 1135 1919 et
1160 1886 1298 1929 singulis
1324 1886 1516 1929 privilegiis,
1543 1886 1760 1928 exemptioni-

1020 1939 1089 1979 bus,
1115 1939 1387 1979 immunitatibus,
1412 1939 1633 1981 indulgentiis,
1662 1939 1760 1971 sacul-

1020 1992 1153 2031 tatibus,
1180 1991 1398 2031 libertatibus,
1425 1992 1684 2031 auctoritatibus,
1712 1991 1759 2024 in-

1020 2045 1131 2085 dultis,
1149 2046 1322 2084 favoribus,
1339 2045 1603 2078 concessionibus
1631 2051 1661 2077 et
1686 2056 1759 2087 gra-

1020 2099 1071 2131 tiis
1097 2098 1321 2142 spiritualibus
1348 2104 1379 2130 et,
1405 2098 1664 2140 temporalibus,
1688 2098 1758 2141 qui-

1018 2152 1077 2183 bus
1114 2151 1322 2194 potiebantur
1347 2156 1379 2184 et
1415 2151 1599 2193 gaudebant
1635 2156 1688 2183 aut
1724 2152 1757 2183 in

1018 2204 1161 2236 futurum
1188 2203 1375 2247 potirentur
1400 2209 1429 2235 et
1457 2204 1636 2246 gauderent
1660 2214 1758 2236 cano-

1017 2257 1079 2290 nici
1097 2258 1263 2300 regulares
1280 2257 1506 2289 Lateranensis
1524 2256 1756 2299 Congregatio-

1016 2311 1088 2351 nis,
1116 2321 1343 2354 personaeque
1371 2315 1402 2343 et.
1427 2311 1497 2343 loca
1534 2321 1667 2350 eorum⁷
1694 2321 1753 2343 nos

1016 2374 1147 2407 quoque
1185 2368 1215 2396 et
1247 2363 1327 2407 ipsi,
1355 2374 1391 2396 ac
1431 2364 1532 2396 nostri
1571 2369 1603 2396 et
1639 2374 1754 2397 eorum

1016 2426 1175 2459 personae
1196 2422 1228 2449 et
1247 2417 1329 2456 loca,
1354 2416 1411 2455 nti,
1433 2416 1529 2459 potiri
1556 2422 1587 2449 et
1612 2418 1754 2459 gaudere

1015 2479 1202 2512 possemus,
1239 2468 1282 2502 ita
1317 2473 1353 2501 ut
1388 2469 1515 2502 litterae
1553 2470 1754 2512 apostolieae

1014 2531 1111 2565 super
1135 2521 1258 2555 eisdem
1282 2521 1471 2565 privilegiis,
1492 2522 1753 2566 exemptionibus

1013 2575 1280 2618 immunitatibus,
1294 2575 1562 2610 concessionibus
1582 2581 1613 2609 et
1630 2575 1754 2620 gratiis,

1653 181 1717 214 403
1763 190 1815 214 An.
1837 189 1864 215 c.
1885 189 1952 216 1726
