<?xml version="1.0" encoding="UTF-8"?>
<!DOCTYPE html PUBLIC "-//W3C//DTD XHTML 1.0 Transitional//EN"
    "http://www.w3.org/TR/xhtml1/DTD/xhtml1-transitional.dtd">
<html xmlns="http://www.w3.org/1999/xhtml" xml:lang="en" lang="en">
 <head>
  <title>
</title>
<meta http-equiv="Content-Type" content="text/html;charset=utf-8" />
  <meta name='ocr-system' content='tesseract 3.04.00' />
  <meta name='ocr-capabilities' content='ocr_page ocr_carea ocr_par ocr_line ocrx_word'/>
</head>
<body>
  <div class='ocr_page' id='page_1' title='image "./bullarumdiplomat22cath_0349.png"; bbox 0 0 2170 3147; ppageno 0'>
   <div class='ocr_carea' id='block_1_1' title="bbox 13 212 197 240">
    <p class='ocr_par' dir='ltr' id='par_1_1' title="bbox 13 212 197 240">
     <span class='ocr_line' id='line_1_1' title="bbox 13 212 197 240; baseline -0.005 0"><span class='ocrx_word' id='word_1_1' title='bbox 13 215 61 240; x_wconf 81' lang='grc' dir='ltr'><strong>Αιι.</strong></span> <span class='ocrx_word' id='word_1_2' title='bbox 75 214 106 239; x_wconf 79' lang='lat' dir='ltr'>C.</span> <span class='ocrx_word' id='word_1_3' title='bbox 130 212 197 239; x_wconf 66' lang='lat'>¹726</span> 
     </span>
    </p>
   </div>
   <div class='ocr_carea' id='block_1_2' title="bbox 14 959 196 1086">
    <p class='ocr_par' dir='ltr' id='par_1_2' title="bbox 14 959 196 1086">
     <span class='ocr_line' id='line_1_2' title="bbox 40 959 196 980; baseline -0.006 0"><span class='ocrx_word' id='word_1_4' title='bbox 40 959 152 980; x_wconf 62' lang='lat' dir='ltr'>concessio</span> <span class='ocrx_word' id='word_1_5' title='bbox 162 965 196 979; x_wconf 66' lang='lat' dir='ltr'>va-</span> 
     </span>
     <span class='ocr_line' id='line_1_3' title="bbox 15 986 196 1007; baseline -0.006 -1"><span class='ocrx_word' id='word_1_6' title='bbox 15 986 92 1007; x_wconf 72' lang='lat' dir='ltr'>riarum</span> <span class='ocrx_word' id='word_1_7' title='bbox 131 986 196 1006; x_wconf 73' lang='lat' dir='ltr'>munt-</span> 
     </span>
     <span class='ocr_line' id='line_1_4' title="bbox 14 1015 196 1037; baseline 0 -5"><span class='ocrx_word' id='word_1_8' title='bbox 14 1015 130 1037; x_wconf 62' lang='lat' dir='ltr'>flent-iarun·</span> <span class='ocrx_word' id='word_1_9' title='bbox 151 1019 196 1032; x_wconf 76' lang='lat' dir='ltr'>ura-</span> 
     </span>
     <span class='ocr_line' id='line_1_5' title="bbox 15 1039 196 1059; baseline 0 -1"><span class='ocrx_word' id='word_1_10' title='bbox 15 1039 65 1059; x_wconf 79' lang='lat' dir='ltr'>tioni</span> <span class='ocrx_word' id='word_1_11' title='bbox 111 1040 196 1059; x_wconf 66' lang='lat' dir='ltr'>mentali</span> 
     </span>
     <span class='ocr_line' id='line_1_6' title="bbox 15 1065 148 1086; baseline 0.015 -2"><span class='ocrx_word' id='word_1_12' title='bbox 15 1065 148 1086; x_wconf 75' lang='lat' dir='ltr'>vacantibus.</span> 
     </span>
    </p>
   </div>
   <div class='ocr_carea' id='block_1_3' title="bbox 794 212 1145 236">
    <p class='ocr_par' dir='ltr' id='par_1_3' title="bbox 794 212 1145 236">
     <span class='ocr_line' id='line_1_7' title="bbox 794 212 1145 236; baseline -0.003 0"><span class='ocrx_word' id='word_1_13' title='bbox 794 212 988 236; x_wconf 74' lang='lat' dir='ltr'>BENEDIC‘I&#39;I&#39;S</span> <span class='ocrx_word' id='word_1_14' title='bbox 1015 212 1070 235; x_wconf 82' lang='lat' dir='ltr'>xut</span> <span class='ocrx_word' id='word_1_15' title='bbox 1098 213 1145 235; x_wconf 66' lang='lat'>1³1⁸.</span> 
     </span>
    </p>
   </div>
   <div class='ocr_carea' id='block_1_4' title="bbox 536 260 608 294">
    <p class='ocr_par' dir='ltr' id='par_1_4' title="bbox 536 260 608 294">
     <span class='ocr_line' id='line_1_8' title="bbox 536 260 608 294; baseline -0.014 0"><span class='ocrx_word' id='word_1_16' title='bbox 536 260 608 294; x_wconf 85' lang='lat' dir='ltr'>CIV.</span> 
     </span>
    </p>
   </div>
   <div class='ocr_carea' id='block_1_5' title="bbox 206 330 946 469">
    <p class='ocr_par' dir='ltr' id='par_1_5' title="bbox 206 330 946 469">
     <span class='ocr_line' id='line_1_9' title="bbox 206 330 945 373; baseline -0.001 -9"><span class='ocrx_word' id='word_1_17' title='bbox 206 330 431 365; x_wconf 75' lang='lat' dir='ltr'>conceduntur</span> <span class='ocrx_word' id='word_1_18' title='bbox 455 330 681 372; x_wconf 72' lang='lat' dir='ltr'>indulqenliae</span> <span class='ocrx_word' id='word_1_19' title='bbox 697 331 795 363; x_wconf 79' lang='lat' dir='ltr'>eliam</span> <span class='ocrx_word' id='word_1_20' title='bbox 812 341 870 373; x_wconf 77' lang='lat' dir='ltr'>pro</span> <span class='ocrx_word' id='word_1_21' title='bbox 895 331 945 363; x_wconf 82' lang='lat' dir='ltr'>de-</span> 
     </span>
     <span class='ocr_line' id='line_1_10' title="bbox 247 383 946 426; baseline 0 -11"><span class='ocrx_word' id='word_1_22' title='bbox 247 384 368 426; x_wconf 73' lang='lat' dir='ltr'>functis</span> <span class='ocrx_word' id='word_1_23' title='bbox 392 383 716 426; x_wconf 73' lang='lat' dir='ltr'>confraternilalibus</span> <span class='ocrx_word' id='word_1_24' title='bbox 744 383 836 416; x_wconf 83' lang='lat' dir='ltr'><em>B.M.</em></span> <span class='ocrx_word' id='word_1_25' title='bbox 854 383 889 415; x_wconf 76' lang='lat' dir='ltr'>V.</span> <span class='ocrx_word' id='word_1_26' title='bbox 909 383 946 415; x_wconf 71' lang='lat' dir='ltr'>(Ie</span> 
     </span>
     <span class='ocr_line' id='line_1_11' title="bbox 248 434 816 469; baseline -0.005 0"><span class='ocrx_word' id='word_1_27' title='bbox 248 436 383 469; x_wconf 80' lang='lat' dir='ltr'>Rosurio</span> <span class='ocrx_word' id='word_1_28' title='bbox 407 441 435 468; x_wconf 80' lang='lat' dir='ltr'>et</span> <span class='ocrx_word' id='word_1_29' title='bbox 459 436 513 469; x_wconf 85' lang='lat' dir='ltr'>SS.</span> <span class='ocrx_word' id='word_1_30' title='bbox 532 435 683 468; x_wconf 70' lang='lat' dir='ltr'>Nominis</span> <span class='ocrx_word' id='word_1_31' title='bbox 707 435 781 467; x_wconf 75' lang='lat' dir='ltr'>Iesu</span> <span class='ocrx_word' id='word_1_32' title='bbox 797 434 816 466; x_wconf 84' lang='lat'>¹.</span> 
     </span>
    </p>
   </div>
   <div class='ocr_carea' id='block_1_6' title="bbox 346 515 804 587">
    <p class='ocr_par' dir='ltr' id='par_1_6' title="bbox 346 515 804 587">
     <span class='ocr_line' id='line_1_12' title="bbox 372 515 759 548; baseline -0.003 -6"><span class='ocrx_word' id='word_1_33' title='bbox 372 515 553 542; x_wconf 78' lang='lat' dir='ltr'><strong>Benedictus</strong></span> <span class='ocrx_word' id='word_1_34' title='bbox 575 515 654 548; x_wconf 83' lang='lat' dir='ltr'>Papa</span> <span class='ocrx_word' id='word_1_35' title='bbox 674 515 759 547; x_wconf 90' lang='lat' dir='ltr'>XIII,</span> 
     </span>
     <span class='ocr_line' id='line_1_13' title="bbox 346 559 804 587; baseline -0.004 0"><span class='ocrx_word' id='word_1_36' title='bbox 346 561 382 587; x_wconf 86' lang='lat' dir='ltr'>ad</span> <span class='ocrx_word' id='word_1_37' title='bbox 401 560 534 587; x_wconf 83' lang='lat' dir='ltr'>futuram</span> <span class='ocrx_word' id='word_1_38' title='bbox 554 560 599 586; x_wconf 81' lang='lat' dir='ltr'>rei</span> <span class='ocrx_word' id='word_1_39' title='bbox 620 559 804 586; x_wconf 87' lang='lat' dir='ltr'>memoriam.</span> 
     </span>
    </p>
   </div>
   <div class='ocr_carea' id='block_1_7' title="bbox 206 628 952 1788">
    <p class='ocr_par' dir='ltr' id='par_1_7' title="bbox 206 628 947 938">
     <span class='ocr_line' id='line_1_14' title="bbox 252 628 946 673; baseline -0.004 -10"><span class='ocrx_word' id='word_1_40' title='bbox 252 631 297 663; x_wconf 86' lang='lat' dir='ltr'>Ad</span> <span class='ocrx_word' id='word_1_41' title='bbox 322 641 367 669; x_wconf 89' lang='lat' dir='ltr'>ea,</span> <span class='ocrx_word' id='word_1_42' title='bbox 395 641 452 673; x_wconf 87' lang='lat' dir='ltr'>per</span> <span class='ocrx_word' id='word_1_43' title='bbox 476 641 558 673; x_wconf 86' lang='lat' dir='ltr'>quae</span> <span class='ocrx_word' id='word_1_44' title='bbox 586 629 764 662; x_wconf 87' lang='lat' dir='ltr'>animarum</span> <span class='ocrx_word' id='word_1_45' title='bbox 794 628 946 662; x_wconf 78' lang='lat' dir='ltr'>christili-</span> 
     </span>
     <span class='ocr_line' id='line_1_15' title="bbox 207 682 947 727; baseline -0.003 -11"><span class='ocrx_word' id='word_1_46' title='bbox 207 684 328 717; x_wconf 89' lang='lat' dir='ltr'>delinm</span> <span class='ocrx_word' id='word_1_47' title='bbox 354 685 439 716; x_wconf 89' lang='lat' dir='ltr'>salus</span> <span class='ocrx_word' id='word_1_48' title='bbox 458 689 661 727; x_wconf 86' lang='lat' dir='ltr'>procuratur,</span> <span class='ocrx_word' id='word_1_49' title='bbox 675 683 817 715; x_wconf 87' lang='lat' dir='ltr'>libenter</span> <span class='ocrx_word' id='word_1_50' title='bbox 842 682 947 714; x_wconf 83' lang='lat' dir='ltr'>inten-</span> 
     </span>
     <span class='ocr_line' id='line_1_16' title="bbox 207 735 947 775; baseline -0.001 -6"><span class='ocrx_word' id='word_1_51' title='bbox 207 737 320 775; x_wconf 82' lang='lat' dir='ltr'>dimus,</span> <span class='ocrx_word' id='word_1_52' title='bbox 341 742 372 770; x_wconf 84' lang='lat' dir='ltr'>ct</span> <span class='ocrx_word' id='word_1_53' title='bbox 397 736 586 770; x_wconf 85' lang='lat' dir='ltr'>eorumdem</span> <span class='ocrx_word' id='word_1_54' title='bbox 608 735 870 768; x_wconf 66' lang='lat' dir='ltr'>christifidelium</span> <span class='ocrx_word' id='word_1_55' title='bbox 897 735 947 768; x_wconf 87' lang='lat' dir='ltr'>de-</span> 
     </span>
     <span class='ocr_line' id='line_1_17' title="bbox 207 787 947 832; baseline -0.004 -10"><span class='ocrx_word' id='word_1_56' title='bbox 207 789 386 826; x_wconf 79' lang='lat' dir='ltr'>votionem.</span> <span class='ocrx_word' id='word_1_57' title='bbox 404 795 438 821; x_wconf 92' lang='lat' dir='ltr'>ut</span> <span class='ocrx_word' id='word_1_58' title='bbox 457 789 676 832; x_wconf 67' lang='lat' dir='ltr'>spiritualibus</span> <span class='ocrx_word' id='word_1_59' title='bbox 702 787 864 821; x_wconf 85' lang='lat' dir='ltr'>exercitiis</span> <span class='ocrx_word' id='word_1_60' title='bbox 887 788 947 820; x_wconf 79' lang='lat' dir='ltr'>ser-</span> 
     </span>
     <span class='ocr_line' id='line_1_18' title="bbox 206 841 946 880; baseline -0.005 -4"><span class='ocrx_word' id='word_1_61' title='bbox 206 843 333 876; x_wconf 89' lang='lat' dir='ltr'>ventius</span> <span class='ocrx_word' id='word_1_62' title='bbox 351 842 550 880; x_wconf 79' lang='lat' dir='ltr'>incumbant,</span> <span class='ocrx_word' id='word_1_63' title='bbox 572 841 759 874; x_wconf 81' lang='lat' dir='ltr'>caelestium</span> <span class='ocrx_word' id='word_1_64' title='bbox 778 851 946 874; x_wconf 88' lang='lat' dir='ltr'>munerum</span> 
     </span>
     <span class='ocr_line' id='line_1_19' title="bbox 207 893 947 938; baseline -0.004 -10"><span class='ocrx_word' id='word_1_65' title='bbox 207 895 399 938; x_wconf 74' lang='lat' dir='ltr'>elargitione</span> <span class='ocrx_word' id='word_1_66' title='bbox 412 895 553 927; x_wconf 84' lang='lat' dir='ltr'>libenter</span> <span class='ocrx_word' id='word_1_67' title='bbox 566 895 709 927; x_wconf 81' lang='lat' dir='ltr'>soremus</span> <span class='ocrx_word' id='word_1_68' title='bbox 722 899 753 927; x_wconf 87' lang='lat' dir='ltr'>et</span> <span class='ocrx_word' id='word_1_69' title='bbox 767 893 947 926; x_wconf 73' lang='lat' dir='ltr'>incitamus.</span> 
     </span>
    </p>

    <p class='ocr_par' dir='ltr' id='par_1_8' title="bbox 208 946 952 1788">
     <span class='ocr_line' id='line_1_20' title="bbox 252 946 948 991; baseline -0.004 -10"><span class='ocrx_word' id='word_1_70' title='bbox 252 949 266 991; x_wconf 67' lang='grc' dir='ltr'><strong>ἓ</strong></span> <span class='ocrx_word' id='word_1_71' title='bbox 292 947 323 981; x_wconf 85' lang='grc'>1.</span> <span class='ocrx_word' id='word_1_72' title='bbox 351 948 459 991; x_wconf 87' lang='lat' dir='ltr'>ltaque</span> <span class='ocrx_word' id='word_1_73' title='bbox 486 948 524 980; x_wconf 86' lang='lat' dir='ltr'>de</span> <span class='ocrx_word' id='word_1_74' title='bbox 546 947 782 990; x_wconf 85' lang='lat' dir='ltr'>omnipotentis</span> <span class='ocrx_word' id='word_1_75' title='bbox 808 946 863 978; x_wconf 90' lang='lat' dir='ltr'>Dei</span> <span class='ocrx_word' id='word_1_76' title='bbox 889 946 948 978; x_wconf 88' lang='lat' dir='ltr'>mi-</span> 
     </span>
     <span class='ocr_line' id='line_1_21' title="bbox 209 999 946 1033; baseline -0.001 0"><span class='ocrx_word' id='word_1_77' title='bbox 209 1001 387 1033; x_wconf 76' lang='lat' dir='ltr'>sericordia</span> <span class='ocrx_word' id='word_1_78' title='bbox 419 1012 454 1033; x_wconf 83' lang='lat' dir='ltr'>ac</span> <span class='ocrx_word' id='word_1_79' title='bbox 486 1000 654 1033; x_wconf 86' lang='lat' dir='ltr'>beatorum</span> <span class='ocrx_word' id='word_1_80' title='bbox 680 999 763 1032; x_wconf 85' lang='lat' dir='ltr'>Petri</span> <span class='ocrx_word' id='word_1_81' title='bbox 801 1005 833 1031; x_wconf 90' lang='lat' dir='ltr'>et</span> <span class='ocrx_word' id='word_1_82' title='bbox 858 999 946 1032; x_wconf 86' lang='lat' dir='ltr'>Pauli</span> 
     </span>
     <span class='ocr_line' id='line_1_22' title="bbox 208 1051 948 1097; baseline -0.003 -10"><span class='ocrx_word' id='word_1_83' title='bbox 208 1054 430 1097; x_wconf 84' lang='lat' dir='ltr'>apostolorum</span> <span class='ocrx_word' id='word_1_84' title='bbox 457 1053 525 1086; x_wconf 87' lang='lat' dir='ltr'>eius</span> <span class='ocrx_word' id='word_1_85' title='bbox 550 1053 740 1086; x_wconf 81' lang='lat' dir='ltr'>auctoritate</span> <span class='ocrx_word' id='word_1_86' title='bbox 766 1051 890 1091; x_wconf 80' lang='lat' dir='ltr'>contisi,</span> <span class='ocrx_word' id='word_1_87' title='bbox 915 1063 948 1085; x_wconf 92' lang='lat' dir='ltr'>o-</span> 
     </span>
     <span class='ocr_line' id='line_1_23' title="bbox 209 1105 948 1148; baseline -0.003 -9"><span class='ocrx_word' id='word_1_88' title='bbox 209 1106 338 1139; x_wconf 87' lang='lat' dir='ltr'>mnibus</span> <span class='ocrx_word' id='word_1_89' title='bbox 361 1113 392 1139; x_wconf 93' lang='lat' dir='ltr'>et</span> <span class='ocrx_word' id='word_1_90' title='bbox 413 1106 548 1148; x_wconf 77' lang='lat' dir='ltr'>singulis</span> <span class='ocrx_word' id='word_1_91' title='bbox 571 1106 723 1138; x_wconf 84' lang='lat' dir='ltr'>fratribus</span> <span class='ocrx_word' id='word_1_92' title='bbox 749 1111 780 1138; x_wconf 88' lang='lat' dir='ltr'>et</span> <span class='ocrx_word' id='word_1_93' title='bbox 800 1105 948 1138; x_wconf 79' lang='lat' dir='ltr'>moniali·</span> 
     </span>
     <span class='ocr_line' id='line_1_24' title="bbox 208 1158 947 1199; baseline -0.003 -7"><span class='ocrx_word' id='word_1_94' title='bbox 208 1160 267 1192; x_wconf 90' lang='lat' dir='ltr'>bus</span> <span class='ocrx_word' id='word_1_95' title='bbox 284 1159 413 1192; x_wconf 76' lang='lat' dir='ltr'>Ordinis</span> <span class='ocrx_word' id='word_1_96' title='bbox 432 1159 705 1199; x_wconf 80' lang='lat' dir='ltr'>Praedicatorum,</span> <span class='ocrx_word' id='word_1_97' title='bbox 728 1170 764 1192; x_wconf 86' lang='lat' dir='ltr'>ae</span> <span class='ocrx_word' id='word_1_98' title='bbox 781 1158 947 1191; x_wconf 86' lang='lat' dir='ltr'>Tertiariis</span> 
     </span>
     <span class='ocr_line' id='line_1_25' title="bbox 209 1211 948 1245; baseline -0.003 0"><span class='ocrx_word' id='word_1_99' title='bbox 209 1212 249 1245; x_wconf 87' lang='lat' dir='ltr'>de</span> <span class='ocrx_word' id='word_1_100' title='bbox 285 1211 396 1245; x_wconf 78' lang='lat' dir='ltr'>Militia</span> <span class='ocrx_word' id='word_1_101' title='bbox 421 1211 537 1245; x_wconf 89' lang='lat' dir='ltr'>Christi</span> <span class='ocrx_word' id='word_1_102' title='bbox 576 1223 632 1245; x_wconf 87' lang='lat' dir='ltr'>sen</span> <span class='ocrx_word' id='word_1_103' title='bbox 670 1212 709 1245; x_wconf 90' lang='lat' dir='ltr'>de</span> <span class='ocrx_word' id='word_1_104' title='bbox 744 1211 948 1244; x_wconf 82' lang='lat' dir='ltr'>Poenitentia</span> 
     </span>
     <span class='ocr_line' id='line_1_26' title="bbox 208 1265 949 1309; baseline -0.001 -11"><span class='ocrx_word' id='word_1_105' title='bbox 208 1265 416 1309; x_wconf 80' lang='lat' dir='ltr'>nuncupatis,</span> <span class='ocrx_word' id='word_1_106' title='bbox 432 1271 463 1297; x_wconf 87' lang='lat' dir='ltr'>et</span> <span class='ocrx_word' id='word_1_107' title='bbox 481 1265 552 1298; x_wconf 87' lang='lat' dir='ltr'>aliis</span> <span class='ocrx_word' id='word_1_108' title='bbox 569 1265 736 1309; x_wconf 86' lang='lat' dir='ltr'>utriusque</span> <span class='ocrx_word' id='word_1_109' title='bbox 754 1275 847 1298; x_wconf 78' lang='lat' dir='ltr'>sexus</span> <span class='ocrx_word' id='word_1_110' title='bbox 867 1265 949 1298; x_wconf 91' lang='lat' dir='ltr'>chri-</span> 
     </span>
     <span class='ocr_line' id='line_1_27' title="bbox 209 1317 949 1352; baseline 0 -2"><span class='ocrx_word' id='word_1_111' title='bbox 209 1317 402 1351; x_wconf 83' lang='lat' dir='ltr'>stifidelibus</span> <span class='ocrx_word' id='word_1_112' title='bbox 421 1319 637 1351; x_wconf 77' lang='lat' dir='ltr'>confratribus</span> <span class='ocrx_word' id='word_1_113' title='bbox 663 1325 694 1352; x_wconf 89' lang='lat' dir='ltr'>et</span> <span class='ocrx_word' id='word_1_114' title='bbox 718 1319 949 1352; x_wconf 74' lang='lat' dir='ltr'>consororibus</span> 
     </span>
     <span class='ocr_line' id='line_1_28' title="bbox 210 1371 948 1414; baseline 0 -10"><span class='ocrx_word' id='word_1_115' title='bbox 210 1372 508 1404; x_wconf 69' lang='lat' dir='ltr'>confraternitatum</span> <span class='ocrx_word' id='word_1_116' title='bbox 541 1372 574 1404; x_wconf 84' lang='lat' dir='ltr'>B.</span> <span class='ocrx_word' id='word_1_117' title='bbox 603 1371 720 1405; x_wconf 88' lang='lat' dir='ltr'>Mariae</span> <span class='ocrx_word' id='word_1_118' title='bbox 748 1371 885 1414; x_wconf 74' lang='lat' dir='ltr'>Virginis</span> <span class='ocrx_word' id='word_1_119' title='bbox 911 1371 948 1404; x_wconf 87' lang='lat' dir='ltr'>de</span> 
     </span>
     <span class='ocr_line' id='line_1_29' title="bbox 210 1425 950 1467; baseline 0 -9"><span class='ocrx_word' id='word_1_120' title='bbox 210 1425 346 1459; x_wconf 82' lang='lat' dir='ltr'>Resario</span> <span class='ocrx_word' id='word_1_121' title='bbox 372 1431 403 1458; x_wconf 91' lang='lat' dir='ltr'>et</span> <span class='ocrx_word' id='word_1_122' title='bbox 426 1426 477 1459; x_wconf 84' lang='lat' dir='ltr'>SS.</span> <span class='ocrx_word' id='word_1_123' title='bbox 495 1425 639 1459; x_wconf 82' lang='lat' dir='ltr'>Nominis</span> <span class='ocrx_word' id='word_1_124' title='bbox 667 1426 736 1458; x_wconf 88' lang='lat' dir='ltr'>lesu</span> <span class='ocrx_word' id='word_1_125' title='bbox 753 1453 760 1467; x_wconf 84' lang='lat'>,</span> <span class='ocrx_word' id='word_1_126' title='bbox 789 1431 851 1458; x_wconf 90' lang='lat' dir='ltr'>tam</span> <span class='ocrx_word' id='word_1_127' title='bbox 877 1425 950 1458; x_wconf 88' lang='lat' dir='ltr'>hac-</span> 
     </span>
     <span class='ocr_line' id='line_1_30' title="bbox 212 1478 951 1512; baseline 0.001 -1"><span class='ocrx_word' id='word_1_128' title='bbox 212 1484 304 1511; x_wconf 89' lang='lat' dir='ltr'>tenus</span> <span class='ocrx_word' id='word_1_129' title='bbox 329 1479 361 1511; x_wconf 90' lang='lat' dir='ltr'>in</span> <span class='ocrx_word' id='word_1_130' title='bbox 387 1479 533 1512; x_wconf 85' lang='lat' dir='ltr'>ecelesiis</span> <span class='ocrx_word' id='word_1_131' title='bbox 552 1479 695 1512; x_wconf 83' lang='lat' dir='ltr'>eiusdem</span> <span class='ocrx_word' id='word_1_132' title='bbox 713 1478 841 1511; x_wconf 79' lang='lat' dir='ltr'>Ordinis</span> <span class='ocrx_word' id='word_1_133' title='bbox 859 1489 951 1512; x_wconf 89' lang='lat' dir='ltr'>cano—</span> 
     </span>
     <span class='ocr_line' id='line_1_31' title="bbox 211 1531 949 1576; baseline 0 -13"><span class='ocrx_word' id='word_1_134' title='bbox 211 1531 283 1564; x_wconf 82' lang='lat' dir='ltr'>nice</span> <span class='ocrx_word' id='word_1_135' title='bbox 308 1537 500 1573; x_wconf 83' lang='lat' dir='ltr'>erectarum,</span> <span class='ocrx_word' id='word_1_136' title='bbox 519 1543 614 1576; x_wconf 88' lang='lat' dir='ltr'>quam</span> <span class='ocrx_word' id='word_1_137' title='bbox 639 1532 670 1564; x_wconf 93' lang='lat' dir='ltr'>in</span> <span class='ocrx_word' id='word_1_138' title='bbox 697 1538 863 1575; x_wconf 86' lang='lat' dir='ltr'>posterum</span> <span class='ocrx_word' id='word_1_139' title='bbox 882 1531 949 1564; x_wconf 89' lang='lat' dir='ltr'>ubi-</span> 
     </span>
     <span class='ocr_line' id='line_1_32' title="bbox 211 1583 950 1628; baseline 0 -11"><span class='ocrx_word' id='word_1_140' title='bbox 211 1583 291 1617; x_wconf 87' lang='lat' dir='ltr'>libet</span> <span class='ocrx_word' id='word_1_141' title='bbox 315 1585 553 1627; x_wconf 79' lang='lat' dir='ltr'>erigendarum,</span> <span class='ocrx_word' id='word_1_142' title='bbox 581 1585 635 1628; x_wconf 88' lang='lat' dir='ltr'>qui</span> <span class='ocrx_word' id='word_1_143' title='bbox 656 1595 715 1628; x_wconf 86' lang='lat' dir='ltr'>per</span> <span class='ocrx_word' id='word_1_144' title='bbox 739 1585 950 1628; x_wconf 80' lang='lat' dir='ltr'>quadrantem</span> 
     </span>
     <span class='ocr_line' id='line_1_33' title="bbox 211 1637 951 1681; baseline 0.001 -11"><span class='ocrx_word' id='word_1_145' title='bbox 211 1637 311 1671; x_wconf 86' lang='lat' dir='ltr'>horae</span> <span class='ocrx_word' id='word_1_146' title='bbox 344 1638 479 1672; x_wconf 87' lang='lat' dir='ltr'>orationi</span> <span class='ocrx_word' id='word_1_147' title='bbox 508 1638 639 1671; x_wconf 86' lang='lat' dir='ltr'>mentali</span> <span class='ocrx_word' id='word_1_148' title='bbox 667 1638 866 1677; x_wconf 70' lang='lat' dir='ltr'>vacaverint,</span> <span class='ocrx_word' id='word_1_149' title='bbox 894 1649 951 1681; x_wconf 87' lang='lat' dir='ltr'>pro</span> 
     </span>
     <span class='ocr_line' id='line_1_34' title="bbox 212 1691 951 1734; baseline 0.001 -12"><span class='ocrx_word' id='word_1_150' title='bbox 212 1691 358 1734; x_wconf 85' lang='lat' dir='ltr'>qualibet</span> <span class='ocrx_word' id='word_1_151' title='bbox 376 1691 443 1724; x_wconf 81' lang='lat' dir='ltr'>rice</span> <span class='ocrx_word' id='word_1_152' title='bbox 462 1698 590 1724; x_wconf 80' lang='lat' dir='ltr'>centum</span> <span class='ocrx_word' id='word_1_153' title='bbox 612 1691 698 1731; x_wconf 71' lang='lat' dir='ltr'>dies,</span> <span class='ocrx_word' id='word_1_154' title='bbox 721 1691 774 1734; x_wconf 89' lang='lat' dir='ltr'>qui</span> <span class='ocrx_word' id='word_1_155' title='bbox 793 1701 850 1734; x_wconf 85' lang='lat' dir='ltr'>per</span> <span class='ocrx_word' id='word_1_156' title='bbox 869 1691 951 1723; x_wconf 86' lang='lat' dir='ltr'>duos</span> 
     </span>
     <span class='ocr_line' id='line_1_35' title="bbox 213 1744 952 1788; baseline -0.001 -11"><span class='ocrx_word' id='word_1_157' title='bbox 213 1745 408 1788; x_wconf 76' lang='lat' dir='ltr'>quadrantes</span> <span class='ocrx_word' id='word_1_158' title='bbox 440 1744 666 1785; x_wconf 86' lang='lat' dir='ltr'>continuatos,</span> <span class='ocrx_word' id='word_1_159' title='bbox 693 1750 817 1788; x_wconf 81' lang='lat' dir='ltr'>septem</span> <span class='ocrx_word' id='word_1_160' title='bbox 851 1755 952 1777; x_wconf 89' lang='lat' dir='ltr'>annos</span> 
     </span>
    </p>
   </div>
   <div class='ocr_carea' id='block_1_8' title="bbox 214 1851 955 2056">
    <p class='ocr_par' dir='ltr' id='par_1_9' title="bbox 214 1851 955 2056">
     <span class='ocr_line' id='line_1_36' title="bbox 214 1851 952 1894; baseline -0.001 -9"><span class='ocrx_word' id='word_1_161' title='bbox 214 1851 331 1885; x_wconf 75' lang='lat' dir='ltr'>debitis</span> <span class='ocrx_word' id='word_1_162' title='bbox 357 1852 567 1894; x_wconf 76' lang='lat' dir='ltr'>poenitentiis</span> <span class='ocrx_word' id='word_1_163' title='bbox 602 1852 631 1884; x_wconf 90' lang='lat' dir='ltr'>in</span> <span class='ocrx_word' id='word_1_164' title='bbox 665 1852 766 1885; x_wconf 80' lang='lat' dir='ltr'>forma</span> <span class='ocrx_word' id='word_1_165' title='bbox 791 1852 952 1885; x_wconf 73' lang='lat' dir='ltr'>Ecclesiae</span> 
     </span>
     <span class='ocr_line' id='line_1_37' title="bbox 215 1900 952 1948; baseline 0 -10"><span class='ocrx_word' id='word_1_166' title='bbox 215 1908 368 1938; x_wconf 75' lang='lat' dir='ltr'>consueta</span> <span class='ocrx_word' id='word_1_167' title='bbox 395 1900 597 1946; x_wconf 84' lang='lat' dir='ltr'>relaxamus;</span> <span class='ocrx_word' id='word_1_168' title='bbox 632 1905 669 1938; x_wconf 87' lang='lat' dir='ltr'>iis</span> <span class='ocrx_word' id='word_1_169' title='bbox 702 1916 788 1945; x_wconf 89' lang='lat' dir='ltr'>vero,</span> <span class='ocrx_word' id='word_1_170' title='bbox 814 1905 867 1948; x_wconf 88' lang='lat' dir='ltr'>qui</span> <span class='ocrx_word' id='word_1_171' title='bbox 899 1905 952 1938; x_wconf 90' lang='lat' dir='ltr'>de-</span> 
     </span>
     <span class='ocr_line' id='line_1_38' title="bbox 215 1958 955 2002; baseline 0.001 -12"><span class='ocrx_word' id='word_1_172' title='bbox 215 1959 336 1992; x_wconf 82' lang='lat' dir='ltr'>votioni</span> <span class='ocrx_word' id='word_1_173' title='bbox 355 1959 542 1992; x_wconf 88' lang='lat' dir='ltr'>huiusmodi</span> <span class='ocrx_word' id='word_1_174' title='bbox 569 1969 626 2002; x_wconf 84' lang='lat' dir='ltr'>per</span> <span class='ocrx_word' id='word_1_175' title='bbox 652 1958 731 1992; x_wconf 86' lang='lat' dir='ltr'>duos</span> <span class='ocrx_word' id='word_1_176' title='bbox 758 1959 955 2002; x_wconf 76' lang='lat' dir='ltr'>quadrantes</span> 
     </span>
     <span class='ocr_line' id='line_1_39' title="bbox 216 2012 954 2056; baseline -0.003 -10"><span class='ocrx_word' id='word_1_177' title='bbox 216 2013 423 2046; x_wconf 87' lang='lat' dir='ltr'>continuatos</span> <span class='ocrx_word' id='word_1_178' title='bbox 448 2014 498 2046; x_wconf 88' lang='lat' dir='ltr'>vel</span> <span class='ocrx_word' id='word_1_179' title='bbox 524 2014 638 2046; x_wconf 84' lang='lat' dir='ltr'>saltem</span> <span class='ocrx_word' id='word_1_180' title='bbox 664 2023 721 2056; x_wconf 88' lang='lat' dir='ltr'>per</span> <span class='ocrx_word' id='word_1_181' title='bbox 741 2012 954 2055; x_wconf 81' lang='lat' dir='ltr'>quadrantem</span> 
     </span>
    </p>
   </div>
   <div class='ocr_carea' id='block_1_9' title="bbox 215 2054 980 2162">
    <p class='ocr_par' dir='ltr' id='par_1_10' title="bbox 215 2054 980 2162">
     <span class='ocr_line' id='line_1_40' title="bbox 217 2054 979 2108; baseline -0.004 -9"><span class='ocrx_word' id='word_1_182' title='bbox 217 2066 317 2099; x_wconf 87' lang='lat' dir='ltr'>horae</span> <span class='ocrx_word' id='word_1_183' title='bbox 358 2065 493 2108; x_wconf 76' lang='lat' dir='ltr'>singulis</span> <span class='ocrx_word' id='word_1_184' title='bbox 534 2065 649 2099; x_wconf 86' lang='lat' dir='ltr'>diebus</span> <span class='ocrx_word' id='word_1_185' title='bbox 688 2071 720 2098; x_wconf 88' lang='lat' dir='ltr'>et</span> <span class='ocrx_word' id='word_1_186' title='bbox 759 2075 818 2108; x_wconf 87' lang='lat' dir='ltr'>per</span> <span class='ocrx_word' id='word_1_187' title='bbox 854 2054 979 2097; x_wconf 56' lang='grc' dir='ltr'>ιοῑιιιιιἴ</span> 
     </span>
     <span class='ocr_line' id='line_1_41' title="bbox 215 2111 980 2162; baseline -0.004 -10"><span class='ocrx_word' id='word_1_188' title='bbox 215 2129 359 2152; x_wconf 86' lang='lat' dir='ltr'>mensem</span> <span class='ocrx_word' id='word_1_189' title='bbox 388 2119 509 2152; x_wconf 86' lang='lat' dir='ltr'>dabunt</span> <span class='ocrx_word' id='word_1_190' title='bbox 536 2129 678 2162; x_wconf 84' lang='lat' dir='ltr'>operam,</span> <span class='ocrx_word' id='word_1_191' title='bbox 699 2123 730 2151; x_wconf 85' lang='lat' dir='ltr'>et</span> <span class='ocrx_word' id='word_1_192' title='bbox 749 2129 821 2151; x_wconf 82' lang='lat' dir='ltr'>vere</span> <span class='ocrx_word' id='word_1_193' title='bbox 847 2118 956 2161; x_wconf 86' lang='lat' dir='ltr'>poeni·</span> <span class='ocrx_word' id='word_1_194' title='bbox 978 2111 980 2141; x_wconf 55' lang='grc' dir='ltr'><strong>ἓ</strong></span> 
     </span>
    </p>
   </div>
   <div class='ocr_carea' id='block_1_10' title="bbox 218 2169 955 2205">
    <p class='ocr_par' dir='ltr' id='par_1_11' title="bbox 218 2169 955 2205">
     <span class='ocr_line' id='line_1_42' title="bbox 218 2169 955 2205; baseline -0.003 -2"><span class='ocrx_word' id='word_1_195' title='bbox 218 2176 323 2205; x_wconf 85' lang='lat' dir='ltr'>tentes</span> <span class='ocrx_word' id='word_1_196' title='bbox 350 2177 381 2204; x_wconf 90' lang='lat' dir='ltr'>et</span> <span class='ocrx_word' id='word_1_197' title='bbox 405 2171 541 2204; x_wconf 73' lang='lat' dir='ltr'>confessi</span> <span class='ocrx_word' id='word_1_198' title='bbox 568 2170 804 2204; x_wconf 88' lang='lat' dir='ltr'>sanctissimum</span> <span class='ocrx_word' id='word_1_199' title='bbox 837 2169 955 2202; x_wconf 86' lang='lat' dir='ltr'>Eucha-</span> 
     </span>
    </p>
   </div>
   <div class='ocr_carea' id='block_1_11' title="bbox 218 2223 981 2266">
    <p class='ocr_par' dir='ltr' id='par_1_12' title="bbox 218 2223 981 2266">
     <span class='ocr_line' id='line_1_43' title="bbox 218 2223 981 2266; baseline -0.003 -9"><span class='ocrx_word' id='word_1_200' title='bbox 218 2225 327 2257; x_wconf 79' lang='lat' dir='ltr'>ristiae</span> <span class='ocrx_word' id='word_1_201' title='bbox 352 2230 588 2258; x_wconf 86' lang='lat' dir='ltr'>sacramentum</span> <span class='ocrx_word' id='word_1_202' title='bbox 616 2223 824 2266; x_wconf 80' lang='lat' dir='ltr'>sumpserint,</span> <span class='ocrx_word' id='word_1_203' title='bbox 843 2234 879 2256; x_wconf 90' lang='lat' dir='ltr'>ae</span> <span class='ocrx_word' id='word_1_204' title='bbox 900 2233 957 2266; x_wconf 87' lang='lat' dir='ltr'>pro</span> <span class='ocrx_word' id='word_1_205' title='bbox 979 2227 981 2264; x_wconf 74' lang='lat'>}</span> 
     </span>
    </p>
   </div>
   <div class='ocr_carea' id='block_1_12' title="bbox 217 2277 959 2374">
    <p class='ocr_par' dir='ltr' id='par_1_13' title="bbox 217 2277 959 2374">
     <span class='ocr_line' id='line_1_44' title="bbox 219 2277 959 2321; baseline -0.003 -11"><span class='ocrx_word' id='word_1_206' title='bbox 219 2278 471 2311; x_wconf 79' lang='lat' dir='ltr'>christianorum</span> <span class='ocrx_word' id='word_1_207' title='bbox 487 2278 668 2321; x_wconf 76' lang='lat' dir='ltr'>principum</span> <span class='ocrx_word' id='word_1_208' title='bbox 684 2277 870 2316; x_wconf 70' lang='lat' dir='ltr'>concordia,</span> <span class='ocrx_word' id='word_1_209' title='bbox 885 2277 959 2308; x_wconf 88' lang='lat' dir='ltr'>hae-</span> 
     </span>
     <span class='ocr_line' id='line_1_45' title="bbox 217 2331 642 2374; baseline -0.002 -11"><span class='ocrx_word' id='word_1_210' title='bbox 217 2340 327 2364; x_wconf 77' lang='lat' dir='ltr'>resum</span> <span class='ocrx_word' id='word_1_211' title='bbox 354 2331 567 2374; x_wconf 81' lang='lat' dir='ltr'>extirpatione</span> <span class='ocrx_word' id='word_1_212' title='bbox 606 2342 642 2363; x_wconf 65' lang='lat' dir='ltr'>ae</span> 
     </span>
    </p>
   </div>
   <div class='ocr_carea' id='block_1_13' title="bbox 965 295 977 1811">
    <p class='ocr_par' dir='ltr' id='par_1_14' title="bbox 965 295 977 1811">
     <span class='ocr_line' id='line_1_46' title="bbox 965 295 977 1811; baseline 0 0"><span class='ocrx_word' id='word_1_213' title='bbox 965 295 977 1811; x_wconf 95' lang='lat' dir='ltr'> </span> 
     </span>
    </p>
   </div>
   <div class='ocr_carea' id='block_1_14' title="bbox 684 2328 983 2363">
    <p class='ocr_par' dir='ltr' id='par_1_15' title="bbox 684 2328 983 2363">
     <span class='ocr_line' id='line_1_47' title="bbox 684 2328 983 2363; baseline 0.003 -2"><span class='ocrx_word' id='word_1_214' title='bbox 684 2336 814 2363; x_wconf 79' lang='lat' dir='ltr'>sanctae</span> <span class='ocrx_word' id='word_1_215' title='bbox 848 2328 958 2361; x_wconf 84' lang='lat' dir='ltr'>matris</span> <span class='ocrx_word' id='word_1_216' title='bbox 982 2358 983 2362; x_wconf 73' lang='grc'>,</span> 
     </span>
    </p>
   </div>
   <div class='ocr_carea' id='block_1_15' title="bbox 988 257 1733 723">
    <p class='ocr_par' dir='ltr' id='par_1_16' title="bbox 988 257 1733 723">
     <span class='ocr_line' id='line_1_48' title="bbox 988 257 1726 303; baseline -0.004 -10"><span class='ocrx_word' id='word_1_217' title='bbox 988 271 1040 293; x_wconf 88' lang='lat' dir='ltr'>ces</span> <span class='ocrx_word' id='word_1_218' title='bbox 1058 260 1238 300; x_wconf 76' lang='lat' dir='ltr'>effuderint,</span> <span class='ocrx_word' id='word_1_219' title='bbox 1258 260 1436 303; x_wconf 74' lang='lat' dir='ltr'>plenarIam</span> <span class='ocrx_word' id='word_1_220' title='bbox 1462 259 1561 292; x_wconf 89' lang='lat' dir='ltr'>semel</span> <span class='ocrx_word' id='word_1_221' title='bbox 1580 257 1726 302; x_wconf 85' lang='lat' dir='ltr'>quolibet</span> 
     </span>
     <span class='ocr_line' id='line_1_49' title="bbox 988 311 1728 356; baseline -0.004 -11"><span class='ocrx_word' id='word_1_222' title='bbox 988 324 1099 345; x_wconf 81' lang='lat' dir='ltr'>mense</span> <span class='ocrx_word' id='word_1_223' title='bbox 1126 313 1269 345; x_wconf 86' lang='lat' dir='ltr'>omnium</span> <span class='ocrx_word' id='word_1_224' title='bbox 1290 318 1496 356; x_wconf 74' lang='lat' dir='ltr'>peccatorum</span> <span class='ocrx_word' id='word_1_225' title='bbox 1522 322 1655 345; x_wconf 77' lang='lat' dir='ltr'>suerum</span> <span class='ocrx_word' id='word_1_226' title='bbox 1682 311 1728 343; x_wconf 88' lang='lat' dir='ltr'>in-</span> 
     </span>
     <span class='ocr_line' id='line_1_50' title="bbox 989 366 1728 408; baseline -0.004 -10"><span class='ocrx_word' id='word_1_227' title='bbox 989 366 1190 407; x_wconf 71' lang='lat' dir='ltr'>dulgentiam</span> <span class='ocrx_word' id='word_1_228' title='bbox 1219 371 1249 398; x_wconf 85' lang='lat' dir='ltr'>et</span> <span class='ocrx_word' id='word_1_229' title='bbox 1286 366 1523 405; x_wconf 81' lang='lat' dir='ltr'>remissionem,</span> <span class='ocrx_word' id='word_1_230' title='bbox 1549 376 1642 408; x_wconf 80' lang='lat' dir='ltr'>quani</span> <span class='ocrx_word' id='word_1_231' title='bbox 1669 374 1728 406; x_wconf 89' lang='lat' dir='ltr'>per</span> 
     </span>
     <span class='ocr_line' id='line_1_51' title="bbox 990 416 1730 460; baseline -0.001 -11"><span class='ocrx_word' id='word_1_232' title='bbox 990 418 1119 449; x_wconf 82' lang='lat' dir='ltr'>niodum</span> <span class='ocrx_word' id='word_1_233' title='bbox 1156 417 1298 460; x_wconf 68' lang='lat' dir='ltr'>suffragii</span> <span class='ocrx_word' id='word_1_234' title='bbox 1336 419 1505 450; x_wconf 87' lang='lat' dir='ltr'>animabus</span> <span class='ocrx_word' id='word_1_235' title='bbox 1537 416 1730 450; x_wconf 69' lang='lat' dir='ltr'>christifide-</span> 
     </span>
     <span class='ocr_line' id='line_1_52' title="bbox 990 470 1729 513; baseline -0.003 -10"><span class='ocrx_word' id='word_1_236' title='bbox 990 471 1066 503; x_wconf 89' lang='lat' dir='ltr'>lium</span> <span class='ocrx_word' id='word_1_237' title='bbox 1093 482 1174 513; x_wconf 87' lang='lat' dir='ltr'>quae</span> <span class='ocrx_word' id='word_1_238' title='bbox 1201 471 1265 503; x_wconf 90' lang='lat' dir='ltr'>Deo</span> <span class='ocrx_word' id='word_1_239' title='bbox 1292 471 1323 503; x_wconf 90' lang='lat' dir='ltr'>iu</span> <span class='ocrx_word' id='word_1_240' title='bbox 1350 471 1508 503; x_wconf 80' lang='lat' dir='ltr'>charitate</span> <span class='ocrx_word' id='word_1_241' title='bbox 1535 470 1729 503; x_wconf 86' lang='lat' dir='ltr'>coniunctae</span> 
     </span>
     <span class='ocr_line' id='line_1_53' title="bbox 991 523 1732 567; baseline 0 -12"><span class='ocrx_word' id='word_1_242' title='bbox 991 523 1029 555; x_wconf 89' lang='lat' dir='ltr'>ab</span> <span class='ocrx_word' id='word_1_243' title='bbox 1051 523 1110 555; x_wconf 85' lang='lat' dir='ltr'>hae</span> <span class='ocrx_word' id='word_1_244' title='bbox 1136 524 1207 555; x_wconf 86' lang='lat' dir='ltr'>luce</span> <span class='ocrx_word' id='word_1_245' title='bbox 1234 523 1445 565; x_wconf 76' lang='lat' dir='ltr'>migraverint</span> <span class='ocrx_word' id='word_1_246' title='bbox 1468 523 1633 567; x_wconf 85' lang='lat' dir='ltr'>applicare</span> <span class='ocrx_word' id='word_1_247' title='bbox 1658 533 1732 565; x_wconf 86' lang='lat' dir='ltr'>pos-</span> 
     </span>
     <span class='ocr_line' id='line_1_54' title="bbox 991 576 1732 618; baseline 0.001 -11"><span class='ocrx_word' id='word_1_248' title='bbox 991 576 1063 614; x_wconf 79' lang='lat' dir='ltr'>sint,</span> <span class='ocrx_word' id='word_1_249' title='bbox 1081 576 1259 618; x_wconf 74' lang='lat' dir='ltr'>apostolica</span> <span class='ocrx_word' id='word_1_250' title='bbox 1279 576 1481 616; x_wconf 79' lang='lat' dir='ltr'>auctoritate,</span> <span class='ocrx_word' id='word_1_251' title='bbox 1501 582 1611 608; x_wconf 87' lang='lat' dir='ltr'>tenore</span> <span class='ocrx_word' id='word_1_252' title='bbox 1637 586 1732 618; x_wconf 84' lang='lat' dir='ltr'>prae-</span> 
     </span>
     <span class='ocr_line' id='line_1_55' title="bbox 991 628 1731 668; baseline -0.001 -7"><span class='ocrx_word' id='word_1_253' title='bbox 991 629 1140 668; x_wconf 81' lang='lat' dir='ltr'>sentium,</span> <span class='ocrx_word' id='word_1_254' title='bbox 1163 628 1418 661; x_wconf 78' lang='lat' dir='ltr'>misericorditer</span> <span class='ocrx_word' id='word_1_255' title='bbox 1444 629 1473 660; x_wconf 90' lang='lat' dir='ltr'>in</span> <span class='ocrx_word' id='word_1_256' title='bbox 1501 629 1636 661; x_wconf 86' lang='lat' dir='ltr'>Domino</span> <span class='ocrx_word' id='word_1_257' title='bbox 1656 639 1731 661; x_wconf 90' lang='lat' dir='ltr'>con-</span> 
     </span>
     <span class='ocr_line' id='line_1_56' title="bbox 992 681 1733 723; baseline -0.003 -9"><span class='ocrx_word' id='word_1_258' title='bbox 992 681 1150 714; x_wconf 85' lang='lat' dir='ltr'>cedimus.</span> <span class='ocrx_word' id='word_1_259' title='bbox 1174 681 1316 723; x_wconf 77' lang='lat' dir='ltr'>Insuper,</span> <span class='ocrx_word' id='word_1_260' title='bbox 1344 682 1430 723; x_wconf 86' lang='lat' dir='ltr'>quod</span> <span class='ocrx_word' id='word_1_261' title='bbox 1459 681 1534 713; x_wconf 86' lang='lat' dir='ltr'>dieti</span> <span class='ocrx_word' id='word_1_262' title='bbox 1563 681 1675 713; x_wconf 76' lang='lat' dir='ltr'>fratres</span> <span class='ocrx_word' id='word_1_263' title='bbox 1702 685 1733 713; x_wconf 86' lang='lat' dir='ltr'>ct</span> 
     </span>
    </p>
   </div>
   <div class='ocr_carea' id='block_1_16' title="bbox 985 733 1730 776">
    <p class='ocr_par' dir='ltr' id='par_1_17' title="bbox 985 733 1730 776">
     <span class='ocr_line' id='line_1_57' title="bbox 985 733 1730 776; baseline -0.001 -10"><span class='ocrx_word' id='word_1_264' title='bbox 985 734 1150 767; x_wconf 80' lang='lat' dir='ltr'>&#39;moniales</span> <span class='ocrx_word' id='word_1_265' title='bbox 1169 744 1228 776; x_wconf 92' lang='lat' dir='ltr'>pro</span> <span class='ocrx_word' id='word_1_266' title='bbox 1247 734 1394 766; x_wconf 88' lang='lat' dir='ltr'>oratione</span> <span class='ocrx_word' id='word_1_267' title='bbox 1414 733 1558 773; x_wconf 84' lang='lat' dir='ltr'>mentali,</span> <span class='ocrx_word' id='word_1_268' title='bbox 1578 734 1616 766; x_wconf 87' lang='lat' dir='ltr'>ad</span> <span class='ocrx_word' id='word_1_269' title='bbox 1636 744 1730 776; x_wconf 86' lang='lat' dir='ltr'>quam</span> 
     </span>
    </p>
   </div>
   <div class='ocr_carea' id='block_1_17' title="bbox 992 786 1740 1733">
    <p class='ocr_par' dir='ltr' id='par_1_18' title="bbox 992 786 1734 1146">
     <span class='ocr_line' id='line_1_58' title="bbox 992 786 1732 829; baseline -0.004 -9"><span class='ocrx_word' id='word_1_270' title='bbox 992 787 1116 820; x_wconf 86' lang='lat' dir='ltr'>ratione</span> <span class='ocrx_word' id='word_1_271' title='bbox 1135 797 1246 820; x_wconf 87' lang='lat' dir='ltr'>eorum</span> <span class='ocrx_word' id='word_1_272' title='bbox 1267 787 1398 829; x_wconf 72' lang='lat' dir='ltr'>regulae</span> <span class='ocrx_word' id='word_1_273' title='bbox 1417 792 1448 819; x_wconf 89' lang='lat' dir='ltr'>et</span> <span class='ocrx_word' id='word_1_274' title='bbox 1465 786 1732 820; x_wconf 82' lang='lat' dir='ltr'>constitutionum</span> 
     </span>
     <span class='ocr_line' id='line_1_59' title="bbox 993 839 1733 883; baseline 0 -11"><span class='ocrx_word' id='word_1_275' title='bbox 993 840 1138 883; x_wconf 87' lang='lat' dir='ltr'>quolibet</span> <span class='ocrx_word' id='word_1_276' title='bbox 1156 839 1206 872; x_wconf 90' lang='lat' dir='ltr'>die</span> <span class='ocrx_word' id='word_1_277' title='bbox 1227 844 1388 877; x_wconf 87' lang='lat' dir='ltr'>tenentur,</span> <span class='ocrx_word' id='word_1_278' title='bbox 1413 839 1595 882; x_wconf 84' lang='lat' dir='ltr'>praedictas</span> <span class='ocrx_word' id='word_1_279' title='bbox 1621 850 1733 872; x_wconf 86' lang='lat' dir='ltr'>onmes</span> 
     </span>
     <span class='ocr_line' id='line_1_60' title="bbox 992 891 1733 934; baseline -0.001 -9"><span class='ocrx_word' id='word_1_280' title='bbox 992 892 1210 934; x_wconf 73' lang='lat' dir='ltr'>indulgentias</span> <span class='ocrx_word' id='word_1_281' title='bbox 1231 897 1262 924; x_wconf 84' lang='lat' dir='ltr'>et</span> <span class='ocrx_word' id='word_1_282' title='bbox 1288 897 1494 934; x_wconf 80' lang='lat' dir='ltr'>peecatorum</span> <span class='ocrx_word' id='word_1_283' title='bbox 1523 891 1733 925; x_wconf 77' lang='lat' dir='ltr'>remissiones</span> 
     </span>
     <span class='ocr_line' id='line_1_61' title="bbox 992 944 1734 988; baseline -0.001 -10"><span class='ocrx_word' id='word_1_284' title='bbox 992 957 1028 978; x_wconf 88' lang='lat' dir='ltr'>ac</span> <span class='ocrx_word' id='word_1_285' title='bbox 1048 944 1322 988; x_wconf 85' lang='lat' dir='ltr'>poenitentiarum</span> <span class='ocrx_word' id='word_1_286' title='bbox 1354 944 1572 977; x_wconf 71' lang='lat' dir='ltr'>relaxationes</span> <span class='ocrx_word' id='word_1_287' title='bbox 1593 955 1734 987; x_wconf 86' lang='lat' dir='ltr'>propor-</span> 
     </span>
     <span class='ocr_line' id='line_1_62' title="bbox 994 990 1732 1040; baseline 0 -10"><span class='ocrx_word' id='word_1_288' title='bbox 994 999 1193 1032; x_wconf 81' lang='lat' dir='ltr'>tionabiliter</span> <span class='ocrx_word' id='word_1_289' title='bbox 1219 998 1335 1031; x_wconf 82' lang='lat' dir='ltr'>lucrari</span> <span class='ocrx_word' id='word_1_290' title='bbox 1363 1004 1395 1031; x_wconf 82' lang='lat' dir='ltr'>et</span> <span class='ocrx_word' id='word_1_291' title='bbox 1419 990 1574 1040; x_wconf 79' lang='lat' dir='ltr'>consequi</span> <span class='ocrx_word' id='word_1_292' title='bbox 1611 998 1732 1040; x_wconf 84' lang='lat' dir='ltr'>possint</span> 
     </span>
     <span class='ocr_line' id='line_1_63' title="bbox 994 1051 1734 1094; baseline 0.001 -11"><span class='ocrx_word' id='word_1_293' title='bbox 994 1058 1025 1085; x_wconf 71' lang='lat' dir='ltr'>vt</span> <span class='ocrx_word' id='word_1_294' title='bbox 1051 1053 1184 1090; x_wconf 87' lang='lat' dir='ltr'>valeant,</span> <span class='ocrx_word' id='word_1_295' title='bbox 1211 1051 1400 1084; x_wconf 81' lang='lat' dir='ltr'>auctoritate</span> <span class='ocrx_word' id='word_1_296' title='bbox 1436 1057 1467 1084; x_wconf 89' lang='lat' dir='ltr'>ct</span> <span class='ocrx_word' id='word_1_297' title='bbox 1501 1057 1611 1084; x_wconf 85' lang='lat' dir='ltr'>tenore</span> <span class='ocrx_word' id='word_1_298' title='bbox 1642 1062 1734 1094; x_wconf 87' lang='lat' dir='ltr'>prae-</span> 
     </span>
     <span class='ocr_line' id='line_1_64' title="bbox 993 1104 1377 1146; baseline -0.005 -8"><span class='ocrx_word' id='word_1_299' title='bbox 993 1105 1130 1138; x_wconf 76' lang='lat' dir='ltr'>sentium</span> <span class='ocrx_word' id='word_1_300' title='bbox 1157 1104 1377 1146; x_wconf 79' lang='lat' dir='ltr'>indulgemus.</span> 
     </span>
    </p>

    <p class='ocr_par' dir='ltr' id='par_1_19' title="bbox 993 1156 1740 1733">
     <span class='ocr_line' id='line_1_65' title="bbox 1037 1156 1733 1201; baseline 0 -11"><span class='ocrx_word' id='word_1_301' title='bbox 1037 1157 1102 1201; x_wconf 54' lang='lat' dir='ltr'>§Q</span> <span class='ocrx_word' id='word_1_302' title='bbox 1131 1157 1164 1189; x_wconf 92' lang='lat' dir='ltr'>ln</span> <span class='ocrx_word' id='word_1_303' title='bbox 1190 1157 1391 1190; x_wconf 83' lang='lat' dir='ltr'>contrarium</span> <span class='ocrx_word' id='word_1_304' title='bbox 1421 1156 1635 1189; x_wconf 77' lang='lat' dir='ltr'>sacientihus&#39;</span> <span class='ocrx_word' id='word_1_305' title='bbox 1668 1168 1733 1190; x_wconf 86' lang='lat' dir='ltr'>nou</span> 
     </span>
     <span class='ocr_line' id='line_1_66' title="bbox 993 1210 1734 1253; baseline -0.001 -10"><span class='ocrx_word' id='word_1_306' title='bbox 993 1211 1198 1244; x_wconf 79' lang='lat' dir='ltr'>obstantibus</span> <span class='ocrx_word' id='word_1_307' title='bbox 1218 1210 1484 1253; x_wconf 85' lang='lat' dir='ltr'>quibuscumque.</span> <span class='ocrx_word' id='word_1_308' title='bbox 1507 1210 1734 1243; x_wconf 82' lang='lat' dir='ltr'>Praesentibus</span> 
     </span>
     <span class='ocr_line' id='line_1_67' title="bbox 994 1263 1735 1307; baseline -0.003 -10"><span class='ocrx_word' id='word_1_309' title='bbox 994 1265 1031 1297; x_wconf 89' lang='lat' dir='ltr'>ad</span> <span class='ocrx_word' id='word_1_310' title='bbox 1059 1264 1265 1307; x_wconf 76' lang='lat' dir='ltr'>septennium</span> <span class='ocrx_word' id='word_1_311' title='bbox 1301 1268 1424 1296; x_wconf 87' lang='lat' dir='ltr'>tantum</span> <span class='ocrx_word' id='word_1_312' title='bbox 1458 1263 1613 1296; x_wconf 87' lang='lat' dir='ltr'>valituris.</span> <span class='ocrx_word' id='word_1_313' title='bbox 1641 1263 1735 1296; x_wconf 73' lang='lat' dir='ltr'>votu-</span> 
     </span>
     <span class='ocr_line' id='line_1_68' title="bbox 993 1316 1733 1360; baseline -0.003 -10"><span class='ocrx_word' id='word_1_314' title='bbox 993 1329 1063 1350; x_wconf 88' lang='lat' dir='ltr'>mus</span> <span class='ocrx_word' id='word_1_315' title='bbox 1090 1323 1206 1357; x_wconf 81' lang='lat' dir='ltr'>autcm‚</span> <span class='ocrx_word' id='word_1_316' title='bbox 1234 1317 1330 1360; x_wconf 88' lang='lat' dir='ltr'>quod,</span> <span class='ocrx_word' id='word_1_317' title='bbox 1358 1316 1382 1349; x_wconf 79' lang='lat' dir='ltr'>si</span> <span class='ocrx_word' id='word_1_318' title='bbox 1410 1327 1469 1359; x_wconf 84' lang='lat' dir='ltr'>pro</span> <span class='ocrx_word' id='word_1_319' title='bbox 1495 1316 1733 1359; x_wconf 86' lang='lat' dir='ltr'>impetratione,</span> 
     </span>
     <span class='ocr_line' id='line_1_69' title="bbox 994 1369 1735 1414; baseline -0.004 -10"><span class='ocrx_word' id='word_1_320' title='bbox 994 1371 1265 1414; x_wconf 84' lang='lat' dir='ltr'>praesentatione,</span> <span class='ocrx_word' id='word_1_321' title='bbox 1285 1369 1490 1409; x_wconf 86' lang='lat' dir='ltr'>admissione,</span> <span class='ocrx_word' id='word_1_322' title='bbox 1508 1379 1564 1402; x_wconf 84' lang='lat' dir='ltr'>seu</span> <span class='ocrx_word' id='word_1_323' title='bbox 1587 1369 1735 1412; x_wconf 87' lang='lat' dir='ltr'>publica-</span> 
     </span>
     <span class='ocr_line' id='line_1_70' title="bbox 995 1422 1737 1468; baseline -0.004 -11"><span class='ocrx_word' id='word_1_324' title='bbox 995 1425 1082 1458; x_wconf 84' lang='lat' dir='ltr'>tione</span> <span class='ocrx_word' id='word_1_325' title='bbox 1101 1424 1319 1468; x_wconf 85' lang='lat' dir='ltr'>praesentium</span> <span class='ocrx_word' id='word_1_326' title='bbox 1348 1423 1468 1467; x_wconf 83' lang='lat' dir='ltr'>aliquid</span> <span class='ocrx_word' id='word_1_327' title='bbox 1496 1422 1664 1455; x_wconf 83' lang='lat' dir='ltr'>minimum</span> <span class='ocrx_word' id='word_1_328' title='bbox 1684 1422 1737 1454; x_wconf 81' lang='lat' dir='ltr'>de-</span> 
     </span>
     <span class='ocr_line' id='line_1_71' title="bbox 995 1476 1738 1521; baseline -0.003 -11"><span class='ocrx_word' id='word_1_329' title='bbox 995 1483 1057 1518; x_wconf 91' lang='lat' dir='ltr'>tur,</span> <span class='ocrx_word' id='word_1_330' title='bbox 1077 1483 1130 1510; x_wconf 91' lang='lat' dir='ltr'>aut</span> <span class='ocrx_word' id='word_1_331' title='bbox 1148 1482 1266 1521; x_wconf 89' lang='lat' dir='ltr'>sponte</span> <span class='ocrx_word' id='word_1_332' title='bbox 1286 1477 1428 1509; x_wconf 86' lang='lat' dir='ltr'>oblatum</span> <span class='ocrx_word' id='word_1_333' title='bbox 1450 1476 1632 1519; x_wconf 68' lang='lat' dir='ltr'>recipiatur,</span> <span class='ocrx_word' id='word_1_334' title='bbox 1651 1485 1738 1519; x_wconf 78' lang='lat' dir='ltr'>prae-</span> 
     </span>
     <span class='ocr_line' id='line_1_72' title="bbox 994 1529 1738 1572; baseline -0.003 -9"><span class='ocrx_word' id='word_1_335' title='bbox 994 1536 1103 1564; x_wconf 85' lang='lat' dir='ltr'>sentes</span> <span class='ocrx_word' id='word_1_336' title='bbox 1135 1531 1244 1563; x_wconf 87' lang='lat' dir='ltr'>nullae</span> <span class='ocrx_word' id='word_1_337' title='bbox 1278 1530 1366 1570; x_wconf 83' lang='lat' dir='ltr'>sint;</span> <span class='ocrx_word' id='word_1_338' title='bbox 1400 1529 1552 1572; x_wconf 86' lang='lat' dir='ltr'>quodque</span> <span class='ocrx_word' id='word_1_339' title='bbox 1585 1539 1738 1572; x_wconf 85' lang='lat' dir='ltr'>praesen-</span> 
     </span>
     <span class='ocr_line' id='line_1_73' title="bbox 997 1581 1739 1625; baseline -0.004 -9"><span class='ocrx_word' id='word_1_340' title='bbox 997 1583 1074 1616; x_wconf 87' lang='lat' dir='ltr'>tium</span> <span class='ocrx_word' id='word_1_341' title='bbox 1100 1583 1276 1616; x_wconf 85' lang='lat' dir='ltr'>litterarum</span> <span class='ocrx_word' id='word_1_342' title='bbox 1304 1581 1530 1625; x_wconf 84' lang='lat' dir='ltr'>transumptis,</span> <span class='ocrx_word' id='word_1_343' title='bbox 1550 1592 1607 1614; x_wconf 84' lang='lat' dir='ltr'>scu</span> <span class='ocrx_word' id='word_1_344' title='bbox 1632 1591 1739 1614; x_wconf 84' lang='lat' dir='ltr'>exem-</span> 
     </span>
     <span class='ocr_line' id='line_1_74' title="bbox 996 1634 1740 1681; baseline -0.007 -10"><span class='ocrx_word' id='word_1_345' title='bbox 996 1638 1074 1681; x_wconf 80' lang='lat' dir='ltr'>plis,</span> <span class='ocrx_word' id='word_1_346' title='bbox 1112 1636 1209 1669; x_wconf 87' lang='lat' dir='ltr'>ctiam</span> <span class='ocrx_word' id='word_1_347' title='bbox 1246 1635 1436 1679; x_wconf 78' lang='lat' dir='ltr'>impressis,</span> <span class='ocrx_word' id='word_1_348' title='bbox 1470 1646 1566 1668; x_wconf 87' lang='lat' dir='ltr'>manu</span> <span class='ocrx_word' id='word_1_349' title='bbox 1604 1634 1740 1668; x_wconf 89' lang='lat' dir='ltr'>alicuius</span> 
     </span>
     <span class='ocr_line' id='line_1_75' title="bbox 997 1687 1740 1733; baseline -0.004 -10"><span class='ocrx_word' id='word_1_350' title='bbox 997 1690 1113 1723; x_wconf 79' lang='lat' dir='ltr'>notarii</span> <span class='ocrx_word' id='word_1_351' title='bbox 1151 1690 1270 1733; x_wconf 86' lang='lat' dir='ltr'>publici</span> <span class='ocrx_word' id='word_1_352' title='bbox 1309 1689 1526 1732; x_wconf 84' lang='lat' dir='ltr'>subscriptis,</span> <span class='ocrx_word' id='word_1_353' title='bbox 1563 1694 1595 1721; x_wconf 90' lang='lat' dir='ltr'>ct.</span> <span class='ocrx_word' id='word_1_354' title='bbox 1632 1687 1740 1731; x_wconf 73' lang='lat' dir='ltr'>sigillo</span> 
     </span>
    </p>
   </div>
   <div class='ocr_carea' id='block_1_18' title="bbox 213 1741 1742 1935">
    <p class='ocr_par' dir='ltr' id='par_1_20' title="bbox 213 1741 1742 1954">
     <span class='ocr_line' id='line_1_76' title="bbox 974 1741 1742 1786; baseline -0.004 -10"><span class='ocrx_word' id='word_1_355' title='bbox 974 1777 975 1781; x_wconf 61' lang='grc'>,</span> <span class='ocrx_word' id='word_1_356' title='bbox 997 1754 1160 1786; x_wconf 73' lang='lat' dir='ltr'>personae</span> <span class='ocrx_word' id='word_1_357' title='bbox 1187 1743 1218 1775; x_wconf 89' lang='lat' dir='ltr'>in</span> <span class='ocrx_word' id='word_1_358' title='bbox 1241 1742 1461 1775; x_wconf 75' lang='lat' dir='ltr'>ecclesiastica</span> <span class='ocrx_word' id='word_1_359' title='bbox 1483 1741 1640 1784; x_wconf 76' lang='lat' dir='ltr'>dignitate</span> <span class='ocrx_word' id='word_1_360' title='bbox 1666 1751 1742 1773; x_wconf 83' lang='lat' dir='ltr'>cou-</span> 
     </span>
     <span class='ocr_line' id='line_1_77' title="bbox 213 1797 976 1842; baseline 0.001 -12"><span class='ocrx_word' id='word_1_361' title='bbox 213 1798 253 1831; x_wconf 88' lang='lat' dir='ltr'>de</span> <span class='ocrx_word' id='word_1_362' title='bbox 279 1797 428 1831; x_wconf 83' lang='lat' dir='ltr'>iniunctis</span> <span class='ocrx_word' id='word_1_363' title='bbox 455 1798 500 1832; x_wconf 88' lang='lat' dir='ltr'>eis</span> <span class='ocrx_word' id='word_1_364' title='bbox 525 1804 580 1832; x_wconf 86' lang='lat' dir='ltr'>aut</span> <span class='ocrx_word' id='word_1_365' title='bbox 604 1798 682 1831; x_wconf 76' lang='lat' dir='ltr'>alias</span> <span class='ocrx_word' id='word_1_366' title='bbox 703 1798 976 1842; x_wconf 56' lang='lat' dir='ltr'>quomodolibet3</span> 
     </span>
     <span class='ocr_line' id='line_1_78' title="bbox 998 1846 1742 1892; baseline -0.005 -10.12"><span class='ocrx_word' id='word_1_367' title='bbox 998 1848 1210 1882; x_wconf 74' lang='lat' dir='ltr'>adhibcatur‘2</span> <span class='ocrx_word' id='word_1_368' title='bbox 1233 1848 1309 1892; x_wconf 79' lang='lat' dir='ltr'>ipsis</span> <span class='ocrx_word' id='word_1_369' title='bbox 1337 1847 1565 1891; x_wconf 75' lang='lat' dir='ltr'>praesentibus</span> <span class='ocrx_word' id='word_1_370' title='bbox 1586 1846 1613 1879; x_wconf 86' lang='lat' dir='ltr'>si</span> <span class='ocrx_word' id='word_1_371' title='bbox 1638 1846 1742 1879; x_wconf 78' lang='lat' dir='ltr'>forent</span> 
     </span>
     <span class='ocr_line' id='line_1_79' title="bbox 999 1903 1413 1935; baseline -0.005 -0.11"><span class='ocrx_word' id='word_1_372' title='bbox 999 1903 1164 1935; x_wconf 74' lang='lat' dir='ltr'>exhibitae</span> <span class='ocrx_word' id='word_1_373' title='bbox 1184 1903 1231 1935; x_wconf 84' lang='lat' dir='ltr'>rel</span> <span class='ocrx_word' id='word_1_374' title='bbox 1249 1907 1413 1934; x_wconf 76' lang='lat' dir='ltr'>ostensae.</span> 
     </span>
    </p>
   </div>
   <div class='ocr_carea' id='block_1_19' title="bbox 997 1793 1741 1837">
    <p class='ocr_par' dir='ltr' id='par_1_21' title="bbox 997 1793 1741 1837">
     <span class='ocr_line' id='line_1_80' title="bbox 997 1793 1741 1837; baseline -0.004 -9"><span class='ocrx_word' id='word_1_375' title='bbox 997 1797 1125 1828; x_wconf 81' lang='lat' dir='ltr'>stitutac</span> <span class='ocrx_word' id='word_1_376' title='bbox 1160 1796 1313 1835; x_wconf 88' lang='lat' dir='ltr'>munitis,</span> <span class='ocrx_word' id='word_1_377' title='bbox 1349 1795 1462 1827; x_wconf 80' lang='lat' dir='ltr'>cadem</span> <span class='ocrx_word' id='word_1_378' title='bbox 1497 1804 1629 1837; x_wconf 87' lang='lat' dir='ltr'>prorsus</span> <span class='ocrx_word' id='word_1_379' title='bbox 1662 1793 1741 1826; x_wconf 75' lang='lat' dir='ltr'>sides</span> 
     </span>
    </p>
   </div>
   <div class='ocr_carea' id='block_1_20' title="bbox 1044 1952 1743 1997">
    <p class='ocr_par' dir='ltr' id='par_1_22' title="bbox 1044 1952 1743 1997">
     <span class='ocr_line' id='line_1_81' title="bbox 1044 1952 1743 1997; baseline -0.004 -10"><span class='ocrx_word' id='word_1_380' title='bbox 1044 1955 1155 1987; x_wconf 86' lang='lat' dir='ltr'>Datum</span> <span class='ocrx_word' id='word_1_381' title='bbox 1172 1955 1304 1993; x_wconf 73' lang='lat' dir='ltr'>llomac,</span> <span class='ocrx_word' id='word_1_382' title='bbox 1318 1954 1402 1997; x_wconf 86' lang='lat' dir='ltr'>apud</span> <span class='ocrx_word' id='word_1_383' title='bbox 1419 1954 1449 1986; x_wconf 80' lang='lat' dir='ltr'>S.</span> <span class='ocrx_word' id='word_1_384' title='bbox 1463 1953 1604 1991; x_wconf 78' lang='lat' dir='ltr'>Petrum,</span> <span class='ocrx_word' id='word_1_385' title='bbox 1616 1952 1675 1985; x_wconf 88' lang='lat' dir='ltr'>snb</span> <span class='ocrx_word' id='word_1_386' title='bbox 1691 1963 1743 1984; x_wconf 88' lang='lat' dir='ltr'>an—</span> 
     </span>
    </p>
   </div>
   <div class='ocr_carea' id='block_1_21' title="bbox 977 2005 1744 2053">
    <p class='ocr_par' dir='ltr' id='par_1_23' title="bbox 977 2005 1744 2053">
     <span class='ocr_line' id='line_1_82' title="bbox 977 2005 1744 2053; baseline -0.005 -12"><span class='ocrx_word' id='word_1_387' title='bbox 977 2029 978 2053; x_wconf 50' lang='lat'>;</span> <span class='ocrx_word' id='word_1_388' title='bbox 1000 2010 1077 2042; x_wconf 83' lang='lat' dir='ltr'>uulo</span> <span class='ocrx_word' id='word_1_389' title='bbox 1090 2007 1273 2045; x_wconf 75' lang='lat' dir='ltr'>I’iscatoris,</span> <span class='ocrx_word' id='word_1_390' title='bbox 1293 2007 1344 2039; x_wconf 87' lang='lat' dir='ltr'>die</span> <span class='ocrx_word' id='word_1_391' title='bbox 1359 2017 1408 2040; x_wconf 76' lang='lat' dir='ltr'>xix</span> <span class='ocrx_word' id='word_1_392' title='bbox 1422 2005 1557 2039; x_wconf 76' lang='lat' dir='ltr'>ianuarii</span> <span class='ocrx_word' id='word_1_393' title='bbox 1572 2015 1744 2043; x_wconf 67' lang='lat' dir='ltr'>arnecxxvr,</span> 
     </span>
    </p>
   </div>
   <div class='ocr_carea' id='block_1_22' title="bbox 1001 2060 1510 2105">
    <p class='ocr_par' dir='ltr' id='par_1_24' title="bbox 1001 2060 1510 2105">
     <span class='ocr_line' id='line_1_83' title="bbox 1001 2060 1510 2105; baseline -0.006 -10"><span class='ocrx_word' id='word_1_394' title='bbox 1001 2062 1207 2105; x_wconf 65' lang='lat' dir='ltr'>pontificatus</span> <span class='ocrx_word' id='word_1_395' title='bbox 1235 2060 1336 2093; x_wconf 81' lang='lat' dir='ltr'>nostri</span> <span class='ocrx_word' id='word_1_396' title='bbox 1364 2070 1449 2092; x_wconf 82' lang='lat' dir='ltr'>anno</span> <span class='ocrx_word' id='word_1_397' title='bbox 1477 2070 1510 2093; x_wconf 88' lang='grc' dir='ltr'>ιι.</span> 
     </span>
    </p>
   </div>
   <div class='ocr_carea' id='block_1_23' title="bbox 1038 2122 1690 2156">
    <p class='ocr_par' dir='ltr' id='par_1_25' title="bbox 1038 2122 1690 2156">
     <span class='ocr_line' id='line_1_84' title="bbox 1038 2122 1690 2156; baseline -0.005 -6"><span class='ocrx_word' id='word_1_398' title='bbox 1038 2124 1093 2150; x_wconf 73' lang='grc' dir='ltr'><strong>Ι).ιῑ.</strong></span> <span class='ocrx_word' id='word_1_399' title='bbox 1113 2124 1155 2151; x_wconf 55' lang='lat' dir='ltr'>«lit¹</span> <span class='ocrx_word' id='word_1_400' title='bbox 1175 2125 1205 2150; x_wconf 67' lang='lat'>1¹.)</span> <span class='ocrx_word' id='word_1_401' title='bbox 1223 2123 1337 2150; x_wconf 84' lang='lat' dir='ltr'>ianuarii</span> <span class='ocrx_word' id='word_1_402' title='bbox 1360 2123 1436 2156; x_wconf 68' lang='lat'>1726,</span> <span class='ocrx_word' id='word_1_403' title='bbox 1456 2122 1555 2156; x_wconf 80' lang='lat' dir='ltr'>pontis.</span> <span class='ocrx_word' id='word_1_404' title='bbox 1575 2130 1647 2148; x_wconf 80' lang='lat' dir='ltr'>aimo</span> <span class='ocrx_word' id='word_1_405' title='bbox 1664 2127 1690 2147; x_wconf 83' lang='lat' dir='ltr'>n.</span> 
     </span>
    </p>
   </div>
   <div class='ocr_carea' id='block_1_24' title="bbox 1343 2318 1400 2350">
    <p class='ocr_par' dir='ltr' id='par_1_26' title="bbox 1343 2318 1400 2350">
     <span class='ocr_line' id='line_1_85' title="bbox 1343 2318 1400 2350; baseline 0 0"><span class='ocrx_word' id='word_1_406' title='bbox 1343 2318 1400 2350; x_wconf 68' lang='lat' dir='ltr'>CV.</span> 
     </span>
    </p>
   </div>
   <div class='ocr_carea' id='block_1_25' title="bbox 218 2383 1746 2449">
    <p class='ocr_par' dir='ltr' id='par_1_27' title="bbox 218 2377 1746 2449">
     <span class='ocr_line' id='line_1_86' title="bbox 218 2383 1746 2449; baseline -0.004 -32"><span class='ocrx_word' id='word_1_407' title='bbox 218 2383 381 2418; x_wconf 77' lang='lat' dir='ltr'>Ecclesiae</span> <span class='ocrx_word' id='word_1_408' title='bbox 403 2385 597 2417; x_wconf 69' lang='lat' dir='ltr'>exaltatione</span> <span class='ocrx_word' id='word_1_409' title='bbox 621 2383 688 2426; x_wconf 84' lang='lat' dir='ltr'>pias</span> <span class='ocrx_word' id='word_1_410' title='bbox 713 2383 751 2415; x_wconf 88' lang='lat' dir='ltr'>ad</span> <span class='ocrx_word' id='word_1_411' title='bbox 771 2383 870 2415; x_wconf 86' lang='lat' dir='ltr'>Deum</span> <span class='ocrx_word' id='word_1_412' title='bbox 891 2392 958 2425; x_wconf 85' lang='lat' dir='ltr'>pre-</span> <span class='ocrx_word' id='word_1_413' title='bbox 982 2395 983 2426; x_wconf 60' lang='lat' dir='ltr'>t</span> <span class='ocrx_word' id='word_1_414' title='bbox 1004 2407 1172 2441; x_wconf 54' lang='lat' dir='ltr'><em>Slamimr</em></span> <span class='ocrx_word' id='word_1_415' title='bbox 1202 2410 1238 2439; x_wconf 60' lang='lat' dir='ltr'>ut</span> <span class='ocrx_word' id='word_1_416' title='bbox 1264 2407 1415 2439; x_wconf 46' lang='lat' dir='ltr'>emmila?</span> <span class='ocrx_word' id='word_1_417' title='bbox 1430 2406 1454 2439; x_wconf 76' lang='lat' dir='ltr'><strong><em>S</em></strong></span> <span class='ocrx_word' id='word_1_418' title='bbox 1478 2407 1662 2449; x_wconf 56' lang='lat' dir='ltr'><em>Auyus&#39;ini</em></span> <span class='ocrx_word' id='word_1_419' title='bbox 1677 2405 1746 2439; x_wconf 40' lang='lat' dir='ltr'><strong><em>Dis·</em></strong></span> 
     </span>
    </p>
   </div>
   <div class='ocr_carea' id='block_1_26' title="bbox 221 2470 960 2643">
    <p class='ocr_par' dir='ltr' id='par_1_28' title="bbox 221 2470 960 2643">
     <span class='ocr_line' id='line_1_87' title="bbox 275 2470 959 2505; baseline -0.007 -5"><span class='ocrx_word' id='word_1_420' title='bbox 275 2476 282 2500; x_wconf 79' lang='grc'>1</span> <span class='ocrx_word' id='word_1_421' title='bbox 307 2474 412 2500; x_wconf 77' lang='lat' dir='ltr'>Similes</span> <span class='ocrx_word' id='word_1_422' title='bbox 441 2472 621 2505; x_wconf 68' lang='lat' dir='ltr'>indulgentiae</span> <span class='ocrx_word' id='word_1_423' title='bbox 651 2479 794 2498; x_wconf 73' lang='lat' dir='ltr'>concessae</span> <span class='ocrx_word' id='word_1_424' title='bbox 815 2470 923 2496; x_wconf 88' lang='lat' dir='ltr'>fuerunt</span> <span class='ocrx_word' id='word_1_425' title='bbox 945 2478 959 2496; x_wconf 89' lang='lat' dir='ltr'>a</span> 
     </span>
     <span class='ocr_line' id='line_1_88' title="bbox 221 2513 959 2549; baseline -0.005 -5"><span class='ocrx_word' id='word_1_426' title='bbox 221 2517 355 2544; x_wconf 83' lang='lat' dir='ltr'>Clemente</span> <span class='ocrx_word' id='word_1_427' title='bbox 376 2516 407 2544; x_wconf 84' lang='lat' dir='ltr'>Xl</span> <span class='ocrx_word' id='word_1_428' title='bbox 423 2516 639 2543; x_wconf 78' lang='lat' dir='ltr'>confrater-nitati</span> <span class='ocrx_word' id='word_1_429' title='bbox 654 2514 843 2549; x_wconf 57' lang='lat' dir='ltr'>conceptionis</span> <span class='ocrx_word' id='word_1_430' title='bbox 861 2513 959 2540; x_wconf 77' lang='lat' dir='ltr'>B.M.v.</span> 
     </span>
     <span class='ocr_line' id='line_1_89' title="bbox 221 2558 960 2590; baseline -0.008 0"><span class='ocrx_word' id='word_1_431' title='bbox 221 2563 249 2590; x_wconf 93' lang='lat' dir='ltr'>in</span> <span class='ocrx_word' id='word_1_432' title='bbox 268 2562 389 2590; x_wconf 84' lang='lat' dir='ltr'>ecclesiis</span> <span class='ocrx_word' id='word_1_433' title='bbox 408 2562 522 2588; x_wconf 80' lang='lat' dir='ltr'>fratrum</span> <span class='ocrx_word' id='word_1_434' title='bbox 542 2561 576 2587; x_wconf 89' lang='lat' dir='ltr'>de</span> <span class='ocrx_word' id='word_1_435' title='bbox 596 2560 719 2587; x_wconf 80' lang='lat' dir='ltr'>Mercede</span> <span class='ocrx_word' id='word_1_436' title='bbox 739 2559 859 2586; x_wconf 84' lang='lat' dir='ltr'>civitatis</span> <span class='ocrx_word' id='word_1_437' title='bbox 878 2558 960 2585; x_wconf 70' lang='lat' dir='ltr'>lilexi-</span> 
     </span>
     <span class='ocr_line' id='line_1_90' title="bbox 223 2603 959 2643; baseline -0.008 -7"><span class='ocrx_word' id='word_1_438' title='bbox 223 2615 315 2643; x_wconf 72' lang='lat' dir='ltr'>canae,</span> <span class='ocrx_word' id='word_1_439' title='bbox 333 2610 417 2634; x_wconf 83' lang='lat' dir='ltr'>const.</span> <span class='ocrx_word' id='word_1_440' title='bbox 431 2605 473 2634; x_wconf 83' lang='lat' dir='ltr'>ed.</span> <span class='ocrx_word' id='word_1_441' title='bbox 491 2611 599 2641; x_wconf 55' lang='lat' dir='ltr'>nocent,</span> <span class='ocrx_word' id='word_1_442' title='bbox 617 2604 660 2632; x_wconf 58' lang='lat' dir='ltr'>&lt;tie</span> <span class='ocrx_word' id='word_1_443' title='bbox 676 2603 708 2632; x_wconf 63' lang='lat'>2¹3</span> <span class='ocrx_word' id='word_1_444' title='bbox 725 2603 799 2638; x_wconf 84' lang='lat' dir='ltr'>iunii,</span> <span class='ocrx_word' id='word_1_445' title='bbox 812 2603 902 2640; x_wconf 72' lang='lat' dir='ltr'>pontit*</span> <span class='ocrx_word' id='word_1_446' title='bbox 922 2610 959 2631; x_wconf 88' lang='grc' dir='ltr'><strong>ιιι.</strong></span> 
     </span>
    </p>
   </div>
   <div class='ocr_carea' id='block_1_27' title="bbox 1049 2459 1744 2503">
    <p class='ocr_par' dir='ltr' id='par_1_29' title="bbox 1049 2459 1744 2503">
     <span class='ocr_line' id='line_1_91' title="bbox 1049 2459 1744 2503; baseline -0.003 -11"><span class='ocrx_word' id='word_1_447' title='bbox 1049 2460 1183 2492; x_wconf 72' lang='lat' dir='ltr'>calceati</span> <span class='ocrx_word' id='word_1_448' title='bbox 1212 2459 1431 2503; x_wconf 77' lang='lat' dir='ltr'>quarumdam</span> <span class='ocrx_word' id='word_1_449' title='bbox 1462 2459 1744 2502; x_wconf 67' lang='lat' dir='ltr'>couqreeyalionum</span> 
     </span>
    </p>
   </div>
   <div class='ocr_carea' id='block_1_28' title="bbox 1041 2555 1702 2637">
    <p class='ocr_par' dir='ltr' id='par_1_30' title="bbox 1041 2555 1702 2637">
     <span class='ocr_line' id='line_1_92' title="bbox 1042 2555 1702 2591; baseline -0.003 -7"><span class='ocrx_word' id='word_1_450' title='bbox 1042 2558 1051 2583; x_wconf 85' lang='lat'>1</span> <span class='ocrx_word' id='word_1_451' title='bbox 1075 2556 1143 2584; x_wconf 81' lang='lat' dir='ltr'>Male</span> <span class='ocrx_word' id='word_1_452' title='bbox 1164 2556 1230 2584; x_wconf 85' lang='lat' dir='ltr'>edit.</span> <span class='ocrx_word' id='word_1_453' title='bbox 1253 2555 1331 2583; x_wconf 64' lang='grc' dir='ltr'>Μαίη.</span> <span class='ocrx_word' id='word_1_454' title='bbox 1353 2556 1419 2591; x_wconf 77' lang='lat' dir='ltr'>legit</span> <span class='ocrx_word' id='word_1_455' title='bbox 1438 2556 1578 2591; x_wconf 74' lang='lat' dir='ltr'>facientes</span> <span class='ocrx_word' id='word_1_456' title='bbox 1597 2558 1638 2590; x_wconf 86' lang='lat' dir='ltr'>(n.</span> <span class='ocrx_word' id='word_1_457' title='bbox 1655 2558 1702 2587; x_wconf 82' lang='grc' dir='ltr'>Τ.).</span> 
     </span>
     <span class='ocr_line' id='line_1_93' title="bbox 1041 2600 1577 2637; baseline -0.004 -9"><span class='ocrx_word' id='word_1_458' title='bbox 1041 2602 1056 2628; x_wconf 63' lang='grc' dir='ltr'>ἒ</span> <span class='ocrx_word' id='word_1_459' title='bbox 1078 2601 1153 2630; x_wconf 80' lang='lat' dir='ltr'>Deest</span> <span class='ocrx_word' id='word_1_460' title='bbox 1176 2609 1249 2637; x_wconf 77' lang='lat' dir='ltr'>quae</span> <span class='ocrx_word' id='word_1_461' title='bbox 1269 2601 1457 2630; x_wconf 75' lang='lat' dir='ltr'>adhiberetur</span> <span class='ocrx_word' id='word_1_462' title='bbox 1477 2601 1512 2636; x_wconf 85' lang='lat' dir='ltr'>(n.</span> <span class='ocrx_word' id='word_1_463' title='bbox 1531 2600 1577 2636; x_wconf 83' lang='grc' dir='ltr'>τ.).</span> 
     </span>
    </p>
   </div>
   <div class='ocr_carea' id='block_1_29' title="bbox 1623 198 1920 234">
    <p class='ocr_par' dir='ltr' id='par_1_31' title="bbox 1623 198 1920 234">
     <span class='ocr_line' id='line_1_94' title="bbox 1623 198 1920 234; baseline 0.01 -3"><span class='ocrx_word' id='word_1_464' title='bbox 1623 198 1687 233; x_wconf 68' lang='lat'>309</span> <span class='ocrx_word' id='word_1_465' title='bbox 1736 209 1781 234; x_wconf 76' lang='lat' dir='ltr'>An.</span> <span class='ocrx_word' id='word_1_466' title='bbox 1801 208 1829 233; x_wconf 79' lang='lat' dir='ltr'>c.</span> <span class='ocrx_word' id='word_1_467' title='bbox 1850 207 1920 234; x_wconf 55' lang='lat'>172⁵</span> 
     </span>
    </p>
   </div>
   <div class='ocr_carea' id='block_1_30' title="bbox 1773 1166 1894 1187">
    <p class='ocr_par' dir='ltr' id='par_1_32' title="bbox 1773 1166 1894 1187">
     <span class='ocr_line' id='line_1_95' title="bbox 1773 1166 1894 1187; baseline 0.008 -1"><span class='ocrx_word' id='word_1_468' title='bbox 1773 1166 1894 1187; x_wconf 57' lang='lat' dir='ltr'>(ltuuautac.</span> 
     </span>
    </p>
   </div>
  </div>
 </body>
</html>
