2170 3147
27 213 78 240 An.
96 211 126 239 C.
148 210 217 238 1724
793 209 987 234 nzxrmcws
1015 209 1071 232 xm
1096 209 1144 232 rr.
1651 196 1691 229 55
1737 206 1789 232 An.
1807 205 1833 233 c.
1859 206 1928 232 1724

220 259 343 303 positae
366 264 450 292 sunt.
472 259 558 291 Licet
577 259 661 291 enim
688 260 776 291 nulla
798 257 951 300 temporis
972 262 974 275 *
996 266 1109 289 manae
1136 256 1298 289 Ecclesiae
1326 255 1527 288 consuetudo
1559 261 1587 287 et
1622 254 1736 287 Roma-
1747 266 1930 314 llfflffslssfftll’}

220 317 383 345 momenta
408 312 579 344 decurrant>
596 339 603 351 ,
629 322 709 354 quae
736 310 851 343 divinis
887 320 952 343 non
973 339 975 353 ,Ἰ
997 320 1110 343 norum
1139 308 1326 342 Pontificum
1355 309 1645 351 praedecessorum
1680 317 1735 339 no·
1746 319 1894 346 manmena-2.

219 365 282 398 sint
306 364 402 408 plena
427 365 635 403 muneribus,
661 370 692 397 et
718 374 881 406 nunquam
914 363 952 395 ad
973 362 975 397 ζ

220 417 476 450 misericordiam
502 417 557 450 Dei
591 427 649 460 per
681 416 780 460 ipsius
818 416 951 458 gratiam

220 469 312 503 nobis
344 469 448 502 aditus
485 470 736 512 praecludatur:
771 479 809 501 eo
848 474 953 500 tamen

220 533 304 555 anno
331 532 347 554 a
374 522 480 554 divina
505 521 652 564 largitate
678 520 852 563 singularia
886 517 977 570 spe}

219 575 320 608 sanda
344 580 417 607 sunt
441 573 606 612 beneficia,
633 585 667 606 ac
684 579 771 606 tanto
786 573 954 615 ampliora,
975 575 977 614 ζ

220 633 340 670 quanto
367 627 479 660 maiori
507 627 633 660 fervore
659 631 783 659 mentes
811 625 953 658 fidelium

219 681 257 713 ad
283 680 432 713 universa
454 679 623 722 religiosae
642 679 771 722 pietatis
791 688 890 721 opera
910 678 951 709 int

219 733 312 766 cendi
344 732 492 765 convenit
528 743 564 765 ac
595 731 800 764 inflammari.
840 731 976 763 Audite:

220 785 319 828 igitur
343 785 437 824 haee,
464 795 575 817 omnes
601 789 724 826 gentes,
741 794 822 827 quae
848 783 953 815 ortlio-
974 787 975 829 l

219 839 332 872 doxam
357 836 555 881 profitemini
582 837 794 879 religionem,
821 835 951 871 auribus
974 831 975 844 ¹

218 891 374 934 percipite
393 918 400 930 ‚
429 890 482 933 qui
510 889 662 922 habitatis
688 890 799 923 orbem
818 915 825 927 ,
859 899 952 930 reges
974 909 976 935 =,

220 948 334 982 terrae,
353 948 384 975 et
409 952 521 975 omnes
547 942 675 985 populi,
699 942 773 974 dum
794 940 952 980 nos,lesu

220 994 335 1028 Christi
362 995 444 1028 vices
462 995 606 1038 quamvis
628 994 778 1027 immeriti
802 999 952 1036 gerentes
974 995 975 1030 l

220 1048 252 1080 in
276 1048 392 1087 terris,
418 1047 651 1080 annunciamus
675 1046 762 1079 vobis
787 1051 818 1079 et
851 1056 953 1078 evan-

221 1101 393 1143 getizamus
423 1111 542 1134 annum
575 1100 698 1132 Domini
736 1099 927 1143 placabilem
945 1119 975 1138 ,=

221 1163 339 1187 annum
365 1152 596 1196 redemptionis
623 1158 652 1185 et
678 1153 788 1186 veniae
808 1158 953 1196 peccato·
975 1171 979 1192 4

222 1213 349 1247 torum,
384 1217 440 1246 ae,
466 1216 525 1249 pro
560 1208 697 1250 paterna
733 1216 796 1248 qua
821 1212 953 1238 cunctos
975 1213 976 1230 Ξ

175 1285 177 1287 -
221 1259 445 1292 christifideles
476 1259 508 1291 in
542 1259 675 1292 Domino
707 1259 955 1302 eon‘iplectimur

46 2581 135 2605 iunctio
150 2586 210 2609 prae·

222 1312 389 1351 charitate,
414 1323 470 1345 vos
495 1323 608 1345 omnes
633 1313 671 1345 ad
690 1311 954 1345 iucundissimam
976 1352 977 1358 ἵ

222 1365 415 1398 sacrosancti
440 1365 536 1398 huius
562 1364 691 1397 iubilaei
718 1365 955 1398 solemnitatem
976 1381 977 1388 ι

222 1418 514 1451 concelebrandam
539 1428 688 1450 vocamus
711 1428 747 1450 ae
764 1418 952 1450 excitamus.
976 1419 978 1442 ἱ

222 1471 312 1510 Quod
338 1471 362 1503 si
388 1470 463 1503 olim
489 1470 773 1514 quinquagesimus
799 1481 901 1502 annus
919 1481 953 1503 ex

223 1523 328 1556 divina
353 1523 557 1556 ordinatione
583 1534 600 1555 a
620 1523 693 1556 tiliis
713 1523 811 1555 lsrael
830 1533 954 1556 summo

222 1577 334 1618 plausu
360 1580 392 1607 et
416 1576 599 1608 incredibili
626 1575 741 1618 gaudio
777 1576 956 1618 excipieba-

222 1634 299 1668 tur,
323 1634 443 1670 quanto
479 1628 578 1670 magis
616 1629 706 1661 decet
743 1629 954 1661 christianum

220 1682 379 1724 populum
403 1691 492 1713 sacro
514 1681 643 1714 iubilaei
666 1691 749 1714 anno
768 1688 954 1714 recurrente

220 1733 361 1776 gaudere
387 1743 423 1765 ac
448 1733 571 1765 laetari.
599 1732 667 1766 Non
694 1733 790 1773 enim,
809 1739 841 1765 ut
859 1744 954 1776 quon-
977 1750 978 1771 3

221 1787 293 1819 dam
310 1786 435 1819 iudaiea
448 1786 545 1824 natio,
563 1786 600 1818 ad
620 1786 847 1819 distractorum
868 1798 956 1829 prac-

220 1839 345 1872 diorum
368 1839 656 1881 recuperationem,
673 1839 726 1872 sed
746 1840 784 1871 ad
803 1846 954 1873 aeternae

220 1891 462 1935 possessionem
504 1892 712 1924 haereditatis
755 1892 927 1925 invitamur
947 1905 954 1933 ·,

220 1955 284 1979 non
309 1956 325 1978 a
350 1945 504 1978 colendae
531 1950 633 1978 terrae
656 1945 822 1978 laboribus
846 1947 952 1979 eximi·

222 2050 371 2093 deiparae
401 2050 556 2092 Virginis,
574 2056 605 2083 et
629 2051 816 2084 Sanctorum
844 2053 957 2085 merita

223 2103 436 2145 protulerunt,
451 2103 631 2136 uberrimos
653 2104 867 2147 percipinius;
892 2115 955 2138 non
977 2110 979 2123 ⁴

222 2166 240 2188 a
266 2155 476 2198 pecuniarum
508 2155 618 2188 debito
655 2157 703 2188 vel
741 2157 778 2188 ab
816 2157 956 2190 humana

222 2260 336 2304 poenis
362 2260 579 2301 absolvimur,
605 2271 669 2293 non
696 2262 734 2294 ab
760 2263 856 2295 exilio
895 2269 957 2296 ter-

221 2322 332 2346 renam
357 2312 492 2355 patriam
519 2318 666 2355 repetere
689 2313 780 2346 nobis
799 2314 881 2354 licet,
900 2316 955 2348 sed

220 2365 259 2397 ad
284 2366 456 2398 caelestem
481 2364 568 2398 illam
594 2365 751 2408 patriam,
779 2367 864 2400 unde
882 2378 957 2400 exu-

220 2419 324 2451 lantes
350 2417 381 2449 in
407 2417 467 2450 liac
494 2418 707 2460 laerymarum
734 2419 814 2451 valle
842 2419 956 2453 misere

221 2480 435 2514 pererramus,
461 2475 562 2502 tutum
589 2470 682 2503 nobis
709 2470 767 2503 iter
786 2482 956 2514 praemon·
977 2487 979 2504 ι

221 2529 339 2556 stratur
362 2529 393 2555 et
417 2523 579 2566 panditur.

264 2575 278 2619 ἓ
303 2575 333 2608 ⁶2.
361 2575 450 2614 Quod
478 2576 583 2620 itaque
611 2582 699 2611 vetus
730 2583 858 2612 sanctae
896 2578 978 2620 lto-2

997 368 1137 395 sti-orum
1157 363 1305 404 exempla
1324 372 1381 394 nos
1400 362 1585 398 admonent,
1605 361 1736 393 illorum

998 415 1138 457 vestigiis
1165 414 1397 452 inhaerentes,
1432 422 1610 455 eorumque
1647 412 1735 455 pium

999 477 1033 498 :ic
1059 466 1306 499 saluberrimum
1334 465 1515 497 institutum
1541 465 1734 505 retinentes,

999 519 1037 551 de
1055 518 1286 551 venerabilium
1304 518 1433 550 t'ratrum
1455 523 1638 550 nostrorum
1658 517 1736 550 eius·

998 572 1069 603 dem
1095 570 1224 603 S.R.E.
1254 571 1465 603 cardinalium
1492 580 1644 608 assensu,
1671 570 1737 602 uni-

999 624 1133 656 versalis
1159 629 1190 656 et
1214 623 1341 655 maximi
1370 624 1401 655 in
1437 623 1495 655 hac
1533 623 1614 654 alma
1653 622 1737 655 Urbe

1000 677 1109 708 nostra
1135 676 1263 708 iubilaei
1289 675 1538 708 celebrationem
1565 675 1596 706 in
1616 685 1736 707 annum

998 728 1179 771 proximum
1211 738 1356 761 tinccxxv
1392 739 1409 760 a
1444 727 1557 770 primis
1594 727 1737 770 vesperis

998 781 1123 823 vigiliae
1149 781 1325 813 Nativitatis
1362 780 1485 813 domini
1525 780 1626 813 nostri
1665 780 1737 812 lesu

997 834 1113 867 Christi
1141 834 1287 877 proxime
1314 834 1439 867 sutuiuie
1466 834 1685 866 inchoandam
1706 839 1738 866 et

998 898 1055 930 per
1082 893 1181 920 totum
1207 898 1326 920 annum
1353 888 1458 930 ipsum
1479 886 1663 927 finiendam,
1684 897 1738 926 au·

997 940 1144 972 ctoritate
1171 940 1224 973 Dei
1250 940 1484 983 omnipotentis
1510 946 1542 973 et
1568 940 1737 972 beatorum

998 993 1220 1036 apostolorum
1246 993 1330 1026 Petri
1357 999 1388 1026 et
1424 992 1511 1026 Pauli
1547 1003 1581 1025 ac
1607 994 1737 1028 nosti-a.

999 1051 1120 1089 quanto
1146 1046 1284 1079 maximo
1310 1055 1482 1089 possumus
1508 1045 1616 1078 cordis
1637 1045 1737 1078 nostri

998 1099 1112 1141 gaudio
1145 1105 1175 1132 et
1212 1100 1436 1139 exultatione,
1475 1099 1513 1132 ad
1550 1099 1648 1142 ipsius
1683 1097 1737 1131 Dei

997 1152 1142 1194 gloriam,
1168 1152 1350 1185 catholicae
1378 1152 1541 1185 Ecclesiae
1568 1152 1673 1191 decus,
1703 1162 1737 1184 ac

1000 1206 1095 1239 totius
1110 1205 1275 1237 christiani
1298 1205 1412 1248 populi
1436 1205 1739 1240 sanctificationem.

999 1258 1168 1291 indicimus
1194 1264 1224 1290 et
1260 1259 1516 1300 promulgamus.
1553 1258 1621 1296 Quo
1660 1267 1738 1290 sane

1000 1312 1130 1344 iubilaei
1155 1321 1239 1343 anno
1267 1311 1414 1350 durante,
1443 1310 1594 1343 omnibus
1621 1310 1739 1343 utrius—

1000 1374 1059 1407 que
1086 1375 1179 1397 settis
1205 1363 1446 1396 cristitidelibus
1473 1374 1545 1396 rere
1572 1364 1740 1407 poeniten·

1001 1417 1084 1448 tibus
1110 1423 1139 1449 et
1164 1417 1348 1455 confessis,
1376 1416 1430 1459 qui
1457 1417 1626 1449 beatorum
1655 1415 1738 1448 Petri
1765 1411 1777 1420 ⁶

999 1476 1030 1502 et
1054 1470 1143 1502 Pauli
1169 1471 1404 1513 apostolorum,
1420 1480 1545 1502 necnon
1561 1469 1592 1502 S.
1608 1469 1738 1502 loannis

999 1523 1225 1555 Lateranensis
1251 1527 1281 1554 et
1312 1522 1342 1554 S.
1379 1522 1494 1555 Mariae
1533 1522 1662 1554 Maioris
1699 1521 1739 1554 de

1001 1575 1083 1607 Urbe
1109 1575 1254 1607 basilicas
1281 1576 1379 1607 semel
1405 1577 1520 1607 saltem
1546 1575 1578 1607 in
1605 1574 1655 1607 die
1677 1585 1740 1618 per

1001 1628 1130 1670 triginta
1156 1627 1327 1660 continuos
1354 1633 1406 1660 aut
1433 1628 1642 1671 interpolatos
1661 1627 1741 1667 dies,

1001 1681 1025 1712 si
1052 1681 1186 1713 Romani
1220 1681 1268 1713 rcl
1307 1681 1431 1713 incolae
1468 1680 1583 1720 Urbis,
1611 1680 1635 1713 si
1663 1691 1740 1714 vero

1002 1734 1164 1778 peregrini
1192 1740 1247 1766 aut
1273 1734 1350 1766 alias
1377 1734 1501 1767 externi
1530 1734 1660 1774 suerint,
1683 1745 1742 1778 per

1001 1787 1187 1830 quindecim
1214 1788 1328 1819 saltem
1356 1787 1424 1820 dies
1449 1788 1564 1820 devote
1597 1787 1741 1821 visitave-

1002 1841 1076 1879 rint,
1095 1846 1125 1872 ct
1141 1851 1197 1882 pro
1213 1844 1342 1872 sanetae
1357 1840 1519 1872 Ecclesiae
1537 1839 1740 1880 exaltatione,

1004 1895 1172 1925 haeresum
1214 1893 1432 1935 extirpatione
1456 1919 1463 1932 ,
1505 1893 1741 1926 catholicorum

977 1950 978 1987 J
1002 1946 1184 1989 principum
1212 1945 1395 1985 concordia,
1410 1945 1558 1977 actulius
1573 1945 1741 1978 christiani

185 2042 188 2046 ¹
220 2008 300 2038 mur,
325 1998 380 2030 sed
409 1998 539 2038 fruetus,
567 2008 646 2041 quos
673 1997 791 2031 Christi
821 1999 979 2040 domini,:³

1003 1999 1115 2042 populi
1147 1999 1249 2031 salute
1285 2003 1316 2030 et
1351 1998 1585 2041 tranquillitate
1629 2000 1742 2042 plenas

1002 2052 1040 2084 ad
1066 2052 1163 2084 Deum
1182 2061 1295 2094 preces
1315 2050 1499 2091 ell'uderint,
1520 2051 1742 2094 plenissimam

1002 2105 1146 2137 onmium
1172 2109 1377 2146 pcccatorum
1404 2114 1534 2136 suorum
1571 2104 1742 2147 indulgen-

977 2176 979 2191 ι
1004 2158 1105 2197 tiam,
1135 2156 1360 2189 remissionem
1389 2162 1419 2188 et
1449 2156 1574 2189 veniam
1613 2157 1741 2190 miseri-

222 2207 397 2248 servitute‚
422 2208 478 2239 sed
504 2218 520 2240 a
544 2214 750 2250 peccatorum
774 2210 908 2243 vinculis
927 2217 957 2243 et
977 2207 979 2216 ³

1002 2209 1143 2242 corditer
1168 2209 1200 2241 in
1226 2209 1361 2241 Domino
1388 2208 1597 2241 concedimus
1623 2219 1660 2242 ac
1683 2209 1742 2242 im-

1002 2262 1170 2304 pertimur.
1188 2261 1224 2294 Et
1247 2261 1400 2304 quoniam
1426 2261 1617 2304 contingere
1634 2267 1742 2305 potest

1002 2320 1035 2347 ut
1052 2325 1088 2347 ex
1107 2315 1162 2353 iis,
1183 2314 1235 2357 qui
1257 2314 1316 2346 hac
1336 2314 1374 2347 de
1393 2316 1485 2346 causa
1508 2314 1571 2347 iter
1594 2315 1740 2357 aggressi

1003 2367 1117 2399 suerint
1137 2393 1144 2406 ,
1171 2367 1218 2399 vel
1244 2366 1283 2399 ad
1310 2366 1428 2399 Urbem
1455 2377 1488 2399 se
1519 2368 1738 2406 contulerint,

1001 2421 1103 2463 aliqui
1131 2421 1161 2452 in
1189 2419 1254 2458 via,
1281 2425 1337 2452 aut
1361 2419 1454 2452 etiam
1480 2419 1512 2452 in
1539 2422 1609 2464 ipsa
1634 2420 1739 2461 Urbe,

1002 2473 1204 2515 aegritudine
1229 2473 1276 2505 vel
1302 2472 1363 2505 alia
1388 2473 1533 2515 legitima
1557 2476 1652 2506 causa
1684 2474 1741 2506 im-

1002 2525 1126 2569 pediti,
1154 2530 1207 2558 aut
1231 2530 1336 2558 morte
1361 2526 1538 2568 praeventi,
1566 2525 1738 2569 praefinito

1002 2579 1127 2612 dicrum
1155 2589 1290 2612 numero
1318 2590 1381 2613 non
1407 2580 1598 2624 completo,
1625 2590 1660 2613 ac
1685 2590 1739 2613 ne-
