2170 3147
0 217 30 238 tn.
53 208 82 236 C.
103 208 166 235 ¹728

7 375 88 405 Causae
104 381 163 399 prae·

0 405 46 432 iulis
62 404 163 422 cunstitu-

0 434 51 450 unis.

7 1595 126 1615 ctausutae.

7 2173 167 2195 Contrariorum

0 2203 110 2225 erogatio..

1 2383 45 2404 ides
66 2383 164 2405 habenda

0 2411 124 2437 :insumptis

755 208 946 231 tHthiDstTt'S
975 208 1027 230 XIII
1054 208 1102 230 I'I‘.

350 255 536 283 Benedictus
559 256 637 289 Papa
657 256 732 287 xm,

316 300 351 327 ad
372 300 506 326 futuram
527 299 571 326 rei
587 300 773 326 memoriam.

218 362 232 404 ξ
261 362 288 393 l.
317 361 406 401 Cum,
425 361 507 394 sicut
531 361 725 403 accepimus,
745 361 913 404 provincia

174 414 301 447 Siciliae
328 421 359 447 et
383 414 491 447 ltaliae
515 424 550 446 ac
577 419 660 446 totus
678 413 762 447 Ordo
780 415 911 446 l'ratrum

176 466 446 500 Discaleeatorum
466 467 724 499 Reformatorum
744 466 778 498 Β.
796 466 911 499 Mariae

175 520 213 552 de
249 519 397 553 Mercede
435 519 672 563 redemptionis
712 519 912 561 captivorum

174 573 312 605 multum
340 573 525 606 detrimenti
560 572 723 615 patiantur
751 582 787 604 ex
821 573 912 605 causa

173 631 285 658 cantus
311 625 341 657 in
368 626 479 665 choro,
506 626 626 668 quippe
652 625 706 668 qui
732 625 800 657 sine
827 625 911 657 notis

174 684 206 710 et.
230 683 390 711 concentu
418 678 612 717 adhibetur,
639 684 671 710 et
696 678 800 718 valde⁴
826 677 912 709 labo-

174 730 290 764 riosam
317 732 550 775 molestamque
586 731 834 764 admirationem
870 731 911 762 ita

173 783 297 815 inducit.
332 789 364 816 ut
396 784 546 817 nonnulli
582 784 727 826 religiosi
760 784 799 816 ab
836 783 912 816 assi-

174 836 293 869 stentia
318 837 409 870 chori
436 848 506 870 sese
532 837 733 870 abstineant:
761 837 838 870 hinc
864 841 912 869 est

174 890 260 933 quod
287 900 368 932 nos,
396 890 483 924 hisee
520 890 819 924 inordinationibus
852 900 911 933 pro

173 943 344 984 pastoralis
361 943 457 976 officii
474 944 574 976 nostri
598 942 707 976 debito
731 942 910 976 remedium

173 993 287 1027 afferre
325 996 493 1035 volentes,
519 1000 606 1028 motu
634 994 786 1038 proprio,
813 1005 850 1027 ae
874 1005 908 1026 ex

173 1047 262 1079 certa
294 1046 429 1080 seientia
455 1053 485 1079 et
511 1049 634 1080 matura
673 1047 911 1080 deliberatione

172 1099 315 1138 nostris,
356 1100 460 1143 deque
501 1099 701 1143 apostolicae
741 1099 911 1143 potestatis

173 1152 388 1194 plenitudine,
406 1152 531 1185 dilectis
553 1151 627 1185 siliis
646 1152 796 1185 ministro
814 1161 911 1194 gene-

173 1207 244 1247 rali,
261 1206 528 1250 provincialibus,
554 1206 717 1250 prioribu‘s
736 1212 765 1239 et
784 1207 911 1239 univer-

172 1260 214 1293 sis
252 1260 402 1292 fratribus
432 1259 637 1292 Discalceatis
671 1259 746 1292 dicti
783 1259 911 1291 Ordinis

173 1315 208 1347 Β.
230 1313 346 1347 Mariae
365 1314 403 1346 de
421 1313 568 1346 Mercede
586 1323 675 1346 nune
700 1319 731 1346 et
756 1323 813 1355 pro
833 1318 910 1345 tem-

173 1379 253 1412 pore
290 1368 523 1408 existentibus,
562 1373 595 1400 ut
631 1367 692 1410 ipsi
730 1368 769 1400 de
802 1372 909 1399 cetero

172 1428 300 1454 cantum
327 1421 556 1464 gregorianum
592 1425 714 1453 tantum
751 1420 782 1452 in
812 1421 911 1453 choro

173 1476 308 1510 omnino
325 1475 482 1508 adbibere
498 1480 678 1514 teneantur,
695 1480 808 1507 tenore
823 1485 912 1517 prae-

173 1529 314 1562 sentium
336 1528 554 1571 praecipimus
581 1533 612 1560 et
636 1528 838 1560 mandamus.

216 1583 231 1626 ᾖ
251 1582 282 1615 ⁶2.
306 1582 533 1621 Decernentes,
551 1582 636 1625 ipsas
658 1587 846 1625 praesentes
864 1581 912 1614 lit-

175 1642 258 1670 teras
283 1646 413 1678 semper
439 1635 554 1674 sirmas,
573 1635 693 1667 validas
712 1640 744 1667 et
764 1634 911 1667 efficaces

174 1689 314 1722 existere
351 1693 381 1721 et
417 1688 498 1727 sore,
526 1697 666 1730 suosque
693 1687 858 1729 plenarios
883 1692 913 1720 et

174 1743 318 1784 integros
358 1741 492 1773 eil'ectus
530 1740 638 1772 sortiri
676 1746 707 1773 et
742 1741 912 1780 obtinere,

173 1805 234 1828 nec
258 1795 297 1827 de
322 1793 543 1836 subreptionis
571 1794 617 1826 vel
639 1793 841 1836 obreptionis
860 1801 913 1827 aut.

174 1847 332 1880 nullitatis
358 1846 451 1885 vitio,
478 1857 533 1878 seu
567 1846 757 1879 intentionis
784 1852 912 1880 nostrae

175 1904 228 1932 aut
245 1900 401 1932 interesse
420 1899 606 1931 habentium
629 1901 820 1940 consensus,
838 1900 913 1933 alio-

176 1963 239 1996 que
264 1951 411 1994 quolibet
437 1951 563 1984 defectu
583 1953 699 1993 notari,
719 1953 912 1996 impugnari,

176 2004 320 2047 infringi,
345 2004 511 2036 retraetari
530 2014 586 2036 seu
606 2004 637 2037 in
660 2006 912 2039 controversiam

176 2057 302 2098 vocari,
340 2061 394 2090 aut
429 2057 467 2089 ad
502 2057 653 2091 terminos
690 2058 767 2091 iuris
803 2059 911 2093 reduci

178 2120 294 2154 posse;
321 2110 433 2153 sicque
459 2115 519 2143 etc.
537 2110 544 2126 ¹

221 2164 237 2208 ἓ
260 2163 292 2197 3.
318 2162 387 2196 Νοη
413 2162 617 2196 obstantibus
642 2164 838 2206 praemissis,
877 2176 913 2198 ae

178 2216 465 2250 constitutionibus
493 2221 523 2248 et
550 2216 811 2250 ordinationibus
837 2227 912 2261 apo-

176 2269 308 2311 stolicis,
333 2279 471 2310 necnon,
491 2274 650 2312 quatenus
668 2280 749 2312 opus
767 2270 816 2310 sit,
837 2270 911 2303 dicti

176 2322 324 2362 Ordinis,
351 2322 446 2355 etiam
473 2322 672 2361 iuramento,
700 2323 786 2355 ete.²

219 2376 234 2419 ᾖ
264 2375 296 2408 4.
330 2375 479 2407 Volumus
516 2378 623 2407 autem
657 2380 692 2406 ut
725 2375 911 2408 earumdem

176 2428 396 2472 praesentium
422 2428 600 2460 litterarum
623 2429 831 2471 transumptis
855 2439 911 2461 seu

175 2481 342 2526 exemplis,
371 2480 465 2514 etiam
490 2480 668 2524 impressis,
693 2491 788 2514 manu
815 2482 912 2515 alicu-

210 2554 220 2579 1
245 2552 278 2579 Ut
296 2560 389 2587 supra,
411 2559 470 2586 pag.
492 2551 539 2578 471
559 2560 576 2578 a
596 2555 634 2584 (n.
650 2552 700 2586 in).

208 2597 225 2624 2
245 2596 277 2624 Ut
295 2604 387 2632 supra,
409 2604 468 2631 pag.
491 2596 537 2622 471
557 2604 575 2622 ιι
595 2597 634 2630 (u.
651 2597 700 2631 T.).

261 2649 341 2678 Butt.
363 2648 447 2677 Rom.
469 2663 503 2670 —
526 2649 584 2676 I'ol.
606 2648 699 2678 XXII.
843 2650 874 2678 81

1596 196 1652 227 uti

958 257 1008 289 ius
1029 255 1145 288 notarii
1173 254 1292 298 publici
1312 254 1517 297 subscriptis,
1539 258 1569 286 ct
1590 253 1697 296 sigillo

958 318 1117 352 personae
1144 308 1175 340 in
1201 307 1419 341 ecclesiastica
1446 307 1600 350 dignitate
1627 317 1698 339 con-

957 362 1088 395 stitutae
1125 360 1255 394 munitis
1296 361 1408 394 eadem
1446 371 1579 404 prorsus
1618 359 1697 393 sides

957 414 1077 457 ubique
1102 415 1249 448 locorum
1276 419 1307 447 et
1328 414 1470 456 gentiunt
1503 419 1564 446 tani
1591 413 1622 445 in
1650 413 1697 445 iu-

957 467 1041 500 dicio
1068 478 1163 511 quam
1191 472 1280 500 extra
1307 467 1383 500 illud
1412 467 1581 507 habeatur,
1615 477 1695 509 (piae

957 521 1133 553 baberetur
1165 520 1243 563 ipsis
1278 520 1504 563 praesentibus
1541 519 1565 552 si
1591 520 1694 553 forent

957 573 1118 606 exhibitae
1144 574 1192 605 vel
1218 578 1380 606 ostensae.

1000 626 1113 658 Datum
1139 625 1275 665 Itomae,
1303 626 1388 669 apud
1415 626 1444 658 S.
1466 626 1613 665 Petrum,
1639 626 1696 658 sub

957 679 1078 711 annulo
1115 679 1298 718 piscatoris,
1336 678 1387 711 die
1425 688 1523 711 xxvtu
1557 678 1695 710 ianuarii

956 741 1154 772 unccxxviu,
1180 731 1387 775 pontificatus
1414 731 1514 764 nostri
1541 742 1626 763 auno
1653 742 1693 764 iv.

991 794 1051 820 Dat.
1073 794 1118 821 die
1138 794 1171 821 28
1192 793 1306 821 ianuarii
1329 794 1406 826 1728,
1428 793 1522 828 pontis.
1545 802 1614 820 anno
1632 799 1666 819 tr.

1270 935 1379 967 CCXV.

954 1017 1187 1049 lirlendmzlm‘
1202 1015 1380 1058 pririleyirt
1400 1015 1624 1047 lerlae'ara'orum
1643 1014 1697 1047 Or-

998 1070 1087 1101 dinis
1122 1070 1229 1111 scurels
1266 1069 1438 1101 Francv'sm?
1467 1068 1509 1100 ad
1534 1068 1698 1100 tertiarios

999 1123 1134 1155 Ordinis
1171 1123 1209 1154 B.
1242 1122 1368 1155 Mariae
1407 1122 1444 1153 de
1475 1120 1616 1153 Mercede
1651 1131 1697 1152 rc-

997 1175 1191 1218 ‹lemplitmis
1216 1175 1418 1217 captivorum
1431 1174 1449 1206 ¹.

1126 1254 1309 1282 Benedictus
1331 1255 1411 1288 Papa
1431 1254 1518 1286 XIII,

1077 1301 1112 1326 ad
1132 1302 1308 1333 perpetuam
1328 1299 1371 1325 rei
1393 1298 1575 1325 memoriam.

998 1373 1012 1415 ξ
1042 1372 1067 1404 l.
1089 1371 1212 1414 Exponi
1231 1371 1325 1403 nobis
1347 1381 1450 1413 nuper
1478 1370 1624 1402 Fecerunt
1650 1370 1693 1401 «11-
1709 1379 1814 1404 »flumana
1832 1379 1887 1399 [ἐμ-ιι4

956 1425 1029 1457 lecti
1070 1423 1126 1456 filii
1167 1423 1295 1455 Gabriel
1322 1423 1516 1462 Barbastro,
1542 1422 1694 1464 magister

956 1477 1129 1520 generalis,
1156 1481 1187 1508 et
1204 1476 1387 1508 Alexander
1412 1475 1695 1517 lllomaei,proffl-

957 1535 1044 1562 rator
1080 1529 1242 1571 generalis
1279 1528 1406 1561 Ordinis
1443 1528 1475 1560 B.
1502 1527 1619 1560 Mariae
1657 1528 1695 1560 de

956 1582 1102 1615 Mercede
1117 1581 1351 1625 redemptionis
1367 1581 1581 1624 captivorum,
1596 1582 1694 1624 quod,

956 1647 1027 1668 eum
1046 1635 1077 1668 in
1099 1635 1186 1668 dieto
1205 1634 1324 1667 Ordine
1349 1644 1450 1677 usque
1476 1634 1515 1666 ab
1541 1634 1609 1667 eius
1635 1634 1696 1667 ori-

957 1688 1052 1731 gine,
1080 1693 1175 1731 prout
1212 1698 1247 1720 ex
1286 1687 1373 1720 illius
1408 1687 1696 1720 constitutionibus

957 1742 1149 1775 auctoritate
1184 1742 1364 1784 apostolic&
1400 1740 1613 1780 confirmatis,
1649 1741 1696 1773 di-

957 1796 1066 1828 stinct.
1095 1805 1144 1835 iv,
1177 1805 1248 1837 cap.
1276 1805 1301 1833 1,
1335 1798 1485 1826 constare
1523 1794 1692 1834 asseritur,

956 1848 1078 1881 Tertius
1103 1847 1188 1880 Ordo
1222 1846 1391 1890 utriusque
1417 1856 1510 1879 sexus
1537 1856 1695 1889 personas

957 1900 1177 1934 constituens?Z
1195 1900 1358 1940 florescat,
1376 1899 1503 1943 aliquae
1530 1909 1564 1932 cx
1593 1900 1639 1933 eis
1665 1911 1696 1933 e-

957 1955 1096 1994 mittunt,
1115 1954 1196 1987 aliae
1222 1964 1297 1986 vero
1315 1959 1385 1986 vota
1403 1953 1562 1996 simplicia
1588 1954 1697 1987 obser-

957 2013 1041 2047 vant,
1071 2011 1103 2039 et
1129 2006 1275 2049 reliquae
1301 2005 1530 2039 observantiae
1555 2007 1694 2048 regulari

956 2059 1116 2102 propositi
1138 2058 1282 2101 religiosi
1308 2068 1378 2092 sese
1404 2058 1576 2098 addicunt,
1595 2065 1626 2092 et
1649 2060 1696 2092 in-

958 2117 1006 2144 ter
1031 2113 1088 2145 lias
1113 2112 1240 2156 aliquae
1265 2111 1475 2156 reperiuntur
1499 2123 1580 2156 quae
1605 2123 1697 2156 sepa-

956 2165 1049 2198 ratim
1076 2165 1204 2208 regulas
1229 2164 1262 2197 in
1287 2164 1380 2198 dictis
1406 2165 1694 2199 constitutionibus

956 2218 1172 2262 praescriptas
1198 2218 1406 2259 custodiunt,
1436 2218 1564 2262 illisque
1590 2219 1693 2252 felicis

956 2271 1189 2304 recordationis
1207 2271 1415 2304 Innocentius
1437 2271 1521 2315 Papa
1540 2271 1577 2304 xt
1603 2282 1695 2315 prae-

990 2377 1001 2402 1
1026 2375 1061 2403 tie
1089 2376 1238 2412 privilegiis
1265 2377 1447 2404 tertiariorum
1476 2377 1582 2405 Ordinis
1608 2379 1694 2406 sancti

956 2421 1105 2454 Francisci,
1127 2420 1187 2447 vide
1211 2420 1291 2448 aliam
1312 2421 1392 2448 huius
1421 2422 1560 2449 Pontilicis
1586 2424 1693 2452 constit.

955 2465 1018 2492 edit.
1041 2470 1177 2498 nnmmxv,
1196 2464 1239 2491 die
1261 2466 1292 2492 to
1312 2465 1475 2499 decembris,
1502 2467 1597 2502 pontif.
1615 2477 1640 2501 x,
1667 2471 1693 2495 et

954 2512 1040 2537 const.
1062 2508 1128 2535 edit.
1150 2515 1291 2543 nnccxxvt,
1314 2510 1356 2538 die
1377 2510 1392 2537 9
1412 2511 1480 2546 iulii,
1502 2512 1598 2547 pontif.
1619 2519 1657 2539 in.

989 2553 1004 2579 2
1027 2552 1135 2580 Videtur
1154 2551 1298 2587 legendum
1318 2555 1515 2591 complectens,
1538 2556 1581 2583 vel
1598 2564 1694 2592 perso-

955 2599 999 2626 nis
1019 2599 1152 2627 constans
1171 2600 1208 2633 (n.
1227 2600 1274 2633 T.).

1707 205 1753 230 An.
1777 205 1803 230 Γ..
1827 206 1890 232 1728
