2170 3147
19 169 68 198 An.
89 167 120 196 G.
140 166 210 197 1726
799 168 993 192 amabimus
1019 167 1075 192 xut
1099 168 1147 192 1³1³.
1629 157 1692 191 3⁶29
1742 167 1787 191 An.
1807 167 1835 192 c.
1858 166 1923 194 1726

209 216 274 250 hoc
293 219 329 248 ut
346 215 492 249 divinus*
509 217 614 249 cultus
631 215 681 248 in²
698 214 761 249 illis
780 216 946 249 decentius
966 218 969 256 t
991 211 1132 250 mata'et
1155 216 1347 261 approbata,
1367 217 1398 250 in
1418 215 1572 260 praefatis
1597 215 1784 258 praede-tm
1809 230 1827 247 ρ·
1851 228 1922 249 namu

210 275 242 302 et
267 267 538 301 honorificentius
557 275 741 311 peragatur,
759 275 845 301 sarta
864 274 946 301 tecta
968 274 970 296 l
991 279 1155 302 cessorum
1172 269 1359 302 huiusmodi
1384 270 1514 308 litteris,
1534 275 1567 301 ut
1585 269 1727 312 praefer-

208 322 395 366 persistere‚
415 321 495 363 quin
522 322 585 353 imo
612 321 667 353 illa
692 331 812 362 augere
831 331 947 353 concu-
969 334 970 363 3
993 329 1052 358 tur,
1070 332 1238 365 expressas
1264 328 1295 354 et
1318 333 1481 366 expressa,
1501 333 1558 363 pro
1577 321 1728 363 praefatis

209 374 377 418 piscimus,
394 374 598 406 attendentes
618 374 762 406 eiusdem
789 374 946 406 ecclesiae
969 399 970 409 ,
991 375 1131 416 capitulo
1163 380 1194 406 et
1226 375 1389 408 canonicis
1421 375 1607 414 (videlicet,
1642 375 1728 417 quod

208 427 356 460 Lucanae
374 427 650 469 conspicuitatem,
669 436 705 458 ac
723 426 827 458 dictae
846 427 947 458 eccle·
992 432 1064 467 post
1079 426 1296 469 pontificalem
1314 429 1480 466 maiorem,
1498 430 1729 467 acsecundam,

207 479 273 512 siae
298 478 443 512 Lucanae
468 479 619 522 illiusque
645 478 774 521 capituli
801 484 832 510 et
858 488 947 510 cano·
969 484 971 524 ]
993 479 1115 511 tertiam
1141 490 1177 512 ac
1202 486 1348 522 quartam
1374 480 1404 512 in
1432 481 1571 523 praefata
1597 482 1731 514 ecclesia

207 531 354 565 nieorum
381 532 600 575 praefatorum
627 531 737 564 decori
774 532 947 564 consulere
969 548 970 556 κ
992 531 1116 564 Lucana
1145 533 1317 574 dignitates
1336 535 1514 573 respective
1536 534 1732 573 obtinentes,

208 595 245 618 ac
270 586 400 618 eosdem
428 584 605 628 capitulum
632 589 664 617 et
689 584 864 616 canonicos
881 595 947 616 am-
969 580 971 586 ⁴
991 595 1027 616 ac
1052 595 1164 617 omnes
1190 590 1221 618 et
1247 585 1365 627 singuli
1401 587 1548 619 canonici
1586 587 1730 619 eiusdem

206 638 321 681 plioris
347 637 469 680 gratiae
494 637 600 670 favore
615 636 769 680 prosequi
790 638 946 675 volentes,
970 645 971 659 ¹
992 637 1151 682 ecclesiae
1177 637 1323 671 Lucanae
1340 665 1347 677 ‚
1373 639 1468 670 etiam
1495 648 1579 671 nunc
1606 644 1637 670 et.
1673 648 1730 680 pro

206 690 369 734 ipsosque,
388 696 419 724 et
439 701 552 723 eorum
578 690 755 731 singulares
781 700 946 732 personas,
970 704 971 708 =
993 695 1139 732 tempore
1165 691 1351 727 existentes,
1378 692 1417 724 de
1443 697 1552 724 cetero
1572 697 1730 733 perpetuo

207 753 224 776 a
245 743 416 786 quibusvis
435 742 793 780 excommunicationis,
815 752 948 783 suspen·
969 726 971 785 ἓ
993 741 1105 773 suturis
1133 743 1333 784 [emporibus
1358 743 1389 775 in
1417 743 1571 780 praefatis
1596 743 1670 775 anui
1687 743 1730 776 se·

206 795 308 829 sionis
333 801 366 829 et
391 795 580 833 interdicti,
619 796 760 838 aliisque
798 794 948 827 ecclesia·
969 787 971 827 ,Ι
991 794 1185 827 stivitatibus
1212 800 1243 827 et
1268 795 1339 828 aliis
1366 796 1563 838 temporibus
1579 806 1614 828 ac
1633 797 1732 828 eccle-

205 848 294 882 sticis
318 849 511 889 sententiis,
537 849 684 882 censuris
710 853 742 881 et
767 848 903 890 poenis,
930 859 947 880 a
969 843 971 899 l
991 848 1128 880 siasticis
1165 848 1383 881 functionibus
1422 849 1452 881 in
1490 848 1643 892 praefatis
1681 849 1731 882 lit-

205 901 277 935 iure
292 902 341 935 vel
359 901 399 934 ab
418 901 562 941 homine,
583 901 695 945 quavis
711 901 881 933 occasione
897 902 946 933 vel
969 904 970 938 i
992 902 1068 933 teris
1090 902 1377 944 praedecessorum
1398 901 1584 934 huiusmodi
1602 912 1732 944 expres-

205 957 302 988 causa
319 955 402 993 latis,
421 955 446 987 si
465 955 583 997 quibus·
599 953 842 997 quomodolibet
859 954 948 986 inno-
968 970 970 993 t
991 954 1045 992 sis,
1061 954 1156 986 etiam
1172 955 1307 986 absente
1326 954 1493 997 episcopo,
1512 964 1568 986 usu
1587 954 1731 986 omnium

206 1007 270 1040 dati
296 1008 456 1046 existunt,
487 1007 525 1039 ad
552 1006 698 1039 effectum
724 1006 944 1049 praesentium
968 997 970 1027 l
991 1006 1224 1049 pontificalium
1247 1033 1255 1047 ,
1293 1017 1328 1038 ac
1361 1006 1513 1039 omnibus
1551 1006 1731 1047 insignibus

206 1060 370 1094 dumtaxat
402 1060 686 1102 consequendum,
718 1059 831 1091 harum
861 1059 945 1092 serie
967 1032 969 1089 i
990 1059 1206 1092 abbatialibus
1225 1086 1232 1099 ,
1257 1069 1293 1092 ac
1319 1069 1433 1098 cruce,
1461 1060 1582 1092 annulo
1608 1065 1640 1091 et
1676 1060 1731 1091 ha·

205 1113 408 1147 absolventes
434 1119 467 1146 et
491 1113 657 1146 absolutos
675 1112 742 1144 sore
757 1118 943 1152 censentes,
967 1105 968 1143 l
989 1113 1073 1151 outo,
1095 1113 1230 1156 aliisque
1246 1113 1443 1156 paramentis
1469 1117 1501 1145 et
1517 1112 1727 1152 indumentis,

203 1173 293 1201 motu
319 1167 462 1210 proprio,
481 1177 544 1199 non
567 1166 606 1198 ad
628 1176 742 1199 eorum
761 1167 807 1198 vel
826 1166 944 1208 aliquo·
966 1156 968 1211 ζ
989 1165 1026 1197 ad
1046 1165 1145 1198 instar
1162 1167 1316 1198 abbatum
1334 1176 1425 1198 usum
1444 1166 1554 1198 mitrae
1574 1171 1606 1197 et
1623 1165 1730 1198 baculi

203 1231 276 1254 rum
301 1230 401 1263 super
427 1220 489 1252 hoc
513 1229 572 1262 pro
599 1229 710 1252 eorum
737 1226 828 1262 parte
849 1220 943 1252 nobis
965 1215 967 1266 ξ
990 1220 1200 1259 habentium,
1226 1221 1368 1262 gaudere
1386 1247 1395 1259 ‚
1428 1229 1556 1252 necnon
1594 1219 1626 1251 in
1663 1219 1730 1252 suis

203 1273 331 1308 oblatae
367 1273 534 1316 petitionis
566 1272 752 1305 instantiam
771 1298 777 1311 ,
818 1274 872 1305 sed
906 1283 942 1306 ex
964 1279 966 1319 g
987 1273 1083 1306 armis
1109 1279 1140 1307 et
1155 1273 1303 1316 insigniis
1323 1274 1449 1305 mitram
1463 1273 1658 1305 etbaculuin
1674 1283 1729 1315 ap-

204 1330 292 1361 certa
316 1327 450 1359 scientia
475 1329 629 1369 inertique
656 1326 888 1359 deliberatione
906 1338 943 1360 ac
963 1324 966 1379 j
986 1328 1062 1371 poni
1087 1328 1190 1361 facere
1213 1333 1245 1360 et
1263 1328 1396 1365 addere,
1420 1338 1546 1360 necnon
1570 1328 1728 1370 populum

191 1380 400 1414 liberalitate
433 1380 553 1412 nostris
570 1407 577 1419 ,
605 1380 711 1423 deque
743 1380 941 1422 apostolicae
963 1388 965 1433 'f
986 1381 1069 1414 inter
1086 1381 1256 1414 missarum
1283 1386 1314 1413 et
1340 1381 1522 1413 divinorum
1546 1379 1729 1412 officiorum

81 2345 193 2372 Ampttatto

29 2371 116 2393 ‘aedicit
130 2373 193 2399 privi-

15 2397 64 2428 pnii
78 2398 104 2419 ad
123 2401 194 2421 omnia

13 2424 103 2449 ιιηίιυίι
128 2425 194 2447 abba-

14 2451 57 2472 tum
77 2457 136 2473 tuum
156 2453 195 2474 mi-

202 1434 372 1478 potestatis
398 1433 603 1476 plenitudine
620 1460 627 1472 ‚
654 1434 885 1466 concessiones
911 1440 964 1491 effi*
987 1435 1172 1468 huiusmodi
1199 1434 1404 1477 aliarumque
1437 1433 1729 1466 ecclesiasticarum

202 1486 328 1520 indulta
355 1486 461 1518 l'avore
482 1486 614 1528 capituli
642 1492 673 1518 et
698 1486 939 1526 canonicorum,
962 1495 964 1550 1
986 1488 1185 1520 functionum
1212 1487 1431 1530 praelatarum
1468 1486 1649 1525 solemnia,
1688 1486 1728 1518 de

201 1549 262 1583 per
294 1539 452 1582 praelatos
486 1539 757 1581 praedecessores
791 1545 824 1571 ut
855 1550 941 1582 prae·
962 1556 964 1594 ἐ
985 1551 1145 1574 consensu
1172 1546 1278 1572 tamen
1304 1538 1464 1573 Ordinarii
1484 1565 1491 1578 ,
1517 1538 1724 1577 benedicere,

202 1593 306 1626 fertur
337 1597 502 1625 emanatas
530 1598 561 1624 et
587 1598 755 1631 emanata,
785 1598 817 1625 et
846 1596 964 1636 superi
986 1598 1080 1636 prout
1105 1593 1178 1626 dicti
1205 1593 1347 1631 abbates,
1374 1602 1466 1624 usum
1491 1591 1605 1623 mitrae
1625 1596 1656 1622 et
1673 1591 1729 1622 ba-

202 1645 267 1678 illis
288 1645 477 1677 eorumdem
498 1645 784 1688 praedecessorum
802 1646 942 1689 desuper
963 1665 964 1702 ἢ
986 1647 1047 1679 culi
1067 1647 1234 1685 habentes,
1253 1656 1353 1689 supra
1372 1645 1529 1688 populum
1549 1645 1728 1677 solemnem

201 1703 236 1731 ut
262 1699 444 1741 praefertur
469 1699 635 1741 expeditas
654 1699 786 1737 litteras,
813 1699 941 1731 illarum
963 1703 965 1736 t
986 1699 1245 1732 benedictionem
1279 1698 1436 1741 impertiri
1471 1698 1597 1736 solent,
1624 1697 1727 1730 libere

201 1757 333 1785 tenores
358 1752 454 1784 etiam
478 1751 618 1784 veriores
638 1752 864 1795 praesentibus
884 1763 942 1795 pro
986 1759 1017 1785 et
1042 1752 1128 1785 licite
1155 1752 1283 1795 possint
1308 1758 1339 1783 et
1370 1752 1523 1789 valcant,
1560 1760 1618 1782 seu
1657 1749 1727 1792 qui-

201 1805 300 1849 plene
336 1810 368 1838 et
400 1804 597 1838 sufficienter
628 1815 663 1838 ac
695 1805 734 1838 de
768 1805 866 1838 verbo
904 1806 941 1837 ad
964 1810 965 1848 j
986 1806 1064 1839 libet
1089 1815 1199 1838 eorum
1226 1804 1328 1848 possit
1353 1808 1385 1836 et,
1410 1803 1524 1845 valeat)
1547 1802 1633 1834 dicta
1650 1812 1727 1844 apo-

202 1857 338 1891 verbum
365 1858 528 1900 expressis
555 1857 733 1898 habentes,
761 1859 942 1901 apostolica
963 1873 965 1903 j
985 1860 1098 1892 stolica
1123 1858 1315 1891 auctoritate
1349 1856 1445 1889 etiam
1480 1860 1639 1898 perpetuo
1674 1865 1726 1886 ex-

203 1911 390 1945 auctoritate
416 1912 560 1955 praefata
577 1911 672 1944 etiam
690 1918 849 1955 perpetuo
868 1923 943 1945 con·
964 1923 965 1945 t
987 1912 1151 1945 tendimus
1181 1916 1213 1943 et
1245 1909 1436 1953 ampliamus
1455 1935 1462 1948 ,
1487 1913 1537 1947 et,
1565 1913 1725 1950 quatenus

201 1964 368 1997 firmamus
393 1970 425 1997 et
449 1966 688 2008 approbamus,
717 1975 894 2008 omnesque
912 1971 944 1998 et
964 1963 965 1967 ’
986 1976 1068 2009 opus
1094 1965 1145 2005 sit,
1170 1964 1346 2008 praemissa
1370 1962 1478 1997 omnia
1497 1962 1535 1994 de
1556 1972 1637 1994 noro
1655 1971 1727 1994 con-

202 2018 348 2060 singulos
364 2023 428 2050 tam
446 2017 524 2050 iuris
542 2028 636 2061 quam
655 2018 728 2051 sacti
744 2019 901 2059 detectus,
917 2019 941 2051 si
963 2007 965 2045 i
986 2019 1131 2052 ccdimus
1156 2024 1189 2051 et
1220 2017 1451 2060 indulgemus,
1477 2026 1513 2048 ac
1539 2015 1724 2048 facultatem

204 2071 258 2115 qui
277 2072 417 2114 desuper
435 2071 466 2103 in
485 2073 734 2103 concessionum
754 2077 786 2104 et
800 2071 943 2104 indulto·
963 2080 965 2111 ἦ
986 2077 1017 2105 ct
1034 2071 1198 2105 licentiam
1217 2072 1360 2114 desuper
1381 2068 1597 2113 impartimur.

202 2134 273 2156 rum
289 2123 472 2157 huiusmodi
488 2125 625 2156 obtentu
644 2124 752 2157 forsan
767 2125 943 2167 quomodo·
963 2112 965 2179 i
1029 2125 1044 2167 ξ
1067 2124 1098 2158 3.
1119 2126 1163 2157 Ac
1180 2124 1367 2167 capitulum,
1387 2122 1560 2165 dignitates
1578 2126 1610 2154 et
1628 2131 1725 2154 cano-

202 2177 541 2217 libetintervenerint,
555 2177 736 2220 apostolica
749 2178 941 2210 auctoritate
963 2188 965 2203 1
986 2178 1076 2211 nicos
1101 2178 1264 2220 praefatos
1279 2203 1286 2216 ‚
1314 2186 1491 2218 eorumque
1517 2185 1723 2208 successores

203 2230 349 2273 praefata
382 2230 529 2273 plenarie
564 2231 751 2273 supplemus
771 2257 778 2270 ,
812 2230 942 2273 illisque
985 2241 1085 2274 super
1102 2229 1317 2263 concessione
1337 2228 1524 2262 huiusmodi
1551 2238 1610 2270 per
1626 2238 1726 2271 quae-

203 2283 400 2316 inviolabilis
429 2282 628 2326 apostolicae
655 2282 813 2315 firmitatis
843 2284 942 2316 robur
986 2294 1123 2327 cumque
1161 2283 1303 2326 capitula
1340 2291 1617 2326 quarumcumque
1649 2280 1726 2314 alia-

204 2337 386 2370 adiicimus.
422 2337 466 2369 Ac
494 2336 626 2378 insuper
650 2335 877 2369 concessiones
911 2341 943 2369 et
985 2348 1054 2370 rum
1081 2337 1291 2370 ecclesiarum
1315 2334 1591 2379 patriarchalium,
1619 2334 1726 2367 archi-

205 2390 332 2423 indulta
350 2389 546 2427 huiusmodi,
568 2399 626 2432 per
646 2399 720 2429 nOS‚
745 2394 780 2421 ut
799 2389 941 2432 praefer·
985 2390 1221 2434 episcopalium
1250 2391 1299 2422 vel
1331 2388 1563 2433 primatialium
1595 2393 1627 2420 et
1658 2388 1726 2431 epi-

206 2449 265 2485 tur,
280 2443 488 2477 confirmatas
504 2449 536 2476 et
553 2443 759 2486 approbatas,
777 2453 813 2477 ac
829 2443 942 2477 contir-
984 2443 1180 2487 scopalium,
1208 2448 1240 2476 et
1265 2442 1393 2486 quasvis
1418 2452 1587 2486 personas,
1614 2441 1724 2484 quavis

239 2515 252 2542 1
269 2514 337 2542 Mate
353 2514 418 2542 edit.
434 2514 516 2541 tttain.
533 2513 597 2549 legit
612 2514 757 2548 divium.
774 2515 823 2549 τ.).
984 2497 1172 2530 auctoritate
1191 2523 1199 2538 ›
1224 2496 1382 2539 dignitate
1408 2500 1440 2529 et
1463 2494 1724 2538 praeeminentia

238 2559 255 2586 2
274 2560 428 2595 Praeposit.
449 2559 482 2586 in
501 2566 550 2586 nos
570 2558 697 2586 addimus
717 2560 753 2593 (a.
776 2560 825 2594 T.).
982 2551 1144 2594 praeditas
1158 2576 1166 2592 ,
1192 2549 1306 2594 quovis
1329 2554 1520 2593 praetextu,
1547 2548 1655 2582 colore
1672 2548 1724 2583 vel

291 2615 373 2643 Buct.
395 2615 481 2642 Rom.
498 2630 531 2634 —
551 2614 613 2641 Vot.
633 2612 724 2642 XXII.
871 2613 904 2640 42

1740 255 1870 275 tmbcwiutn.

1807 2129 1919 2149 Ctausulau

1736 2155 1920 2176 roburcoutirma-

1737 2183 1799 2202 ticuis
1808 2183 1919 2205 addentes.
