2170 3147
236 160 276 185 An
307 161 332 185 tl.

356 160 420 186 1728
468 151 530 180 cns

1015 153 1198 180 eruanimi

433 210 521 247 bere,
542 214 797 251 praesentesque
823 215 951 247 semper
986 209 1018 236 et
1055 212 1173 246 perpe—

436 267 488 294 tuo
522 261 642 293 validas
667 266 699 292 et
739 259 887 292 efficaces
922 268 992 290 esse
1018 262 1050 289 et
1083 256 1173 294 sore,

435 325 577 356 suosque
613 313 780 356 plenarios
807 317 838 345 et
865 312 1011 353 integros
1042 308 1173 342 effectus

434 367 545 401 sortiri
582 372 613 399 et
652 366 801 399 obtinere
841 364 985 403 debere,
1014 367 1111 405 atque
1136 361 1175 394 ab

435 420 587 454 omnibus
614 425 646 451 et
670 418 819 461 singulis,
839 418 877 450 ad
904 427 986 460 quos
1004 426 1090 448 nunc
1107 424 1176 458 spe-

435 478 499 505 ctat
517 479 612 515 atque
635 472 845 514 imposterum
867 469 1036 513 spectabit,
1053 479 1106 501 eas
1124 467 1178 500 sn·-

436 525 528 557 miter
547 530 578 557 et
600 524 830 556 inviolabiliter
851 522 1072 556 observandas
1094 531 1175 560 esse,

436 584 467 611 et
492 579 581 610 nullo
609 587 750 620 unquam
777 582 931 619 tempore,
958 586 994 608 ex
1021 584 1177 617 quocum-

435 642 498 674 que
524 631 628 674 eapite
654 631 702 663 vel
728 632 842 670 eausa,
866 627 1072 672 quantumvis
1098 626 1179 669 legi-

438 684 513 717 tima
539 689 570 717 et
594 683 746 724 iuridicst,
769 683 865 716 etiam
892 686 1067 725 propterea
1091 680 1178 723 quod

436 738 634 780 venerahilis
656 738 755 770 frater
776 742 890 770 noster
908 734 1178 778 archiepiscopus

436 791 727 833 Salisbnrgensiis,
755 789 821 822 sive
847 789 922 829 alii,
949 788 1179 830 cuiuscumque

439 843 619 886 dignitatis,
638 844 768 886 gradus,
789 841 985 876 conditionis
1011 846 1041 874 et
1066 850 1180 883 praee-

437 897 614 930 minentiae
640 897 841 935 habeantur,
867 896 900 928 in
937 893 1122 938 praemissis
1149 899 1180 926 et

437 951 522 983 cirea
547 962 582 983 ea
609 949 855 993 quomodolibet
877 948 986 992 quavis
1009 959 1046 980 ex
1067 949 1178 987 causa,

438 1004 583 1042 ratione,
613 1004 742 1036 actione
781 1004 829 1036 vel
866 1002 1038 1034 occasione
1074 1001 1122 1033 ius
1149 1006 1179 1033 et

439 1068 504 1090 rein
531 1057 690 1089 habentes
728 1057 775 1089 vel
807 1056 929 1088 habere
963 1065 996 1087 se
1024 1059 1175 1097 praeten-

438 1110 563 1150 dentes,
578 1109 763 1152 praemissis
780 1119 847 1140 non
865 1107 1103 1147 consenserint,
1123 1118 1179 1140 ne-

438 1174 501 1205 que
519 1163 558 1195 ad
580 1173 617 1194 ea
642 1162 753 1201 vocati,
772 1160 859 1193 citati
879 1166 910 1193 et
926 1160 1026 1192 auditi
1044 1159 1177 1199 suerint,

439 1226 497 1249 nec
523 1215 569 1248 eis
594 1225 788 1248 eonsensum
821 1215 887 1246 ullo
918 1213 1016 1246 modo
1043 1213 1179 1255 praesti-

441 1268 553 1307 terint,
578 1269 675 1301 immo
701 1268 839 1300 sortasse
865 1267 928 1299 illis
954 1265 1180 1299 contradicen-

441 1323 534 1361 tibus,
561 1332 698 1360 causae,
726 1326 862 1364 propter
887 1330 966 1363 quas
993 1324 1180 1362 praesentes

440 1375 644 1418 prodierunt,
671 1374 842 1412 adductae,
869 1378 1020 1406 ostensae
1050 1378 1082 1405 ct
1109 1382 1181 1414 pro-

441 1429 533 1462 batae
567 1438 628 1461 non
655 1427 775 1459 suerint
807 1427 845 1459 de
884 1425 1102 1469 subreptionis
1132 1426 1180 1457 vel

441 1481 644 1525 obreptionis
676 1486 730 1513 aut
760 1479 917 1512 nullitatis
947 1479 1014 1511 sive
1040 1478 1181 1511 invalidi-

442 1535 530 1574 tatis‚
556 1538 607 1568 aut
632 1532 821 1566 intentionis
846 1538 977 1565 nostrae
1003 1532 1050 1564 vel
1077 1531 1183 1575 quoli-

442 1590 497 1622 bet
521 1588 583 1621 alio
610 1586 811 1630 quantumvis
837 1596 954 1627 niagno
981 1590 1011 1618 et
1036 1585 1183 1617 substan-

443 1642 519 1682 tiali,
546 1640 737 1683 excogitato,
766 1638 1010 1681 inexcogitabili
1030 1644 1060 1671 et
1081 1638 1184 1681 speci·

443 1697 533 1728 ticam
561 1700 658 1737 atque
684 1692 885 1726 individuam
912 1691 1112 1724 mentionem
1136 1702 1185 1724 re-

443 1748 594 1791 quii-ente
612 1748 750 1786 defectu,
770 1746 837 1778 sive
862 1745 958 1778 etiam
982 1756 1017 1778 ex
1037 1756 1075 1777 eo
1097 1745 1184 1787 quod
1206 1745 1208 1761 ¹

443 1803 474 1834 in
491 1800 688 1845 praemissis,
706 1809 886 1842 earumque
902 1798 1021 1841 aliquo,
1037 1797 1185 1830 solemni¹
1207 1803 1209 1828 ³.

445 1860 523 1887 tates
553 1859 582 1886 et
608 1853 741 1896 quaevis
768 1851 831 1884 alia
856 1851 1013 1884 servanda
1038 1856 1133 1893 atque
1159 1861 1186 1882 a·
1207 1867 1209 1871 v

444 1906 657 1950 dimplenda,
690 1910 815 1938 servata
848 1909 878 1937 et
910 1904 1086 1946 adimpleta
1120 1912 1210 1965 non·

445 1966 552 1993 essent
577 1960 625 1992 vel
659 1958 795 1997 suerint,
820 1962 875 1989 aut
907 1967 943 1989 ex
979 1965 1186 1999 quocumque

445 2015 508 2047 alio
535 2013 650 2056 capite,
674 2024 690 2044 a
712 2012 782 2045 inre
808 2012 855 2044 vel
882 2010 965 2043 sacto
991 2015 1044 2042 aut
1069 2013 1186 2042 statuto

445 2079 480 2101 ae
505 2066 744 2100 eonsnettuline
771 2065 879 2108 aliqua
905 2064 1080 2097 resultante
1096 2090 1104 2103 ,
1131 2073 1187 2096 seu

445 2130 651 2164 quocumque
678 2119 741 2152 alio
767 2120 886 2158 colore,
913 2121 1083 2161 praetextu
1099 2143 1106 2157 ,
1132 2126 1184 2148 ra-

447 2176 533 2207 tione
559 2174 608 2206 vel
635 2175 741 2211 eausa,
767 2171 863 2205 etiam
889 2171 920 2202 in
945 2180 1084 2213 corpore
1111 2169 1188 2202 iuris

447 2228 617 2270 expressa,
643 2225 830 2265 occasione,
857 2224 957 2257 aliave
984 2233 1211 2266 quacumque·

448 2282 562 2319 causa,
585 2279 682 2311 etiam
710 2278 762 2310 tali
790 2288 873 2321 quae
898 2278 938 2310 ad
965 2276 1112 2310 effectum
1138 2285 1211 2308 va-¹

447 2333 578 2365 liditatis
604 2332 855 2375 praemissorum
882 2330 1067 2363 necessario
1089 2330 1190 2372 expri-

449 2386 565 2418 menda
602 2387 705 2424 soret,
735 2391 787 2417 ant
823 2390 1000 2428 propterea
1029 2384 1116 2427 quod
1150 2383 1188 2416 de

450 2440 612 2471 voluntate
653 2440 764 2470 nostra
812 2438 997 2480 ceterisque
1042 2435 1189 2479 superius

450 2490 611 2534 expressis
645 2490 761 2523 nullibi
787 2494 985 2533 appareret,
1010 2490 1076 2522 sive
1110 2489 1188 2522 alias

449 2543 578 2586 probari
607 2554 670 2575 non
697 2548 826 2586 posset,
857 2543 975 2584 notari,
1003 2542 1188 2582 invalidari,

1223 153 1375 177 nonanum

1218 202 1383 235 retraetari
1403 229 1409 242 ,
1432 202 1530 245 inque
1556 202 1603 234 ius
1629 202 1678 234 vel
1705 200 1958 237 controversiam

1219 255 1335 294 vocari,
1361 255 1428 288 sive
1454 254 1493 287 ad
1521 254 1677 288 terminos
1710 253 1789 286 iuris
1825 251 1956 293 reduci,

1219 308 1267 340 vel
1285 313 1398 341 contra
1413 307 1483 341 illas
1504 307 1718 341 restitutionis
1732 306 1764 339 in
1783 306 1959 348 integrum,

1220 360 1412 404 aperitionis
1437 361 1514 400 oris,
1540 359 1740 393 reductionis
1765 359 1804 392 ad
1830 358 1912 392 viam
1930 362 1962 391 et

1222 414 1376 447 terminos
1401 413 1499 453 iuris,
1525 419 1580 445 aut
1608 412 1694 445 aliud
1731 411 1960 454 quodcumque

1222 467 1311 507 iuris,
1338 466 1411 499 sacti
1428 494 1435 507 ,
1463 465 1584 509 gratiae
1610 466 1659 498 vel
1684 463 1826 497 iustitiae
1850 473 1961 496 reme-

1223 520 1311 553 dium
1327 519 1507 563 impetrari,
1521 529 1577 551 seu
1599 516 1847 561 quomodolibet
1864 512 1961 549 etia'rn

1223 578 1310 606 motu
1338 572 1407 615 pari
1441 581 1596 604 concesso
1629 576 1683 603 aut
1716 569 1886 613 impetrato
1911 569 1962 602 vel

1224 627 1442 669 promulgato,
1461 625 1506 656 uti
1525 629 1580 657 aut
1605 634 1639 656 se
1665 623 1775 656 iuvare
1794 622 1826 655 in
1844 621 1963 655 iudicio

1226 680 1272 712 vel
1294 684 1384 711 extra
1410 688 1512 721 posse,
1538 683 1637 720 atque
1662 677 1748 720 ipsas
1773 679 1963 719 praesentes

1225 732 1282 765 sub
1302 731 1561 775 quibuscumque
1587 729 1740 762 similium
1758 729 1806 762 vel
1825 728 1965 761 dissimi-

1224 785 1302 819 lium
1330 785 1505 827 gratiarum
1529 782 1806 823 revocationibus,
1828 792 1966 825 suspen-

1225 838 1393 877 sionibus,
1419 836 1685 876 limitationibus,
1718 834 1966 869 modificationi-

1225 893 1307 931 bus,
1331 889 1610 933 derogationibus,
1631 889 1769 932 aliisque
1794 887 1965 922 contrariis

1226 945 1510 988 dispositionibus,
1537 943 1632 977 etiam
1658 953 1717 986 per
1742 953 1801 976 nos
1824 942 1912 985 ipsos
1935 946 1968 975 et

1225 1009 1434 1031 successores
1459 1002 1589 1030 nostros
1614 997 1777 1030 Romanos
1795 994 1968 1028 Pontifices

1225 1062 1284 1095 pro
1312 1057 1459 1094 tempore
1489 1050 1667 1084 existentes
1702 1049 1968 1092 praedictamque

1225 1105 1446 1147 Apostolicam
1472 1103 1598 1144 Sedem,
1614 1103 1709 1136 etiam
1734 1107 1823 1136 motu
1848 1102 1917 1145 pari
1939 1107 1970 1134 et

1224 1157 1508 1198 consistorialiter,
1528 1169 1564 1190 ex
1585 1155 1784 1200 quibuslibet
1800 1156 1919 1194 causis,
1939 1159 1970 1187 et

1202 1225 1203 1235 ἢ
1225 1212 1284 1244 sub
1301 1211 1467 1254 quibusvis
1482 1210 1653 1243 verborum
1673 1208 1841 1242 tenoribus
1858 1214 1890 1241 et
1910 1208 1969 1241 sor-

1225 1264 1294 1303 mis,
1322 1270 1354 1296 et
1379 1274 1451 1296 cum
1478 1263 1737 1306 quibuscumque
1762 1261 1913 1294 clausulis
1938 1265 1971 1294 et

1202 1327 1204 1332 ¹
1227 1317 1385 1356 decretis,
1413 1316 1535 1350 etiamsi
1563 1317 1602 1349 de
1629 1315 1754 1349 eisdem
1789 1314 1972 1358 praesenti-

1226 1370 1286 1401 bus
1313 1380 1492 1412 earumque
1520 1374 1588 1401 toto
1616 1374 1729 1401 tenore
1756 1373 1787 1400 et
1807 1368 1882 1400 data
1899 1377 1972 1410 spe-

1204 1435 1205 1444 *
1227 1423 1318 1456 eiatis
1344 1423 1466 1455 mentio
1494 1421 1597 1461 tieret,
1624 1432 1682 1464 pro
1710 1426 1854 1464 tempore
1878 1420 1972 1453 sactis

1229 1481 1261 1509 ct
1288 1476 1444 1509 faciendis
1461 1503 1468 1517 ,
1491 1476 1652 1508 concessis
1679 1480 1710 1507 et
1735 1473 1970 1513 concedendis,

1228 1530 1361 1562 minime
1378 1528 1614 1572 comprehendi
1631 1539 1638 1568 ·,
1655 1528 1712 1560 sed
1728 1538 1792 1568 eas,
1810 1532 1973 1570 tamquam

1229 1583 1267 1615 ad
1284 1583 1440 1615 maiorem
1455 1583 1553 1615 divini
1570 1583 1675 1615 cultus
1687 1580 1973 1624 amplificationem

1231 1642 1258 1667 et
1276 1635 1487 1668 ecclesiarum
1507 1634 1770 1677 tranquillitatem
1788 1638 1941 1676 etpacem
1956 1643 1975 1665 a

1231 1689 1324 1721 nobis
1339 1689 1441 1722 editas
1453 1715 1460 1727 ,
1476 1698 1605 1731 semper
1620 1692 1651 1720 et
1665 1687 1798 1721 omnino
1809 1686 1975 1730 excipien-

1232 1744 1301 1783 das,
1314 1748 1352 1782 et,
1369 1742 1640 1785 ‹ptotiescuniqne
1655 1742 1862 1781 emanabant,
1879 1740 1974 1774 toties

1231 1796 1261 1827 in
1279 1795 1450 1838 pristinum
1469 1800 1499 1827 et
1519 1794 1762 1834 validissimum,
1782 1798 1876 1836 atque
1890 1804 1973 1834 eum,

1233 1849 1263 1880 in
1290 1858 1352 1891 quo
1379 1853 1473 1880 antea
1501 1846 1751 1890 quomodolibet
1776 1852 1883 1886 erant,
1910 1851 1974 1880 sta-

1234 1906 1299 1934 tum
1335 1901 1496 1934 restitutas
1517 1927 1523 1941 ,
1556 1901 1716 1944 repositas
1758 1905 1790 1933 et
1827 1899 1974 1943 plenarie

1232 1955 1408 1998 integr-atas
1442 1965 1511 1988 esse
1537 1954 1743 1988 decernimus
1761 1981 1768 1994 ,
1796 1964 1832 1986 ac
1868 1953 1975 1987 denuo

1233 2008 1328 2042 etiam
1351 2008 1409 2041 snb
1432 2017 1634 2051 quacumque
1660 2007 1834 2051 posteriori
1860 2007 1934 2040 data
1959 2017 1976 2039 a

1232 2061 1412 2095 I‘ataviensi
1432 2061 1586 2104 episcopo
1602 2070 1686 2093 nunc
1700 2065 1731 2093 et
1748 2070 1806 2103 pro
1827 2064 1975 2103 tempore

1233 2114 1406 2147 existente¹
1422 2114 1690 2157 quandocumque
1713 2113 1880 2156 eligenda²
1898 2124 1976 2146 con-

1233 2178 1340 2200 cessas
1373 2177 1443 2200 esse
1478 2172 1508 2200 et
1543 2166 1621 2206 sore,
1640 2165 1752 2209 sieque
1771 2171 1803 2200 et
1816 2176 1881 2200 non
1896 2166 1976 2199 alifis

1233 2231 1291 2263 per
1317 2231 1541 2264 quoscmnque
1567 2219 1690 2253 iudices
1715 2218 1900 2253 ordinarios
1926 2220 1976 2252 vel

1233 2275 1421 2317 delegatos,
1446 2274 1543 2307 etiam
1570 2283 1740 2306 causarum
1766 2272 1877 2316 palatii
1902 2283 1978 2315 apo-

1233 2327 1341 2360 stolici
1367 2327 1551 2367 auditores,
1575 2332 1606 2359 et
1625 2326 1656 2359 S.
1676 2326 1713 2359 R.
1728 2325 1764 2358 E.
1784 2325 1975 2365 cardinales,

1209 2395 1212 2443 Ι
1234 2381 1329 2414 etiam
1348 2381 1386 2414 de
1404 2382 1506 2413 latere
1532 2381 1675 2423 legatos,
1694 2379 1864 2422 dictaeque
1885 2378 1977 2412 Sedis

1234 2434 1376 2473 nuncios,
1398 2439 1430 2465 et
1446 2432 1526 2465 alios
1548 2442 1774 2476 quoscumque
1794 2430 1904 2475 quavis
1925 2441 1979 2464 au-

1271 2506 1278 2530 1
1304 2503 1456 2538 Praeposit.
1477 2503 1503 2530 ‘ec
1525 2503 1647 2530 delemus
1671 2502 1709 2537 (fl.
1730 2502 1779 2536 T.).

1268 2550 1283 2575 :3
1304 2548 1374 2578 Edit.
1397 2548 1474 2576 Main.
1497 2547 1561 2584 legit
1580 2547 1714 2582 elipando
1734 2548 1775 2581 (n.
1792 2546 1843 2580 T.).

1963 149 2014 178 An.
2032 150 2060 177 C.
2079 149 2143 179 1728
