2170 3147
252 220 298 243 fin.
320 219 337 243 c
371 219 436 245 17225
483 210 547 243 <248
1029 224 1207 248 armar-usu

446 268 575 309 iorem,
609 281 695 303 anno
728 271 965 305 incarnationis
1007 273 1190 306 dominicae

445 332 602 363 unccxxv,
624 334 679 357 xnt
697 324 856 358 kalendas
870 325 1096 370 septembris‘‚
1113 337 1192 370 pon-

446 375 588 408 tificatus
619 377 723 409 nostri
749 389 836 411 anno
859 389 894 412 11.

482 439 531 465 liat
563 438 607 465 die
628 439 662 466 20
679 441 788 475 augusti
812 440 888 475 ¹725,
911 441 1006 477 pontis.
1029 450 1099 469 anno
1120 449 1146 469 tt.

733 583 891 617 Lxxxvt.

444 662 613 695 Statuitur
651 674 688 696 ne
728 665 804 707 quis
838 665 1018 697 monachus
1056 664 1192 699 Ordinis

491 715 735 748 Cartltusicnsis
777 716 913 759 quodvis
949 717 1094 760 officium
1137 728 1192 750 seu

487 769 644 809 qratiam,
665 768 785 812 absque
802 770 1009 812 superiorum
1028 780 1191 811 consensu,

488 833 506 854 u
531 821 609 854 Sede
633 822 821 866 Apostolicti
847 823 1024 866 impetrare
1046 824 1147 866 possit
1168 822 1189 857 ².

624 902 809 930 Benedictus
831 904 909 936 Papa
929 903 1012 937 xm,

569 947 605 974 ad
626 951 804 981 perpetuam
823 948 868 975 rei
888 948 1072 975 memoriam.

277 1021 358 1043 Causae
374 1029 434 1047 prae·

249 1051 316 1068 <eritis
332 1053 434 1071 coustitu-

250 1077 319 1097 tionis.

489 1018 504 1062 ξ
525 1019 550 1051 l.
570 1017 660 1058 Cum,
680 1017 924 1061 sicutjditeetus
941 1017 1027 1051 filius
1054 1018 1193 1051 Vincen-

445 1071 508 1104 tius
533 1070 662 1111 Dinelli,
681 1076 874 1114 procurator
899 1071 1062 1113 generalis
1087 1081 1194 1104 mona-

444 1125 581 1157 chorum
598 1124 728 1157 Ordinis
746 1123 995 1164 Cartliusiensis,
1014 1124 1108 1157 nobis
1134 1135 1194 1157 nu-

444 1188 505 1222 per
531 1177 651 1220 exponi
686 1177 781 1216 fecit,
809 1176 909 1219 aliqui
937 1177 1038 1219 ipsius
1064 1176 1194 1210 Ordinis

444 1230 607 1270 monachi,
630 1229 817 1262 ambitionis
836 1229 953 1272 spiritu
974 1229 1071 1268 ducti,
1090 1230 1194 1262 officia

445 1284 523 1316 dicti
549 1282 678 1316 Ordinis
711 1281 750 1315 ab
784 1282 846 1314 bac
876 1282 994 1315 Sancta
1018 1282 1102 1315 Sede
1135 1293 1195 1326 per

444 1337 650 1381 importunas
677 1346 791 1379 preces
826 1335 1005 1378 impetrare
1030 1346 1095 1368 non
1121 1346 1194 1368 eru-

443 1390 593 1430 bescant,
614 1399 684 1421 cum
705 1388 844 1421 maximo
869 1388 1030 1431 regularis
1048 1388 1194 1432 discipli-

446 1454 506 1476 nae
534 1442 736 1475 detrimento
754 1453 759 1473 :
780 1441 876 1474 nobis
895 1447 1071 1485 propterea
1090 1442 1194 1475 dietus

445 1496 636 1530 Vincentius
666 1501 864 1539 procurator
898 1495 1062 1539 generalis
1088 1496 1195 1529 humi-

446 1551 521 1584 liter
553 1549 731 1593 supplicari
762 1550 836 1582 fecit
868 1554 903 1581 ut
937 1549 969 1581 in
1003 1549 1192 1592 praemissis

447 1609 637 1649 opportune
663 1603 836 1647 providere
864 1609 896 1636 et
922 1609 954 1635 ut
980 1603 1063 1636 infra
1086 1604 1194 1637 indul-

447 1668 525 1702 gere
559 1657 598 1690 de
630 1657 836 1700 benignitate
866 1657 1046 1701 apostolica
1080 1657 1193 1701 digna-

446 1721 572 1744 remur.

491 1765 506 1808 ξ
531 1764 562 1798 9.
589 1763 651 1797 Nos
678 1764 786 1807 igitur,
815 1764 1051 1805 incommodis,
1074 1765 1193 1808 quibus

448 1821 485 1852 ea
510 1820 549 1852 de
568 1821 663 1852 causa
681 1818 765 1852 Ordo
788 1819 952 1862 praefatus
973 1819 1122 1859 afficitur,
1139 1820 1193 1852 ob-

446 1873 529 1905 viam
556 1872 624 1912 ire,
653 1873 822 1916 ipsumque
847 1872 1050 1905 Vincentium
1078 1882 1193 1916 procu-

449 1932 591 1959 ratorem
611 1926 800 1969 generalem
826 1925 976 1969 specialis
999 1926 1106 1958 favore
1126 1936 1193 1968 gra-

449 1979 512 2013 tiae
545 1979 699 2023 prosequi
733 1979 878 2012 volentes
895 2006 902 2020 ,
929 1984 959 2011 et
988 1990 1005 2011 a
1029 1979 1193 2022 quibusvis

447 2032 800 2072 excommunicationis,
830 2032 1056 2075 suspensionis
1086 2038 1117 2065 et
1146 2032 1194 2065 in-

447 2085 585 2125 terdicti,
602 2085 741 2129 aliisque
762 2085 992 2118 ecclesiasticis
1012 2085 1192 2126 sententiis,

447 2139 596 2172 censuris
615 2144 646 2172 et
664 2139 790 2182 poenis,
805 2149 820 2171 a
837 2139 905 2171 iure
924 2140 974 2172 vel
989 2139 1028 2172 ab
1048 2139 1192 2180 bomine,

449 2192 561 2235 quavis
583 2192 752 2224 occasione
773 2193 823 2225 vel
848 2194 941 2224 causa
967 2192 1052 2232 latis,
1077 2193 1102 2225 si
1128 2193 1194 2236 qui-

447 2244 508 2277 bus
534 2245 784 2288 quomodolibet
809 2245 983 2278 innodatus
1009 2244 1135 2285 existit,
1153 2245 1192 2278 ad

448 2296 599 2330 effectum
626 2298 847 2341 praesentium
885 2299 1047 2331 dumtaxat
1081 2309 1193 2331 conse-

448 2351 638 2393 quendum,
668 2352 783 2384 barum
810 2352 892 2385 serie
925 2352 1131 2385 absolventes
1161 2357 1193 2385 ct

331 1770 436 1791 statutum

252 1797 390 1822 praedictum,

485 2449 493 2472 t
518 2447 584 2473 Mate,
605 2447 669 2474 edit.
691 2448 770 2474 Main.
794 2448 858 2483 legit
877 2449 969 2482 iunii,
990 2457 1051 2476 nam
1068 2449 1100 2476 ad
1119 2457 1192 2476 mar-

447 2492 536 2526 ginem
553 2495 628 2518 notat
648 2492 682 2519 90
701 2494 819 2526 augusti
838 2496 875 2525 (ti.
894 2496 942 2524 Τ.).

484 2541 498 2561 2
528 2535 600 2562 llaec
634 2537 791 2564 constitutio
821 2539 998 2565 confirmatur
1027 2548 1042 2565 a
1067 2539 1192 2566 Clemen-

448 2585 473 2608 te
494 2581 537 2607 xtt
569 2582 678 2608 constit.
710 2581 774 2609 edit.
805 2589 970 2614 unccxxxu,
991 2583 1034 2611 die
1063 2584 1090 2612 31
1116 2584 1192 2618 iulii,

447 2624 544 2661 pontif.
567 2631 604 2652 tu.

1235 224 1390 249 ROMANUM

1235 273 1416 307 absolutum
1451 275 1520 308 fore
1563 280 1758 315 censentes,
1787 276 1976 310 huiusmodi

1235 327 1529 371 supplicationibus
1557 328 1709 368 inclinati,
1736 339 1775 362 ne
1803 329 1841 361 de
1867 334 1977 363 cetero

1234 381 1403 424 perpetuis
1425 381 1538 414 suturis
1558 381 1760 425 temporibus
1778 382 1977 426 quicumque

1235 432 1310 466 dicti
1329 433 1458 466 Ordinis
1478 435 1657 467 monachus
1676 445 1693 467 a
1710 434 1878 477 praedicta
1894 435 1977 469 Sede

1235 487 1371 531 quodvis
1402 487 1543 520 officium
1577 498 1633 520 seu
1667 487 1826 530 gratiam,
1854 488 1976 533 absque

1235 540 1369 584 speciali
1396 541 1460 573 sive
1486 540 1605 583 prioris
1631 540 1762 574 maioris
1788 540 1978 575 Carthusiac

1237 594 1284 626 vel
1310 593 1535 637 procuratoris
1560 593 1722 636 generalis
1748 604 1807 637 pro
1830 600 1976 638 tempore

1236 646 1405 679 existentis
1443 646 1587 679 eiusdem
1620 645 1750 679 Ordinis
1786 646 1916 680 licentia
1947 653 1979 680 et

1236 709 1411 738 consensu,
1433 709 1566 742 quoquo
1591 699 1689 732 modo
1709 699 1884 743 impetrare
1905 709 1979 743 pos-

1236 752 1288 792 sit,
1307 752 1424 784 audeat.
1440 752 1489 784 vel
1512 756 1706 795 praesumat,
1728 751 1904 794 apostolica
1921 762 1979 785 au-

1237 805 1400 845 ctoritate,
1424 809 1535 838 tenore
1560 805 1792 848 praesentium,
1810 804 1979 838 statuimus

1237 864 1268 891 et
1293 857 1496 891 ordinamus.
1940 854 1951 865 ⁶

1281 911 1296 955 ἓ
1320 911 1351 944 3.
1379 911 1597 944 Decernentes
1625 911 1748 944 irritum
1765 937 1772 951 ,
1797 912 1921 945 nullum
1948 916 1980 945 et

1237 965 1333 998 inane
1360 966 1386 998 si
1412 965 1489 1008 quid
1515 975 1607 998 secus
1635 975 1651 997 a
1677 975 1841 1008 quoquam
1866 969 1980 998 contra

1238 1023 1385 1052 tenorem
1421 1017 1642 1061 praesentium
1676 1017 1852 1060 contigerit
1877 1022 1980 1051 atten-

1239 1072 1296 1105 tari
1322 1073 1372 1105 vel
1394 1071 1575 1115 impetrari.

1281 1126 1344 1169 §lh
1367 1125 1437 1158 Non
1463 1125 1666 1159 obstantibus
1691 1124 1980 1158 constitutionibus

1237 1186 1267 1214 et
1293 1178 1554 1213 ordinationibus
1580 1178 1783 1221 apostolicis,
1808 1189 1854 1219 ac,
1870 1185 1981 1222 quate-

1237 1244 1297 1266 nus
1325 1243 1405 1276 opus
1431 1232 1481 1271 sit,
1511 1232 1586 1264 dicti
1612 1231 1748 1272 Ordinis,
1775 1231 1873 1265 etiam
1899 1232 1981 1267 iura-

1238 1292 1358 1325 mento,
1380 1284 1627 1319 confirmatione
1648 1285 1825 1329 apostolica
1843 1286 1891 1319 vel
1909 1296 1981 1330 qua·

1237 1339 1281 1371 vis
1307 1338 1457 1371 firmitate
1492 1338 1553 1370 alia
1580 1338 1740 1371 roboratis
1758 1365 1765 1378 ,
1792 1338 1921 1371 statutis
1948 1344 1981 1372 et

1238 1391 1549 1431 consuetudinibus,
1590 1390 1771 1434 ceterisque
1807 1391 1981 1425 contrariis

1238 1445 1511 1490 quibuscumque.

1280 1499 1393 1532 Datum
1427 1498 1568 1537 Romae,
1595 1498 1681 1541 apud
1708 1497 1740 1530 S.
1766 1497 1894 1531 Mariam
1920 1498 1981 1532 Ma-

1237 1553 1360 1593 iorem,
1386 1552 1445 1585 sub
1477 1552 1600 1585 annulo
1621 1551 1821 1592 piscatoris,
1853 1551 1906 1585 die
1939 1563 1980 1586 xx

1237 1606 1364 1648 augusti
1404 1614 1552 1639 tirocoxx'v
1576 1632 1583 1647 ‚
1621 1603 1835 1648 pontificatus
1874 1605 1979 1638 nostri

1238 1670 1324 1694 anno
1350 1670 1386 1694 11.

1273 1722 1334 1749 Dat.
1355 1721 1400 1749 die
1421 1721 1455 1748 20
1475 1720 1585 1756 augusti
1604 1720 1681 1755 1725,
1700 1720 1799 1756 pontif.
1823 1729 1895 1748 anno
1916 1727 1944 1748 u.

1980 229 2030 254 An.
2052 229 2081 255 C.
2101 230 2166 259 1725

2017 926 2138 948 etausutae.

2061 1138 2170 1162 Dernoeatltt

2003 1167 2075 1186 eontra
2079 1165 2165 1187 rtorum.

1520 1839 1692 1872 LXXXVII.

1239 1909 1433 1944 Conceditur
1462 1910 1663 1953 provinciali
1685 1909 1872 1953 provinciae
1895 1910 1982 1944 Ara-

1280 1963 1398 2005 qom'ae
1425 1962 1558 1996 Ordinis
1583 1963 1620 1995 Β.
1647 1963 1690 1996 M.
1710 1963 1748 1995 de
1772 1963 1880 1996 Monte
1906 1963 1982 1998 Car-

1281 2015 1364 2048 melo
1388 2016 1530 2058 facultas
1561 2015 1748 2058 conferendi
1778 2016 1902 2058 yradus
1926 2015 1982 2049 do-

1281 2073 1423 2101 ctoratus
1447 2069 1484 2100 in
1502 2068 1605 2101 tribus
1628 2068 1802 2112 primariis
1826 2069 1982 2101 conventi-

1282 2122 1336 2154 bus
1360 2132 1537 2164 reynerum
1566 2121 1888 2165 Caesarauyustam'‚
1929 2121 1982 2154 Va·

1283 2175 1403 2207 lentini
1427 2179 1456 2207 ec
1481 2173 1781 2218 Pampilonensis¹.

1415 2245 1598 2273 Benedictus
1618 2245 1698 2279 Papa
1721 2245 1804 2278 XIII,

1374 2291 1411 2317 ad
1431 2291 1570 2318 futuram
1591 2290 1638 2318 rei
1658 2290 1843 2318 memoriam.

1280 2353 1295 2397 ἓ
1312 2353 1340 2386 1.
1358 2352 1480 2397 Exponi
1507 2352 1599 2386 nobis
1619 2363 1723 2397 nuper
1742 2353 1886 2387 fecerunt
1904 2353 2170 2411 di¹e‘0auss{⁹⁰¹³{,¹:ffi}

1236 2407 1276 2440 cti
1293 2406 1348 2440 tilii
1365 2405 1513 2440 moderni
1529 2407 1620 2450 prior
1634 2406 1841 2450 provincialis
1855 2412 1887 2440 et
1904 2406 2141 2441 defi-concessionis.

1273 2498 1282 2522 1
1307 2495 1405 2522 Similis
1425 2495 1538 2522 facultas
1556 2496 1622 2522 tacta
1636 2495 1685 2521 fuit
1699 2495 1732 2522 ab
1750 2495 1907 2522 innocentio
1921 2495 1980 2522 xltt

1237 2540 1392 2576 provinciali
1412 2540 1534 2567 eiusdem
1554 2539 1660 2566 Ordinis
1676 2539 1831 2575 provinciae
1851 2540 1982 2567 Fluminis

1237 2585 1354 2612 Ianuarii
1382 2584 1408 2611 in
1435 2583 1565 2618 Brasitiat,
1587 2583 1694 2611 constit.
1726 2583 1791 2611 edit.
1820 2590 1977 2619 unccxxui,

1235 2628 1279 2657 die
1299 2628 1332 2656 23
1352 2628 1515 2663 decembris,
1538 2627 1634 2664 pontif.
1657 2634 1685 2655 u.
