2170 3147
201 174 250 200 Ati.
268 174 297 199 c.
323 173 388 200 1724
435 163 478 197 34

398 228 555 255 conventu
576 222 812 255 venerabilium
838 221 971 253 fratrum
991 222 1022 253 S.
1046 221 1082 252 11.
1103 220 1137 252 E.

980 172 1160 196 nULLanitiM
1186 171 1338 195 ROMANUM

1928 173 1979 199 An.
2000 173 2029 200 C.
2052 173 2119 202 ¹724

1184 219 1462 261 cliristitidelilnis,
1479 220 1532 263 qni
1558 220 1694 254 aderant
1718 226 1827 254 tantae
1852 232 1926 254 cae-

396 274 631 313 cardinalinm,
658 275 940 317 patriarcharum‚
979 273 1140 315 archiepi-
1185 271 1359 312 rcn'ioniae,
1378 273 1558 315 plenariam
1586 279 1793 316 peccatorum
1819 274 1926 307 indul-

395 338 568 370 scopornni
602 334 631 360 ct
665 328 893 370 episcoporum
930 326 1056 360 iteratis
1083 338 1140 369 pro

397 381 514 413 loanne
532 380 564 412 iu
582 386 767 414 sanctornm
789 391 948 413 canonem
965 379 1139 412 referendo

395 433 432 466 ad
468 434 567 466 Deum
600 433 778 476 precibus,
815 434 960 466 unanimi
994 433 1139 466 omnium

395 486 628 520 acclamatione
651 492 682 520 et
707 487 879 530 suffragio,
903 492 977 529 post
1003 486 1138 529 gratiam

396 540 552 582 l'araclyti
577 540 717 583 Spiritus
749 542 874 572 summa
899 540 1062 582 religione
1092 539 1140 571 in-

394 598 556 631 vocatam,
584 592 670 625 idem
696 592 880 625 ⁴chxander
897 592 977 631 Ylll,
1001 592 1139 624 auctori-

396 649 457 678 tate
484 645 609 678 domini
635 645 740 678 nostri
770 645 841 678 lesu
867 645 984 678 Christi
1012 650 1043 677 et
1068 645 1139 677 bea-

396 704 504 731 torum
540 699 763 741 apostolorum
791 698 874 731 Petri
902 704 932 731 et
966 698 1072 737 Pauli,
1098 698 1136 730 ad

395 753 556 785 honorem
582 758 712 784 sanctae
739 756 771 784 et
796 751 985 785 individuae
1003 751 1139 784 Trinita-

395 806 445 843 tis,
460 805 688 838 exaltationem
708 804 782 838 fidei
801 805 994 844 catholicae,
1011 811 1041 838 et
1056 805 1139 838 cliri-

395 858 488 891 stiani
515 857 655 891 nominis
681 858 983 902 amplificationem,
1006 858 1137 891 beatum

394 914 549 945 loannem
575 923 592 945 a
617 912 807 956 Capistrano
844 912 973 945 Ordinis
1004 912 1137 944 fratrum

392 966 552 998 Minornm
578 965 663 998 beati
689 965 850 998 Francisei
873 977 890 998 a
916 965 1059 1008 regulari
1086 965 1138 998 ob-

393 1018 556 1051 servantia
581 1025 852 1062 nuncupatorum,
872 1019 910 1051 de
937 1018 1027 1051 cuins
1043 1018 1138 1051 virtu-

394 1078 459 1104 tum
478 1077 507 1105 et
534 1072 760 1115 prodigiorum
784 1072 1010 1115 magnitudine
1028 1082 1138 1105 cumn-

392 1126 456 1158 late
483 1125 702 1163 constiterat,
730 1127 792 1158 nna
825 1136 896 1158 cnm
933 1125 1003 1158 aliis
1035 1125 1137 1159 beatis

392 1179 466 1211 xiris
491 1179 666 1212 Laurentio
693 1178 869 1212 Iustiniano
891 1179 1077 1212 consessore
1107 1185 1137 1212 et

391 1232 554 1276 pontifice,
582 1233 699 1265 loanne
725 1244 742 1265 a
767 1232 798 1265 S.
826 1232 994 1272 Facundo,
1018 1232 1135 1265 loanne

391 1287 429 1318 de
456 1285 520 1318 Deo
550 1291 581 1318 ct
606 1286 761 1319 Paschale
788 1285 943 1329 Baylonio
972 1285 1137 1318 consesso-

390 1339 478 1371 ribus
504 1350 568 1371 non
595 1338 819 1382 pontificibus,
847 1344 993 1371 sanctum
1012 1338 1137 1371 conses-

392 1402 499 1425 sorem
517 1402 586 1424 esse
612 1392 756 1425 decrevit
781 1397 812 1424 et
838 1391 990 1431 desinivit,
1014 1391 1045 1424 in
1064 1402 1137 1424 san—

391 1450 517 1476 ctorum
539 1444 761 1476 consessorum
780 1444 963 1485 catalogum
989 1448 1020 1474 et
1045 1452 1136 1475 cano-

392 1508 464 1529 nem
497 1497 629 1536 retulit,
666 1497 883 1540 eumdemque
920 1496 1135 1540 imposterum

392 1551 422 1582 in
450 1552 515 1583 tota
537 1550 679 1583 Ecclesia
703 1555 864 1593 tamqnam
886 1560 961 1583 vero
989 1555 1134 1582 sanctum

391 1604 575 1643 colendum,
596 1603 812 1636 invocandum
839 1603 1135 1646 honorandumque

390 1656 539 1697 sancivit,
567 1656 606 1690 ad
625 1656 695 1689 eins
718 1656 879 1689 honorem
905 1667 1010 1689 sacras
1038 1657 1135 1689 aedes

391 1717 488 1753 atque
514 1710 647 1750 altaria,
675 1710 706 1742 in
739 1710 857 1753 quibus
888 1715 1134 1743 sacrosanctum

392 1765 508 1797 missae
535 1763 729 1797 sacrificium
755 1764 822 1796 Deo
855 1762 1027 1803 otl'eratur‚
1060 1774 1135 1796 con-

391 1817 470 1850 s¹rni
497 1828 534 1850 ae
560 1817 672 1857 dicari,
691 1822 722 1849 et
742 1816 918 1859 quotannis
944 1827 961 1849 x
980 1817 1135 1849 kalendas

391 1870 603 1909 novembres,
621 1880 685 1913 qno
712 1869 762 1902 die
789 1869 836 1902 vir
860 1874 990 1903 sanctus
1015 1869 1136 1903 ohdor-

390 1924 480 1957 mivit
513 1924 545 1956 in
571 1923 728 1962 Domino,
763 1922 849 1956 illins
883 1923 1075 1956 memoriam
1102 1929 1136 1956 nt

389 1977 490 2010 saneti
517 1976 711 2009 confessoris
734 1987 799 2009 non
825 1976 987 2019 pontificis
1013 1976 1065 2020 pie
1087 1988 1135 2010 re-

389 2031 451 2064 coli
478 2041 574 2074 posse
601 2029 842 2073 pronunciarit.
864 2030 931 2062 Mox
954 2030 1053 2063 Deum
1077 2031 1135 2063 Pa-

391 2091 469 2117 trem
489 2090 669 2123 aeternum,
691 2094 868 2127 regemque
895 2083 1019 2126 gloriae
1043 2084 1135 2117 Chri-

389 2144 472 2171 stum
489 2138 656 2171 dominnm
672 2137 741 2170 eins
756 2137 993 2180 sempiternum
1006 2138 1134 2178 Filium,

389 2197 601 2234 sanctumque
621 2191 821 2234 Paraclytum
839 2190 1005 2234 Spiritum,
1025 2191 1057 2223 in
1079 2192 1135 2224 tri-

390 2245 440 2278 nis
466 2245 614 2288 personis
640 2255 740 2276 unum
767 2245 866 2277 Deum
892 2250 922 2277 et
948 2244 1134 2285 dominnm,

391 2298 576 2331 Alexander
612 2299 728 2339 magna
753 2298 912 2341 religione
940 2303 1132 2338 veneratus,

392 2358 422 2384 et
447 2351 603 2394 peculiari
636 2350 782 2383 oratione
813 2362 873 2394 per
898 2351 1024 2384 Ioannis
1056 2350 1134 2384 Con-

392 2405 525 2438 t'essoris
559 2403 673 2436 merita
710 2408 880 2446 precatus,
906 2415 978 2437 cnm
1005 2404 1073 2437 eins
1102 2410 1133 2438 et

389 2464 574 2491 ceterorum
589 2457 896 2490 conmemoratione
915 2458 953 2491 ad
970 2468 1056 2490 aram
1071 2469 1132 2491 ma-

389 2511 505 2543 ximam
538 2520 634 2553 supra
665 2509 906 2542 consessionem
933 2509 1020 2543 beati
1047 2510 1131 2543 Petri

388 2564 566 2598 solemnem
593 2561 721 2596 missam
747 2562 944 2604 celebravit,
969 2562 1129 2596 universis

1184 324 1326 366 gentiam
1353 331 1384 358 et
1410 326 1635 359 remissionem
1657 328 1805 370 largitus.

1228 377 1242 420 ἓ
1268 377 1298 410 8.
1327 377 1371 411 Ne
1389 389 1464 412 vero
1483 380 1522 412 de
1541 379 1725 412 huiusmodi
1751 380 1925 414 Alexandri
1963 391 2121 421 cinzaqimius

1185 430 1366 473 Papaevltl
1393 431 1526 464 aeci-010
1552 432 1742 474 apostola-0,
1769 420 2101 466 delinitio-⁰⁰¹¹⁵²¹¹⁰‘¹⁰¹¹¹⁵'

1184 493 1234 523 ne,
1261 483 1451 524 sanctione,
1478 484 1695 527 adscriptione
1709 512 1716 525 ,
1743 485 1901 519 relatione
1917 513 1924 526 ,

1184 538 1410 577 conecssione,
1429 537 1613 581 ceterisque
1643 539 1835 581 praemissis,
1852 550 1927 583 pro-

1184 596 1296 633 pterea
1322 592 1409 633 qnod
1429 592 1468 623 ab
1491 592 1616 631 eodem,
1633 598 1687 624 ant
1712 593 1751 625 ab
1770 592 1838 625 eins
1855 604 1926 626 snc-

1184 643 1367 676 cessorilins
1392 644 1581 677 lnnocentio
1609 645 1670 685 xli,
1693 644 1861 678 Clemente
1887 647 1925 679 >21

1184 702 1214 729 et
1227 697 1419 730 Innocentio
1433 697 1511 737 Xlll,
1532 698 1604 741 piae
1619 698 1796 732 memoriae
1814 698 1927 732 Roma-

1184 750 1232 782 nis
1259 750 1469 783 Pontificibus
1497 751 1760 784 antecessoribus
1786 752 1923 793 nostris,

1184 803 1223 836 de
1249 814 1340 836 more
1365 803 1492 836 litterae
1519 804 1698 837 decretales
1719 805 1926 848 conscriptae

1184 867 1249 889 non
1285 856 1426 896 suerint,
1459 856 1614 899 deinceps
1647 868 1789 900 unquam
1822 858 1927 901 possit

1184 909 1432 952 quomodolibet
1450 909 1625 948 haesitari,
1646 920 1722 949 nos,
1741 910 1811 953 qui,
1830 911 1927 944 rneri-

1185 963 1222 995 tis
1247 962 1324 995 licet
1349 962 1536 1005 imparibus,
1553 962 1749 1005 disponente
1775 964 1925 1003 Domino,

1184 1015 1215 1048 in
1233 1015 1388 1048 cathedra
1406 1015 1490 1048 beati
1522 1015 1604 1048 Petri
1631 1015 1745 1049 iisdem
1772 1018 1927 1050 successi-

1183 1080 1271 1110 mns,
1290 1070 1453 1109 volumus,
1474 1074 1506 1102 et
1527 1069 1708 1112 apostolica
1733 1070 1926 1104 anctoritate

1183 1124 1366 1162 statuimus,
1386 1129 1419 1156 nt
1438 1123 1623 1164 decretum,
1644 1124 1779 1165 sanctio,
1798 1125 1926 1164 relatio,

1184 1177 1371 1220 adscriptio,
1391 1182 1565 1220 ceteraque
1590 1177 1747 1211 hactenns
1765 1178 1928 1212 recensita

1183 1242 1200 1263 a
1217 1231 1279 1263 iam
1305 1231 1389 1263 dicta
1407 1231 1457 1264 die
1475 1241 1540 1264 xvn
1560 1231 1713 1264 kalendas
1732 1232 1926 1265 novembres

1183 1294 1288 1317 nncxc
1313 1295 1406 1317 sunm
1440 1285 1658 1327 undequaque
1685 1291 1716 1318 ct
1740 1285 1926 1329 plenarium

1182 1342 1424 1379 consequantur
1450 1336 1611 1377 ell'cetum,
1631 1348 1667 1370 ac
1692 1338 1717 1370 si
1743 1338 1783 1371 ab
1809 1339 1926 1372 eodem

1183 1391 1367 1424 Alexandro
1382 1391 1443 1423 Vlll
1462 1391 1589 1424 litterae
1612 1391 1794 1425 decretales
1815 1403 1928 1426 revera

1182 1444 1293 1476 eadem
1320 1444 1370 1477 die
1397 1444 1602 1487 conscriptae
1627 1450 1657 1477 et
1683 1445 1721 1478 de
1747 1456 1836 1478 more
1854 1456 1928 1489 pro-

1182 1497 1343 1539 mulgatae
1363 1497 1509 1537 fuissent,
1529 1502 1562 1529 ut
1579 1497 1726 1540 superius
1741 1503 1924 1532 enarratur.

1226 1551 1240 1593 ξ
1262 1550 1293 1583 9.
1317 1551 1470 1583 Volumus
1489 1555 1595 1583 antem
1616 1556 1649 1582 ut
1666 1557 1856 1594 praesentes
1875 1551 1926 1585 lit·
1964 1559 2085 1580 clausulae.

1183 1608 1284 1644 torae,
1301 1604 1339 1636 ad
1355 1604 1560 1647 probandum
1575 1604 1749 1646 decretum,
1764 1604 1927 1639 definitio-

1182 1668 1274 1697 nem,
1301 1657 1522 1697 sanctionem,
1549 1657 1820 1700 adscriptionem,
1845 1659 1928 1692 rela-

1183 1711 1317 1750 tionem,
1337 1716 1504 1751 statutum,
1523 1711 1785 1752 concessionem,
1805 1717 1927 1745 cetera-

1182 1775 1245 1808 que
1263 1764 1441 1808 praemissa
1462 1764 1584 1808 ubique
1603 1765 1736 1799 omnino
1754 1765 1924 1806 sufficiant,

1182 1828 1290 1860 neque
1309 1817 1441 1850 alterius
1464 1817 1697 1862 cuiuscumque
1722 1818 1927 1861 probationis

1181 1869 1413 1903 adminiculum
1440 1870 1478 1903 ad
1506 1870 1537 1903 id
1556 1871 1694 1914 amplius
1713 1870 1908 1914 requiratur.

1225 1923 1239 1965 g
1264 1922 1317 1956 110.
1347 1923 1535 1963 Praeterea,
1565 1924 1640 1967 qnia
1672 1923 1804 1957 difficile
1839 1924 1925 1958 soret
1975 1931 2038 1952 Fides
2064 1933 2122 1953 tran-

1182 1976 1240 2009 lias
1266 1981 1394 2009 nostras
1420 1977 1458 2009 ad
1486 1976 1613 2019 singula
1639 1977 1729 2016 loca,
1761 1977 1816 2009 nbi
1842 1961 2074 2020 optiswwvmmm'

1181 2035 1279 2069 esset,
1312 2029 1453 2069 adferri,
1489 2030 1636 2062 volumus
1670 2035 1704 2062 nt
1737 2030 1927 2063 earumdem

1181 2084 1351 2126 exempla,
1385 2082 1482 2115 etiam
1510 2083 1592 2125 typis
1618 2082 1795 2126 impressa,
1828 2093 1927 2116 manu

1181 2135 1303 2179 publici
1322 2135 1439 2169 notarii
1459 2135 1655 2179 subscripta,
1679 2135 1855 2179 sigilloque
1875 2136 1929 2169 ali-

1180 2189 1273 2222 cuius
1292 2200 1452 2232 personae
1475 2189 1507 2221 in
1526 2189 1682 2232 dignitate
1708 2188 1927 2223 ecelesiastica

1180 2242 1376 2275 constitutae
1410 2242 1546 2282 munita,
1572 2242 1719 2275 eamdem
1745 2242 1864 2285 ubique
1890 2242 1926 2274 fi-

1180 2296 1253 2329 dem
1279 2296 1458 2337 obtineant,
1486 2307 1581 2340 qnam
1604 2296 1665 2329 hae
1692 2301 1821 2329 nostrae
1846 2295 1927 2329 obti-

1179 2354 1307 2389 nerent,
1336 2348 1456 2382 sicnbi¹
1479 2360 1532 2382 eas
1552 2349 1700 2382 exhiberi
1722 2350 1771 2383 vel
1796 2349 1925 2383 ostendi

1179 2402 1399 2444 contingeret.

1221 2455 1236 2497 g
1254 2455 1307 2487 Μ.
1331 2454 1416 2488 Nulli
1433 2465 1510 2497 ergo
1535 2454 1669 2488 omnino
1696 2454 1866 2488 hominnm
1886 2456 1923 2489 li·
1933 2461 2049 2510 Μῇἓηεῑῐο
2068 2467 2119 2489 poe-

1177 2514 1248 2541 ceat
1273 2508 1356 2540 hanc
1381 2509 1532 2551 paginam
1562 2507 1662 2541 nostri
1685 2508 1818 2546 decreti,
1844 2508 1923 2543 defi-
1993 2503 1999 2510 ⁸

1212 2572 1222 2599 1
1246 2570 1318 2599 Edit.
1335 2571 1415 2599 Main.
1434 2571 1499 2607 legit
1514 2570 1601 2599 siculi
1618 2571 1656 2607 (R.
1672 2570 1722 2606 T.).
