2170 3147
4 279 56 302 An.
72 277 100 302 C.
125 276 192 302 ¹727

22 701 184 726 tierogutome.

793 273 991 297 BENEDICTUS
1017 273 1076 296 XIII
1100 273 1149 296 Pr.

196 329 324 363 cturos,
354 323 483 356 sublata
514 323 561 355 eis
594 327 627 355 et
655 332 769 355 eorum
802 321 938 353 cuilibet

197 376 307 419 quavis
326 375 422 408 aliter
445 374 612 408 iudicandi
637 379 669 407 et
698 373 935 416 interpretandi

197 428 350 460 facultate
379 433 411 460 et
438 427 645 464 auctoritate,
673 425 809 458 iudicari
836 430 868 458 et
885 425 937 458 de-

197 471 284 512 finiri
317 479 458 519 debere,
488 489 524 511 ac
549 479 678 511 irritum
714 483 746 510 et
775 478 872 510 inane
909 478 935 509 si

195 543 290 566 secus
309 543 408 576 super
428 532 479 565 his
503 543 521 564 a
543 542 708 575 quoquam
723 558 730 570 ,
757 530 867 573 quavis
885 540 936 561 au-

195 585 366 624 ctoritate,
392 586 535 618 scienter
557 585 608 617 vel
626 584 826 625 ignoranter,
858 593 935 615 con-

195 638 303 680 tigerit
327 638 491 671 attentari.

238 692 253 734 ἓ
277 691 309 723 6.
336 691 405 724 Non
427 690 633 724 obstantibus
655 694 833 722 memorato
859 699 930 731 cap.

193 743 307 788 Nuper
322 743 360 775 de
379 743 523 782 decimis,
542 753 587 782 ac,
606 747 766 785 quatenus
780 751 862 783 opus
881 741 933 779 sit,

194 798 305 828 nostra
322 801 354 828 et
369 796 589 829 Cancellariae
607 800 738 828 nostrae
760 795 874 836 regula
892 794 931 826 de

194 848 263 880 iure
281 849 428 891 quaesito
446 859 511 882 non
530 849 687 887 tollendo,
703 847 841 890 aliisque
859 857 933 889 apo-

194 900 330 939 stolicis,
349 911 383 933 ac
409 901 442 933 in
467 900 708 933 universalibus
724 898 933 942 provinciali-

193 954 320 996 busque
345 960 377 986 et
401 954 608 997 synodalibus
635 952 782 985 conciliis
817 951 932 990 editis,

193 1007 400 1049 generalibus
427 1007 473 1039 vel
498 1006 703 1050 specialibus,
729 1005 933 1038 constitutio-

192 1059 288 1091 nibus
310 1065 341 1092 et
365 1059 635 1097 ordinatIOnibus‚
654 1068 794 1097 necnon,
822 1062 932 1100 quate·
952 1068 954 1073 ·

191 1122 253 1143 nus
278 1122 361 1154 opus
393 1112 454 1150 sit,
479 1111 775 1153 Congregationis,
801 1110 930 1142 Ordinis

194 1170 224 1196 et
241 1170 460 1196 conventuum
477 1164 695 1206 praefatorum
709 1189 716 1201 ‚
733 1168 764 1194 et
784 1173 931 1205 quarum-

192 1226 330 1259 cumque
354 1216 567 1249 ecclesiarum
593 1221 625 1248 et
650 1216 874 1258 capitulorum,
902 1226 930 1246 a-

191 1268 311 1311 liisque
355 1269 549 1311 quibusvis,
587 1268 682 1300 etiam
722 1268 926 1305 iuramento,

191 1320 440 1354 confirmatione
467 1321 652 1363 apostolica,
671 1322 718 1353 vel
745 1321 856 1363 quavis
878 1320 930 1351 tii·-

191 1373 300 1406 mitate
326 1374 388 1406 alia
411 1373 594 1411 roboratis,
633 1373 762 1405 statutis
789 1378 820 1404 et
855 1383 931 1405 con-

191 1427 441 1468 suetudinibus,
477 1426 573 1459 etiam
610 1426 928 1465 immemorabilibus,

189 1479 370 1522 privilegiis
395 1489 547 1522 quoque,
580 1479 713 1511 indultis
750 1484 782 1511 et
812 1479 929 1511 litteris

189 1532 377 1574 apostolicis
401 1532 434 1563 in
451 1532 648 1564 contrarium
674 1532 927 1574 praemissorum

188 1585 438 1626 quomodolibet
457 1584 643 1622 concessis,
672 1583 871 1616 confirmatis
897 1589 929 1616 et

187 1637 367 1675 innovatis·,
394 1636 510 1679 quibus
546 1636 698 1668 omuibus
723 1642 755 1668 et
778 1636 926 1678 singulis,

188 1689 315 1722 etiamsi
344 1700 402 1732 pro
427 1689 558 1721 illorum
590 1689 762 1722 sufficienti
789 1690 928 1730 deroga·

190 1743 277 1775 tione
303 1743 342 1775 de
367 1743 432 1775 illis
454 1752 634 1784 eorumque
657 1742 732 1774 totis
755 1743 925 1774 tenoribus

188 1795 349 1837 specialis,
385 1794 544 1837 specifica,
578 1805 729 1837 expressa
755 1800 785 1825 et
811 1794 927 1827 indivi-

188 1847 261 1887 dua,
287 1858 325 1880 ac
350 1848 389 1879 de
422 1848 522 1879 verbo
548 1847 586 1879 atl
612 1848 756 1884 verbum,
782 1857 846 1879 nou
876 1858 926 1879 au-

187 1906 250 1933 tem
286 1911 345 1943 per
381 1901 540 1933 clausulas
565 1901 734 1942 generales
757 1900 843 1932 idem
868 1900 926 1931 im-

186 1959 374 1995 portantes,
426 1953 549 1985 mentio
591 1963 647 1984 seu
689 1953 822 1994 quaevis
863 1953 925 1985 alia

187 2006 354 2047 expressio
378 2005 551 2043 habenda,
579 2011 633 2037 aut
658 2005 764 2047 aliqua
789 2004 851 2037 alia
877 2015 927 2037 ex-

187 2057 303 2100 quisita
335 2059 439 2090 forma
475 2058 512 2090 ad
545 2058 606 2090 lioc
631 2059 790 2090 servanda
827 2058 923 2094 soret,

186 2115 315 2142 tenores
349 2110 553 2149 huiusmodi,
581 2121 617 2142 ac
642 2110 666 2141 si
697 2110 736 2141 de
760 2111 860 2142 verbo
885 2110 924 2142 ad

187 2162 329 2201 verbum,
349 2163 433 2195 nihil
459 2163 590 2205 penitus
616 2163 737 2195 omisso
762 2168 794 2195 et
826 2164 926 2194 forma

187 2216 219 2247 in
240 2216 305 2248 illis
324 2215 441 2247 tradita
458 2216 641 2254 observata,
666 2216 927 2257 exprimerentur

187 2274 218 2301 et
244 2268 480 2306 insererentur,
499 2268 728 2310 praesentibus
745 2278 805 2309 pro
829 2268 926 2309 plene

188 2326 220 2353 et
252 2321 448 2353 sufficienter
473 2320 634 2362 expressis
660 2330 696 2352 ac
721 2321 761 2352 ad
793 2319 925 2352 verbum

188 2373 316 2405 insertis
343 2373 516 2412 habentes,
539 2372 602 2404 illis
629 2372 708 2404 alias
733 2372 766 2403 in
792 2382 850 2403 suo
876 2382 928 2403 ro·-

186 2426 264 2458 bore
291 2425 524 2468 permansuris,
545 2425 583 2456 ad
606 2423 858 2467 praemissorum
882 2424 927 2455 cs-

187 2480 322 2517 sectum,
350 2479 410 2510 hac
434 2478 501 2509 vice
527 2477 710 2515 dumtaxat,
739 2476 926 2518 specialiter

187 2537 218 2564 et
236 2542 387 2575 expresse
412 2531 624 2572 derogamus',
644 2530 825 2571 ceterisque
851 2539 925 2560 con-

187 2584 295 2616 trariis
321 2584 592 2626 quibuscumque.

231 2637 345 2669 Datum
372 2635 560 2673 Beneventi,
586 2635 645 2667 sub
671 2635 792 2667 annulo
818 2635 924 2667 Pisca-

1618 261 1682 293 515

980 321 1073 360 toris
1099 321 1151 353 die
1180 330 1217 354 111
1246 320 1358 362 aprilis
1383 329 1568 360 mcccxxvu,
1591 318 1722 363 pontiti-

980 378 1070 406 catus
1091 372 1195 405 nostri
1215 383 1301 406 anno
1320 383 1367 406 111.

1017 435 1076 462 Dat.
1099 435 1142 462 die
1162 435 1178 462 3
1198 435 1292 470 aprilis
1313 435 1398 468 1727,
1419 435 1519 470 pontif.
1538 443 1612 462 anno
1628 441 1667 462 111Δ

1267 576 1422 609 CLXXIV.

979 653 1198 694 Consu-matur
1240 654 1404 687 decretum
1450 655 1721 698 Conyreyationis

1021 705 1244 748 episcoporum
1263 711 1291 739 et
1314 707 1521 749 reyularz'um
1542 717 1640 750 super
1655 717 1721 740 ere-

1021 758 1125 790 ctione
1159 759 1262 790 um'us
1293 759 1467 791 seminarii
1494 769 1554 801 pro
1591 760 1719 791 missio—

1020 811 1127 842 uariis
1144 811 1180 842 in
1203 810 1350 853 qualibet
1372 812 1543 853 provincia
1568 811 1720 853 familiae

1019 863 1289 895 ultramontanae
1325 874 1362 896 ac
1397 864 1576 896 Jnclz‘armn
1603 863 1719 897 Orien-

1021 916 1140 947 talium
1162 920 1189 947 et
1216 915 1478 949 Occidentalittm
1501 917 1668 948 Mitiorum
1682 916 1720 949 de

1021 967 1234 1001 Obseruantia
1258 969 1536 1002 Disealceatorum
1561 973 1588 1002 et
1612 969 1720 1002 Recol-

1021 1020 1208 1054 lecim-unffi.

1153 1102 1336 1129 Benedictus
1358 1102 1437 1135 Papa
1458 1103 1537 1135 XIII,

1116 1146 1152 1172 ad
1173 1146 1309 1172 futuram
1327 1146 1373 1172 rei
1392 1146 1576 1172 memoriam.

1019 1219 1034 1260 ξ
1059 1217 1091 1249 t.
1119 1217 1237 1259 Nuper,
1259 1229 1319 1260 pro
1345 1223 1435 1261 parte
1462 1219 1657 1251 dilectorum
1681 1219 1717 1250 si-

975 1270 1092 1302 liorum
1131 1272 1264 1302 t'ratrum
1300 1270 1540 1313 provinciarum
1576 1272 1716 1304 familiae

975 1323 1241 1355 Ultramoutanae
1269 1333 1303 1355 ac
1328 1323 1492 1355 lndiarum
1518 1329 1581 1356 tam
1608 1324 1717 1357 Orien-

976 1374 1087 1407 talium
1113 1385 1207 1417 quam
1233 1374 1491 1408 Occidentalium
1509 1375 1639 1408 Ordinis
1664 1376 1717 1408 Mi-

974 1438 1092 1460 norum
1119 1429 1221 1460 sancti
1248 1429 1412 1461 Francisci
1440 1429 1478 1461 de
1504 1428 1716 1462 Observautia

973 1479 1244 1512 Discalceatorum
1281 1486 1311 1513 et
1336 1481 1599 1514 Recollectorum
1640 1492 1717 1514 nuu-

972 1539 1178 1575 cupatorum,
1201 1533 1454 1575 Congregationi
1476 1534 1715 1567 venerabilium

974 1586 1105 1617 fratrum
1128 1591 1316 1617 nostrorum
1335 1585 1366 1618 S.
1387 1587 1423 1618 R.
1444 1586 1478 1618 E.
1499 1587 1714 1619 cardinalium

972 1639 1110 1680 negotiis
1120 1644 1151 1670 et
1168 1639 1465 1671 consultationiluis
1485 1639 1715 1682 episcoporum

972 1697 1003 1723 et
1041 1691 1240 1733 regularium
1288 1693 1495 1734 praepositae
1541 1693 1712 1735 exposito,

971 1745 1056 1785 quod
1083 1744 1159 1786 ipsi,
1186 1750 1221 1776 ut
1246 1745 1424 1776 animarum
1462 1745 1608 1786 pretioso
1641 1756 1715 1777 sau-

970 1797 1066 1838 guine
1088 1797 1210 1829 domiui
1229 1797 1299 1828 Iesu
1325 1796 1443 1829 Christi
1470 1797 1714 1839 redemptarum

970 1849 1066 1881 saluti
1092 1848 1251 1890 proficere
1277 1853 1424 1890 possent,
1452 1849 1484 1880 in
1517 1851 1712 1892 unaquaque

971 1912 1007 1933 ex
1032 1901 1125 1933 dictis
1140 1901 1314 1943 provinciis
1332 1911 1432 1932 unum
1453 1912 1489 1933 ex
1508 1895 1618 1934 earum
1635 1912 1713 1934 cou-

969 1954 1131 1992 ventibus,
1157 1964 1215 1996 per
1240 1954 1355 1985 fratres
1382 1953 1557 1986 definitorii
1584 1955 1713 1996 provin-

969 2007 1058 2038 cialis
1098 2006 1272 2038 cuiuslibet
1307 2006 1486 2048 respective
1522 2007 1711 2048 provinciae

970 2059 1155 2091 huiusmodi
1183 2058 1440 2100 designandum,
1469 2058 1501 2090 in
1536 2059 1709 2101 collegium

969 2122 1026 2144 seu
1063 2111 1273 2143 seminarium
1310 2110 1613 2149 missionariorum,
1655 2113 1709 2154 qui

969 2165 1168 2206 apostolicae
1184 2164 1328 2196 missioni
1348 2164 1442 2196 unice
1461 2169 1571 2196 essent
1596 2164 1709 2202 dediti,

971 2216 1117 2257 erigendi
1144 2216 1328 2248 facultatem
1358 2216 1418 2247 sibi
1449 2216 1586 2248 concedi
1614 2216 1710 2258 pluri-

970 2279 1055 2300 mum
1082 2268 1332 2307 desiderabant3
1364 2268 1455 2300 cuius
1483 2269 1616 2310 quidem
1641 2269 1709 2301 col-

970 2320 1045 2362 legii
1085 2331 1141 2352 seu
1179 2321 1346 2352 seminarii
1373 2321 1572 2362 guardianus
1597 2326 1630 2353 et
1654 2322 1708 2354 alii

971 2374 1095 2411 fratre&
1113 2373 1303 2415 pariterque
1321 2373 1425 2415 ipsum
1448 2373 1635 2415 collegium,
1653 2383 1708 2406 seu

1006 2469 1015 2493 1
1039 2468 1078 2493 De
1099 2468 1305 2494 confirmatione
1324 2467 1421 2494 similis
1448 2468 1552 2494 decreti
1580 2476 1629 2503 pro
1650 2476 1708 2495 ere-

968 2511 1058 2537 ctione
1087 2511 1228 2537 seiniuarii
1255 2511 1492 2537 missionariorum
1517 2512 1544 2537 in
1570 2512 1708 2546 provincia

968 2556 993 2580 S.
1017 2554 1089 2580 Pauli
1118 2554 1355 2581 Castellaeveteris
1384 2555 1542 2582 eorumdem
1571 2556 1706 2588 fratrum,

969 2598 1031 2625 vide
1050 2599 1128 2624 aliam
1150 2598 1228 2624 liuius
1250 2598 1385 2625 Pontificis
1405 2599 1470 2626 edit.
1493 2606 1635 2633 MDccxxiv,
1661 2600 1706 2625 die

968 2644 983 2669 5
1003 2642 1175 2678 septembris,
1198 2643 1292 2677 pontif.
1314 2651 1333 2669 1.

1729 271 1777 295 An.
1797 270 1824 294 C.
1849 269 1913 297 ¹797

1730 1226 1837 1252 Expositum
1855 1230 1903 1247 tavit
