2170 3147
244 250 279 272 Αη
313 247 339 273 c,
362 247 428 274 1725
474 239 537 272 ⁶256

269 1048 388 1070 clausulae.

272 1742 346 1761 Cunna
353 1748 429 1762 riorum

245 1769 321 1793 deiuga
336 1775 362 1787 tu.

1018 248 1199 272 nrttfimtn

437 297 569 339 capituli
598 297 758 339 generalis
784 297 1039 337 ordinationem,
1061 296 1180 330 confir-

437 356 554 383 matam
579 356 614 382 ut
639 351 848 393 praefertur,
877 361 948 382 cum
975 350 1129 383 omnibus
1148 355 1180 382 et

437 403 572 445 singulis
598 403 629 434 in
656 404 693 435 ea
725 402 900 442 contentis,
935 403 1124 435 auctoritate
1150 393 1202 441 (νζ

438 455 605 498 ρυεῖοΙὶειὶ,
631 461 743 488 tenore
763 455 995 498 praesentium,
1015 455 1180 488 conflrma-

436 519 506 541 mus
534 514 565 541 et
581 508 810 551 approbamus,
830 508 960 552 illisque
982 508 1180 541 inviolabilis

439 561 641 605 apostolicae
682 562 842 594 firmitatis
873 562 972 594 robur
997 562 1179 601 adiicimus,

438 626 474 647 ac
499 625 612 647 omnes
639 621 668 647 et
691 615 840 657 singulos
867 614 947 648 iuris
973 620 1005 647 et
1031 615 1105 647 sacti
1128 610 1204 647 cte-t

438 668 551 707 sectus,
577 668 600 699 si
628 668 681 710 qui
705 668 848 710 desuper
866 668 1119 711 quomodolibet
1138 668 1181 700 in·
1202 680 1204 687 ·

440 721 660 760 tervenerint,
686 723 895 764 supplemus,
924 721 1094 764 ipsamque
1130 731 1180 753 or-

438 774 659 813 dinationem,
688 775 746 806 suh
773 774 1000 817 suspensionis
1025 785 1041 805 a
1067 774 1182 807 divinis

437 827 573 870 aliisque
592 827 726 860 arbitrio
746 833 856 860 nostro
876 826 1084 870 imponendis
1106 837 1180 870 poe-

438 880 503 919 nis,
527 891 565 913 eo
591 880 661 923 ipso
686 891 744 923 per
762 880 1034 913 contrafacientes
1060 881 1182 923 absque

437 934 503 966 ulla
540 933 761 965 declaratione
799 932 1022 972 incurrendis,
1060 932 1181 965 servari

438 987 641 1019 mandamus.

481 1040 496 1084 ἓ
520 1039 551 1072 4.
579 1039 818 1079 Decernentes,
842 1039 971 1072 easdem
991 1044 1184 1082 praesentes

437 1093 564 1126 litteras
589 1102 719 1135 semper
744 1092 862 1132 firmas,
888 1092 1010 1124 validas
1028 1096 1059 1124 et
1083 1092 1183 1125 effica-

438 1157 492 1179 ces
519 1145 658 1178 existere
685 1151 717 1177 et
741 1145 823 1185 sore,
849 1155 991 1188 suosque
1017 1146 1183 1188 plenarios

439 1204 471 1232 et
495 1199 642 1241 integros
668 1197 803 1231 effectus
829 1198 939 1230 sortiri
969 1203 999 1231 et
1024 1198 1183 1239 obtinere,

439 1263 475 1285 ae
512 1251 551 1284 ab
587 1250 738 1284 omnibus
775 1258 807 1284 et
842 1251 990 1294 singulis,
1031 1251 1069 1284 ad
1103 1263 1183 1295 quos

440 1312 568 1351 spectat
589 1311 620 1339 et
640 1317 700 1349 pro
722 1311 871 1349 tempore
891 1305 1063 1348 spectabit,
1084 1306 1185 1339 invio-

438 1361 584 1394 labiliter
609 1359 788 1400 observari,
805 1359 918 1403 sicque
938 1360 971 1393 in
994 1362 1183 1404 praemissis
1206 1388 1207 1404 ,

438 1425 497 1459 per
528 1424 752 1458 quoscumque
784 1414 907 1447 iudices
941 1414 1126 1448 ordinarios
1153 1408 1207 1454 et}

440 1470 624 1511 delegatos,
652 1469 749 1501 etiam
776 1478 943 1501 causarum
969 1469 1082 1512 palatii
1108 1480 1184 1512 apo·
1206 1458 1207 1498 ἶ

440 1522 547 1556 stolici
566 1522 749 1561 auditores,
772 1521 907 1554 iudicari
930 1528 962 1554 et
981 1521 1109 1555 definiri
1129 1523 1184 1555 de-

440 1577 530 1617 here,
552 1587 588 1609 ae
607 1576 735 1608 irritum
754 1582 785 1608 et
802 1576 897 1608 inane
924 1576 950 1608 si
976 1586 1069 1608 secus
1088 1587 1185 1619 super

440 1630 492 1663 his
509 1641 527 1662 a
545 1640 721 1673 quoquam,
742 1629 851 1672 quavis
866 1630 1069 1669 auctoritate,
1084 1630 1185 1663 scien-

439 1689 489 1717 ter
513 1684 564 1716 vel
590 1683 788 1726 ignoranter,
816 1682 995 1725 contigerit
1019 1684 1182 1717 attentari.

485 1738 499 1780 ἓ
517 1736 548 1769 5.
567 1736 638 1769 Non
667 1736 871 1769 obstantibus
896 1736 1184 1769 constitutionibus

442 1796 474 1823 et
507 1790 770 1823 ordinationibus
803 1790 1013 1833 apostolicis,
1039 1800 1182 1830 necnon,

442 1850 604 1888 quatenus
629 1855 711 1887 opus
742 1844 796 1883 sit,
817 1844 892 1876 dicti
925 1844 1064 1881 Ordinis,
1087 1845 1182 1877 etiam
1206 1854 1208 1866 *

441 1898 637 1935 iuramento,
659 1897 904 1929 confirmatione
926 1898 1116 1940 apostolica,
1134 1899 1183 1930 vel

441 1952 553 1995 quavis
580 1952 729 1983 lirmitate
755 1952 817 1983 alia
838 1952 1015 1991 roboratis,
1042 1952 1184 1992 statutis,

441 2003 743 2043 consuetudinum,
773 2003 953 2046 privilegiis
980 2014 1121 2047 quoque,
1139 2005 1185 2036 in-
1206 2027 1207 2052 3

443 2057 540 2090 dultis
567 2061 598 2089 ct.
629 2057 746 2089 litteris
779 2057 969 2100 apostolicis
997 2057 1027 2089 in
1054 2063 1183 2090 contra·
1206 2058 1207 2065 ¹

442 2111 525 2143 rium
552 2110 807 2154 praemissorum
834 2110 1081 2153 quomodolibet
1108 2122 1185 2143 con-

442 2165 553 2204 cessis,
579 2164 777 2197 conlirmatis
804 2170 835 2197 ct
864 2164 1040 2205 innovatis,
1068 2165 1207 2208 quibus*

443 2218 596 2251 omnibus
629 2224 661 2251 et
692 2218 846 2259 singulis,
885 2218 1015 2251 illorum
1057 2225 1185 2252 tenores

443 2271 670 2314 praesentibus
695 2281 754 2314 pro
781 2272 876 2314 plene
914 2277 946 2303 ct
984 2271 1186 2305 sufficienter

443 2325 605 2367 expressis
627 2335 662 2357 ac
681 2325 719 2357 de
741 2325 840 2357 verbo
867 2325 906 2357 ad
930 2325 1062 2357 verbum
1081 2325 1185 2358 inser-

443 2379 483 2410 tis
499 2379 668 2418 habentes,
684 2378 747 2411 illis
762 2379 838 2411 alias
856 2378 888 2410 in
907 2389 964 2411 suo
983 2379 1101 2412 robore
1117 2390 1186 2423 pcr-

442 2431 623 2471 mansuris,
649 2432 688 2463 ad
726 2433 980 2474 1·›raernissorum
1007 2431 1158 2465 cll'ectum
1176 2460 1183 2473 ,

444 2485 505 2517 hac
536 2484 603 2516 vice
638 2485 822 2525 dumtaxat,
856 2486 1044 2528 specialiter
1076 2491 1107 2519 et
1138 2497 1186 2520 ex-

442 2547 558 2581 presse
578 2537 790 2579 derogamus,
810 2539 994 2582 ceterisque
1013 2540 1186 2573 contrariis

443 2591 715 2634 (piibuscumque.

488 2645 502 2688 ἓ
528 2646 558 2677 6.
586 2644 738 2678 Volumus
764 2650 872 2678 autem
899 2651 932 2678 ut
963 2647 1186 2689 praesentium

1226 247 1380 271 uonxucn

1222 296 1404 329 litterarum
1438 297 1674 340 transumptis,
1700 308 1755 330 seu
1790 297 1965 341 exemplis,

1224 349 1320 382 etiam
1348 350 1539 394 impressis,
1566 361 1662 383 manu
1688 351 1823 383 alicuius
1845 350 1964 383 notarii

1225 402 1345 446 publici
1372 403 1562 447 subscriptis
1581 430 1589 443 ,
1615 409 1645 436 et
1670 403 1777 445 sigillo
1803 414 1966 446 personae

1224 455 1256 488 in
1275 455 1495 489 ecclesiastica
1514 456 1671 498 dignitate
1689 455 1885 488 constitutae
1903 467 1966 488 mu-

1224 509 1310 548 nitis,
1329 509 1441 542 eadem
1472 519 1607 552 prorsus
1633 508 1714 541 tides
1738 508 1860 551 ubique
1879 509 1968 541 loco-

1224 572 1293 594 rum
1321 568 1382 595 tam
1419 562 1450 594 in
1478 561 1596 594 indicio
1632 571 1729 604 quam
1759 566 1850 593 extra
1886 561 1966 594 illud

1224 615 1428 655 adhibeatur,
1446 625 1527 658 quae
1543 614 1754 647 adhiberetur
1779 613 1856 657 ipsis
1874 624 1968 657 prae-

1225 670 1372 702 sentibus
1400 670 1425 702 si
1452 669 1560 702 forent
1596 668 1760 701 exhibitae
1782 669 1831 701 vel
1858 673 1968 701 osten-

1225 733 1290 755 sae.

1271 776 1383 808 Datum
1410 776 1543 815 Romae,
1569 775 1653 820 apud
1671 775 1702 809 S.
1722 775 1854 809 Mariam
1873 775 1969 809 Maio-

1227 839 1294 862 rem
1316 856 1322 869 ,
1350 830 1408 861 sub
1446 830 1569 862 annulo
1607 829 1794 869 piscatoris,
1831 829 1882 862 die
1923 839 1968 862 vn

1227 882 1425 925 septembris
1446 892 1605 926 nmecxxv,
1633 882 1845 926 pontificatus
1866 881 1969 915 nostri

1228 946 1314 969 anno
1342 947 1377 969 11.

1264 998 1320 1024 Dat.
1339 998 1383 1024 die
1400 998 1415 1024 7
1431 997 1595 1034 septembris
1612 997 1690 1032 1725,
1707 997 1801 1033 pontif.
1819 1005 1889 1025 anno
1905 1003 1934 1026 tt.

1561 1141 1624 1175 XC.

1227 1224 1428 1257 statuantur
1444 1222 1555 1255 variae
1575 1221 1801 1254 ordinationes
1814 1233 1873 1265 pro
1891 1223 1972 1256 bono

1271 1277 1431 1319 ressimz'ne
1455 1276 1597 1318 fratrum
1622 1274 1759 1308 Ordinis
1783 1275 1814 1308 S.
1834 1275 1972 1308 Ioannis

1274 1330 1332 1362 Dei
1345 1330 1366 1362 ¹.

1411 1408 1592 1435 Benedictus
1614 1408 1693 1441 Papa
1713 1408 1793 1440 xm,

1348 1454 1383 1480 ad
1403 1455 1580 1486 perpetuam
1600 1453 1646 1479 rei
1666 1452 1852 1479 memoriam.

1272 1526 1305 1558 ln
1332 1535 1484 1568 supremo
1509 1524 1676 1557 militantis
1702 1523 1865 1557 Ecclesiae
1885 1524 1969 1557 solio

1229 1579 1335 1612 divina
1355 1578 1569 1621 dispositione
1587 1577 1766 1616 constituti,
1785 1577 1825 1610 ad
1844 1587 1970 1610 sacrum

1228 1633 1260 1666 S.
1280 1632 1411 1665 loannis
1429 1631 1485 1664 Dei
1506 1630 1679 1671 Ordinem,
1698 1630 1753 1673 qui
1778 1630 1972 1674 multiplicia

1229 1692 1325 1730 atque
1351 1685 1518 1729 praeclara
1553 1683 1684 1727 pietatis
1710 1688 1741 1716 et.
1772 1683 1971 1717 christianae

1230 1739 1397 1773 charitatis
1435 1747 1536 1781 opera
1568 1747 1646 1780 erga
1678 1747 1841 1780 pauperes
1868 1743 1900 1770 et
1923 1737 1972 1770 in-

1229 1792 1340 1826 firmos
1371 1791 1437 1824 suis
1475 1790 1690 1834 hospitalibus
1725 1790 1971 1831 decumbentes,

1230 1856 1347 1888 magno
1374 1855 1444 1877 cum
1470 1844 1671 1887 reipublicae
1689 1843 1886 1877 christianae
1912 1845 1972 1888 spi-

1229 1899 1336 1931 rituali
1353 1897 1523 1931 commodo
1546 1903 1578 1929 et
1598 1897 1736 1929 utilitate
1757 1907 1817 1930 nee
1845 1897 1972 1931 minore

1206 1958 1207 1983 1
1229 1952 1375 1985 fidelium
1402 1950 1641 1991 aedificatione,
1666 1951 1699 1983 in
1725 1950 1793 1983 dies
1819 1961 1972 1984 exercere

1229 2016 1292 2038 non
1312 2005 1446 2043 desiuit,
1474 2003 1589 2036 mentis
1616 2008 1747 2036 nostrae
1773 2003 1876 2037 aciem
1901 2015 1973 2038 con-

1230 2064 1402 2097 vertentes,
1420 2059 1608 2096 nonnullos,
1633 2068 1713 2100 quos
1734 2058 1767 2090 in
1786 2058 1900 2091 eodem
1918 2058 1973 2092 Or-

1229 2112 1304 2145 dine
1331 2112 1452 2144 sensim
1479 2111 1617 2153 gliscere
1644 2110 1864 2144 intelleximus
1896 2112 1972 2144 abu-

1230 2177 1281 2198 sus
1307 2165 1344 2198 de
1370 2165 1478 2197 medio
1510 2165 1624 2197 tollere
1641 2191 1648 2204 ,
1684 2169 1784 2206 utque
1811 2165 1972 2207 regularis

1230 2220 1260 2251 in
1280 2229 1318 2252 eo
1345 2217 1534 2261 disciplina,
1559 2217 1613 2249 ubi
1639 2217 1832 2250 labefactata
1856 2217 1971 2259 suerit,

1230 2271 1423 2316 opportunis
1440 2271 1620 2304 rationibus
1636 2271 1837 2311 restituatur,
1853 2277 1893 2311 et,
1916 2271 1971 2305 ubi

1230 2326 1325 2369 viget,
1348 2325 1471 2358 firmius
1489 2330 1690 2368 perseveret,
1715 2324 1886 2368 providere
1906 2329 1972 2358 stu-

1231 2379 1364 2419 demus·,
1391 2378 1424 2411 in
1450 2388 1590 2422 eumque
1615 2377 1712 2411 finem
1749 2388 1786 2410 ex
1824 2377 1970 2411 iniuncto

1229 2432 1324 2466 nobis
1350 2432 1503 2465 divinitus
1539 2431 1714 2474 pastoralis
1738 2430 1969 2464 sollicitudinis

1230 2496 1375 2525 munere,
1412 2486 1535 2517 matura
1561 2483 1799 2518 deliberatione
1835 2484 1971 2527 praeha-

1265 2566 1276 2592 1
1309 2565 1349 2591 De
1384 2564 1588 2592 confirmatione
1620 2563 1820 2599 privilegiorum
1849 2563 1970 2591 eiusdem

1230 2610 1339 2637 Ordinis
1350 2609 1410 2636 vide
1422 2609 1501 2637 liuius
1512 2609 1614 2636 Pontis.
1628 2609 1735 2636 constit.
1749 2609 1813 2636 edit.
1829 2615 1969 2642 mucexnv,

1230 2655 1272 2683 die
1290 2655 1322 2683 13
1342 2654 1517 2690 septembris,
1540 2653 1637 2688 pontif.
1659 2650 1677 2680 i.

1969 251 2018 275 An.
2041 250 2069 277 C.
2091 251 2157 278 1725

2015 1535 2129 1557 Exordium
2153 1543 2165 1557 n

1981 1567 2032 1582 rura
2056 1565 2167 1588 praestan-

1982 1589 2008 1608 tia
2020 1588 2093 1609 Ordmi
2105 1589 2127 1611 S,
2136 1591 2166 1612 10.

1981 1621 2042 1636 aunis
2058 1616 2104 1638 Dei.
