2170 3147
213 188 263 215 An.
285 187 314 214 C.
334 186 401 214 {7⁹2⁶

448 178 512 211 43ss

411 234 531 268 statae⁴
549 234 736 267 huiusmodi
755 233 922 267 beneficiis
942 233 1003 266 srui
1018 244 1153 266 consue·
1174 253 1176 258 ·

411 294 536 322 verunt.
555 288 718 327 Volumus,
739 294 772 320 ut
794 287 928 319 facultas
947 293 978 320 et
997 286 1153 319 extractio

411 342 571 374 eiusmodi
599 341 695 374 trium
722 341 859 374 millium
885 341 1079 374 rubbiorum
1103 340 1176 390 tri-l

411 396 482 433 tici,
513 395 650 435 siugulis
678 396 770 428 annis
796 395 966 435 facienda,
1001 405 1060 438 per
1085 401 1155 428 acta

410 449 505 481 unius
539 460 574 482 ex*
610 449 795 481 secretariis
831 448 985 482 Gamerae
1023 453 1153 480 nostrae

410 503 617 546 Apostolieae
640 502 841 545 expediatur,
868 508 900 535 et
924 502 1061 544 singulis
1079 502 1154 534 vici·
1176 513 1177 541 ᾗ

410 556 470 588 bus
489 556 520 588 in
541 555 678 598 regestis
702 555 915 589 cancellariae
937 566 993 588 seu
1015 561 1155 588 secreta-

410 608 477 641 riae
503 608 638 641 civitatis
665 608 900 642 Rauennatium
928 619 1000 641 cum
1025 620 1082 642 suo
1103 620 1155 642 va-

411 662 479 693 lore
507 667 538 694 et
563 661 667 704 pretio
694 662 908 702 describatur,
929 666 963 694 ut
984 662 1044 694 hoc
1061 668 1154 705 pacto

410 715 581 747 commode
600 719 632 747 et
653 714 747 748 facile
766 715 918 757 cognosci
938 715 1041 758 possit
1061 725 1155 758 quae·

409 777 483 800 nam
513 767 607 799 tritici
635 767 800 810 quantitas
832 773 977 800 extracta
1002 768 1100 800 suerit
1125 773 1155 800 et

409 820 609 853 extrahenda
628 821 798 864 supererit.
819 820 863 854 Ne
880 821 1096 854 communitas
1112 821 1155 853 ci-

410 874 517 906 vitatis
542 874 714 907 Ravennae
732 874 853 907 nostris
880 875 992 917 gratiis
1011 880 1042 908 et
1060 876 1155 908 bene-

409 927 488 960 ficiis
514 937 655 970 unquam
682 928 770 960 abuti
809 929 877 961 ullo
904 929 1001 961 modo
1028 928 1152 971 possit,

409 985 507 1023 utque
527 979 637 1012 omnia
653 986 684 1013 et
701 991 927 1024 quaecumque
946 982 1154 1014 incommoda
1175 979 1177 984 ’

410 1035 592 1073 evitentur,
619 1036 767 1068 volumus
798 1040 831 1067 ut
857 1035 1078 1068 esti-actiones
1103 1047 1152 1068 se-

410 1087 546 1130 paratim
562 1088 792 1121 concedendas
807 1099 889 1121 unus
908 1094 1020 1122 noster
1034 1090 1154 1122 locum-

411 1146 525 1173 tenens
558 1141 660 1174 civilis
691 1148 722 1174 et
747 1143 912 1185 generalis
945 1142 1152 1182 subscribat,
1175 1158 1177 1170 ι

410 1204 473 1227 uon
502 1206 575 1227 vero
595 1195 668 1235 alii;
690 1206 751 1237 qua
769 1196 802 1228 in
820 1206 854 1229 re
873 1202 1056 1229 ceterorum
1077 1207 1154 1239 quo-

410 1258 636 1291 rumcumque,
659 1249 754 1281 etiam
773 1249 928 1283 Gamerae
947 1255 1079 1282 nostrae
1099 1249 1154 1282 mi-

410 1301 596 1339 nistrorum,
624 1302 703 1341 iuri,
730 1302 816 1346 quod
844 1302 995 1345 signandi
1023 1308 1054 1335 et
1079 1303 1154 1335 sub-

410 1355 572 1387 scribendi
599 1355 736 1395 habent,
764 1356 915 1398 derogari
942 1356 1075 1388 omnino
1100 1367 1154 1389 vo-

411 1407 517 1440 lumus
554 1416 585 1441 et
622 1409 841 1451 derogamus,
868 1416 967 1452 utque
1004 1410 1154 1443 similiter

411 1462 643 1495 extructionem
681 1473 741 1505 pro
779 1466 843 1495 tota
881 1465 994 1495 eadem
1028 1465 1153 1496 summa

413 1515 507 1546 trium
536 1515 671 1548 millium
692 1515 881 1549 rubbiorum
901 1516 995 1548 tritici
1015 1517 1155 1550 subscri-

412 1567 477 1607 bat,
497 1579 647 1612 onusque
665 1569 771 1602 eidem
788 1576 903 1602 nostro
919 1570 1152 1603 locumtenenti

412 1622 584 1660 incumbat,
605 1623 752 1665 quolibet
766 1633 851 1656 anno
866 1623 1005 1663 evoluto,
1027 1634 1086 1666 pro
1108 1623 1155 1655 su-

414 1675 491 1707 turis
519 1676 612 1708 annis
641 1676 880 1710 attestationem
907 1682 938 1709 et
963 1677 1152 1710 schedulam
1175 1688 1177 1698 ¹

411 1728 624 1762 iureiurando
655 1729 811 1762 firmatum
838 1730 877 1763 de
904 1730 987 1763 exitu
1014 1736 1046 1763 et
1078 1742 1177 1764 ven—1

412 1782 534 1815 ditione
551 1793 694 1816 summae
714 1783 857 1816 eiusdem
879 1784 975 1816 tritici
995 1784 1033 1817 ad
1052 1795 1152 1817 unum
1176 1822 1178 1824 ,

412 1846 449 1869 ex
475 1837 657 1870 secretariis
684 1842 817 1870 nostrae
842 1837 995 1871 Gamerae
1022 1834 1178 1881 Aposto-'

411 1890 491 1922 licae
519 1890 652 1923 Romam
679 1891 940 1924 transmittendi:
968 1902 1051 1935 quae
1076 1897 1155 1924 atte-

412 1943 508 1976 sinuo
527 1950 558 1976 et
576 1944 698 1977 scheda
716 1944 894 1977 iurerando
913 1945 1037 1977 firmata
1057 1945 1154 1977 inseri

413 2002 446 2030 et
470 1997 572 2040 redigi
601 1998 717 2030 debeat
735 1998 766 2030 in
789 2003 857 2031 acta
877 1998 1022 2031 eiusdem
1049 2009 1156 2031 secre-

413 2051 483 2083 tarii
504 2062 542 2083 eo
569 2061 704 2094 prorsus
731 2051 829 2085 modo
845 2062 908 2095 quo
927 2052 1047 2085 inserta
1065 2058 1096 2085 et
1111 2063 1155 2085 re·
1176 2081 1178 2084 ,

414 2104 505 2136 dacta
534 2104 628 2137 l'uerit
647 2105 678 2137 in
704 2105 899 2138 cancellaria
928 2105 1066 2138 civitatis
1096 2105 1178 2138 lia-³

412 2167 549 2190 vennae.
573 2158 660 2190 llaec
697 2157 869 2197 extractio,
895 2158 999 2191 eidem
1035 2158 1155 2191 civitati

414 2210 510 2253 gratis
535 2211 766 2253 concedenda,
793 2211 900 2245 locum
934 2211 1053 2245 habeat
1084 2217 1157 2255 post.

414 2265 633 2306 praesentium
653 2265 834 2297 litterarum
854 2270 1051 2305 nostrarum,
1070 2270 1155 2298 motu

415 2317 547 2359 proprio
573 2318 743 2357 editarum,
765 2318 1073 2361 promulgationem.
1097 2317 1157 2351 To-

415 2369 478 2401 tius
502 2380 577 2402 vero
605 2370 758 2403 frumenti
785 2371 931 2411 extracti,
952 2377 986 2403 ut
1007 2371 1155 2411 diximus,

415 2423 559 2455 venditio
586 2424 624 2455 ad
646 2430 793 2458 nostrum
818 2425 1093 2457 locumtenentem
1111 2424 1156 2456 ci-

415 2475 511 2508 vilem
547 2482 577 2508 et
613 2482 757 2509 nostram
791 2478 950 2510 civitatem
984 2478 1157 2510 Ravennae

415 2527 610 2560 cumulative
630 2529 800 2571 pertineat,
818 2525 990 2563 itaut'unus
1006 2541 1156 2563 scorsum

453 2593 461 2616 1
485 2589 550 2618 Mate
571 2589 635 2618 edit.
660 2590 742 2617 Main.
762 2590 828 2626 legit
848 2592 997 2621 honestate
1017 2594 1059 2627 (n.
1078 2593 1129 2627 T.).

996 183 1179 208 BULLARIUM
1203 183 1359 208 ROMANUM

1945 183 1999 212 An.
2021 183 2050 213 C.
2066 185 2133 214 1756

1198 233 1237 265 ab
1260 233 1323 266 alio
1345 233 1423 266 illud
1450 233 1625 276 separatim
1655 243 1715 276 pro
1748 232 1853 277 pretio
1879 232 1940 266 sibi

1174 306 1176 330 ¹,
1198 287 1318 329 placito
1344 287 1484 320 vendere
1508 298 1571 320 non
1593 287 1703 330 possit.
1718 287 1749 320 Si
1771 297 1847 320 vero
1865 297 1941 330 pars

1199 345 1323 373 tantuin
1350 341 1479 373 vendita
1507 341 1625 380 suerit,
1651 340 1732 373 baec
1756 340 1941 383 supradicto

1198 393 1342 426 eiusdem
1371 395 1626 427 locumtenentis
1665 394 1828 437 stipendio
1853 405 1941 428 com-

1198 452 1341 489 putetur.

1242 501 1256 544 ἓ
1283 500 1314 533 7.
1335 501 1410 534 Cum
1427 507 1569 534 nostram
1589 501 1673 534 hanc
1692 502 1940 545 dispositionem
2020 511 2135 548 nectarae:

1198 563 1259 595 pro
1285 557 1419 596 paternii
1438 554 1679 594 benevolentia,
1697 565 1759 597 qua
1778 555 1939 588 civitatem
1952 538 2136 602 uiroc'ii'mniau-iiimbl

1200 607 1436 643 Ravennatiuui
1463 609 1665 651 respicimus,
1686 609 1720 641 in
1744 608 1940 642 beneficium
1953 591 2136 639 ii'effiii'ss'ifdvffssi

1200 660 1504 693 iurisconsultorum
1531 667 1562 694 et
1587 661 1704 695 civium
1731 661 1877 695 eiusdem
1899 646 2136 697 ci-i'iiffduii-mm'

1199 713 1305 746 vitatis
1335 720 1366 746 et
1390 714 1577 757 provinciae
1614 715 1847 749 Romandiolae
1872 726 1942 748 ces-

1200 778 1328 808 suram,
1357 769 1454 801 edere
1490 769 1751 811 decreverimus,
1783 768 1940 813 peculiari

1199 821 1486 855 animadversione
1505 822 1703 855 monendum
1718 827 1880 865 putamus,
1898 827 1940 863 ut,

1200 874 1225 906 si
1245 876 1375 917 quando
1395 886 1430 908 ex
1450 875 1528 908 iuris
1555 875 1746 909 doctoribus
1772 881 1804 908 et
1821 875 1942 908 civibus

1200 927 1346 961 eiusdem
1380 928 1517 962 civitatis
1543 935 1574 962 et
1598 929 1786 972 provinciae
1812 929 1943 962 deesset

1200 982 1441 1024 promovendus
1475 982 1514 1015 ad
1541 993 1659 1015 munus
1692 982 1793 1015 nostri
1818 982 1943 1015 locum-

1201 1034 1341 1066 tenentis
1367 1035 1469 1067 civilis
1494 1042 1525 1068 et
1549 1036 1726 1078 generalis,
1754 1035 1837 1068 itaut
1867 1045 1942 1078 pro-

1200 1092 1311 1129 pterea
1337 1093 1510 1121 extraneus
1529 1094 1561 1121 et
1578 1099 1644 1121 non
1664 1094 1756 1121 natus
1776 1087 1809 1120 in
1829 1088 1942 1121 eisdem

1199 1141 1327 1174 civitate
1364 1148 1395 1175 et
1426 1143 1593 1185 provincia
1629 1143 1669 1176 ad
1707 1152 1822 1175 munus
1858 1142 1942 1175 istud

1200 1195 1385 1236 promoveri
1413 1195 1557 1235 deberet,
1578 1201 1652 1228 tunc
1677 1195 1762 1228 idem
1790 1196 1944 1228 locumte-

1200 1258 1301 1287 nens,
1328 1248 1393 1288 sic,
1420 1254 1454 1280 ut
1488 1248 1628 1288 dicitur,
1654 1258 1720 1281 non
1746 1248 1940 1287 Ravennas,

1199 1311 1305 1344 neque
1332 1312 1368 1334 ex
1394 1301 1563 1344 provincia
1588 1301 1785 1341 Ravennate,
1807 1300 1863 1334 sed
1891 1311 1944 1333 ex-

1201 1360 1338 1394 traneus,
1361 1365 1378 1387 a
1398 1356 1643 1388 successoribus
1662 1355 1782 1388 nostris
1809 1355 1944 1393 electus,

1199 1409 1288 1441 nullo
1315 1409 1412 1441 modo
1444 1409 1506 1441 iam
1541 1409 1626 1441 dicta
1660 1414 1749 1443 scuta
1783 1408 1944 1452 quinqua-

1199 1461 1288 1503 ginta
1313 1468 1482 1495 menstrua
1499 1462 1671 1505 percipere
1696 1461 1801 1505 possit
1818 1467 1872 1494 aut
1890 1460 1945 1493 de-

1199 1515 1284 1553 beat,
1299 1515 1353 1547 sed
1375 1515 1599 1548 tantummodo
1619 1514 1773 1559 propinas
1792 1519 1945 1557 autspor-

1200 1568 1283 1600 tulas
1321 1568 1472 1611 aliosque
1510 1574 1688 1611 proventus
1724 1567 1867 1601 incertos
1893 1567 1943 1600 lo-

1200 1622 1401 1655 cumtenenti
1429 1622 1513 1654 civili
1532 1627 1564 1654 et
1582 1622 1726 1664 generali
1752 1621 1941 1665 provinciae

1201 1675 1435 1708 Romandiolae
1463 1676 1539 1709 olim
1567 1676 1636 1708 dari
1670 1676 1783 1709 solitos
1818 1675 1943 1718 (nostra

1201 1729 1287 1761 enim
1313 1729 1452 1761 intentio
1474 1735 1522 1761 est
1547 1735 1579 1762 et
1603 1730 1751 1762 voluntas
1777 1738 1943 1772 expressa,

1201 1789 1234 1814 ut
1260 1783 1344 1815 idem
1371 1782 1523 1815 salarium
1558 1788 1590 1815 et
1615 1782 1812 1825 stipendium
1838 1786 1944 1815 scuto-

1202 1847 1272 1868 rum
1289 1835 1528 1879 quinquaginta
1542 1841 1781 1869 menstruorum
1796 1835 1828 1867 in
1843 1835 1942 1868 bene-

1201 1889 1306 1921 licium
1320 1894 1352 1921 et
1365 1889 1539 1921 utilitatem
1553 1889 1804 1922 locumtenentis
1821 1889 1944 1922 dumta-

1200 1948 1251 1975 xat
1265 1949 1407 1976 vertatur
1421 1943 1475 1985 qni
1495 1942 1666 1975 Ravennae
1685 1947 1738 1975 aut
1758 1942 1790 1975 in
1805 1941 1944 1975 Roman-

1201 1996 1286 2029 diola
1311 2002 1404 2029 natus
1430 1996 1549 2036 suerit,
1579 2002 1613 2028 ut
1642 2006 1741 2038 supra
1775 1994 1942 2038 copiosius

1201 2050 1321 2083 dictum
1351 2050 1430 2090 est),
1458 2060 1521 2092 quo
1556 2058 1628 2081 casu
1659 2048 1815 2082 extractio
1845 2047 1944 2081 trium

1200 2103 1339 2135 millium
1368 2101 1558 2135 rubbiorum
1578 2102 1673 2134 tritici
1697 2102 1729 2134 in
1749 2100 1943 2135 beneficium

1200 2156 1339 2189 civitatis
1365 2155 1536 2188 Ravennae
1556 2161 1716 2196 vertatur;
1736 2164 1844 2198 neque
1869 2165 1944 2198 pro-

1201 2215 1315 2253 pterea
1351 2214 1403 2242 aut
1442 2219 1478 2241 ex
1516 2219 1719 2252 quacumque
1753 2208 1816 2241 alia
1847 2208 1943 2241 causa

1202 2263 1316 2295 eadem
1342 2261 1499 2295 extractio
1532 2272 1690 2304 suspensa
1715 2260 1939 2303 intelligatur,

1202 2317 1262 2349 nisi
1297 2315 1464 2359 speciatim
1502 2326 1539 2348 ea
1575 2314 1784 2354 nominetur,
1810 2314 1861 2347 vel
1888 2313 1942 2346 ubi

1202 2369 1339 2403 aliorum
1373 2369 1468 2402 etiam
1513 2369 1730 2401 extructiones
1765 2366 1944 2405 suspende-

1202 2429 1317 2457 rentur
1354 2423 1409 2467 qui
1445 2422 1576 2455 summis
1608 2421 1787 2465 privilegiis
1823 2420 1943 2462 gaude-

1202 2482 1285 2509 rent.
1308 2477 1375 2509 Hoc
1395 2476 1480 2509 enim
1507 2486 1622 2508 munus
1649 2480 1745 2518 atque
1767 2474 1830 2506 hoc
1854 2483 1942 2506 emo-

1201 2531 1384 2562 lumentum
1403 2529 1516 2562 iisdem
1539 2534 1660 2561 tantum
1678 2526 1797 2560 civitati
1817 2531 1849 2560 et
1866 2536 1941 2570 pro—

1200 2583 1325 2616 vinciae
1350 2593 1410 2626 pro
1436 2581 1603 2616 ordinario
1622 2580 1728 2615 iudice
1746 2591 1783 2614 ex
1802 2580 1866 2614 illis
1884 2579 1942 2614 eli-
