2170 3147
0 233 32 254 tn.
45 225 75 252 C.
96 223 163 251 1726

173 271 313 315 desuper
329 270 551 304 conficiendae
568 271 607 304 de
621 271 841 314 subreptionis
858 272 909 304 vel

172 324 377 367 obreptionis
395 323 471 357 vitio
489 334 545 356 seu
569 323 759 356 intentionis
778 330 908 356 nostrae

173 376 323 410 desectu¹
362 376 467 410 notari
512 387 568 409 sen
614 376 800 419 impugnari
842 386 931 409 non³

171 429 304 473 possint,
331 430 388 463 sed
415 440 546 472 semper
569 429 692 462 validae
714 435 745 461 ct
763 429 909 461 eslicaees

173 482 323 523 existant,
351 488 382 516 et
408 483 510 516 eidem
540 481 793 525 Congregationi
820 492 855 514 ae
876 481 911 514 il-

172 536 233 569 lius
248 537 395 580 personis
413 536 638 579 suffragentur,
656 541 686 568 et
703 536 761 568 sub
780 535 910 578 quibus-

171 589 217 622 vis
242 589 525 630 revocationibus,
554 588 834 632 suspensionibus,
858 588 910 620 de-

171 643 399 685 rogationibus
423 648 477 675 aut
511 642 582 675 aliis
608 641 854 675 alterationibus
868 641 910 673 si-

171 695 297 729 milium
314 697 362 729 vel
381 695 583 729 dissimilium
613 694 907 733 confirmationum,

172 748 418 781 concessionum
435 775 442 788 ,
483 748 641 781 unionum
682 752 734 779 aut
773 746 908 779 aliarum

171 802 355 844 gratiarum,
374 802 432 834 sub
458 801 717 844 quibuscumque
743 800 908 833 tenoribus

171 859 203 887 et
227 854 348 894 formis,
374 865 410 887 ac
442 864 514 886 cum
550 853 719 897 quibusvis
755 851 908 885 clausulis

171 912 202 940 et
226 907 383 948 decretis,
411 907 506 940 etiam
534 911 622 939 motu
657 911 688 939 et
713 905 848 938 scientia
872 905 909 937 si-

169 959 325 1002 milibus,
353 960 449 993 etiam
486 959 760 993 consistorialiter
777 985 784 998 ,
811 958 907 991 etiam

169 1023 231 1057 per
268 1023 327 1046 nos
363 1018 418 1046 aut
450 1023 511 1056 per
542 1022 744 1045 successores
778 1017 907 1044 nostros

170 1066 334 1100 Romanos
358 1066 532 1099 Pontifices
567 1076 627 1109 pro
666 1070 814 1108 tempore
847 1063 908 1097 exi-

169 1124 309 1160 stentes,
335 1129 371 1152 ex
399 1118 565 1162 quibusvis
591 1118 716 1159 causis,
742 1118 839 1152 etiam
864 1118 908 1150 111-

169 1172 326 1212 stissimis,
350 1172 598 1215 quomodolibet
619 1181 679 1214 pro
699 1176 845 1214 tempore
866 1171 908 1204 sa-

170 1225 250 1266 ctis,
275 1226 462 1259 nullatenus
487 1225 825 1268 comprehendantur,
852 1225 907 1257 sed

169 1288 300 1322 semper
337 1277 376 1312 ab
413 1278 478 1311 illis
512 1282 665 1321 exceptae
691 1277 754 1310 sint
779 1283 810 1310 et
836 1287 905 1310 esse

169 1337 374 1372 censeantur,
394 1336 435 1371 et,
454 1331 583 1374 quoties
609 1331 682 1364 illae
700 1330 906 1370 emanabant,

170 1384 265 1418 toties
290 1384 323 1417 in
359 1384 533 1427 pristinum
570 1388 688 1416 statum
724 1383 905 1424 restitutae,

169 1436 332 1480 repositae
358 1442 390 1470 et
420 1437 567 1480 plenarie
592 1436 812 1478 reintegratae
845 1436 905 1468 sint

171 1495 204 1524 et
220 1501 291 1523 csse
317 1495 522 1530 censeantur,
540 1495 571 1523 et
588 1490 640 1530 ita,
657 1495 691 1522 ut
711 1490 907 1533 praefertur,

169 1543 304 1576 iudicari
321 1543 448 1583 debeat,
461 1543 619 1576 latissime
634 1543 850 1582 extendendo,
866 1548 906 1585 et,

170 1601 329 1640 quatenus
353 1606 434 1639 opus
460 1595 567 1635 suerit,
599 1606 670 1629 cum
696 1595 907 1639 derogatione

169 1650 301 1692 regulae
327 1649 367 1682 de
394 1648 570 1682 unionibus
602 1649 843 1682 committendis
876 1653 907 1682 et

170 1701 381 1745 exprimendo
395 1703 516 1742 valore,
537 1707 569 1734 et
588 1700 814 1735 Lateranensis
831 1700 907 1734 Con-

170 1754 235 1788 cilii
259 1754 432 1788 novissime
453 1754 605 1788 celebrati
628 1755 809 1787 etaliarnm
834 1765 908 1787 con-

169 1807 390 1849 stitutionum,
409 1813 482 1848 ete„
508 1807 664 1840 latissime
690 1808 904 1847 extendendo,

171 1867 203 1896 et
225 1861 311 1905 quod
335 1861 589 1906 praemissorum
615 1862 760 1895 omnium
786 1867 818 1894 et
847 1862 908 1895 sin-

169 1915 320 1957 gulorum
344 1914 523 1955 nominum,
551 1915 792 1958 cognominum,
819 1914 907 1948 dioc·

171 1978 280 2002 cesum
305 1974 337 2001 et
363 1968 544 2008 fruetuum,
571 1973 647 2008 etc„
674 1974 705 2001 et
731 1968 835 2001 dictae
861 1978 907 2002 ec-

170 2022 289 2056 clesiae
324 2021 357 2054 S.
392 2021 557 2061 Silvestri,
598 2022 711 2064 regula
746 2021 907 2054 contraria

169 2085 236 2108 non
262 2075 429 2115 obstante,
461 2075 661 2117 aliorumque
699 2074 783 2107 circa
818 2084 908 2117 prae-

169 2128 269 2162 missa
293 2128 553 2161 necessariorum
579 2127 690 2167 maior,
707 2137 781 2160 vera
799 2132 830 2160 et
846 2138 908 2160 am-

169 2181 257 2225 plior
279 2180 474 2224 significatio
500 2185 532 2213 et
556 2180 722 2223 expressio
747 2179 817 2212 fieri
833 2207 840 2220 ,
872 2190 908 2213 ac

171 2240 266 2268 tenor
289 2235 489 2277 singularum
513 2234 694 2267 litterarum
726 2233 908 2276 praedicta-

170 2297 264 2328 rum,
289 2292 386 2330 prout
409 2297 490 2330 opus
524 2286 642 2327 suerit,
674 2287 714 2319 de
739 2287 839 2319 verbo
869 2286 908 2319 ad

170 2341 303 2374 verbum
327 2339 437 2380 inseri,
463 2344 517 2372 aut
542 2339 574 2371 in
600 2344 665 2372 toto
693 2339 739 2371 vcl
767 2338 800 2371 in
817 2343 908 2381 parte

170 2403 232 2437 pro
258 2403 412 2437 expresso
437 2392 553 2425 haberi
586 2391 688 2434 possit
719 2391 751 2423 in
782 2391 908 2431 litteris,

172 2446 269 2480 ctiam
294 2455 354 2490 per
373 2445 475 2478 Breve
500 2449 658 2485 nostrum,
678 2444 772 2476 simul
790 2443 839 2476 vel
859 2453 910 2476 se-

171 2497 331 2543 paratim,
358 2508 457 2542 super
491 2497 637 2541 qualibet
672 2497 814 2530 clausula
851 2506 908 2529 seu

207 2571 219 2598 1
243 2569 360 2598 Pessime
380 2568 445 2597 edit.
466 2568 544 2597 Malu.
566 2567 632 2603 legit
651 2568 683 2596 cle
702 2569 776 2603 facto
792 2575 841 2603 pro
860 2567 909 2595 de-

170 2615 247 2650 fectu
263 2615 303 2650 (n.
315 2614 365 2650 τ.).

763 223 957 247 BENEDICTUS

983 222 1041 246 xm
1065 222 1113 246 rr.
1579 210 1637 243 [111
1689 220 1738 244 An.
1760 218 1788 245 c.
1814 218 1881 247 ¹726

951 271 1062 313 gratia,
1088 271 1120 303 in
1145 271 1208 304 una
1233 270 1322 303 nulla
1349 269 1430 302 sacta
1456 268 1622 301 mentione
1650 267 1688 300 de

952 323 1033 361 aliis,
1059 323 1084 355 si
1111 323 1284 363 videbitur,
1311 321 1536 365 expediendis,
1562 326 1593 353 et
1618 330 1688 351 enni

953 376 1084 409 decreto
1121 377 1207 419 qnod
1242 376 1425 408 litterarum
1463 385 1561 417 snper
1596 383 1688 416 prac-

953 429 1100 460 sentibus
1144 428 1417 461 conficiendarum
1456 426 1666 469 transumptis
1682 453 1689 465 ‚

952 490 1046 512 manu
1074 481 1209 513 alieuius
1241 481 1359 514 notarii
1393 481 1516 523 publici
1551 480 1692 511 subseri-

952 534 1024 577 ptis‚
1046 539 1077 567 ct
1105 534 1214 575 sigillo
1240 533 1375 566 alieuius
1401 544 1559 576 personae
1593 533 1623 564 in
1647 533 1692 565 di-

953 587 1074 629 gnitate
1096 587 1313 620 ecclcsiastica
1335 587 1529 619 constitutae
1548 586 1690 625 munitis,

953 639 1065 672 cadem
1091 649 1222 682 prorsus
1260 638 1339 672 fides
1365 639 1562 671 :ulliibeatur
1587 638 1617 671 in
1644 638 1693 670 iu-

954 692 1038 725 dicio
1058 698 1089 725 et
1114 698 1216 732 extra,
1243 702 1324 735 quae
1351 692 1474 725 eisdem
1500 692 1617 725 litteris
1639 692 1692 724 ad-

953 745 1123 778 hiberetur
1147 744 1172 776 si
1199 745 1363 778 exhibitae
1391 745 1496 777 forent
1513 746 1562 777 vel
1589 749 1693 777 osten-

953 808 1021 838 sae,
1047 797 1203 830 latissime
1230 797 1447 836 extendendo,
1467 808 1531 836 sen,
1552 797 1576 829 si
1604 797 1692 829 vide-

953 851 1056 890 bitur,
1085 850 1264 893 pracsentis
1288 850 1521 893 motusproprii
1540 851 1607 882 sola
1634 861 1692 882 no-

953 909 1019 936 stra
1048 903 1213 946 signatura
1235 903 1382 941 sufficiat,
1401 908 1431 935 et
1455 903 1575 945 ubique
1596 902 1691 934 fidem

953 956 1048 988 saciat
1084 956 1116 988 in
1141 955 1262 988 iudicio
1297 961 1328 988 et
1354 960 1462 994 extra,
1489 965 1691 998 quacumque

951 1011 1065 1053 regula
1091 1020 1147 1043 seu
1173 1009 1408 1042 constitutione
1425 1009 1603 1053 apostoliea
1620 1019 1691 1041 eon-

953 1062 1051 1095 traria
1071 1073 1135 1095 non
1154 1062 1317 1095 obstante.

1478 1115 1553 1148 Fiat
1578 1115 1599 1147 I.

989 1178 1082 1205 natum
1103 1177 1214 1212 Romae,
1235 1177 1305 1213 apud
1326 1177 1352 1204 S.
1374 1177 1495 1209 Petrum,
1517 1176 1595 1203 nonis
1614 1176 1690 1209 iunii,

951 1229 1022 1249 anno
1043 1229 1059 1248 v
1074 1224 1093 1248 ¹.

997 1277 1010 1300 q
1042 1275 1072 1308 fi
1744 1283 1815 1303 Altera
1830 1283 1886 1304 eiu<-

1113 1275 1202 1309 Aliae
1246 1275 1335 1308 Pauli
1377 1274 1521 1307 eiusdem
1560 1274 1690 1307 litterae

996 1294 1010 1320 δ
1701 1310 1748 1330 ilem
1775 1310 1834 1339 l'ziuli
1858 1310 1884 1330 lV

952 1330 1012 1362 llssO
1039 1334 1131 1361 81111ῑῖ
1701 1339 1825 1356 constitutio
1843 1342 1884 1362 qua

1700 1363 1813 1389 prixilogm
1843 1364 1884 1383 iaiu

995 1382 1123 1416 Paulus
1146 1381 1233 1425 Papa
1254 1382 1313 1422 IV,
1333 1386 1418 1414 mola
1445 1382 1596 1423 proprio,
1625 1386 1809 1425 cte.‹10=.c·1.<s;t
1833 1396 1886 1409 00„-

950 1437 1028 1469 Cum
1042 1436 1061 1476 ²,
1080 1436 1162 1468 sieut
1179 1436 1363 1478 accepimus
1378 1462 1385 1475 ,
1405 1435 1514 1467 dilecti
1540 1434 1594 1466 tilii
1614 1418 1886 1466 Con.¹»¹{‚'¹ssz¹.{}‡2[151¹2.”u⁰sss

951 1490 1098 1533 gregatio
1127 1489 1329 1521 Clcrieornm
1355 1488 1562 1530 Regulariuni
1591 1497 1686 1530 prae-

950 1543 1003 1575 fati
1023 1542 1157 1586 cupiant
1174 1541 1319 1583 singulas
1345 1541 1391 1573 cis
1419 1546 1481 1573 tam
1504 1541 1564 1572 sub
1582 1541 1689 1582 plum-

951 1597 991 1629 bo
1018 1606 1114 1639 quam
1143 1595 1175 1627 in
1210 1595 1312 1627 forma
1343 1594 1455 1627 Brevis
1482 1594 1605 1626 litteras
1630 1604 1691 1636 per

951 1650 1055 1683 felicis
1085 1647 1323 1681 recordationis
1357 1647 1557 1680 Clementem
1585 1647 1633 1679 Vll
1661 1652 1691 1679 et

950 1703 1081 1736 Paulum
1104 1702 1142 1735 lll
1164 1712 1199 1734 ac
1220 1701 1334 1734 lulium
1354 1701 1391 1734 111
1417 1701 1581 1734 Romanos
1606 1701 1691 1733 Pon-

951 1756 1050 1790 tifices
1069 1756 1337 1799 praedecessores
1363 1759 1502 1793 nostros,
1520 1754 1577 1785 nt³
1596 1763 1691 1796 prac-

950 1811 1090 1843 inscrtas
1123 1809 1268 1843 eiusdem
1300 1808 1389 1841 Pauli
1422 1807 1459 1840 lll
1496 1807 1690 1851 praedeees-

950 1864 1034 1897 soris
1061 1862 1092 1895 in
1119 1863 1221 1895 formai
1253 1861 1508 1904 motusproprii‚
1535 1865 1570 1892 ut
1598 1870 1691 1903 prae-

950 1917 1068 1957 fertur,
1098 1926 1293 1956 concessas,
1324 1920 1355 1947 et
1386 1913 1485 1946 inde⁴
1515 1924 1691 1956 quaecum-

950 1981 1033 2014 que,
1059 1974 1093 2002 ut
1119 1980 1156 2002 co
1187 1969 1344 2001 maiorem
1369 1967 1537 2000 obtineant
1562 1965 1688 1998 roboris

950 2022 1136 2055 firmitatem
1154 2049 1161 2062 ‚
1200 2031 1265 2064 quo
1301 2020 1356 2052 illa
1396 2019 1528 2062 saepius
1570 2018 1691 2051 suerint

951 2075 1130 2119 apostoliea
1156 2073 1350 2107 anctoritate
1369 2072 1565 2116 approbata,
1583 2077 1614 2105 et
1631 2082 1690 2105 no-

950 2134 1017 2161 stro
1044 2134 1076 2161 et
1100 2126 1305 2170 apostolica⁵
1329 2125 1535 2170 [wovidentia
1562 2125 1600 2157 ad
1627 2135 1662 2157 ca
1679 2151 1686 2165 ,

951 2191 1034 2224 quac
1059 2191 1118 2224 per
1143 2180 1415 2223 pinedecessores
1449 2184 1580 2212 nostros
1613 2189 1690 2211 con-

950 2245 1043 2267 cessa
1074 2239 1157 2273 sunt,
1194 2238 1229 2265 ut
1261 2233 1386 2265 illibata
1422 2233 1618 2275 persistant,
1646 2231 1686 2264 li-

950 2286 1069 2320 benter
1094 2285 1265 2330 apostolici
1299 2285 1488 2317 muniminis
1519 2284 1688 2317 adiicimus

987 2393 995 2417 1
1021 2391 1126 2425 Nempe
1146 2390 1190 2416 die
1210 2391 1225 2417 5
1245 2389 1313 2416 iunii
1333 2389 1395 2416 anni
1418 2389 1484 2416 1559
1504 2390 1544 2421 (n.
1561 2390 1609 2419 1.).

984 2434 1001 2461 *2
1022 2435 1098 2461 Patet
1112 2434 1181 2460 lianc
1196 2441 1248 2460 non
1265 2441 1323 2460 esse
1338 2433 1389 2460 nisi
1406 2433 1605 2469 portiunculam
1622 2433 1688 2460 alia-¹

950 2487 1009 2505 rum
1029 2478 1181 2505 litterarum
1201 2478 1277 2504 Pauli
1298 2484 1323 2504 lv
1342 2479 1444 2511 (11.Τ.).

985 2523 1002 2549 3
1022 2523 1124 2549 Forsan
1144 2521 1289 2556 legendum
1309 2525 1335 2549 ct
1351 2530 1399 2557 pro
1419 2525 1449 2549 uc
1469 2523 1511 2557 (n.
1532 2523 1581 2556 1.).

984 2567 1002 2593 4
1021 2566 1100 2593 Deest
1117 2568 1213 2594 secuta
1230 2566 1273 2600 (n.
1289 2565 1340 2600 T.).

985 2611 1002 2638 5
1021 2611 1115 2639 Potius
1134 2610 1193 2646 lege
1211 2613 1238 2639 et
1258 2618 1308 2638 nos
1328 2610 1485 2646 apostolica.
1508 2614 1546 2646 (a,
1566 2611 1614 2645 1.).
