2139 3142
184 216 232 244 An.
255 218 283 243 C.
304 218 369 245 1729

202 1231 271 1252 rmum
285 1237 303 1250 tu
316 1230 370 1250 frau-

187 1260 284 1280 dulrntm
306 1260 345 1284 diq·

258 1296 261 1304 i
302 1295 322 1303 «ν
333 1295 343 1307 μ

416 208 480 241 850

378 322 440 352 una
456 320 600 352 custodia
615 319 645 351 in
661 318 756 351 aliam
772 318 1006 357 transtulerint,
1018 317 1120 360 prius-

378 383 472 415 quam
498 374 545 404 vel
574 377 743 414 postquam
777 371 1027 414 oppigneratam
1054 370 1120 402 fue-

380 426 430 459 rit.
459 425 603 467 illudque
631 425 691 456 sibi
717 423 956 467 usurpaverint,
981 423 1029 455 vel
1048 422 1119 455 aliis

381 478 585 516 tradiderint,
605 477 703 519 inque
723 477 783 509 alia
801 476 946 509 custodia
968 475 1122 518 oppigne—

380 531 527 570 raverint,
554 531 602 563 vel
628 530 695 562 eius
713 530 854 572 speeiem
880 533 910 562 et
934 529 1120 572 qualitatem
1142 547 1143 558 ³

382 583 632 623 immutaverint,
652 593 759 616 remve
778 582 1024 626 oppigneratam
1044 592 1121 614 con-

381 637 520 676 fixerint,
541 636 607 668 sive
626 646 721 668 unam
743 646 800 678 pro
818 636 880 668 alia
898 634 1121 668 describentes

382 691 490 723 dolum
531 695 562 722 et
599 690 705 721 sucum
743 689 902 730 fecerint,
936 688 1121 721 sraudemve

382 753 628 786 quamcumque,
658 742 847 782 salsitatem,
875 742 1010 775 aliamve
1035 742 1122 774 simi-

381 798 443 830 lem
469 796 628 829 actionem
658 796 741 828 circa
768 796 852 828 dicta
877 796 1015 839 pignora
1041 806 1123 828 com-

380 850 538 887 miserint,
562 849 633 892 ipso
660 850 741 881 sacto
768 859 907 892 poenam
929 848 1033 882 ultimi
1051 859 1123 891 snp-

380 903 468 946 plicii
495 903 663 935 incurrere
689 902 840 942 debcant,
858 902 948 935 nulla
969 903 1015 935 eis
1034 912 1124 935 excu-

381 956 507 988 satione
526 954 737 997 suti'ragantc,
756 954 851 987 etiam
871 955 959 997 parvi
978 955 1074 998 pretii
1094 960 1125 988 et

381 1009 499 1041 valoris
529 1008 575 1040 rei
608 1008 640 1040 in
674 1018 736 1050 qua
770 1007 924 1040 delictum
954 1007 1124 1041 commise-

381 1062 457 1094 rint.
490 1061 615 1094 ludices
643 1071 718 1094 vero
753 1061 784 1094 in
817 1071 940 1104 poenas
967 1062 1121 1101 serendo,

383 1115 572 1157 qualitatem
592 1119 622 1146 et
648 1114 910 1147 circumstantias
934 1114 1007 1147 sacti
1026 1115 1125 1148 resci-

383 1167 483 1210 pient.

427 1222 441 1264 g
466 1221 519 1253 ll,
547 1220 644 1253 Decet
669 1231 763 1264 quam
800 1221 958 1261 maxime,
985 1226 1021 1254 ut
1046 1232 1124 1266 prae

356 1293 359 1305 1
383 1275 485 1308 oeulis
511 1274 630 1307 nostris
657 1273 805 1307 similiter
835 1275 980 1307 debitum
1006 1276 1126 1309 sollici-

307 1320 370 1360 Li'f'*
383 1328 501 1362 tudinis
529 1328 719 1368 habeamus,
739 1328 824 1371 quod
850 1328 954 1368 nobis,
973 1334 1007 1360 ut
1025 1329 1057 1361 in
1075 1339 1126 1362 cc-

383 1382 472 1421 teris,
488 1380 647 1413 incumbit
672 1390 748 1423 erga
774 1390 875 1423 opera
901 1386 932 1413 et
956 1381 1028 1414 loca
1051 1381 1125 1425 pia,

383 1445 521 1478 quorum
546 1434 640 1467 nobis
671 1439 705 1466 nt
724 1434 810 1477 patri
836 1439 868 1467 et
894 1435 991 1467 tutori
1018 1440 1127 1468 custo-

385 1489 436 1522 dia
462 1487 637 1520 commissa
672 1492 731 1519 est.
760 1486 863 1525 Quare
896 1489 1150 1530 praesentibus*

385 1541 506 1575 nostris
532 1542 680 1573 volumus
699 1547 728 1574 et
747 1541 937 1574 ordinamus
965 1547 1000 1574 ut
1016 1552 1128 1575 omnes

385 1594 589 1638 depositarii,
617 1594 754 1638 syndici,
780 1594 951 1627 rationarii
988 1601 1019 1628 ct
1058 1606 1130 1628 exa-

385 1655 491 1681 ctores
518 1648 742 1687 eeclesiarum,
769 1648 1001 1691 capitulorum,
1029 1649 1128 1681 colle-

386 1702 526 1743 giorum,
555 1701 723 1741 domuum,
751 1707 986 1742 conventuum,
1004 1712 1129 1734 monas-

386 1754 542 1787 teriorum
566 1754 763 1796 regularium
791 1755 960 1798 utriusque
975 1765 1080 1795 sexus,
1099 1760 1130 1787 et

386 1807 619 1850 cuiuscumque
646 1808 707 1840 loci
728 1814 756 1840 ct
775 1807 884 1851 operis
911 1808 971 1851 pii,
989 1810 1038 1841 vel
1058 1818 1130 1841 con·

387 1861 597 1903 gregatfflnis,
622 1861 836 1904 autcapituli,
858 1861 922 1904 qui,
943 1861 973 1894 in
993 1862 1128 1905 proprio

386 1914 491 1946 officio
513 1919 545 1946 et
566 1914 750 1947 ministerio
770 1915 954 1947 exercendo
987 1914 1129 1958 aliquam

387 1978 424 1999 ex
466 1967 642 2009 praedietis
680 1967 863 2000 actionibus
896 1974 926 2000 et
963 1968 1130 2001 fraudibus

387 2021 650 2061 committentes,
677 2032 760 2065 quae
791 2022 983 2055 damnantur
1008 2028 1040 2055 et
1064 2033 1121 2065 pu-

388 2074 519 2106 niuntur
544 2075 575 2106 in
595 2075 811 2118 depositariis,
826 2075 971 2116 arcariis,
994 2076 1130 2109 rationa-

388 2128 441 2159 riis
461 2133 491 2160 et
510 2129 715 2162 exactoribus
734 2129 883 2162 Gamerae
902 2134 1031 2162 nostrae
1051 2130 1130 2173 Apo-

389 2181 538 2221 stolicae,
566 2182 597 2214 in
624 2182 833 2224 vectigalibus
867 2183 1074 2225 generalibus
1100 2189 1128 2216 et

389 2235 639 2278 particularibus
676 2235 843 2278 utriusque
881 2246 1029 2268 annonae
1067 2236 1130 2268 sru-

389 2289 564 2321 mentariae
583 2295 609 2320 ei
635 2289 785 2330 grasciac,
806 2300 841 2321 ac
857 2289 970 2322 Montis
989 2289 1128 2332 pictatis,

389 2352 518 2374 mensae
556 2342 586 2374 S.
614 2342 753 2384 Spiritus
782 2347 813 2375 et
838 2342 1058 2385 Depositariae
1077 2343 1131 2375 Ur-

390 2395 492 2427 banae
519 2395 787 2434 commemoratis,
814 2396 927 2438 quovis
954 2396 1051 2428 modo
1078 2396 1131 2428 de-

391 2447 555 2489 liquerint,
577 2458 689 2479 omues
716 2454 745 2481 et
770 2449 888 2490 singuli
915 2449 1029 2482 iisdem
1056 2461 1131 2492 poe-

391 2500 440 2531 nis
461 2511 531 2531 cum
550 2500 615 2531 suis
637 2502 851 2543 complicibus
870 2502 1005 2534 omnino
1024 2503 1130 2536 subia-

391 2558 491 2590 ceant,
511 2564 591 2594 quae
618 2554 647 2585 iu
676 2554 807 2587 eosdem
834 2555 1060 2598 depositarios,
1082 2566 1131 2589 ar-

392 2605 508 2643 carius,
527 2612 692 2639 (viai-tores
714 2609 899 2649 camerinos,
920 2609 1064 2651 aliosque
1081 2619 1130 2642 su-

961 215 1146 239 mmramnn
1173 214 1331 239 nomnen

378 268 472 299 etiam
498 267 585 310 parvi
614 266 708 309 pretii
735 264 973 304 subtraxerint,
999 265 1048 296 vet
1081 274 1117 296 ex
1140 266 1141 280 ³

1913 216 2005 257 An3C.
2027 217 2093 246 1729

1164 263 1271 305 perias
1289 264 1474 298 nominatos
1491 265 1632 298 inflictae
1653 265 1781 298 suerunt
1796 291 1803 305 ‚
1821 265 1904 297 itaut

1164 316 1203 348 de
1230 316 1396 360 utrisque¹
1421 328 1480 361 par
1507 318 1662 351 iudicium
1695 318 1817 351 seratur
1841 318 1901 350 iis-

1165 368 1237 401 dem
1270 369 1376 402 modis
1414 376 1446 403 et
1480 370 1617 403 sonnis'
1642 381 1722 414 quae
1755 370 1904 414 superius

1141 443 1143 450 ·
1164 423 1384 465 praescriptae
1410 423 1550 456 suerunt.

1209 475 1223 518 ξ
1248 475 1301 508 102.
1328 475 1408 514 Quia
1434 487 1509 509 vero
1535 478 1622 510 zelus
1649 477 1808 517 iustitiae,
1840 489 1905 522 quo
1929 491 2098 522 minumum.

1165 528 1251 561 intus
1277 529 1505 569 incendimur,
1532 540 1591 563 nos
1629 535 1742 563 monet
1775 535 1811 563 ut
1846 531 1905 564 has
1916 523 1950 544 ⁸¹³
1974 521 2101 564 ⁰¹¹‘'⁰'¹³¹⁰‘'.

1167 582 1369 624 provisiones
1402 587 1530 615 nostras
1565 583 1755 626 plenissimo
1780 583 1906 618 effectui

1167 636 1364 668 mandandas
1416 636 1691 679 quamplurimum
1733 648 1905 679 curemus,

1165 697 1224 721 nos
1250 689 1442 731 supradictis
1478 689 1542 722 reis
1574 690 1684 723 omnia
1708 691 1909 735 subterfugia

1168 746 1199 774 ct
1224 747 1410 785 praetextus
1435 743 1563 785 cripere
1590 743 1803 784 decrevimus,
1828 755 1910 788 quos

1167 805 1264 837 saepe
1284 805 1421 828 numero
1448 795 1605 828 iudicium
1631 796 1800 830 criminale
1824 807 1912 842 saga-

1168 848 1248 880 citer
1273 848 1467 881 declinaturi
1501 850 1548 882 vel
1572 849 1712 892 rigorem
1731 860 1911 893 poenarum

1168 901 1293 933 vitaturi
1334 902 1478 935 studiose
1512 902 1729 945 conquirunt,
1754 905 1838 937 mata
1879 909 1913 938 et

1170 955 1248 987 salsa
1284 955 1497 998 quarumdam
1534 956 1722 998 regularum
1757 957 1912 999 legalium

1169 1008 1440 1051 interpretatione
1477 1009 1570 1049 freti,
1603 1020 1683 1052 quas
1719 1010 1784 1043 suis
1821 1011 1912 1044 sactis

1169 1061 1308 1105 pessime
1341 1067 1463 1105 aptant.
1498 1063 1675 1106 Propterea
1708 1063 1912 1097 decernimus

1170 1120 1201 1147 et
1233 1114 1423 1148 ordinamus
1463 1126 1503 1148 ne
1541 1116 1628 1148 ullus
1666 1125 1701 1148 ex
1732 1115 1794 1148 iam
1820 1116 1913 1150 dictis

1170 1168 1388 1211 depositariis‚
1409 1168 1550 1208 arcariis,
1577 1168 1790 1210 exactoribus,
1816 1170 1915 1204 ratio-

1170 1221 1279 1261 nariis‚
1305 1220 1447 1264 syndicis
1469 1226 1500 1254 et
1520 1222 1720 1263 custodibus,
1743 1222 1856 1256 aliisve
1874 1233 1912 1256 ex

1170 1274 1345 1306 nominatis
1378 1274 1570 1308 officialibus
1597 1281 1629 1308 et
1653 1274 1810 1309 ministris
1826 1303 1834 1316 ‚
1858 1277 1914 1320 qui

1170 1338 1379 1370 quocumque
1394 1328 1491 1361 modo
1507 1328 1749 1368 contrafecerit,
1764 1333 1796 1362 et
1807 1340 1916 1373 quam-

1170 1391 1308 1423 cumque
1333 1391 1369 1413 ex
1388 1380 1577 1414 memoratis
1600 1391 1754 1424 evpresse
1779 1382 1913 1424 illicitis,

1170 1433 1277 1467 vetitis
1310 1444 1346 1467 ac
1371 1434 1554 1467 criminosis
1580 1435 1759 1468 actionibus
1785 1437 1917 1469 commi-

1170 1487 1271 1527 serit,
1298 1498 1440 1531 unquam
1474 1487 1575 1531 possit
1600 1498 1668 1521 esse
1694 1489 1742 1522 vel
1769 1489 1886 1523 haberi
1904 1490 1915 1506 ⁸

1171 1539 1323 1573 immunis
1351 1546 1382 1573 et
1407 1540 1491 1573 liber
1516 1541 1556 1574 ab
1581 1541 1707 1575 actione
1733 1541 1912 1584 criminali,

1172 1600 1203 1626 et
1228 1604 1266 1627 eo
1293 1594 1397 1627 minus
1434 1594 1580 1627 excusari
1618 1595 1650 1627 in
1686 1594 1793 1639 aliqua
1824 1602 1915 1639 parte.

1173 1646 1294 1687 delicti,
1310 1657 1414 1691 neque
1440 1647 1561 1680 absolvi
1588 1653 1641 1680 aut
1659 1648 1789 1682 liberari
1807 1659 1824 1682 a
1842 1660 1917 1692 qua-

1172 1711 1312 1744 cumque
1338 1704 1454 1744 poen5,
1489 1702 1548 1734 sub
1574 1707 1743 1746 praetextu
1777 1702 1916 1737 cuiusvis

1172 1754 1356 1787 securitatis
1376 1754 1472 1788 abeo
1498 1755 1591 1788 datae
1617 1766 1676 1799 pro
1702 1755 1915 1790 indemnitate

1172 1807 1324 1841 Gamerae
1363 1813 1494 1841 nostrae
1531 1809 1762 1851 Apostolicae,
1798 1809 1914 1843 Montis

1173 1861 1311 1904 pietatis,
1334 1872 1466 1895 mensae
1493 1862 1524 1895 S.
1544 1862 1693 1904 Spiritus,
1715 1863 1763 1895 vel
1782 1863 1916 1896 alterius

1173 1915 1234 1947 loci
1261 1915 1371 1958 piique
1397 1915 1505 1958 operis
1541 1915 1795 1958 praedictorum.
1821 1916 1916 1950 Nullo

1173 1974 1266 2011 pacto
1293 1969 1388 2001 etiam
1407 1969 1435 2001 ei
1461 1969 1564 2012 possit
1588 1974 1643 2001 aut
1667 1969 1785 2002 debeat
1809 1969 1918 2003 suffia-

1173 2022 1240 2064 gari
1268 2022 1452 2065 speciosum
1487 2023 1635 2056 velamen
1671 2022 1918 2056 administrat-io-

1172 2075 1240 2116 nis,
1269 2076 1467 2108 calculorum
1495 2075 1740 2116 faciendorum,
1766 2080 1798 2108 et
1821 2076 1916 2110 ratio-

1174 2140 1248 2161 num
1275 2140 1339 2162 non
1366 2129 1579 2170 redditarum,
1599 2129 1787 2173 similesque
1812 2140 1919 2163 emen-

1173 2182 1297 2215 dicatae
1324 2182 1534 2226 exceptiones
1560 2188 1591 2215 et
1615 2187 1813 2225 praetextus,
1836 2193 1919 2227 quae

1173 2235 1279 2267 omnia
1306 2235 1427 2275 frivola,
1454 2236 1556 2276 levia,
1584 2235 1767 2275 levissima,
1790 2240 1823 2269 et
1847 2236 1918 2269 nul—

1174 2288 1234 2321 lius
1250 2288 1295 2320 vis
1311 2293 1342 2321 et
1359 2288 1514 2321 momenti
1534 2299 1604 2321 esse
1621 2289 1824 2321 declaramus
1842 2293 1919 2322 tam-

1174 2353 1267 2385 quam
1291 2343 1365 2375 dolo
1381 2343 1466 2375 malo
1485 2342 1746 2385 delinquentium
1764 2347 1919 2385 suggesta

1174 2400 1205 2428 et
1231 2396 1423 2438 excogitata.
1451 2396 1724 2438 Quotiescumque
1750 2405 1827 2438 ergo
1867 2395 1920 2428 ali-

1175 2449 1246 2492 quis
1280 2449 1439 2482 eiusmodi
1474 2449 1644 2492 pecuniam
1680 2448 1713 2481 in
1748 2448 1918 2492 proprium

1210 2530 1218 2555 1
1245 2528 1314 2556 Edit.
1336 2528 1414 2555 ttlain.
1437 2528 1501 2561 legit
1521 2528 1674 2563 utrimque
1694 2528 1736 2562 (n.
1752 2528 1804 2562 τ.).

1208 2573 1223 2599 9.
1241 2572 1288 2599 Ed.
1302 2572 1380 2599 Μαίη.
1399 2573 1481 2599 babet
1497 2573 1632 2607 formiter
1647 2580 1694 2608 pro
1709 2572 1814 2607 formis
1823 2571 1917 2608 (nm).

1208 2618 1223 2645 3
1245 2617 1315 2644 Edit.
1337 2617 1421 2644 Maia.
1443 2617 1507 2652 legit
1527 2617 1629 2644 habere
1649 2618 1687 2652 (n.
1703 2616 1753 2651 Τ.).
