2170 3147
9 214 60 240 An.
80 211 108 238 C.
128 211 194 238 ¹7:³6

71 2154 196 2173 Constantia

15 2179 108 2205 Gregorii
119 2180 154 2200 xv
167 2181 196 2198 ‚11-

15 2208 81 2226 teram
105 2207 162 2226 t'auti
181 2206 194 2224 'i'

15 2232 113 2254 referem.

806 210 996 234 BENEDICTUS
1022 210 1076 233 x111
1102 211 1148 233 1²1³.

199 259 402 302 pagationem
427 259 565 301 provide
600 268 767 290 emanasse
802 268 939 290 noscun-

201 318 270 349 tur,
298 316 331 342 ut
363 310 454 342 firma
487 320 616 352 semper
650 316 746 352 atque
779 308 937 341 stabilita¹

200 361 394 405 persistant,
421 362 589 405 apostolici
621 361 833 399 muniminis,
866 372 937 393 eum

201 417 230 448 id
258 426 275 447 a
300 415 392 447 nobis
421 415 562 457 petitur,
589 413 771 456 patrocinio
798 413 940 445 libenter

201 468 460 500 constabilimus.
488 467 611 499 Dudum
644 465 806 507 siquidem
833 466 940 506 (post-

202 530 297 562 quam
324 519 427 551 selicis
466 518 705 551 reeordationis
741 517 856 549 Paulus
883 517 940 548 Pa-

200 582 242 614 pa
266 572 288 603 V
314 573 547 614 praedeeessor
578 576 690 603 noster
714 569 938 612 superioribus

201 624 331 657 Ordinis
370 625 503 656 fratrum
536 625 570 656 B.
606 623 723 655 Mariae
756 623 795 655 de
832 623 939 655 Monte

201 676 351 708 Carmelo
373 677 647 708 llisraleeatorum
669 680 939 717 mmcupatorum,

202 729 348 771 ipsisque
375 729 528 761 fratribus
561 727 790 767 Discalceatis,
816 733 846 759 et
871 727 942 759 ubi-

203 791 265 823 que
300 782 447 814 locorum
483 782 622 824 quilibet
646 782 678 813 in
715 781 858 813 districtu
885 791 941 813 suo

203 834 315 866 domos
333 840 365 866 et
389 834 599 873 monasteria,
620 834 704 866 iuxta
724 833 858 866 Concilii
880 833 942 865 'l'ri-

203 886 327 918 «lentini
354 887 496 923 decreta,
518 886 556 918 de
574 887 642 918 sota
660 885 790 918 licentia
808 885 942 917 Ordina-

204 938 343 978 riorum,
375 940 465 972 nullo
491 939 625 971 aliarum
652 948 864 980 personarum
891 948 943 969 eu-

204 991 302 1023 iusvis
326 991 454 1023 Ordinis
488 991 582 1023 etiam
615 990 812 1031 regularium
839 989 943 1032 requi-

204 1044 268 1076 sito
295 1054 465 1082 consensu,
493 1044 643 1081 condere,
667 1043 800 1075 fundare
827 1047 857 1074 et
882 1042 943 1074 eri-

204 1106 280 1137 gere
307 1097 473 1135 valerent,
501 1095 665 1128 licentiam
702 1101 733 1127 et
760 1096 941 1127 facultatem

204 1149 264 1180 sub
291 1148 386 1180 certis
412 1148 508 1181 modo
534 1153 565 1180 et
593 1148 691 1180 forma
714 1153 789 1179 tune
815 1157 943 1189 expres-

204 1201 248 1233 sis
283 1201 475 1234 auctoritate
511 1200 686 1243 apostoliea
719 1200 942 1235 concesserat)

204 1254 401 1286 recolendae
428 1253 603 1285 memoriae
625 1253 798 1294 Gregorius
817 1252 874 1284 Pr.
894 1252 943 1284 Nx

205 1307 301 1339 etiam
335 1307 567 1349 praedecessor
599 1311 709 1339 noster
741 1306 862 1338 eisdem
897 1316 945 1337 su-

205 1359 390 1402 perioribus
415 1365 445 1391 et
470 1359 652 1401 religiosis,
677 1364 708 1390 nt
745 1359 943 1400 ubicumque

205 1414 349 1445 locorum
387 1412 523 1455 quilibet
558 1412 589 1444 in
624 1411 772 1444 districtu
805 1422 863 1443 suo
890 1411 945 1444 do-

203 1475 274 1498 mos
292 1471 323 1498 et
348 1465 545 1497 monasteria
572 1465 725 1507 praefata,
749 1463 870 1496 etiamsi
890 1464 946 1496 illa

205 1519 276 1551 aliis
296 1519 445 1551 domibus
466 1519 670 1560 regularibus
688 1517 843 1549 Ordinum
862 1517 946 1548 Blen-

205 1570 381 1603 dicantium
408 1572 509 1612 magis
534 1570 635 1602 vicina
661 1575 769 1602 essent
793 1580 886 1611 (tuam
912 1568 944 1600 in

204 1623 388 1666 privilegiis
414 1623 590 1655 Ordinibus
607 1623 864 1655 Mendicantibus
892 1622 946 1653 1111-

205 1677 345 1709 iusmodi
386 1677 549 1709 concessis
596 1676 830 1718 praescriptum
876 1681 944 1714 est,

206 1729 386 1762 dummodo
413 1735 518 1761 tamen
537 1729 779 1761 Ordinatiorum
799 1730 945 1760 locorum

206 1792 382 1824 expressus
407 1782 445 1813 ad
485 1782 547 1814 bor,
574 1782 739 1813 accederet
776 1791 946 1819 assensus,

206 1835 342 1867 fundare
361 1840 392 1867 et
418 1834 545 1876 erigere
570 1840 714 1877 possent,
737 1835 821 1866 dieta
843 1845 889 1865 au.
906 1840 946 1866 to-

206 1887 298 1920 ritate
324 1888 506 1926 concessit,
533 1892 563 1919 et
588 1888 665 1920 alias
692 1893 789 1929 prout
816 1888 946 1919 uberius

206 1940 394 1973 continetur
419 1941 451 1972 in
477 1940 666 1973 eorumdem
701 1941 787 1973 l'anli
815 1947 843 1973 et
871 1941 946 1971 (ire-

206 1992 287 2035 gorii
327 1992 617 2035 praedeeessorum
654 1992 767 2024 litteris
805 1992 947 2034 desuper

206 2045 238 2077 in
264 2045 360 2077 simili
389 2046 490 2077 fornia
509 2045 617 2077 Brevis
643 2045 800 2088 expeditis
823 2045 945 2077 tenoris

207 2097 261 2140 qui
291 2098 446 2141 sequitur,
472 2098 643 2141 videlieet:

253 2151 428 2193 Gresjorius
443 2152 538 2194 Papa
552 2152 581 2184 X
590 2151 623 2190 V,
640 2151 682 2182 ad
698 2156 885 2193 pcipetuam
901 2151 948 2181 rei

208 2205 409 2236 memoriam.
436 2204 521 2236 Alias
542 2215 559 2235 a
586 2204 686 2236 felicis
712 2204 946 2236 recordationis

207 2256 307 2288 Paulo
323 2255 380 2287 PP.
393 2256 413 2285 Y
425 2256 678 2298 praedecessore
694 2261 805 2287 nostro
824 2266 948 2287 emana-

208 2314 283 2340 runt
307 2309 435 2340 litterae
451 2308 572 2340 tenoris
587 2308 766 2350 sequentis,
781 2307 947 2339 videlieet:

254 2361 380 2393 Paulus
396 2361 467 2393 ΡΙ).
492 2360 526 2399 V,
547 2361 588 2392 rid
612 2364 800 2403 perpetuam
825 2361 873 2392 rei
892 2371 949 2392 me·

209 2414 360 2447 vitoriam.
386 2415 430 2445 Ad
454 2413 614 2445 Ecclesiae
642 2413 947 2451 titilitztntis³‚c11iiis

246 2493 256 2518 1
282 2492 402 2523 Forsan,
425 2492 460 2518 uti
482 2493 515 2518 de
536 2500 622 2523 more,
645 2492 759 2518 illibata
780 2492 877 2525 (11312).

245 2537 261 2562 2
281 2537 335 2562 lsta
356 2536 431 2562 Pauli
455 2536 475 2560 V
492 2539 578 2561 const.
594 2544 646 2562 mni
664 2535 804 2570 legebatur
819 2536 844 2561 in
861 2536 951 2561 nutta-

981 257 1148 299 regimini,
1175 258 1252 290 lieet
1284 257 1455 297 immeriti,
1481 257 1585 290 divina
1612 258 1722 300 dispo-

981 315 1078 342 nente
1104 311 1287 349 clementia,
1312 310 1545 352 praesidemus,
1571 311 1721 353 amplitu-

982 361 1089 393 dinem
1115 362 1197 394 niliil
1223 362 1324 403 magis
1351 362 1588 401 necessarium,
1624 374 1720 406 quam

982 413 1202 454 perfectorum
1233 414 1370 446 militum
1396 414 1514 446 Christi
1540 415 1721 448 multitudi-

984 474 1055 496 nem
1083 465 1313 497 existimamus.
1333 465 1410 498 Cum
1432 466 1538 508 igitur,
1557 468 1639 499 sieut
1657 478 1723 501 ma-

983 527 1046 558 gno
1065 527 1135 549 eum
1154 517 1314 560 spirituali
1333 519 1451 559 gaudio
1470 525 1579 552 nostro
1598 522 1724 563 accepi-

984 579 1063 607 mus,
1084 569 1192 601 dilecti
1220 570 1274 602 alii
1294 571 1437 612 religiosi
1465 572 1594 605 Ordinis
1612 574 1645 605 B.
1666 574 1725 606 Ma-

984 621 1051 653 riae
1077 622 1116 654 de
1141 622 1249 655 Monte
1275 623 1429 663 Carmelo,
1449 624 1639 658 Carmelitae
1661 627 1724 659 Dis-

984 675 1116 707 calceati
1142 676 1329 717 nuncupati,
1350 682 1410 708 tam
1437 677 1468 708 in
1496 678 1723 719 Hispaniarum

986 727 1093 769 regnis
1108 738 1201 770 qnam
1218 728 1248 760 in
1266 728 1375 761 ltaliae
1393 735 1424 761 et
1440 729 1517 762 Novi
1532 730 1624 762 Orbis
1643 732 1727 764 aliis-

985 790 1048 822 que
1066 781 1177 812 mundi
1196 781 1340 823 partibus
1359 787 1495 824 pergant
1512 783 1639 816 assidue
1658 785 1723 818 Deo

986 838 1016 865 et
1030 833 1190 865 Ecclesiae
1206 839 1333 866 sanetae
1354 844 1430 866 suae
1444 836 1623 877 perfeetum
1639 838 1727 869 exbi—

986 885 1062 917 bere
1078 886 1273 923 famulatum,
1293 896 1358 918 non
1378 888 1484 919 solum
1503 887 1562 929 ipsi
1583 888 1647 921 Deo
1670 900 1727 931 per

985 938 1162 970 orationem
1178 944 1208 970 et
1223 939 1530 981 contemplationem
1546 942 1658 974 sedulo
1675 954 1727 974 va-

986 996 1106 1029 cantes,
1125 1001 1236 1022 verum
1264 992 1358 1023 etiam
1385 992 1567 1025 animarum
1591 995 1728 1027 salntem

987 1044 1136 1084 exemplo
1164 1049 1195 1075 et
1222 1044 1368 1076 doctrina
1389 1045 1527 1078 sollicite
1552 1057 1729 1088 procuran-

988 1101 1051 1134 tes·‚
1070 1106 1208 1138 cumque
1227 1096 1258 1128 in
1278 1097 1347 1129 dies
1368 1098 1488 1131 l'ruetus
1507 1099 1673 1131 uberiores
1691 1112 1727 1132 ex

988 1148 1092 1180 ‹lit-tae
1127 1149 1295 1191 religionis
1327 1151 1561 1193 propagatione
1595 1153 1730 1185 benedi-

988 1208 1080 1233 cente
1106 1202 1242 1234 llomino
1261 1203 1415 1244 sperandi
1440 1204 1521 1236 sint:
1549 1215 1606 1236 nos
1624 1206 1662 1237 ad
1680 1216 1728 1244 ea,

988 1265 1068 1297 quae
1091 1255 1321 1296 religiosorum
1345 1257 1535 1289 eorumdem
1553 1265 1729 1299 :augmento

988 1309 1103 1340 cedere
1129 1314 1275 1351 possunt,
1303 1310 1530 1350 concedenda,
1557 1317 1652 1354 atque¹
1679 1322 1727 1350 ea,

988 1373 1069 1404 <suae
1089 1362 1152 1394 illis
1172 1362 1203 1393 in
1223 1362 1285 1394 hoc
1304 1362 1571 1405 impedimentum
1597 1365 1729 1409 aliquod

989 1414 1117 1446 adferre
1133 1414 1380 1456 dignoscuntur,
1396 1416 1601 1456 removenda,
1617 1417 1731 1450 merito

989 1466 1221 1508 propensiores
1237 1476 1356 1499 sumus.
1369 1466 1485 1507 Quare,
1496 1474 1585 1501 motu
1597 1469 1730 1512 proprio

989 1524 1066 1551 etex
1088 1518 1172 1551 certa
1191 1519 1326 1551 seientia
1340 1530 1377 1552 ac
1390 1522 1478 1552 mera
1493 1521 1730 1555 deliberatione

989 1574 1108 1610 nostra,
1129 1572 1233 1614 deque
1261 1573 1461 1615 apostolieae
1479 1575 1650 1617 potestatis
1666 1576 1732 1617 ple-

990 1625 1150 1664 nitudine,
1169 1625 1315 1657 eiusdem
1337 1625 1466 1658 Ordinis
1486 1627 1731 1661 Carmelitarum

989 1678 1730 1724 Disealceatornmsuperioribusetreligiosis,

990 1736 1024 1761 ut
1047 1730 1168 1772 ubique
1195 1732 1338 1763 locorum
1361 1731 1501 1774 quilibet
1525 1733 1555 1764 in
1584 1733 1731 1765 districtu

989 1793 1058 1822 suo,
1075 1783 1159 1815 iuxta
1178 1783 1360 1816 litterarum
1377 1784 1479 1817 felicis
1495 1786 1732 1819 recordationis

989 1836 1164 1868 Clementis
1185 1836 1239 1868 [Ψ.
1262 1837 1323 1868 ΥΙΙΙ
1345 1838 1605 1879 praedm-essoris
1625 1840 1731 1872 nostri

990 1899 1086 1931 super
1119 1889 1284 1920 erectione
1318 1890 1588 1931 (Jongregationis
1621 1892 1730 1925 ltaliae

990 1941 1147 1984 praedicti
1165 1942 1306 1980 Ordinis,
1327 1942 1384 1973 sub
1404 1943 1511 1975 datum
1530 1954 1585 1977 xni
1604 1955 1732 1978 novem·

990 1994 1056 2025 bris
1090 1994 1165 2025 anni
1193 1994 1320 2026 Domini
1347 2003 1411 2027 nnc
1443 1996 1653 2037 pontificatus
1680 1998 1730 2030 sui

990 2057 1075 2079 anno
1102 2058 1130 2080 ix
1158 2047 1396 2089 expeditarum,
1424 2048 1558 2081 sormam
1586 2053 1617 2082 et
1641 2056 1732 2083 teno-

991 2110 1079 2138 rem,
1112 2110 1206 2142 quem
1234 2100 1463 2142 praesentibus
1489 2111 1547 2143 pro
1573 2112 1731 2144 expresso

993 2151 1104 2183 baberi
1130 2153 1287 2188 volumus,
1314 2152 1428 2185 domos
1454 2158 1485 2185 et
1510 2155 1730 2193 monasteria,

991 2204 1078 2235 iuxta
1095 2203 1216 2236 Concili
1239 2203 1419 2236 Tridentini
1438 2205 1579 2244 decreta,
1604 2206 1644 2238 de
1662 2208 1732 2239 sola

992 2257 1121 2289 lieentia
1159 2257 1407 2289 Orz‘linariorum
1425 2284 1431 2295 ,
1470 2259 1561 2291 1111110
1595 2259 1730 2291 aliarum

991 2319 1205 2351 personarum
1231 2309 1370 2341 cuiusvis
1395 2309 1535 2350 Ordinis,
1554 2311 1651 2343 etiam
1682 2322 1733 2344 re-

992 2361 1162 2401 gularium,
1188 2361 1344 2403 requisito
1371 2372 1547 2399 consensu.
1572 2364 1729 2404 condere,

993 2413 1128 2444 fundare
1154 2418 1185 2443 et
1210 2413 1336 2454 erigere.
1363 2414 1509 2453 valeant,
1539 2417 1731 2449 auctoritate

993 2465 1182 2507 apostolica,
1194 2470 1305 2497 tenore
1321 2466 1731 2508 praesentium,licentiam

993 2523 1024 2551 et
1042 2519 1222 2549 facultatem
1238 2518 1449 2551 concedimus
1465 2524 1495 2551 et
1513 2520 1730 2563 indulgemus.

211 2579 250 2606 rio
270 2584 337 2606 tom.
359 2587 393 2610 xi,
416 2588 477 2614 pag.
498 2580 550 2606 :230
570 2584 676 2605 nostrae
697 2579 822 2605 editionis
843 2586 880 2613 (a.
901 2584 949 2605 τ,1.
970 2591 973 2610 4
992 2571 1059 2602 Non
1080 2569 1282 2603 obstantibus
1299 2571 1441 2604 eiusdem
1455 2571 1628 2605 Clementis
1642 2584 1733 2616 prae-

1615 199 1680 233 303
1726 210 1778 236 An.
1801 209 1829 237 c.
1848 211 1914 237 1726
