2170 3147
210 212 262 240 An.
280 212 309 240 c.
333 211 401 240 172ss
445 204 510 237 446

407 262 486 294 alias
506 262 763 306 quomodolibet,
783 273 818 295 ex
839 265 980 306 persona
1001 263 1145 296 eiusdem

406 314 562 357 Stephani
599 316 687 348 ducis
719 316 923 355 vacavisset,
952 322 983 349 et
1009 317 1145 349 alterum

993 213 1174 238 BULLAmUM
1199 213 1358 239 ROMANUM

1190 265 1357 304 volentes,
1391 275 1427 297 ac
1466 263 1610 297 omnium
1652 269 1684 298 et
1724 264 1932 306 singulorum

1191 317 1500 361 chirographorum,
1527 318 1662 351 cedulae
1684 316 1932 361 motnsproprii,

406 368 512 400 osticia
544 369 711 401 custodiae
745 369 857 402 Portae
895 368 1052 402 Ostiensis
1089 380 1145 402 seu
1167 362 1169 412 ξ
1191 370 1370 403 litterarum
1398 376 1429 403 et
1454 371 1688 413 scripturarum
1715 370 1931 414 praefatarum

405 419 437 452 S.
458 420 545 453 Pauli
573 427 780 464 nuncupatae
801 422 839 455 de
861 422 945 455 Urbe
964 421 1144 465 praedicta,

405 526 528 566 ultimi,
554 527 629 559 dum
655 527 800 568 viveret,
828 527 930 571 ipsius
956 533 1067 570 portae
1093 537 1147 560 cu-

405 580 528 619 stodis,
555 586 622 613 tum
658 591 794 621 vacans,
821 591 894 613 cum
914 581 1066 614 omnibus
1092 591 1146 614 eo-

1191 429 1320 456 tenores
1346 424 1441 457 etiam
1467 423 1613 456 veriores
1640 428 1671 456 et
1701 423 1791 455 datas
1820 433 1855 455 ac
1879 433 1933 455 oc-

404 483 463 515 per
480 474 603 506 obitum
623 475 788 517 quondam
807 475 922 507 Iuliani
935 475 1144 518 Capranieae,
1166 465 1169 507 i

1190 477 1337 510 casiones
1355 505 1362 518 ,
1390 483 1421 509 et.
1450 477 1512 509 alia
1546 477 1641 509 etiam
1667 476 1800 520 speciali
1825 487 1861 509 ac
1885 475 1934 508 in-

1167 554 1168 572 ,
1190 531 1321 563 dividua
1347 530 1559 573 expressione
1578 530 1686 572 digna,
1704 529 1932 573 praesentibus

1166 577 1169 634 Ι
1189 594 1249 627 pro
1275 584 1371 626 plene
1397 588 1428 616 et
1445 583 1650 616 sufficienter
1666 582 1839 626 expressis,
1856 592 1932 626 spe-

405 634 552 667 rumdem
570 634 751 667 officiorum
770 635 985 677 proventibus
1007 640 1038 667 et
1059 645 1147 668 emo·
1166 636 1168 687 ἰ
1189 637 1334 676 citicatis,
1355 647 1391 669 ac
1409 637 1448 669 de
1466 636 1567 669 verbo
1589 636 1628 669 ad
1647 636 1779 669 verbum
1799 635 1933 669 insertis

406 687 582 728 luinentis;
610 688 685 720 item
728 688 804 721 duas
845 698 949 731 aquae
989 687 1146 732 perennis
1165 689 1168 735 4
1189 691 1361 731 habentes,
1387 689 1614 730 haereditatis,
1635 688 1828 730 officiorum,
1856 689 1934 722 dua-

404 740 516 773 uncias
562 751 598 774 ex
631 742 715 784 aqua
746 741 845 774 Paula
887 740 983 774 etiarn
1022 751 1167 773 nuncu-¹

405 793 502 838 pata¹
529 794 567 827 dc
605 793 690 827 Urbe
723 794 866 837 praefata
900 794 1142 833 desumendas3

404 954 588 997 parochiali
614 954 753 986 ecclesia
785 952 817 986 S.
850 953 967 986 Mariae
994 953 1033 986 de
1059 952 1145 985 Mon-

405 1060 532 1103 liusque
556 1061 716 1093 bonorum
751 1062 814 1092 unzi
848 1070 920 1092 cum
954 1059 1024 1103 ipsa
1050 1069 1145 1102 paro-

404 1113 503 1147 chiali
537 1114 674 1146 ecclesia
710 1113 837 1146 dilectis
874 1112 947 1146 tiliis
976 1102 1167 1156 presbyte-l

403 1167 447 1200 ris
472 1167 695 1199 saecularibus
730 1166 1000 1209 Congregationis
1024 1165 1146 1198 Doctri-

403 1278 598 1313 secutarum,
625 1273 768 1313 vincam,
803 1283 898 1315 quam
925 1273 963 1305 de
989 1271 1145 1315 Gagliano

402 1331 537 1365 vocant,
562 1326 593 1358 in
631 1325 766 1368 regione
807 1325 861 1358 ubi
897 1325 1076 1368 vulgariter
1101 1325 1146 1358 di-

404 1379 485 1411 citur
510 1378 711 1412 Monlererdc
737 1383 827 1412 extra
852 1384 979 1422 portam
1005 1378 1036 1412 S.
1064 1378 1146 1411 Pan-

404 1539 636 1572 canonicorum
663 1539 841 1572 saecularis
866 1544 898 1572 et
921 1539 1060 1581 insignis
1082 1540 1146 1572 col-

404 1592 543 1635 legiatae
566 1592 596 1625 S.
617 1592 734 1625 Mariae
760 1592 1002 1635 Transtyberim
1028 1593 1067 1625 de
1094 1594 1144 1625 ea-

404 1645 477 1678 dem
501 1644 608 1685 Urbe,
646 1645 738 1678 sicuti
776 1645 873 1678 etiam
911 1645 1044 1688 triginta
1073 1647 1144 1679 loca

403 1698 563 1731 montium
589 1698 740 1731 Gamerae
777 1704 909 1731 nostrae
935 1698 1144 1742 Apostolicae

402 1762 470 1785 non
487 1752 693 1794 vacabilium,
713 1752 916 1785 diversarum
932 1752 1143 1793 erectionum,

404 1815 476 1838 cum
495 1805 663 1848 sexaginta
681 1805 867 1838 centesimis
893 1805 1041 1849 partibus
1067 1805 1145 1838 alte-

403 1857 470 1890 rius
496 1858 557 1890 loci
584 1858 712 1898 similis,
734 1858 882 1891 iniuncto
910 1864 1017 1891 tamen
1043 1869 1143 1892 onere

404 1910 635 1944 celebrationis
660 1912 841 1952 missarum,
864 1922 899 1944 ac
926 1911 1056 1945 demum
1082 1912 1145 1945 alia

405 1964 535 2006 triginta
570 1970 640 1997 octo
673 1966 763 2005 loca,
790 1975 827 1998 ac
859 1965 1001 2008 quinque
1034 1971 1144 1998 cente-

404 2016 500 2051 simas
524 2023 636 2061 partes
661 2018 795 2051 alterius
821 2019 883 2052 loci
908 2018 993 2061 paris
1022 2019 1142 2052 montis

405 2237 502 2274 prout
524 2232 557 2264 in
584 2233 720 2265 diversis
755 2232 878 2275 pariter
913 2232 1144 2275 chirographis

406 2338 531 2380 proprii
568 2339 626 2371 sul)
661 2339 819 2382 plumbo,
844 2350 899 2372 seu
926 2339 996 2372 aliis
1028 2339 1144 2372 litteris

407 2395 439 2422 et
464 2392 631 2434 scripturis
658 2392 798 2435 desuper
831 2392 986 2425 consectis
1011 2391 1144 2425 uberius

1188 754 1258 776 rum
1276 743 1443 775 unciarum
1463 752 1578 786 aquae,
1599 741 1714 775 vineae
1734 746 1767 774 et
1786 742 1932 774 locorum

1188 797 1347 830 montium
1372 795 1560 828 huiusmodi
1587 793 1852 839 applicationem,
1885 804 1934 828 as-

404 857 543 887 necnon,
565 847 736 880 occasione
755 846 998 891 suppressionis
1019 846 1145 879 contra·
1165 862 1167 879 ¹,

406 900 567 933 ternitatis
604 901 664 933 sub
705 900 798 933 titulo
840 899 1072 944 Redemptoris
1112 899 1144 931 in
1165 901 1167 932 ἰ

1189 849 1433 892 signationem,
1469 848 1720 881 concessionem
1758 858 1795 880 ac
1832 847 1932 880 dona-

1190 902 1309 936 tionem
1351 902 1438 935 dicto
1463 900 1618 944 hospitali
1643 911 1702 944 per
1736 910 1797 933 nos
1832 900 1932 934 saetas

1189 1010 1296 1043 dulam
1326 1008 1562 1052 inotusproprii
1599 1007 1659 1041 sub
1691 1007 1847 1051 plumbo,
1875 1018 1931 1040 seu

1189 1062 1267 1095 alias
1293 1063 1417 1095 litteras
1444 1072 1481 1094 ac
1507 1061 1685 1105 scripturas
1712 1069 1932 1104 quascumque

1189 1116 1330 1159 desuper
1366 1119 1556 1154 emanatas,
1599 1124 1672 1146 cum
1712 1113 1865 1147 omnibus
1903 1118 1934 1146 et

1166 1169 1324 1212 ¹singulis
1355 1169 1386 1201 in
1419 1168 1466 1201 eis
1495 1167 1659 1201 contentis
1685 1172 1718 1201 et
1749 1166 1931 1210 expressis,

403 1230 464 1253 nae
485 1219 688 1253 Christianae
714 1219 942 1263 applicationis
968 1219 1145 1252 novissime
1166 1213 1168 1234 '¹

1190 1227 1288 1263 motu,
1313 1221 1449 1255 scientia
1474 1227 1506 1254 et
1530 1220 1701 1264 potestatis
1727 1211 1932 1263 plenitudine

1167 1275 1342 1319 paribus,
1382 1275 1498 1307 harum
1531 1274 1617 1307 serie
1649 1272 1877 1306 confirmamus
1903 1278 1934 1306 et

1167 1364 1168 1368 ,
1190 1328 1422 1372 approbamus,
1442 1338 1493 1367 ac,
1514 1331 1676 1371 quatenus
1696 1336 1779 1369 opus
1804 1325 1857 1366 sit,
1876 1325 1934 1358 illa

1190 1382 1299 1415 omnia
1325 1386 1356 1415 et
1381 1381 1509 1423 singula
1533 1380 1739 1420 innovamus,
1767 1389 1803 1412 ac
1820 1383 1931 1413 exacte

404 1432 495 1466 cratii
533 1432 642 1474 sitam,
681 1433 720 1466 de
757 1433 881 1466 directo
916 1432 1061 1466 dominio
1099 1432 1168 1471 ‹ii-3

403 1485 565 1518 lectorum
603 1485 729 1528 pariter
765 1484 903 1518 filiorum
945 1485 1078 1528 capituli
1115 1484 1168 1518 et'

1190 1439 1221 1467 et
1232 1434 1424 1467 inconcusse
1440 1433 1560 1467 servari
1576 1432 1808 1477 praecipimus,
1822 1432 1933 1475 eisque

1189 1488 1388 1522 inviolabilis
1406 1492 1438 1520 et
1454 1492 1632 1531 perpetuae
1657 1486 1818 1519 firmitatis
1835 1486 1934 1519 robur

1189 1541 1407 1585 adiungimus,
1435 1550 1561 1573 necnon
1592 1550 1704 1573 omnes
1730 1543 1762 1573 et
1785 1539 1933 1582 singulos

1166 1600 1167 1643 g
1189 1595 1271 1627 iuris
1297 1600 1329 1627 et
1355 1593 1428 1627 facti
1455 1604 1491 1626 ac
1512 1593 1754 1626 solemnitatum
1781 1602 1934 1636 quarum-

1189 1658 1350 1691 cumque,
1389 1653 1453 1680 tam
1490 1657 1526 1680 ex
1567 1646 1646 1679 iuris
1686 1645 1867 1679 communis
1903 1650 1935 1679 et

1166 1692 1458 1734 {constitutionum
1492 1699 1747 1743 apostolicarum
1775 1698 1935 1742 praescri-

1166 1776 1167 1795 ,
1189 1759 1257 1797 pto,
1283 1763 1380 1797 quam
1406 1752 1485 1786 alias
1517 1752 1769 1795 quomodolibet
1792 1751 1826 1784 in
1851 1750 1936 1784 simi-

1189 1807 1274 1840 libus
1312 1807 1408 1839 etiam
1448 1806 1487 1838 de
1522 1806 1719 1839 necessitate
1761 1805 1935 1838 observan-

1166 1866 1167 1869 ’
1189 1861 1324 1899 darum,
1352 1864 1384 1892 et
1408 1859 1489 1891 alios
1516 1859 1682 1902 quoslibet
1715 1857 1881 1898 desectus,
1907 1857 1934 1891 si

1166 1908 1243 1959 ]qui
1269 1914 1301 1945 in
1327 1912 1515 1956 praemissis
1553 1912 1667 1955 quovis
1704 1911 1804 1944 modo
1838 1911 1935 1944 inter-

1188 1966 1347 2006 venerint,
1375 1976 1431 1998 seu
1458 1965 1675 1998 intervenisse
1693 1964 1767 2005 dici,
1791 1964 1932 2005 censeri,

1165 2017 1167 2064 J
1188 2019 1328 2062 intelligi
1367 2021 1416 2053 vel
1458 2018 1629 2063 praetendi
1669 2023 1827 2061 possent,
1867 2028 1933 2051 am-

404 2080 471 2104 non
487 2071 640 2104 vacabilis
658 2071 846 2112 restaurati,
865 2071 1001 2114 primae,
1029 2082 1144 2105 secun·
1165 2066 1167 2102 j

406 2124 464 2158 dae
492 2130 523 2158 et
549 2125 661 2158 tertiae
694 2125 885 2165 erectionis,
911 2135 994 2168 quae
1020 2125 1060 2158 ad
1085 2126 1166 2159 Da-³

405 2178 519 2211 tariam
538 2178 755 2221 Apostolicam
774 2178 976 2222 spectabant3
997 2182 1029 2211 et
1053 2178 1142 2219 alias,
1165 2184 1166 2194 ¹

1187 2073 1336 2117 piissime
1360 2084 1396 2107 ac
1419 2073 1577 2106 latissime
1603 2072 1796 2116 supplemus
1823 2076 1855 2105 et
1882 2081 1933 2104 sa-

1188 2137 1318 2160 namus.

1231 2180 1245 2223 g
1280 2179 1333 2212 4⁶2.
1376 2179 1536 2218 Quoniam
1569 2189 1648 2213 vero
1688 2179 1774 2212 idem
1812 2178 1929 2222 hospi·

1188 2233 1250 2266 tale
1273 2244 1308 2266 ex
1331 2233 1526 2276 primodicto
1548 2232 1805 2266 seneschallatus
1825 2231 1931 2265 officio

406 2294 502 2317 manu
528 2287 639 2318 nostra
657 2286 860 2330 subscriptis,
883 2286 998 2319 cedula
1022 2291 1144 2319 motus·
1165 2286 1167 2296 '

1188 2287 1312 2319 nullum
1340 2296 1458 2330 capere
1490 2286 1615 2329 poterit
1648 2286 1927 2327 emolumentum,

1187 2339 1343 2383 quamdiu
1365 2340 1529 2383 praefatus
1551 2340 1614 2373 dux
1633 2339 1758 2379 vixerit,
1785 2338 1931 2382 illudque

1165 2393 1380 2435 :obtinuerit‚
1418 2405 1459 2427 ne
1491 2393 1614 2426 interea
1638 2392 1832 2426 necessariis
1858 2392 1932 2425 red-

407 2443 617 2485 continctur)·.
641 2455 710 2484 nos,
733 2445 986 2487 praemissorum
1002 2444 1145 2477 sit-missi·
1165 2433 1167 2491 f

1188 2446 1309 2479 ditibus
1336 2452 1466 2487 careat,
1495 2447 1734 2490 quadringenta
1759 2450 1848 2479 scuta
1864 2455 1930 2479 mo-

405 2506 475 2529 mae
490 2496 644 2529 validitati
664 2497 836 2540 providere
859 2498 1029 2541 maiusque
1045 2497 1145 2530 robur
1165 2498 1167 2541 l
1187 2504 1300 2539 nctae,
1316 2499 1355 2532 ad
1374 2499 1537 2532 rationem
1556 2499 1710 2532 iuliorum
1735 2498 1850 2531 decem
1870 2508 1930 2541 pro

407 2555 438 2583 et
462 2549 643 2592 pleniorem
676 2549 851 2582 efficaciam
884 2551 930 2583 eis
963 2548 1166 2593 adiungere}

442 2612 452 2638 1
475 2610 546 2638 Edit.
568 2609 644 2637 Main.
669 2610 732 2645 legit
751 2614 951 2646 nuncupatum
966 2614 1005 2647 (a.
1022 2612 1072 2647 T.).

1188 2552 1338 2594 quolibet
1362 2557 1453 2585 scuto
1467 2578 1474 2591 ,
1494 2562 1531 2584 ex
1557 2551 1773 2595 eleemosynis
1793 2560 1876 2593 quae
1895 2559 1932 2584 ex

1165 2607 1166 2612 ’
1187 2605 1423 2648 componendis
1449 2605 1733 2648 dispensationum
1762 2604 1931 2639 matrimo-

1943 215 1993 244 ΑΙ.
2008 214 2038 244 C.
2058 215 2127 246 ¹726

1165 946 1167 999 f
1188 962 1222 989 ut
1246 957 1446 1000 praefertur,
1473 965 1603 989 necnon
1628 954 1861 997 chirographa,
1886 964 1947 987 ce-‹

406 1007 522 1040 ticellis
548 1007 651 1039 dictae
689 1006 782 1039 Urbis
817 1003 894 1039 alias
933 1011 1083 1045 erectae,
1108 1005 1144 1038 il-
1166 1019 1167 1054 ]

1977 2183 2061 2205 Annuus
2078 2189 2126 2210 pro«

1942 2212 2015 2231 ventus
2055 2211 2124 2232 uidem

1941 2237 2040 2262 hospitali
2098 2238 2124 2257 ad

1941 2266 2023 2290 tempus
2051 2263 2125 2284 tribut-

1941 2294 1980 2313 tur.
