2170 3147
440 220 502 254 550

579 279 765 306 Benedictus
787 278 969 311 episcopus,

591 331 700 351 servus
721 329 877 350 servorum
898 321 960 353 Dei,

500 371 537 395 ad
567 371 749 402 perpetuam
777 367 824 394 rei
854 366 1044 394 memoriam.

205 232 256 257 Αη.
277 231 306 259 C.
325 231 391 257 1727

310 452 390 471 ..unii-
448 439 582 472 Maxima
608 437 786 480 vigilantia,
805 447 899 480 quam
926 437 1066 469 maiores
1090 447 1149 469 no-

227 532 231 536 ,
321 479 461 525 “¹‘i'i'stri
489 491 520 524 in
547 501 656 525 rerum
690 501 822 523 suarum
861 490 1083 523 monumentis
1108 491 1147 523 ad

206 534 277 578 {iiiia
359 538 569 589 ‘'*posterum
595 545 787 577 memoriam
815 544 998 577 retinendis
1021 554 1149 587 semper

404 599 637 638 adhibuerunt,
660 598 742 631 adeo
762 603 879 631 testata
906 604 937 630 et
962 598 1082 641 passim
1102 598 1149 630 lit-

405 652 482 685 teris
503 651 619 685 tradita
645 657 701 691 est,
720 656 755 683 ut
780 651 899 684 nostris
925 650 1034 683 verbis
1059 661 1136 693 prae

405 705 506 738 dicari
540 704 672 737 minime
705 709 819 747 egeat;
857 704 941 736 nihil
968 703 1054 736 enim
1082 703 1149 735 sre-

407 758 561 801 quentius
598 757 629 789 in
668 763 815 790 veterum
851 763 980 800 patrum
1021 756 1150 799 scriptis

405 812 573 854 sacrisque
592 811 809 844 conciliorum
837 815 868 843 et
892 810 1057 843 Ecclesiae
1083 820 1151 842 san-

406 865 571 898 ctionibus
595 864 724 908 legitur,
752 874 847 907 quam
873 863 1006 903 scrinia,
1027 863 1151 896 tabula-

406 917 464 957 ria,
490 917 650 957 archivia,
678 917 865 950 conditoria
891 921 922 949 et
948 916 1107 954 armaria,
1135 926 1152 948 a

407 977 592 1015 temporum
618 976 717 1014 atque
743 971 915 1003 hominum
941 969 1058 1002 iniuria
1083 980 1150 1002 ser-

406 1024 518 1058 vandis
560 1034 672 1057 rerum
717 1029 882 1066 gestarum
926 1022 1151 1062 documentis,

407 1078 546 1118 chartis,
566 1076 801 1121 diplomatibus
815 1104 822 1117 ‚
842 1076 1011 1110 codicibus
1037 1076 1154 1108 instru-

407 1131 591 1174 mentisque
635 1135 850 1169 constructa3
883 1130 970 1163 unde
1007 1129 1087 1162 tides
1124 1134 1155 1161 et

408 1185 527 1218 veritas
554 1194 665 1217 rerum
691 1184 729 1216 ad
754 1193 980 1216 successorum
1003 1182 1155 1214 recorda-

409 1239 529 1272 tionem
568 1237 743 1270 transmitti
781 1242 903 1281 posset.
932 1236 995 1269 Nec
1033 1241 1154 1269 tantum

408 1296 536 1325 veteres
571 1291 703 1335 quidem
737 1290 874 1323 Romani
901 1289 1074 1322 Pontifices
1101 1299 1155 1322 an-

409 1351 590 1379 tecessores
616 1345 720 1378 nostri
746 1344 948 1387 singularem
974 1344 1060 1376 hanc
1085 1354 1157 1386 pro-

409 1400 584 1433 videntiam
603 1399 635 1432 in
654 1398 879 1432 custodiendis
898 1398 1057 1431 eiusmodi
1076 1398 1155 1430 actis

411 1459 444 1487 et
468 1453 688 1487 monumentis
713 1452 893 1486 identidem
919 1451 1155 1492 ostenderunt;

411 1508 468 1542 sed
494 1513 677 1541 ceterarum
703 1517 835 1550 quoque
863 1506 1075 1539 ecclesiarum
1102 1516 1157 1548 pa-

412 1561 558 1595 storibus
585 1564 693 1592 tantae
719 1559 764 1592 rei
785 1560 924 1602 gravitas
951 1558 1087 1591 maxime
1114 1559 1158 1591 in-

412 1614 540 1654 notuit,
560 1618 806 1658 proptereaque
833 1623 941 1645 rerum
966 1612 1027 1644 sibi
1054 1612 1158 1645 credi-

412 1675 517 1701 tarum
544 1672 643 1700 testes
674 1667 799 1699 litteras
834 1667 873 1699 ad
905 1665 1157 1699 instructionem

413 1722 594 1754 futurorum
608 1722 734 1753 summa
750 1719 811 1753 fide
830 1719 950 1753 servari
970 1721 1159 1758 voluerunt,

414 1774 536 1819 quippe
563 1773 616 1817 qui
643 1773 746 1816 probe
765 1778 899 1806 nossent
917 1778 1057 1815 quantae
1084 1772 1159 1805 inde

413 1828 570 1861 utilitates
590 1832 773 1860 manarent.
797 1826 819 1858 E
837 1825 1087 1864 recentioribus,
1109 1836 1160 1858 ec-

415 1881 613 1915 clesiasticae
628 1880 823 1923 disciplinae
840 1884 1008 1923 reparator
1022 1879 1159 1922 insignis

415 1935 451 1968 B.
479 1934 612 1967 Carolus
639 1934 854 1967 Borromaeus
880 1933 911 1966 S.
929 1933 965 1965 R.
986 1932 1020 1965 E.
1048 1933 1157 1966 cardi-

416 1987 499 2020 nalis
517 1991 548 2018 ct
567 1986 838 2030 archiepiscopus
857 1985 1111 2018 Mediolanensis
1128 1986 1160 2018 in

417 2041 558 2073 concilio
576 2039 771 2084 provinciali
790 2039 905 2083 primo,
921 2049 983 2072 non
1003 2039 1057 2072 uni
1074 2050 1160 2080 suae,

417 2095 473 2127 sed
506 2099 691 2127 ceterorum
725 2093 823 2127 etiam
856 2093 1035 2126 antistitum
1061 2094 1163 2126 cccle-

419 2147 487 2187 siis,
513 2158 626 2180 sacrae
651 2157 728 2180 suae
755 2146 930 2190 metropoli
952 2146 1161 2187 contributis,

418 2210 541 2233 summe
560 2200 656 2240 cavit,
675 2199 716 2232 ob
738 2199 867 2232 illarum
891 2199 959 2232 iura
978 2204 1062 2232 sarta
1081 2204 1163 2232 tecta

419 2253 577 2286 servanda
615 2254 654 2286 de
692 2252 831 2286 archivis
868 2258 900 2285 et
936 2253 1103 2286 tabulariis
1132 2253 1163 2285 in

419 2307 558 2350 singulis
583 2306 829 2350 episcopatibus
848 2305 1014 2349 speciatim
1036 2306 1166 2348 crigen-

421 2360 470 2392 dis
499 2359 682 2403 peculiares
707 2370 850 2393 canones
874 2359 1077 2403 promulgari
1104 2365 1166 2392 sta-

422 2416 527 2451 tuens,
547 2412 634 2454 quod
661 2418 693 2444 et
708 2422 779 2452 nos,
797 2417 862 2445 tam
882 2422 1013 2455 gravem
1031 2417 1062 2444 et
1079 2412 1165 2455 piam

423 2463 628 2506 disciplinam
654 2475 731 2507 prae
758 2465 862 2498 oculis
888 2465 1056 2505 habentes,
1087 2464 1165 2498 olim

422 2517 455 2550 in
492 2517 634 2550 concilio
673 2524 783 2552 nostro
825 2518 1016 2562 provinciali
1057 2518 1165 2562 primo

423 2572 676 2610 Beneventano,
709 2572 775 2605 Deo
813 2574 965 2612 favente,
994 2572 1165 2605 statuimus

423 2624 580 2658 maiorum
607 2626 755 2669 exempla
782 2626 883 2658 secuti
900 2652 908 2665 ‚
936 2626 990 2668 qui
1030 2625 1061 2657 in
1097 2626 1164 2658 suis

992 227 1171 250 BELLA-mvii
1197 227 1353 250 ROMANUM

1935 227 1986 252 An.
2009 227 2039 252 C.
2058 227 2122 255 1727

1191 276 1480 310 constitutionibus
1508 288 1572 310 non
1595 278 1701 310 solum
1728 277 1857 316 Romae,
1877 275 1934 308 scd

1192 330 1369 373 praecipue
1396 329 1428 362 in
1455 330 1615 363 universis
1635 329 1824 372 regionibus
1842 334 1874 361 ct
1891 328 1936 361 ci-

1192 383 1363 423 vitatibus,
1390 383 1425 416 B.
1453 383 1538 416 Petri
1565 384 1789 427 apostolorum
1816 382 1936 425 princi-

1193 436 1242 480 pis
1269 436 1443 479 temporali
1470 436 1609 479 imperio
1634 435 1801 475 subiectis,
1828 434 1937 467 archi-

1193 490 1242 523 via
1260 496 1291 523 et
1310 489 1466 522 tabularia
1492 489 1574 533 erigi
1600 489 1777 527 iusserunt,
1796 498 1836 520 ne
1861 487 1937 520 scri-

1193 550 1306 588 pturae
1325 544 1364 577 ad
1385 554 1435 576 res
1453 543 1601 587 publicas
1620 543 1796 576 attinentes
1814 542 1938 585 disper-

1194 598 1362 630 derentur.

1238 651 1252 694 g
1274 650 1303 682 l.
1321 650 1424 688 Quum
1452 659 1528 682 vero
1554 649 1592 682 ad
1620 659 1715 681 aures
1733 653 1863 681 nostras
1889 658 1937 680 ru-
1984 658 2130 688 Eynegiccus

1196 715 1264 738 mor
1288 703 1488 748 pervenerit,
1508 703 1540 736 in
1566 702 1673 736 multis
1692 686 2130 746 episcopatibus{fiilf33¹“¹'⁰ss„il;

1195 763 1227 791 et
1259 757 1408 790 ecclesiis
1433 767 1501 789 rem
1528 761 1591 788 tam
1616 755 1787 800 providam
1812 738 2026 788 utilem-iiiii'iffi.a
2059 745 2130 766 ‘'mn''

1195 821 1257 854 que
1284 821 1347 844 non
1374 810 1443 842 sine
1467 809 1593 853 privato
1615 814 1647 842 et
1664 809 1795 854 publico
1822 809 1939 841 damno

1196 865 1344 907 negligi3
1373 864 1458 907 quod
1486 863 1547 896 nisi
1575 869 1761 907 opportuno
1793 862 1940 896 remedio

1197 918 1312 951 tollere
1338 923 1538 960 satagamus,
1559 916 1766 950 incommoda
1791 916 1942 950 ecclesia-

1198 982 1268 1003 rum
1296 971 1388 1004 facile
1414 971 1444 1003 in
1472 970 1667 1002 immensum
1690 975 1861 1002 crescent:
1882 979 1941 1002 nos

1198 1035 1234 1058 ex
1260 1023 1371 1057 debito
1403 1022 1576 1066 pastoralis
1601 1022 1712 1062 officii,
1738 1021 1943 1055 constitutio-

1199 1087 1272 1109 nem
1299 1077 1398 1119 (cxxl)
1425 1087 1443 1109 a
1468 1076 1524 1109 Pio
1550 1076 1571 1107 V
1598 1081 1803 1108 autecessore
1828 1079 1941 1107 nostro

1199 1141 1258 1173 pro
1274 1130 1413 1163 archivis
1430 1130 1556 1163 sedium
1571 1128 1807 1172 episcopalium
1827 1127 1944 1160 utrius-

1200 1194 1260 1227 que
1279 1183 1407 1216 Siciliae
1424 1183 1501 1216 olim
1518 1183 1693 1225 vulgatam,
1711 1187 1741 1215 et
1755 1182 1886 1215 fraudes
1908 1191 1944 1214 ac

1199 1238 1426 1281 subreptiones
1453 1236 1697 1280 scripturarum,
1716 1245 1798 1279 quae
1824 1239 1945 1278 tempo-

1200 1302 1233 1323 re
1268 1290 1393 1323 sedium
1421 1289 1603 1323 vacantium
1629 1287 1943 1332 perpetrabantur¹,

1201 1344 1297 1378 etiam
1324 1343 1555 1386 respicientes,
1575 1342 1795 1375 necessarium
1820 1341 1946 1385 putavi-

1201 1408 1271 1430 mus
1291 1398 1464 1430 nonnullas
1482 1396 1561 1429 alias
1578 1395 1805 1429 ordinationes
1831 1400 1863 1428 et
1887 1400 1947 1428 sta-

1202 1457 1269 1483 tuta
1296 1450 1346 1483 his
1372 1449 1490 1483 nostris
1518 1449 1703 1493 apostolicis
1729 1449 1849 1482 litteris
1876 1459 1947 1492 per-

1201 1510 1336 1549 petuum
1362 1504 1462 1537 robur
1498 1503 1659 1536 habituris
1688 1503 1786 1536 edere
1822 1502 1945 1536 tenoris

1201 1557 1378 1601 sequentis,
1403 1556 1576 1589 videlicet:

1246 1612 1260 1654 ᾖ
1285 1610 1316 1643 02.
1345 1610 1383 1643 Ut
1408 1620 1521 1643 omnes
1546 1609 1763 1652 patriarchae,
1782 1614 1946 1652 metropo-
1978 1617 2084 1638 Statuitur
2097 1615 2140 1642 vri-

1202 1663 1287 1703 litae,
1310 1663 1560 1706 archiepiscopi,
1581 1662 1725 1706 episcopi
1752 1667 1784 1695 et
1808 1661 1944 1705 praelati
1955 1646 2142 1706 Ε’νῖὀςιᾞοεὲὲῗῖἷῖ

1203 1716 1373 1749 inferiores
1389 1743 1396 1757 ,
1423 1715 1585 1749 Ordinarii
1627 1717 1773 1748 locorum
1789 1742 1797 1756 ,
1823 1696 2141 1748 nulliusiisses‘sskdii-v-fissss}

1203 1770 1381 1809 dioecesis,
1423 1769 1683 1802 iurisdictionem
1724 1768 1945 1812 episcopalem
1957 1752 2080 1798 gggtsiruero
2103 1754 2140 1770 ω’

1204 1829 1403 1864 exercentes,
1425 1822 1457 1855 in
1477 1824 1542 1855 tota
1559 1822 1660 1863 ltalia,
1680 1821 1775 1865 eique
1800 1821 1948 1854 adiacen-

1205 1877 1290 1909 tibus
1312 1875 1436 1915 insulis,
1454 1875 1507 1918 qui
1534 1875 1566 1907 in
1592 1885 1651 1907 suo
1678 1875 1798 1918 palatio
1825 1875 1949 1918 episco-

1203 1931 1269 1974 pali
1296 1931 1401 1962 locum
1431 1934 1552 1969 tutum,
1574 1939 1633 1961 nee
1650 1928 1750 1960 cuivis
1776 1928 1868 1961 facile
1894 1928 1948 1961 ad-

1205 1985 1347 2018 eundum
1363 1982 1382 2024 ¹,
1411 1994 1470 2027 pro
1496 1983 1665 2015 servandis
1687 1983 1717 2015 in
1744 1993 1783 2015 eo
1810 1982 1949 2025 scriptu-

1205 2038 1247 2071 ris
1274 2038 1311 2070 ad
1339 2037 1529 2080 dignitatem
1550 2042 1581 2069 et
1599 2036 1857 2069 iurisdictionem
1884 2035 1950 2079 epi-

1206 2092 1390 2134 scopalem,
1418 2090 1482 2123 sive
1505 2089 1719 2129 ordinariam,
1746 2099 1891 2122 mensam
1919 2093 1951 2122 et

1206 2145 1310 2178 sorum
1348 2154 1424 2177 suae
1460 2143 1566 2176 curiae
1592 2143 1833 2186 pertinentibus
1850 2170 1857 2183 ‚
1884 2153 1950 2176 non

1207 2199 1351 2239 habent,
1379 2197 1486 2231 statim
1519 2198 1558 2231 de
1592 2198 1663 2230 loco
1689 2202 1796 2230 tantae
1825 2197 1870 2229 rei
1897 2196 1952 2228 dc-

1208 2252 1359 2285 stinando
1398 2251 1484 2284 serio
1517 2250 1684 2293 cogitent,
1710 2249 1742 2282 in
1780 2259 1844 2293 quo
1876 2250 1950 2283 loco

1210 2310 1300 2346 tuto,
1327 2314 1489 2347 congruo,
1514 2313 1579 2336 non
1618 2303 1838 2343 humescenti,
1864 2302 1952 2335 unde

1209 2358 1382 2401 scripturis
1403 2358 1495 2400 lapsu
1523 2357 1682 2400 temporis
1698 2355 1861 2399 pernicies
1886 2356 1953 2388 ulla

1209 2412 1382 2452 inseratur,
1409 2411 1526 2451 loculi,
1549 2411 1649 2453 plutei
1676 2415 1708 2443 et
1732 2409 1886 2450 armaria,
1907 2419 1954 2442 re-

1210 2465 1371 2509 cipiendis
1406 2464 1576 2508 scripturis
1609 2469 1639 2496 et
1669 2462 1837 2496 codicibus
1867 2467 1949 2505 apta,

1246 2547 1256 2572 1
1281 2545 1394 2571 Videtur
1413 2543 1560 2579 legendum
1580 2545 1793 2578 perpetrantur
1813 2542 1849 2576 (Β.
1866 2543 1915 2573 T·)-

1244 2589 1261 2615 ‘2
1279 2588 1347 2615 Male
1377 2588 1443 2614 edit.
1470 2587 1553 2614 Main.
1579 2587 1644 2622 legit
1672 2587 1711 2613 ad
1743 2587 1866 2612 cundem
1904 2593 1951 2620 pro

1209 2632 1376 2661 adeundum
1397 2632 1435 2668 (R.
1456 2631 1507 2667 Τ.).
