<?xml version="1.0" encoding="UTF-8"?>
<!DOCTYPE html PUBLIC "-//W3C//DTD XHTML 1.0 Transitional//EN"
    "http://www.w3.org/TR/xhtml1/DTD/xhtml1-transitional.dtd">
<html xmlns="http://www.w3.org/1999/xhtml" xml:lang="en" lang="en">
 <head>
  <title>
</title>
<meta http-equiv="Content-Type" content="text/html;charset=utf-8" />
  <meta name='ocr-system' content='tesseract 3.04.00' />
  <meta name='ocr-capabilities' content='ocr_page ocr_carea ocr_par ocr_line ocrx_word'/>
</head>
<body>
  <div class='ocr_page' id='page_1' title='image "./bullarumdiplomat22cath_0218.png"; bbox 0 0 2170 3147; ppageno 0'>
   <div class='ocr_carea' id='block_1_1' title="bbox 219 250 403 278">
    <p class='ocr_par' dir='ltr' id='par_1_1' title="bbox 219 250 403 278">
     <span class='ocr_line' id='line_1_1' title="bbox 219 250 403 278; baseline -0.011 0"><span class='ocrx_word' id='word_1_1' title='bbox 219 254 254 278; x_wconf 75' lang='lat' dir='ltr'>An</span> <span class='ocrx_word' id='word_1_2' title='bbox 288 251 315 277; x_wconf 80' lang='lat' dir='ltr'>C.</span> <span class='ocrx_word' id='word_1_3' title='bbox 338 250 403 277; x_wconf 67' lang='lat'>¹725</span> 
     </span>
    </p>
   </div>
   <div class='ocr_carea' id='block_1_2' title="bbox 221 1586 404 1745">
    <p class='ocr_par' dir='ltr' id='par_1_2' title="bbox 221 1586 404 1745">
     <span class='ocr_line' id='line_1_2' title="bbox 247 1586 404 1612; baseline -0.006 -6"><span class='ocrx_word' id='word_1_4' title='bbox 247 1586 359 1612; x_wconf 58' lang='lat' dir='ltr'>Separatio</span> <span class='ocrx_word' id='word_1_5' title='bbox 375 1586 404 1605; x_wconf 74' lang='lat' dir='ltr'>di·</span> 
     </span>
     <span class='ocr_line' id='line_1_3' title="bbox 221 1616 403 1632; baseline 0.005 -1"><span class='ocrx_word' id='word_1_6' title='bbox 221 1616 248 1632; x_wconf 81' lang='lat' dir='ltr'>cti</span> <span class='ocrx_word' id='word_1_7' title='bbox 289 1616 403 1632; x_wconf 70' lang='lat' dir='ltr'>conventus</span> 
     </span>
     <span class='ocr_line' id='line_1_4' title="bbox 221 1639 403 1665; baseline 0 -6"><span class='ocrx_word' id='word_1_8' title='bbox 221 1645 266 1659; x_wconf 77' lang='lat' dir='ltr'>enin</span> <span class='ocrx_word' id='word_1_9' title='bbox 277 1639 403 1665; x_wconf 58' lang='lat' dir='ltr'>quibu-itam</span> 
     </span>
     <span class='ocr_line' id='line_1_5' title="bbox 221 1666 404 1691; baseline 0 -6"><span class='ocrx_word' id='word_1_10' title='bbox 221 1666 267 1685; x_wconf 74' lang='lat' dir='ltr'>aliis</span> <span class='ocrx_word' id='word_1_11' title='bbox 283 1672 295 1685; x_wconf 74' lang='lat' dir='ltr'>a</span> <span class='ocrx_word' id='word_1_12' title='bbox 320 1666 404 1691; x_wconf 40' lang='lat' dir='ltr'>praeiti-</span> 
     </span>
     <span class='ocr_line' id='line_1_6' title="bbox 221 1696 391 1716; baseline 0 -5"><span class='ocrx_word' id='word_1_13' title='bbox 221 1696 254 1711; x_wconf 69' lang='lat' dir='ltr'>cta</span> <span class='ocrx_word' id='word_1_14' title='bbox 284 1698 391 1716; x_wconf 73' lang='lat' dir='ltr'>praitoria</span> 
     </span>
     <span class='ocr_line' id='line_1_7' title="bbox 221 1719 390 1745; baseline 0.006 -7"><span class='ocrx_word' id='word_1_15' title='bbox 221 1722 277 1738; x_wconf 84' lang='lat' dir='ltr'>motu</span> <span class='ocrx_word' id='word_1_16' title='bbox 297 1719 390 1745; x_wconf 68' lang='lat' dir='ltr'>propriu.</span> 
     </span>
    </p>
   </div>
   <div class='ocr_carea' id='block_1_3' title="bbox 409 241 1158 1673">
    <p class='ocr_par' dir='ltr' id='par_1_3' title="bbox 409 241 1157 1565">
     <span class='ocr_line' id='line_1_8' title="bbox 454 241 515 273; baseline 0 0"><span class='ocrx_word' id='word_1_17' title='bbox 454 241 515 273; x_wconf 37' lang='lat'>*180</span> 
     </span>
     <span class='ocr_line' id='line_1_9' title="bbox 411 295 1149 340; baseline -0.005 -9"><span class='ocrx_word' id='word_1_18' title='bbox 411 302 442 330; x_wconf 87' lang='lat' dir='ltr'>et</span> <span class='ocrx_word' id='word_1_19' title='bbox 467 300 505 331; x_wconf 87' lang='lat' dir='ltr'>ab</span> <span class='ocrx_word' id='word_1_20' title='bbox 528 298 640 331; x_wconf 76' lang='lat' dir='ltr'>eadem</span> <span class='ocrx_word' id='word_1_21' title='bbox 657 296 919 340; x_wconf 84' lang='lat' dir='ltr'>Congregatione</span> <span class='ocrx_word' id='word_1_22' title='bbox 937 295 1149 329; x_wconf 85' lang='lat' dir='ltr'>cardinalium</span> 
     </span>
     <span class='ocr_line' id='line_1_10' title="bbox 411 349 1151 384; baseline -0.005 0"><span class='ocrx_word' id='word_1_23' title='bbox 411 352 461 384; x_wconf 88' lang='lat' dir='ltr'>die</span> <span class='ocrx_word' id='word_1_24' title='bbox 493 362 568 384; x_wconf 79' lang='lat' dir='ltr'>xvui</span> <span class='ocrx_word' id='word_1_25' title='bbox 604 351 787 383; x_wconf 78' lang='lat' dir='ltr'>decembris</span> <span class='ocrx_word' id='word_1_26' title='bbox 823 360 986 384; x_wconf 78' lang='lat' dir='ltr'>nuccxxtv</span> <span class='ocrx_word' id='word_1_27' title='bbox 1021 349 1151 383; x_wconf 81' lang='lat' dir='ltr'>decerni</span> 
     </span>
     <span class='ocr_line' id='line_1_11' title="bbox 410 403 1152 447; baseline -0.004 -10"><span class='ocrx_word' id='word_1_28' title='bbox 410 405 627 437; x_wconf 67' lang='lat' dir='ltr'>obtinuissent</span> <span class='ocrx_word' id='word_1_29' title='bbox 668 409 828 447; x_wconf 84' lang='lat' dir='ltr'>quatenus</span> <span class='ocrx_word' id='word_1_30' title='bbox 866 403 1018 436; x_wconf 80' lang='lat' dir='ltr'>fratribus</span> <span class='ocrx_word' id='word_1_31' title='bbox 1050 403 1152 435; x_wconf 85' lang='lat' dir='ltr'>dictae</span> 
     </span>
     <span class='ocr_line' id='line_1_12' title="bbox 410 457 1149 501; baseline -0.003 -12"><span class='ocrx_word' id='word_1_32' title='bbox 410 458 596 501; x_wconf 75' lang='lat' dir='ltr'>proxim-iae</span> <span class='ocrx_word' id='word_1_33' title='bbox 622 457 749 500; x_wconf 86' lang='lat' dir='ltr'>aliquae</span> <span class='ocrx_word' id='word_1_34' title='bbox 776 457 807 489; x_wconf 91' lang='lat' dir='ltr'>in</span> <span class='ocrx_word' id='word_1_35' title='bbox 833 457 976 500; x_wconf 79' lang='lat' dir='ltr'>praefato</span> <span class='ocrx_word' id='word_1_36' title='bbox 991 459 1149 488; x_wconf 84' lang='lat' dir='ltr'>conventu</span> 
     </span>
     <span class='ocr_line' id='line_1_13' title="bbox 409 509 1152 553; baseline -0.003 -9"><span class='ocrx_word' id='word_1_37' title='bbox 409 522 565 548; x_wconf 80' lang='lat' dir='ltr'>camerae.</span> <span class='ocrx_word' id='word_1_38' title='bbox 588 521 715 543; x_wconf 81' lang='lat' dir='ltr'>necnon</span> <span class='ocrx_word' id='word_1_39' title='bbox 734 516 914 544; x_wconf 84' lang='lat' dir='ltr'>conventus</span> <span class='ocrx_word' id='word_1_40' title='bbox 928 509 1152 553; x_wconf 83' lang='lat' dir='ltr'>Capodicliino</span> 
     </span>
     <span class='ocr_line' id='line_1_14' title="bbox 410 565 1153 607; baseline -0.005 -9"><span class='ocrx_word' id='word_1_41' title='bbox 410 570 630 607; x_wconf 76' lang='lat' dir='ltr'>nuncupatus,</span> <span class='ocrx_word' id='word_1_42' title='bbox 656 565 918 607; x_wconf 76' lang='lat' dir='ltr'>assignarentur,</span> <span class='ocrx_word' id='word_1_43' title='bbox 944 569 976 596; x_wconf 83' lang='lat' dir='ltr'>et</span> <span class='ocrx_word' id='word_1_44' title='bbox 1001 574 1017 596; x_wconf 89' lang='lat' dir='ltr'>e</span> <span class='ocrx_word' id='word_1_45' title='bbox 1043 569 1153 595; x_wconf 87' lang='lat' dir='ltr'>contra</span> 
     </span>
     <span class='ocr_line' id='line_1_15' title="bbox 411 616 1152 661; baseline -0.003 -11"><span class='ocrx_word' id='word_1_46' title='bbox 411 619 563 651; x_wconf 83' lang='lat' dir='ltr'>fratribus</span> <span class='ocrx_word' id='word_1_47' title='bbox 589 618 690 661; x_wconf 86' lang='lat' dir='ltr'>ipsius</span> <span class='ocrx_word' id='word_1_48' title='bbox 717 623 896 651; x_wconf 85' lang='lat' dir='ltr'>conventus</span> <span class='ocrx_word' id='word_1_49' title='bbox 922 616 1058 650; x_wconf 75' lang='lat' dir='ltr'>Carmeli</span> <span class='ocrx_word' id='word_1_50' title='bbox 1086 627 1152 648; x_wconf 90' lang='lat' dir='ltr'>ma-</span> 
     </span>
     <span class='ocr_line' id='line_1_16' title="bbox 410 671 1153 715; baseline -0.003 -11"><span class='ocrx_word' id='word_1_51' title='bbox 410 673 488 704; x_wconf 87' lang='lat' dir='ltr'>ioris</span> <span class='ocrx_word' id='word_1_52' title='bbox 514 683 573 715; x_wconf 88' lang='lat' dir='ltr'>per</span> <span class='ocrx_word' id='word_1_53' title='bbox 599 672 745 704; x_wconf 85' lang='lat' dir='ltr'>eamdem</span> <span class='ocrx_word' id='word_1_54' title='bbox 765 671 966 714; x_wconf 85' lang='lat' dir='ltr'>provinciam</span> <span class='ocrx_word' id='word_1_55' title='bbox 982 671 1062 703; x_wconf 89' lang='lat' dir='ltr'>alius</span> <span class='ocrx_word' id='word_1_56' title='bbox 1080 680 1153 703; x_wconf 87' lang='lat' dir='ltr'>con-</span> 
     </span>
     <span class='ocr_line' id='line_1_17' title="bbox 410 723 1152 767; baseline -0.003 -11"><span class='ocrx_word' id='word_1_57' title='bbox 410 730 525 757; x_wconf 79' lang='lat' dir='ltr'>ventus</span> <span class='ocrx_word' id='word_1_58' title='bbox 552 725 760 767; x_wconf 79' lang='lat' dir='ltr'>aequivalens</span> <span class='ocrx_word' id='word_1_59' title='bbox 779 735 795 756; x_wconf 82' lang='lat' dir='ltr'>a</span> <span class='ocrx_word' id='word_1_60' title='bbox 814 725 935 757; x_wconf 79' lang='lat' dir='ltr'>dllccto</span> <span class='ocrx_word' id='word_1_61' title='bbox 955 723 1022 756; x_wconf 76' lang='lat' dir='ltr'>tilio</span> <span class='ocrx_word' id='word_1_62' title='bbox 1044 723 1152 766; x_wconf 85' lang='lat' dir='ltr'>priore</span> 
     </span>
     <span class='ocr_line' id='line_1_18' title="bbox 411 776 1152 820; baseline 0 -11"><span class='ocrx_word' id='word_1_63' title='bbox 411 777 554 820; x_wconf 84' lang='lat' dir='ltr'>generali</span> <span class='ocrx_word' id='word_1_64' title='bbox 582 777 656 809; x_wconf 85' lang='lat' dir='ltr'>dicti</span> <span class='ocrx_word' id='word_1_65' title='bbox 683 777 812 810; x_wconf 89' lang='lat' dir='ltr'>Ordinis</span> <span class='ocrx_word' id='word_1_66' title='bbox 850 776 1069 819; x_wconf 79' lang='lat' dir='ltr'>designandus</span> <span class='ocrx_word' id='word_1_67' title='bbox 1103 787 1152 809; x_wconf 83' lang='lat' dir='ltr'>ce-</span> 
     </span>
     <span class='ocr_line' id='line_1_19' title="bbox 412 829 1154 871; baseline -0.003 -8"><span class='ocrx_word' id='word_1_68' title='bbox 412 831 558 871; x_wconf 86' lang='lat' dir='ltr'>deretur;</span> <span class='ocrx_word' id='word_1_69' title='bbox 588 830 700 863; x_wconf 81' lang='lat' dir='ltr'>fratres</span> <span class='ocrx_word' id='word_1_70' title='bbox 719 830 863 863; x_wconf 84' lang='lat' dir='ltr'>eiusdem</span> <span class='ocrx_word' id='word_1_71' title='bbox 882 834 1062 862; x_wconf 84' lang='lat' dir='ltr'>conventus</span> <span class='ocrx_word' id='word_1_72' title='bbox 1081 829 1154 863; x_wconf 84' lang='lat' dir='ltr'>Car-</span> 
     </span>
     <span class='ocr_line' id='line_1_20' title="bbox 412 883 1152 917; baseline -0.001 -1"><span class='ocrx_word' id='word_1_73' title='bbox 412 884 485 916; x_wconf 86' lang='lat' dir='ltr'>meli</span> <span class='ocrx_word' id='word_1_74' title='bbox 499 884 631 917; x_wconf 82' lang='lat' dir='ltr'>maioris</span> <span class='ocrx_word' id='word_1_75' title='bbox 646 894 709 916; x_wconf 89' lang='lat' dir='ltr'>non</span> <span class='ocrx_word' id='word_1_76' title='bbox 725 885 829 917; x_wconf 89' lang='lat' dir='ltr'>solum</span> <span class='ocrx_word' id='word_1_77' title='bbox 845 883 1003 916; x_wconf 89' lang='lat' dir='ltr'>eiusmodi</span> <span class='ocrx_word' id='word_1_78' title='bbox 1020 883 1152 916; x_wconf 86' lang='lat' dir='ltr'>decreto</span> 
     </span>
     <span class='ocr_line' id='line_1_21' title="bbox 412 936 1152 980; baseline -0.003 -10"><span class='ocrx_word' id='word_1_79' title='bbox 412 949 428 970; x_wconf 91' lang='lat' dir='ltr'>a</span> <span class='ocrx_word' id='word_1_80' title='bbox 453 938 630 970; x_wconf 75' lang='lat' dir='ltr'>memorata</span> <span class='ocrx_word' id='word_1_81' title='bbox 656 936 913 980; x_wconf 75' lang='lat' dir='ltr'>Congregatione</span> <span class='ocrx_word' id='word_1_82' title='bbox 938 936 1152 969; x_wconf 75' lang='lat' dir='ltr'>cardinalium</span> 
     </span>
     <span class='ocr_line' id='line_1_22' title="bbox 412 989 1153 1033; baseline -0.001 -10"><span class='ocrx_word' id='word_1_83' title='bbox 412 996 560 1023; x_wconf 85' lang='lat' dir='ltr'>emanato</span> <span class='ocrx_word' id='word_1_84' title='bbox 586 989 646 1022; x_wconf 79' lang='lat' dir='ltr'>sub</span> <span class='ocrx_word' id='word_1_85' title='bbox 672 990 767 1022; x_wconf 83' lang='lat' dir='ltr'>variis</span> <span class='ocrx_word' id='word_1_86' title='bbox 794 990 1018 1033; x_wconf 72' lang='lat' dir='ltr'>praetextibus</span> <span class='ocrx_word' id='word_1_87' title='bbox 1044 989 1153 1022; x_wconf 84' lang='lat' dir='ltr'>hacte-</span> 
     </span>
     <span class='ocr_line' id='line_1_23' title="bbox 412 1042 1154 1086; baseline 0 -12"><span class='ocrx_word' id='word_1_88' title='bbox 412 1053 472 1074; x_wconf 87' lang='lat' dir='ltr'>nus</span> <span class='ocrx_word' id='word_1_89' title='bbox 498 1042 630 1075; x_wconf 87' lang='lat' dir='ltr'>minime</span> <span class='ocrx_word' id='word_1_90' title='bbox 649 1048 842 1085; x_wconf 86' lang='lat' dir='ltr'>paruerunt,</span> <span class='ocrx_word' id='word_1_91' title='bbox 862 1053 972 1075; x_wconf 85' lang='lat' dir='ltr'>verum</span> <span class='ocrx_word' id='word_1_92' title='bbox 991 1042 1154 1086; x_wconf 73' lang='lat' dir='ltr'>praefatae</span> 
     </span>
     <span class='ocr_line' id='line_1_24' title="bbox 412 1095 1155 1139; baseline 0.001 -12"><span class='ocrx_word' id='word_1_93' title='bbox 412 1095 596 1138; x_wconf 76' lang='lat' dir='ltr'>provinciae</span> <span class='ocrx_word' id='word_1_94' title='bbox 624 1097 738 1128; x_wconf 79' lang='lat' dir='ltr'>fratres</span> <span class='ocrx_word' id='word_1_95' title='bbox 765 1096 892 1138; x_wconf 78' lang='lat' dir='ltr'>gravius</span> <span class='ocrx_word' id='word_1_96' title='bbox 926 1107 1022 1139; x_wconf 87' lang='lat' dir='ltr'>quam</span> <span class='ocrx_word' id='word_1_97' title='bbox 1060 1101 1155 1128; x_wconf 84' lang='lat' dir='ltr'>antea</span> 
     </span>
     <span class='ocr_line' id='line_1_25' title="bbox 411 1149 1156 1192; baseline 0.001 -12"><span class='ocrx_word' id='word_1_98' title='bbox 411 1159 526 1181; x_wconf 78' lang='lat' dir='ltr'>vexare</span> <span class='ocrx_word' id='word_1_99' title='bbox 559 1154 795 1192; x_wconf 75' lang='lat' dir='ltr'>perrexerunt;</span> <span class='ocrx_word' id='word_1_100' title='bbox 834 1149 920 1181; x_wconf 87' lang='lat' dir='ltr'>unde</span> <span class='ocrx_word' id='word_1_101' title='bbox 957 1160 1038 1182; x_wconf 84' lang='lat' dir='ltr'>nova</span> <span class='ocrx_word' id='word_1_102' title='bbox 1070 1149 1156 1182; x_wconf 86' lang='lat' dir='ltr'>inter</span> 
     </span>
     <span class='ocr_line' id='line_1_26' title="bbox 413 1203 1155 1235; baseline 0 0"><span class='ocrx_word' id='word_1_103' title='bbox 413 1213 468 1235; x_wconf 88' lang='lat' dir='ltr'>eos</span> <span class='ocrx_word' id='word_1_104' title='bbox 495 1203 673 1235; x_wconf 87' lang='lat' dir='ltr'>animarum</span> <span class='ocrx_word' id='word_1_105' title='bbox 700 1203 836 1235; x_wconf 85' lang='lat' dir='ltr'>dissidia</span> <span class='ocrx_word' id='word_1_106' title='bbox 862 1213 926 1235; x_wconf 90' lang='lat' dir='ltr'>non</span> <span class='ocrx_word' id='word_1_107' title='bbox 953 1203 1022 1235; x_wconf 88' lang='lat' dir='ltr'>sine</span> <span class='ocrx_word' id='word_1_108' title='bbox 1040 1203 1155 1235; x_wconf 82' lang='lat' dir='ltr'>frater-</span> 
     </span>
     <span class='ocr_line' id='line_1_27' title="bbox 413 1255 1155 1299; baseline 0.001 -12"><span class='ocrx_word' id='word_1_109' title='bbox 413 1265 473 1288; x_wconf 84' lang='lat' dir='ltr'>nae</span> <span class='ocrx_word' id='word_1_110' title='bbox 500 1256 666 1289; x_wconf 84' lang='lat' dir='ltr'>charitatis</span> <span class='ocrx_word' id='word_1_111' title='bbox 700 1262 731 1289; x_wconf 90' lang='lat' dir='ltr'>et</span> <span class='ocrx_word' id='word_1_112' title='bbox 766 1255 925 1299; x_wconf 86' lang='lat' dir='ltr'>regularis</span> <span class='ocrx_word' id='word_1_113' title='bbox 964 1255 1155 1298; x_wconf 85' lang='lat' dir='ltr'>disciplinae</span> 
     </span>
     <span class='ocr_line' id='line_1_28' title="bbox 414 1309 1155 1353; baseline 0 -12"><span class='ocrx_word' id='word_1_114' title='bbox 414 1309 610 1342; x_wconf 88' lang='lat' dir='ltr'>detrimento</span> <span class='ocrx_word' id='word_1_115' title='bbox 643 1314 736 1342; x_wconf 84' lang='lat' dir='ltr'>enata</span> <span class='ocrx_word' id='word_1_116' title='bbox 768 1309 924 1349; x_wconf 82' lang='lat' dir='ltr'>suerunt;</span> <span class='ocrx_word' id='word_1_117' title='bbox 960 1320 1042 1353; x_wconf 88' lang='lat' dir='ltr'>quae</span> <span class='ocrx_word' id='word_1_118' title='bbox 1060 1336 1067 1349; x_wconf 91' lang='lat'><em>‚</em></span> <span class='ocrx_word' id='word_1_119' title='bbox 1095 1309 1155 1342; x_wconf 87' lang='lat' dir='ltr'>nisi</span> 
     </span>
     <span class='ocr_line' id='line_1_29' title="bbox 413 1363 1155 1406; baseline -0.001 -10"><span class='ocrx_word' id='word_1_120' title='bbox 413 1365 598 1406; x_wconf 74' lang='lat' dir='ltr'>opportuna</span> <span class='ocrx_word' id='word_1_121' title='bbox 624 1363 792 1406; x_wconf 77' lang='lat' dir='ltr'>validaque</span> <span class='ocrx_word' id='word_1_122' title='bbox 818 1363 942 1396; x_wconf 86' lang='lat' dir='ltr'>ratione</span> <span class='ocrx_word' id='word_1_123' title='bbox 974 1363 1155 1404; x_wconf 86' lang='lat' dir='ltr'>radentur,</span> 
     </span>
     <span class='ocr_line' id='line_1_30' title="bbox 415 1417 1155 1460; baseline 0 -12"><span class='ocrx_word' id='word_1_124' title='bbox 415 1417 567 1449; x_wconf 78' lang='lat' dir='ltr'>maximas</span> <span class='ocrx_word' id='word_1_125' title='bbox 594 1417 624 1449; x_wconf 90' lang='lat' dir='ltr'>in</span> <span class='ocrx_word' id='word_1_126' title='bbox 651 1417 798 1450; x_wconf 83' lang='lat' dir='ltr'>eamdem</span> <span class='ocrx_word' id='word_1_127' title='bbox 825 1417 1028 1460; x_wconf 87' lang='lat' dir='ltr'>provinciam</span> <span class='ocrx_word' id='word_1_128' title='bbox 1047 1417 1155 1449; x_wconf 88' lang='lat' dir='ltr'>turbas</span> 
     </span>
     <span class='ocr_line' id='line_1_31' title="bbox 414 1469 1157 1512; baseline -0.001 -10"><span class='ocrx_word' id='word_1_129' title='bbox 414 1480 449 1502; x_wconf 86' lang='lat' dir='ltr'>ac</span> <span class='ocrx_word' id='word_1_130' title='bbox 475 1469 619 1512; x_wconf 78' lang='lat' dir='ltr'>ingentia</span> <span class='ocrx_word' id='word_1_131' title='bbox 644 1471 727 1503; x_wconf 82' lang='lat' dir='ltr'>mala</span> <span class='ocrx_word' id='word_1_132' title='bbox 752 1475 784 1503; x_wconf 84' lang='lat' dir='ltr'>et</span> <span class='ocrx_word' id='word_1_133' title='bbox 809 1470 962 1503; x_wconf 84' lang='lat' dir='ltr'>scandala</span> <span class='ocrx_word' id='word_1_134' title='bbox 988 1469 1082 1502; x_wconf 81' lang='lat' dir='ltr'>facile</span> <span class='ocrx_word' id='word_1_135' title='bbox 1108 1469 1157 1502; x_wconf 89' lang='lat' dir='ltr'>in-</span> 
     </span>
     <span class='ocr_line' id='line_1_32' title="bbox 417 1523 709 1565; baseline 0 -10"><span class='ocrx_word' id='word_1_136' title='bbox 417 1523 534 1555; x_wconf 74' lang='lat' dir='ltr'>vehere</span> <span class='ocrx_word' id='word_1_137' title='bbox 561 1528 709 1565; x_wconf 76' lang='lat' dir='ltr'>possunt.</span> 
     </span>
    </p>

    <p class='ocr_par' dir='ltr' id='par_1_4' title="bbox 418 1576 1158 1673">
     <span class='ocr_line' id='line_1_33' title="bbox 459 1576 1158 1620; baseline -0.001 -11"><span class='ocrx_word' id='word_1_138' title='bbox 459 1577 474 1619; x_wconf 70' lang='lat'>§</span> <span class='ocrx_word' id='word_1_139' title='bbox 492 1576 523 1609; x_wconf 65' lang='grc' dir='ltr'>ἰ).</span> <span class='ocrx_word' id='word_1_140' title='bbox 544 1577 625 1609; x_wconf 88' lang='lat' dir='ltr'>Hinc</span> <span class='ocrx_word' id='word_1_141' title='bbox 646 1583 693 1609; x_wconf 87' lang='lat' dir='ltr'>est</span> <span class='ocrx_word' id='word_1_142' title='bbox 711 1577 796 1620; x_wconf 90' lang='lat' dir='ltr'>quod</span> <span class='ocrx_word' id='word_1_143' title='bbox 815 1587 883 1617; x_wconf 89' lang='lat' dir='ltr'>nos,</span> <span class='ocrx_word' id='word_1_144' title='bbox 904 1576 1058 1610; x_wconf 87' lang='lat' dir='ltr'>eiusmodi</span> <span class='ocrx_word' id='word_1_145' title='bbox 1082 1587 1158 1609; x_wconf 89' lang='lat' dir='ltr'>con-</span> 
     </span>
     <span class='ocr_line' id='line_1_34' title="bbox 418 1630 1157 1673; baseline 0.001 -11"><span class='ocrx_word' id='word_1_146' title='bbox 418 1630 597 1663; x_wconf 87' lang='lat' dir='ltr'>tentionum</span> <span class='ocrx_word' id='word_1_147' title='bbox 631 1642 759 1663; x_wconf 86' lang='lat' dir='ltr'>causam</span> <span class='ocrx_word' id='word_1_148' title='bbox 793 1636 824 1663; x_wconf 89' lang='lat' dir='ltr'>et</span> <span class='ocrx_word' id='word_1_149' title='bbox 853 1630 1077 1663; x_wconf 73' lang='lat' dir='ltr'>occasionem*</span> <span class='ocrx_word' id='word_1_150' title='bbox 1102 1640 1157 1673; x_wconf 90' lang='lat' dir='ltr'>pe-</span> 
     </span>
    </p>
   </div>
   <div class='ocr_carea' id='block_1_4' title="bbox 400 1683 1157 1726">
    <p class='ocr_par' dir='ltr' id='par_1_5' title="bbox 400 1683 1157 1726">
     <span class='ocr_line' id='line_1_35' title="bbox 400 1683 1157 1726; baseline -0.003 -9"><span class='ocrx_word' id='word_1_151' title='bbox 400 1683 502 1717; x_wconf 76' lang='lat' dir='ltr'>,nitus</span> <span class='ocrx_word' id='word_1_152' title='bbox 528 1684 731 1723; x_wconf 80' lang='lat' dir='ltr'>submovere,</span> <span class='ocrx_word' id='word_1_153' title='bbox 757 1683 988 1726; x_wconf 80' lang='lat' dir='ltr'>dictorumque</span> <span class='ocrx_word' id='word_1_154' title='bbox 1015 1693 1157 1716; x_wconf 84' lang='lat' dir='ltr'>eonven-</span> 
     </span>
    </p>
   </div>
   <div class='ocr_carea' id='block_1_5' title="bbox 417 1736 1162 2688">
    <p class='ocr_par' dir='ltr' id='par_1_6' title="bbox 417 1736 1162 2688">
     <span class='ocr_line' id='line_1_36' title="bbox 417 1736 1157 1779; baseline 0 -11"><span class='ocrx_word' id='word_1_155' title='bbox 417 1743 504 1769; x_wconf 88' lang='lat' dir='ltr'>tuum</span> <span class='ocrx_word' id='word_1_156' title='bbox 531 1748 566 1769; x_wconf 84' lang='lat' dir='ltr'>ac</span> <span class='ocrx_word' id='word_1_157' title='bbox 593 1737 726 1769; x_wconf 81' lang='lat' dir='ltr'>fratrum</span> <span class='ocrx_word' id='word_1_158' title='bbox 752 1737 783 1769; x_wconf 93' lang='lat' dir='ltr'>in</span> <span class='ocrx_word' id='word_1_159' title='bbox 810 1737 855 1770; x_wconf 88' lang='lat' dir='ltr'>eis</span> <span class='ocrx_word' id='word_1_160' title='bbox 879 1736 1067 1779; x_wconf 78' lang='lat' dir='ltr'>degentium</span> <span class='ocrx_word' id='word_1_161' title='bbox 1086 1736 1157 1779; x_wconf 82' lang='lat' dir='ltr'>paci</span> 
     </span>
     <span class='ocr_line' id='line_1_37' title="bbox 417 1789 1158 1833; baseline -0.001 -11"><span class='ocrx_word' id='word_1_162' title='bbox 417 1794 448 1822; x_wconf 88' lang='lat' dir='ltr'>et</span> <span class='ocrx_word' id='word_1_163' title='bbox 475 1790 700 1832; x_wconf 77' lang='lat' dir='ltr'>tranquillitati</span> <span class='ocrx_word' id='word_1_164' title='bbox 728 1790 879 1833; x_wconf 80' lang='lat' dir='ltr'>felicique</span> <span class='ocrx_word' id='word_1_165' title='bbox 917 1789 1088 1822; x_wconf 86' lang='lat' dir='ltr'>directioni</span> <span class='ocrx_word' id='word_1_166' title='bbox 1128 1794 1158 1822; x_wconf 88' lang='lat' dir='ltr'>et</span> 
     </span>
     <span class='ocr_line' id='line_1_38' title="bbox 418 1842 1159 1886; baseline 0.001 -12"><span class='ocrx_word' id='word_1_167' title='bbox 418 1842 626 1883; x_wconf 88' lang='lat' dir='ltr'>incremento,</span> <span class='ocrx_word' id='word_1_168' title='bbox 654 1848 810 1886; x_wconf 84' lang='lat' dir='ltr'>quantum</span> <span class='ocrx_word' id='word_1_169' title='bbox 837 1853 907 1875; x_wconf 83' lang='lat' dir='ltr'>eum</span> <span class='ocrx_word' id='word_1_170' title='bbox 932 1843 1068 1875; x_wconf 88' lang='lat' dir='ltr'>Domino</span> <span class='ocrx_word' id='word_1_171' title='bbox 1087 1853 1159 1886; x_wconf 84' lang='lat' dir='ltr'>pos-</span> 
     </span>
     <span class='ocr_line' id='line_1_39' title="bbox 417 1896 1159 1939; baseline 0.001 -13"><span class='ocrx_word' id='word_1_172' title='bbox 417 1906 539 1933; x_wconf 86' lang='lat' dir='ltr'>sumus,</span> <span class='ocrx_word' id='word_1_173' title='bbox 565 1896 737 1938; x_wconf 84' lang='lat' dir='ltr'>providere</span> <span class='ocrx_word' id='word_1_174' title='bbox 764 1896 945 1939; x_wconf 83' lang='lat' dir='ltr'>cupientes,</span> <span class='ocrx_word' id='word_1_175' title='bbox 971 1901 1060 1928; x_wconf 89' lang='lat' dir='ltr'>motu</span> <span class='ocrx_word' id='word_1_176' title='bbox 1084 1906 1159 1939; x_wconf 90' lang='lat' dir='ltr'>pro-</span> 
     </span>
     <span class='ocr_line' id='line_1_40' title="bbox 418 1948 1159 1990; baseline 0.003 -10"><span class='ocrx_word' id='word_1_177' title='bbox 418 1948 501 1990; x_wconf 87' lang='lat' dir='ltr'>prio,</span> <span class='ocrx_word' id='word_1_178' title='bbox 520 1955 549 1981; x_wconf 91' lang='lat' dir='ltr'>et</span> <span class='ocrx_word' id='word_1_179' title='bbox 575 1960 611 1981; x_wconf 78' lang='lat' dir='ltr'>ex</span> <span class='ocrx_word' id='word_1_180' title='bbox 639 1951 726 1981; x_wconf 82' lang='lat' dir='ltr'>certa</span> <span class='ocrx_word' id='word_1_181' title='bbox 751 1950 885 1982; x_wconf 78' lang='lat' dir='ltr'>scientia</span> <span class='ocrx_word' id='word_1_182' title='bbox 910 1955 941 1982; x_wconf 89' lang='lat' dir='ltr'>et</span> <span class='ocrx_word' id='word_1_183' title='bbox 961 1952 1086 1982; x_wconf 77' lang='lat' dir='ltr'>matura</span> <span class='ocrx_word' id='word_1_184' title='bbox 1104 1950 1159 1982; x_wconf 86' lang='lat' dir='ltr'>de-</span> 
     </span>
     <span class='ocr_line' id='line_1_41' title="bbox 419 2001 1159 2046; baseline 0.003 -13"><span class='ocrx_word' id='word_1_185' title='bbox 419 2001 611 2035; x_wconf 71' lang='lat' dir='ltr'>liberatione</span> <span class='ocrx_word' id='word_1_186' title='bbox 650 2003 788 2043; x_wconf 86' lang='lat' dir='ltr'>nostris,</span> <span class='ocrx_word' id='word_1_187' title='bbox 816 2003 922 2045; x_wconf 86' lang='lat' dir='ltr'>deque</span> <span class='ocrx_word' id='word_1_188' title='bbox 963 2002 1159 2046; x_wconf 84' lang='lat' dir='ltr'>apostolicae</span> 
     </span>
     <span class='ocr_line' id='line_1_42' title="bbox 419 2056 1160 2098; baseline 0 -10"><span class='ocrx_word' id='word_1_189' title='bbox 419 2056 583 2097; x_wconf 80' lang='lat' dir='ltr'>potestatis</span> <span class='ocrx_word' id='word_1_190' title='bbox 610 2056 826 2098; x_wconf 85' lang='lat' dir='ltr'>plenitudine,</span> <span class='ocrx_word' id='word_1_191' title='bbox 849 2056 999 2089; x_wconf 84' lang='lat' dir='ltr'>eumdem</span> <span class='ocrx_word' id='word_1_192' title='bbox 1026 2067 1160 2089; x_wconf 85' lang='lat' dir='ltr'>conven-</span> 
     </span>
     <span class='ocr_line' id='line_1_43' title="bbox 420 2109 1157 2153; baseline 0.001 -12"><span class='ocrx_word' id='word_1_193' title='bbox 420 2115 483 2141; x_wconf 89' lang='lat' dir='ltr'>tum</span> <span class='ocrx_word' id='word_1_194' title='bbox 510 2109 647 2142; x_wconf 81' lang='lat' dir='ltr'>Carmeli</span> <span class='ocrx_word' id='word_1_195' title='bbox 675 2109 807 2142; x_wconf 86' lang='lat' dir='ltr'>maioris</span> <span class='ocrx_word' id='word_1_196' title='bbox 832 2109 969 2142; x_wconf 78' lang='lat' dir='ltr'>civitatis</span> <span class='ocrx_word' id='word_1_197' title='bbox 1002 2109 1157 2153; x_wconf 74' lang='lat' dir='ltr'>Neapoli-</span> 
     </span>
     <span class='ocr_line' id='line_1_44' title="bbox 420 2163 1160 2206; baseline 0.003 -12"><span class='ocrx_word' id='word_1_198' title='bbox 420 2168 523 2202; x_wconf 83' lang='lat' dir='ltr'>tanae,</span> <span class='ocrx_word' id='word_1_199' title='bbox 542 2174 612 2195; x_wconf 80' lang='lat' dir='ltr'>cuin</span> <span class='ocrx_word' id='word_1_200' title='bbox 639 2164 750 2196; x_wconf 84' lang='lat' dir='ltr'>decem</span> <span class='ocrx_word' id='word_1_201' title='bbox 777 2164 845 2196; x_wconf 87' lang='lat' dir='ltr'>eius</span> <span class='ocrx_word' id='word_1_202' title='bbox 869 2163 1025 2206; x_wconf 74' lang='lat' dir='ltr'>grangiis,</span> <span class='ocrx_word' id='word_1_203' title='bbox 1044 2174 1160 2206; x_wconf 86' lang='lat' dir='ltr'>nempe</span> 
     </span>
     <span class='ocr_line' id='line_1_45' title="bbox 420 2215 1161 2259; baseline 0.001 -12"><span class='ocrx_word' id='word_1_204' title='bbox 420 2215 458 2248; x_wconf 90' lang='lat' dir='ltr'>de</span> <span class='ocrx_word' id='word_1_205' title='bbox 485 2215 735 2259; x_wconf 71' lang='lat' dir='ltr'>Capetlicliino,</span> <span class='ocrx_word' id='word_1_206' title='bbox 761 2215 870 2249; x_wconf 81' lang='lat' dir='ltr'>Cliiaia</span> <span class='ocrx_word' id='word_1_207' title='bbox 888 2242 895 2254; x_wconf 92' lang='lat'>,</span> <span class='ocrx_word' id='word_1_208' title='bbox 920 2215 1074 2256; x_wconf 76' lang='lat' dir='ltr'>Somnia,</span> <span class='ocrx_word' id='word_1_209' title='bbox 1100 2215 1161 2248; x_wconf 86' lang='lat' dir='ltr'>No-</span> 
     </span>
     <span class='ocr_line' id='line_1_46' title="bbox 420 2268 1161 2313; baseline 0.001 -14"><span class='ocrx_word' id='word_1_210' title='bbox 420 2269 520 2308; x_wconf 82' lang='lat' dir='ltr'>lauui,</span> <span class='ocrx_word' id='word_1_211' title='bbox 548 2269 711 2313; x_wconf 77' lang='lat' dir='ltr'>Pusidipo,</span> <span class='ocrx_word' id='word_1_212' title='bbox 739 2269 868 2309; x_wconf 81' lang='lat' dir='ltr'>Isdano,</span> <span class='ocrx_word' id='word_1_213' title='bbox 896 2269 1090 2309; x_wconf 82' lang='lat' dir='ltr'>Puteolano,</span> <span class='ocrx_word' id='word_1_214' title='bbox 1109 2268 1161 2301; x_wconf 89' lang='lat' dir='ltr'>Ot-</span> 
     </span>
     <span class='ocr_line' id='line_1_47' title="bbox 421 2322 1159 2365; baseline 0.001 -12"><span class='ocrx_word' id='word_1_215' title='bbox 421 2322 548 2361; x_wconf 86' lang='lat' dir='ltr'>taiano,</span> <span class='ocrx_word' id='word_1_216' title='bbox 575 2323 749 2365; x_wconf 81' lang='lat' dir='ltr'>Gruguano</span> <span class='ocrx_word' id='word_1_217' title='bbox 777 2329 805 2356; x_wconf 93' lang='lat' dir='ltr'>et</span> <span class='ocrx_word' id='word_1_218' title='bbox 833 2323 994 2361; x_wconf 81' lang='lat' dir='ltr'>Arienzo,</span> <span class='ocrx_word' id='word_1_219' title='bbox 1031 2332 1159 2354; x_wconf 82' lang='lat' dir='ltr'>necnon</span> 
     </span>
     <span class='ocr_line' id='line_1_48' title="bbox 421 2375 1160 2418; baseline -0.001 -11"><span class='ocrx_word' id='word_1_220' title='bbox 421 2376 561 2418; x_wconf 83' lang='lat' dir='ltr'>quinque</span> <span class='ocrx_word' id='word_1_221' title='bbox 588 2377 668 2408; x_wconf 81' lang='lat' dir='ltr'>alios</span> <span class='ocrx_word' id='word_1_222' title='bbox 693 2382 872 2409; x_wconf 78' lang='lat' dir='ltr'>conventus</span> <span class='ocrx_word' id='word_1_223' title='bbox 898 2377 937 2408; x_wconf 88' lang='lat' dir='ltr'>de</span> <span class='ocrx_word' id='word_1_224' title='bbox 960 2375 1160 2417; x_wconf 65' lang='lat' dir='ltr'>Pomigliano</span> 
     </span>
     <span class='ocr_line' id='line_1_49' title="bbox 421 2427 1160 2470; baseline 0 -10"><span class='ocrx_word' id='word_1_225' title='bbox 421 2427 570 2467; x_wconf 78' lang='lat' dir='ltr'>d&#39;Aoro‚</span> <span class='ocrx_word' id='word_1_226' title='bbox 608 2429 832 2469; x_wconf 78' lang='lat' dir='ltr'>Castrimaris,</span> <span class='ocrx_word' id='word_1_227' title='bbox 869 2429 1026 2462; x_wconf 79' lang='lat' dir='ltr'>Nuceriae</span> <span class='ocrx_word' id='word_1_228' title='bbox 1062 2428 1160 2470; x_wconf 77' lang='lat' dir='ltr'>Paga-</span> 
     </span>
     <span class='ocr_line' id='line_1_50' title="bbox 421 2482 1162 2525; baseline -0.001 -12"><span class='ocrx_word' id='word_1_229' title='bbox 421 2491 536 2514; x_wconf 84' lang='lat' dir='ltr'>norum</span> <span class='ocrx_word' id='word_1_230' title='bbox 556 2509 562 2520; x_wconf 80' lang='grc'>,</span> <span class='ocrx_word' id='word_1_231' title='bbox 588 2482 618 2514; x_wconf 86' lang='lat' dir='ltr'>S.</span> <span class='ocrx_word' id='word_1_232' title='bbox 640 2482 726 2514; x_wconf 84' lang='lat' dir='ltr'>Eliae</span> <span class='ocrx_word' id='word_1_233' title='bbox 754 2488 785 2514; x_wconf 89' lang='lat' dir='ltr'>et</span> <span class='ocrx_word' id='word_1_234' title='bbox 804 2483 1010 2522; x_wconf 81' lang='lat' dir='ltr'>Suestanum,</span> <span class='ocrx_word' id='word_1_235' title='bbox 1033 2483 1162 2525; x_wconf 72' lang='lat' dir='ltr'>proriu-</span> 
     </span>
     <span class='ocr_line' id='line_1_51' title="bbox 421 2534 1160 2578; baseline 0.001 -11"><span class='ocrx_word' id='word_1_236' title='bbox 421 2535 489 2568; x_wconf 83' lang='lat' dir='ltr'>ciae</span> <span class='ocrx_word' id='word_1_237' title='bbox 516 2541 544 2567; x_wconf 89' lang='lat' dir='ltr'>et</span> <span class='ocrx_word' id='word_1_238' title='bbox 571 2534 698 2567; x_wconf 76' lang='lat' dir='ltr'>Ordinis</span> <span class='ocrx_word' id='word_1_239' title='bbox 725 2536 955 2578; x_wconf 77' lang='lat' dir='ltr'>praefatorum,</span> <span class='ocrx_word' id='word_1_240' title='bbox 981 2537 1021 2568; x_wconf 90' lang='lat' dir='ltr'>ab</span> <span class='ocrx_word' id='word_1_241' title='bbox 1047 2537 1160 2568; x_wconf 80' lang='lat' dir='ltr'>eadent</span> 
     </span>
     <span class='ocr_line' id='line_1_52' title="bbox 421 2588 1162 2632; baseline 0 -11"><span class='ocrx_word' id='word_1_242' title='bbox 421 2588 589 2632; x_wconf 73' lang='lat' dir='ltr'>provincia</span> <span class='ocrx_word' id='word_1_243' title='bbox 614 2588 730 2621; x_wconf 79' lang='lat' dir='ltr'>Terrae</span> <span class='ocrx_word' id='word_1_244' title='bbox 758 2588 891 2621; x_wconf 85' lang='lat' dir='ltr'>Laboris</span> <span class='ocrx_word' id='word_1_245' title='bbox 926 2595 1036 2621; x_wconf 80' lang='lat' dir='ltr'>tenore</span> <span class='ocrx_word' id='word_1_246' title='bbox 1071 2599 1162 2632; x_wconf 82' lang='lat' dir='ltr'>prae-</span> 
     </span>
     <span class='ocr_line' id='line_1_53' title="bbox 460 2650 1091 2688; baseline -0.003 -10"><span class='ocrx_word' id='word_1_247' title='bbox 460 2653 467 2678; x_wconf 82' lang='lat'>1</span> <span class='ocrx_word' id='word_1_248' title='bbox 493 2650 564 2678; x_wconf 83' lang='lat' dir='ltr'>Edu.</span> <span class='ocrx_word' id='word_1_249' title='bbox 588 2651 667 2677; x_wconf 73' lang='lat' dir='ltr'>Maia.</span> <span class='ocrx_word' id='word_1_250' title='bbox 690 2650 755 2686; x_wconf 81' lang='lat' dir='ltr'>legit</span> <span class='ocrx_word' id='word_1_251' title='bbox 775 2650 958 2678; x_wconf 75' lang='lat' dir='ltr'>occasionum</span> <span class='ocrx_word' id='word_1_252' title='bbox 981 2658 1021 2688; x_wconf 51' lang='lat' dir='ltr'>in.</span> <span class='ocrx_word' id='word_1_253' title='bbox 1041 2650 1091 2687; x_wconf 82' lang='lat' dir='ltr'>T.).</span> 
     </span>
    </p>
   </div>
   <div class='ocr_carea' id='block_1_6' title="bbox 994 245 1357 271">
    <p class='ocr_par' dir='ltr' id='par_1_7' title="bbox 994 245 1357 271">
     <span class='ocr_line' id='line_1_54' title="bbox 994 245 1357 271; baseline 0 -1"><span class='ocrx_word' id='word_1_254' title='bbox 994 246 1176 271; x_wconf 77' lang='lat' dir='ltr'>BULLARIUM</span> <span class='ocrx_word' id='word_1_255' title='bbox 1201 245 1357 270; x_wconf 66' lang='lat' dir='ltr'>ROMANUM</span> 
     </span>
    </p>
   </div>
   <div class='ocr_carea' id='block_1_7' title="bbox 1195 295 1946 2685">
    <p class='ocr_par' dir='ltr' id='par_1_8' title="bbox 1195 295 1945 2248">
     <span class='ocr_line' id='line_1_55' title="bbox 1196 295 1938 340; baseline 0.001 -13"><span class='ocrx_word' id='word_1_256' title='bbox 1196 295 1334 329; x_wconf 88' lang='lat' dir='ltr'>sentium</span> <span class='ocrx_word' id='word_1_257' title='bbox 1351 302 1511 339; x_wconf 87' lang='lat' dir='ltr'>perpetuo</span> <span class='ocrx_word' id='word_1_258' title='bbox 1530 305 1720 340; x_wconf 80' lang='lat' dir='ltr'>separamus</span> <span class='ocrx_word' id='word_1_259' title='bbox 1739 300 1769 329; x_wconf 87' lang='lat' dir='ltr'>et</span> <span class='ocrx_word' id='word_1_260' title='bbox 1787 295 1938 329; x_wconf 88' lang='lat' dir='ltr'>dismem-</span> 
     </span>
     <span class='ocr_line' id='line_1_56' title="bbox 1195 349 1938 393; baseline 0 -12"><span class='ocrx_word' id='word_1_261' title='bbox 1195 349 1348 390; x_wconf 86' lang='lat' dir='ltr'>bramus;</span> <span class='ocrx_word' id='word_1_262' title='bbox 1367 349 1523 393; x_wconf 83' lang='lat' dir='ltr'>ipsosque</span> <span class='ocrx_word' id='word_1_263' title='bbox 1550 355 1724 383; x_wconf 68' lang='lat' dir='ltr'>coni-entus</span> <span class='ocrx_word' id='word_1_264' title='bbox 1750 360 1820 382; x_wconf 89' lang='lat' dir='ltr'>cum</span> <span class='ocrx_word' id='word_1_265' title='bbox 1847 359 1938 392; x_wconf 84' lang='lat' dir='ltr'>gran-</span> 
     </span>
     <span class='ocr_line' id='line_1_57' title="bbox 1197 401 1936 446; baseline -0.001 -12"><span class='ocrx_word' id='word_1_266' title='bbox 1197 402 1257 444; x_wconf 79' lang='lat' dir='ltr'>giis</span> <span class='ocrx_word' id='word_1_267' title='bbox 1292 402 1502 442; x_wconf 87' lang='lat' dir='ltr'>huiusmodi,</span> <span class='ocrx_word' id='word_1_268' title='bbox 1540 413 1720 446; x_wconf 87' lang='lat' dir='ltr'>eorumque</span> <span class='ocrx_word' id='word_1_269' title='bbox 1755 401 1936 445; x_wconf 86' lang='lat' dir='ltr'>respective</span> 
     </span>
     <span class='ocr_line' id='line_1_58' title="bbox 1199 455 1938 499; baseline -0.001 -12"><span class='ocrx_word' id='word_1_270' title='bbox 1199 455 1312 488; x_wconf 81' lang='lat' dir='ltr'>fratres</span> <span class='ocrx_word' id='word_1_271' title='bbox 1338 462 1369 489; x_wconf 91' lang='lat' dir='ltr'>et</span> <span class='ocrx_word' id='word_1_272' title='bbox 1392 466 1552 499; x_wconf 81' lang='lat' dir='ltr'>personas</span> <span class='ocrx_word' id='word_1_273' title='bbox 1583 465 1808 498; x_wconf 86' lang='lat' dir='ltr'>quoscumque</span> <span class='ocrx_word' id='word_1_274' title='bbox 1826 483 1833 495; x_wconf 88' lang='lat'>,</span> <span class='ocrx_word' id='word_1_275' title='bbox 1866 465 1938 488; x_wconf 90' lang='lat' dir='ltr'>cum</span> 
     </span>
     <span class='ocr_line' id='line_1_59' title="bbox 1197 507 1937 551; baseline 0 -11"><span class='ocrx_word' id='word_1_276' title='bbox 1197 509 1349 541; x_wconf 85' lang='lat' dir='ltr'>omnibus</span> <span class='ocrx_word' id='word_1_277' title='bbox 1374 515 1405 542; x_wconf 83' lang='lat' dir='ltr'>et</span> <span class='ocrx_word' id='word_1_278' title='bbox 1429 508 1564 551; x_wconf 79' lang='lat' dir='ltr'>singulis</span> <span class='ocrx_word' id='word_1_279' title='bbox 1589 509 1720 541; x_wconf 89' lang='lat' dir='ltr'>illorum</span> <span class='ocrx_word' id='word_1_280' title='bbox 1758 507 1912 540; x_wconf 86' lang='lat' dir='ltr'>membris</span> <span class='ocrx_word' id='word_1_281' title='bbox 1930 533 1937 546; x_wconf 94' lang='lat'>,</span> 
     </span>
     <span class='ocr_line' id='line_1_60' title="bbox 1197 561 1938 606; baseline 0.001 -13"><span class='ocrx_word' id='word_1_282' title='bbox 1197 562 1322 595; x_wconf 86' lang='lat' dir='ltr'>iuribus</span> <span class='ocrx_word' id='word_1_283' title='bbox 1342 568 1372 595; x_wconf 93' lang='lat' dir='ltr'>et</span> <span class='ocrx_word' id='word_1_284' title='bbox 1389 562 1595 606; x_wconf 86' lang='lat' dir='ltr'>pertinentiis</span> <span class='ocrx_word' id='word_1_285' title='bbox 1613 561 1781 601; x_wconf 68' lang='lat' dir='ltr'>universis,</span> <span class='ocrx_word' id='word_1_286' title='bbox 1800 561 1838 594; x_wconf 89' lang='lat' dir='ltr'>ab</span> <span class='ocrx_word' id='word_1_287' title='bbox 1851 561 1938 594; x_wconf 89' lang='lat' dir='ltr'>omni</span> 
     </span>
     <span class='ocr_line' id='line_1_61' title="bbox 1198 614 1940 659; baseline -0.003 -11"><span class='ocrx_word' id='word_1_288' title='bbox 1198 621 1230 648; x_wconf 88' lang='lat' dir='ltr'>et</span> <span class='ocrx_word' id='word_1_289' title='bbox 1255 626 1458 659; x_wconf 85' lang='lat' dir='ltr'>quacumque</span> <span class='ocrx_word' id='word_1_290' title='bbox 1486 614 1729 659; x_wconf 66' lang='lat' dir='ltr'>iurisdictione,</span> <span class='ocrx_word' id='word_1_291' title='bbox 1762 614 1940 658; x_wconf 84' lang='lat' dir='ltr'>superiori-</span> 
     </span>
     <span class='ocr_line' id='line_1_62' title="bbox 1199 667 1939 711; baseline -0.001 -11"><span class='ocrx_word' id='word_1_292' title='bbox 1199 673 1272 709; x_wconf 84' lang='lat' dir='ltr'>tate,</span> <span class='ocrx_word' id='word_1_293' title='bbox 1299 668 1519 708; x_wconf 80' lang='lat' dir='ltr'>correctione,</span> <span class='ocrx_word' id='word_1_294' title='bbox 1548 667 1744 707; x_wconf 79' lang='lat' dir='ltr'>visitatione,</span> <span class='ocrx_word' id='word_1_295' title='bbox 1770 667 1939 711; x_wconf 77' lang='lat' dir='ltr'>regimine,</span> 
     </span>
     <span class='ocr_line' id='line_1_63' title="bbox 1198 719 1939 764; baseline -0.003 -10"><span class='ocrx_word' id='word_1_296' title='bbox 1198 723 1273 754; x_wconf 76' lang='lat' dir='ltr'>cura</span> <span class='ocrx_word' id='word_1_297' title='bbox 1301 726 1332 754; x_wconf 88' lang='lat' dir='ltr'>et</span> <span class='ocrx_word' id='word_1_298' title='bbox 1357 721 1517 764; x_wconf 80' lang='lat' dir='ltr'>gubernio</span> <span class='ocrx_word' id='word_1_299' title='bbox 1555 721 1666 754; x_wconf 88' lang='lat' dir='ltr'>dilecti</span> <span class='ocrx_word' id='word_1_300' title='bbox 1699 720 1755 754; x_wconf 78' lang='lat' dir='ltr'>lilii</span> <span class='ocrx_word' id='word_1_301' title='bbox 1789 719 1939 753; x_wconf 90' lang='lat' dir='ltr'>moderni</span> 
     </span>
     <span class='ocr_line' id='line_1_64' title="bbox 1198 773 1941 818; baseline 0 -12"><span class='ocrx_word' id='word_1_302' title='bbox 1198 780 1228 807; x_wconf 90' lang='lat' dir='ltr'>et</span> <span class='ocrx_word' id='word_1_303' title='bbox 1254 785 1312 817; x_wconf 86' lang='lat' dir='ltr'>pro</span> <span class='ocrx_word' id='word_1_304' title='bbox 1340 781 1485 818; x_wconf 86' lang='lat' dir='ltr'>tempore</span> <span class='ocrx_word' id='word_1_305' title='bbox 1512 774 1679 807; x_wconf 82' lang='lat' dir='ltr'>existentis</span> <span class='ocrx_word' id='word_1_306' title='bbox 1712 773 1829 817; x_wconf 89' lang='lat' dir='ltr'>prioris</span> <span class='ocrx_word' id='word_1_307' title='bbox 1865 783 1941 817; x_wconf 91' lang='lat' dir='ltr'>pro-</span> 
     </span>
     <span class='ocr_line' id='line_1_65' title="bbox 1198 826 1941 872; baseline -0.001 -12"><span class='ocrx_word' id='word_1_308' title='bbox 1198 827 1347 861; x_wconf 84' lang='lat' dir='ltr'>vincialis</span> <span class='ocrx_word' id='word_1_309' title='bbox 1373 828 1478 861; x_wconf 83' lang='lat' dir='ltr'>dictae</span> <span class='ocrx_word' id='word_1_310' title='bbox 1505 828 1692 872; x_wconf 87' lang='lat' dir='ltr'>provinciae</span> <span class='ocrx_word' id='word_1_311' title='bbox 1719 833 1783 860; x_wconf 88' lang='lat' dir='ltr'>tam</span> <span class='ocrx_word' id='word_1_312' title='bbox 1809 827 1840 859; x_wconf 90' lang='lat' dir='ltr'>in</span> <span class='ocrx_word' id='word_1_313' title='bbox 1877 826 1941 870; x_wconf 87' lang='lat' dir='ltr'>spi-</span> 
     </span>
     <span class='ocr_line' id='line_1_66' title="bbox 1199 879 1940 924; baseline 0 -12"><span class='ocrx_word' id='word_1_314' title='bbox 1199 881 1370 914; x_wconf 80' lang='lat' dir='ltr'>ritualibus</span> <span class='ocrx_word' id='word_1_315' title='bbox 1396 892 1491 924; x_wconf 86' lang='lat' dir='ltr'>quam</span> <span class='ocrx_word' id='word_1_316' title='bbox 1511 881 1544 913; x_wconf 92' lang='lat' dir='ltr'>in</span> <span class='ocrx_word' id='word_1_317' title='bbox 1566 880 1803 924; x_wconf 73' lang='lat' dir='ltr'>temporalibus</span> <span class='ocrx_word' id='word_1_318' title='bbox 1828 879 1940 912; x_wconf 86' lang='lat' dir='ltr'>itidem</span> 
     </span>
     <span class='ocr_line' id='line_1_67' title="bbox 1199 933 1941 978; baseline -0.003 -10"><span class='ocrx_word' id='word_1_319' title='bbox 1199 939 1360 978; x_wconf 90' lang='lat' dir='ltr'>perpetuo</span> <span class='ocrx_word' id='word_1_320' title='bbox 1387 934 1547 967; x_wconf 77' lang='lat' dir='ltr'>eximinus</span> <span class='ocrx_word' id='word_1_321' title='bbox 1573 939 1604 967; x_wconf 90' lang='lat' dir='ltr'>et</span> <span class='ocrx_word' id='word_1_322' title='bbox 1639 934 1787 977; x_wconf 79' lang='lat' dir='ltr'>plenarie</span> <span class='ocrx_word' id='word_1_323' title='bbox 1823 933 1941 966; x_wconf 86' lang='lat' dir='ltr'>libera-</span> 
     </span>
     <span class='ocr_line' id='line_1_68' title="bbox 1199 986 1940 1031; baseline -0.003 -9"><span class='ocrx_word' id='word_1_324' title='bbox 1199 1000 1286 1029; x_wconf 85' lang='lat' dir='ltr'>mus;</span> <span class='ocrx_word' id='word_1_325' title='bbox 1314 1000 1349 1022; x_wconf 88' lang='lat' dir='ltr'>ac</span> <span class='ocrx_word' id='word_1_326' title='bbox 1375 989 1504 1022; x_wconf 85' lang='lat' dir='ltr'>eosdem</span> <span class='ocrx_word' id='word_1_327' title='bbox 1521 994 1698 1021; x_wconf 88' lang='lat' dir='ltr'>conventus</span> <span class='ocrx_word' id='word_1_328' title='bbox 1712 999 1784 1021; x_wconf 89' lang='lat' dir='ltr'>eum</span> <span class='ocrx_word' id='word_1_329' title='bbox 1799 986 1940 1031; x_wconf 81' lang='lat' dir='ltr'>grangiis</span> 
     </span>
     <span class='ocr_line' id='line_1_69' title="bbox 1199 1042 1941 1086; baseline 0 -12"><span class='ocrx_word' id='word_1_330' title='bbox 1199 1043 1374 1086; x_wconf 87' lang='lat' dir='ltr'>praedictis</span> <span class='ocrx_word' id='word_1_331' title='bbox 1395 1042 1442 1076; x_wconf 84' lang='lat' dir='ltr'>sic</span> <span class='ocrx_word' id='word_1_332' title='bbox 1460 1049 1627 1086; x_wconf 78' lang='lat' dir='ltr'>separatos</span> <span class='ocrx_word' id='word_1_333' title='bbox 1643 1048 1675 1075; x_wconf 88' lang='lat' dir='ltr'>et</span> <span class='ocrx_word' id='word_1_334' title='bbox 1692 1042 1941 1075; x_wconf 84' lang='lat' dir='ltr'>dismembratos</span> 
     </span>
     <span class='ocr_line' id='line_1_70' title="bbox 1200 1095 1940 1138; baseline 0 -11"><span class='ocrx_word' id='word_1_335' title='bbox 1200 1095 1231 1127; x_wconf 93' lang='lat' dir='ltr'>in</span> <span class='ocrx_word' id='word_1_336' title='bbox 1258 1106 1373 1128; x_wconf 86' lang='lat' dir='ltr'>novam</span> <span class='ocrx_word' id='word_1_337' title='bbox 1392 1096 1593 1138; x_wconf 83' lang='lat' dir='ltr'>provinciam</span> <span class='ocrx_word' id='word_1_338' title='bbox 1612 1095 1686 1129; x_wconf 85' lang='lat' dir='ltr'>dicti</span> <span class='ocrx_word' id='word_1_339' title='bbox 1702 1095 1842 1134; x_wconf 76' lang='lat' dir='ltr'>Ordinis,</span> <span class='ocrx_word' id='word_1_340' title='bbox 1858 1104 1940 1138; x_wconf 81' lang='lat' dir='ltr'>quae</span> 
     </span>
     <span class='ocr_line' id='line_1_71' title="bbox 1201 1148 1940 1193; baseline -0.001 -12"><span class='ocrx_word' id='word_1_341' title='bbox 1201 1149 1367 1192; x_wconf 85' lang='lat' dir='ltr'>provincia</span> <span class='ocrx_word' id='word_1_342' title='bbox 1385 1149 1596 1193; x_wconf 82' lang='lat' dir='ltr'>Neapolitana</span> <span class='ocrx_word' id='word_1_343' title='bbox 1614 1148 1797 1192; x_wconf 82' lang='lat' dir='ltr'>nuncupari</span> <span class='ocrx_word' id='word_1_344' title='bbox 1815 1148 1940 1188; x_wconf 89' lang='lat' dir='ltr'>debeat,</span> 
     </span>
     <span class='ocr_line' id='line_1_72' title="bbox 1201 1201 1942 1247; baseline -0.001 -12"><span class='ocrx_word' id='word_1_345' title='bbox 1201 1207 1233 1235; x_wconf 89' lang='lat' dir='ltr'>et</span> <span class='ocrx_word' id='word_1_346' title='bbox 1257 1203 1398 1245; x_wconf 84' lang='lat' dir='ltr'>capitula</span> <span class='ocrx_word' id='word_1_347' title='bbox 1423 1203 1634 1246; x_wconf 80' lang='lat' dir='ltr'>provincialia</span> <span class='ocrx_word' id='word_1_348' title='bbox 1653 1213 1711 1247; x_wconf 88' lang='lat' dir='ltr'>pro</span> <span class='ocrx_word' id='word_1_349' title='bbox 1728 1201 1848 1246; x_wconf 89' lang='lat' dir='ltr'>prioris</span> <span class='ocrx_word' id='word_1_350' title='bbox 1866 1211 1942 1245; x_wconf 88' lang='lat' dir='ltr'>pro-</span> 
     </span>
     <span class='ocr_line' id='line_1_73' title="bbox 1199 1254 1941 1298; baseline -0.001 -10"><span class='ocrx_word' id='word_1_351' title='bbox 1199 1255 1346 1288; x_wconf 86' lang='lat' dir='ltr'>vincialis</span> <span class='ocrx_word' id='word_1_352' title='bbox 1363 1282 1370 1295; x_wconf 87' lang='lat'>,</span> <span class='ocrx_word' id='word_1_353' title='bbox 1397 1255 1604 1289; x_wconf 80' lang='lat' dir='ltr'>definitorum</span> <span class='ocrx_word' id='word_1_354' title='bbox 1624 1283 1630 1296; x_wconf 94' lang='lat'>,</span> <span class='ocrx_word' id='word_1_355' title='bbox 1668 1256 1870 1298; x_wconf 85' lang='lat' dir='ltr'>aliorumque</span> <span class='ocrx_word' id='word_1_356' title='bbox 1894 1254 1941 1288; x_wconf 79' lang='lat' dir='ltr'>os-</span> 
     </span>
     <span class='ocr_line' id='line_1_74' title="bbox 1201 1307 1942 1352; baseline 0 -13"><span class='ocrx_word' id='word_1_357' title='bbox 1201 1307 1354 1341; x_wconf 82' lang='lat' dir='ltr'>ticialium</span> <span class='ocrx_word' id='word_1_358' title='bbox 1382 1308 1482 1352; x_wconf 82' lang='lat' dir='ltr'>ipsius</span> <span class='ocrx_word' id='word_1_359' title='bbox 1508 1308 1695 1352; x_wconf 88' lang='lat' dir='ltr'>provinciae</span> <span class='ocrx_word' id='word_1_360' title='bbox 1717 1308 1886 1347; x_wconf 85' lang='lat' dir='ltr'>electione,</span> <span class='ocrx_word' id='word_1_361' title='bbox 1907 1317 1942 1339; x_wconf 84' lang='lat' dir='ltr'>ae</span> 
     </span>
     <span class='ocr_line' id='line_1_75' title="bbox 1201 1360 1941 1405; baseline 0.001 -12"><span class='ocrx_word' id='word_1_362' title='bbox 1201 1361 1473 1404; x_wconf 79' lang='lat' dir='ltr'>congregationes</span> <span class='ocrx_word' id='word_1_363' title='bbox 1499 1362 1647 1405; x_wconf 81' lang='lat' dir='ltr'>aliosque</span> <span class='ocrx_word' id='word_1_364' title='bbox 1678 1371 1875 1404; x_wconf 84' lang='lat' dir='ltr'>congressus</span> <span class='ocrx_word' id='word_1_365' title='bbox 1901 1360 1941 1394; x_wconf 83' lang='lat' dir='ltr'>ad</span> 
     </span>
     <span class='ocr_line' id='line_1_76' title="bbox 1201 1414 1943 1459; baseline 0 -13"><span class='ocrx_word' id='word_1_366' title='bbox 1201 1414 1304 1447; x_wconf 83' lang='lat' dir='ltr'>instar</span> <span class='ocrx_word' id='word_1_367' title='bbox 1325 1415 1458 1448; x_wconf 82' lang='lat' dir='ltr'>aliarum</span> <span class='ocrx_word' id='word_1_368' title='bbox 1481 1415 1722 1459; x_wconf 80' lang='lat' dir='ltr'>provinciarum</span> <span class='ocrx_word' id='word_1_369' title='bbox 1740 1415 1869 1449; x_wconf 89' lang='lat' dir='ltr'>Ordinis</span> <span class='ocrx_word' id='word_1_370' title='bbox 1887 1414 1943 1447; x_wconf 92' lang='lat' dir='ltr'>hu-</span> 
     </span>
     <span class='ocr_line' id='line_1_77' title="bbox 1201 1468 1943 1510; baseline 0.003 -11"><span class='ocrx_word' id='word_1_371' title='bbox 1201 1468 1339 1502; x_wconf 87' lang='lat' dir='ltr'>iusmodi</span> <span class='ocrx_word' id='word_1_372' title='bbox 1366 1470 1534 1503; x_wconf 81' lang='lat' dir='ltr'>celebrare</span> <span class='ocrx_word' id='word_1_373' title='bbox 1552 1497 1559 1510; x_wconf 89' lang='lat'>,</span> <span class='ocrx_word' id='word_1_374' title='bbox 1585 1481 1622 1503; x_wconf 86' lang='lat' dir='ltr'>ac</span> <span class='ocrx_word' id='word_1_375' title='bbox 1647 1469 1800 1503; x_wconf 88' lang='lat' dir='ltr'>omnibus</span> <span class='ocrx_word' id='word_1_376' title='bbox 1825 1473 1858 1502; x_wconf 86' lang='lat' dir='ltr'>et</span> <span class='ocrx_word' id='word_1_377' title='bbox 1878 1468 1943 1502; x_wconf 85' lang='lat' dir='ltr'>sin-</span> 
     </span>
     <span class='ocr_line' id='line_1_78' title="bbox 1201 1517 1943 1567; baseline 0 -13"><span class='ocrx_word' id='word_1_378' title='bbox 1201 1522 1287 1564; x_wconf 81' lang='lat' dir='ltr'>gulis</span> <span class='ocrx_word' id='word_1_379' title='bbox 1314 1523 1550 1566; x_wconf 79' lang='lat' dir='ltr'>praerogativis</span> <span class='ocrx_word' id='word_1_380' title='bbox 1565 1551 1572 1564; x_wconf 90' lang='lat'>,</span> <span class='ocrx_word' id='word_1_381' title='bbox 1598 1522 1875 1567; x_wconf 84' lang='lat' dir='ltr'>praeeminentiis,</span> <span class='ocrx_word' id='word_1_382' title='bbox 1897 1517 1943 1555; x_wconf 82' lang='lat' dir='ltr'>iu-</span> 
     </span>
     <span class='ocr_line' id='line_1_79' title="bbox 1203 1575 1944 1620; baseline 0.001 -13"><span class='ocrx_word' id='word_1_383' title='bbox 1203 1575 1315 1614; x_wconf 85' lang='lat' dir='ltr'>ribus,</span> <span class='ocrx_word' id='word_1_384' title='bbox 1342 1576 1534 1617; x_wconf 77' lang='lat' dir='ltr'>honoribus,</span> <span class='ocrx_word' id='word_1_385' title='bbox 1561 1577 1753 1620; x_wconf 83' lang='lat' dir='ltr'>privilegiis,</span> <span class='ocrx_word' id='word_1_386' title='bbox 1780 1576 1892 1620; x_wconf 85' lang='lat' dir='ltr'>gratiis</span> <span class='ocrx_word' id='word_1_387' title='bbox 1911 1581 1944 1609; x_wconf 88' lang='lat' dir='ltr'>et</span> 
     </span>
     <span class='ocr_line' id='line_1_80' title="bbox 1202 1628 1942 1672; baseline 0.004 -12"><span class='ocrx_word' id='word_1_388' title='bbox 1202 1628 1356 1671; x_wconf 79' lang='lat' dir='ltr'>indultis,</span> <span class='ocrx_word' id='word_1_389' title='bbox 1384 1629 1500 1672; x_wconf 88' lang='lat' dir='ltr'>quibus</span> <span class='ocrx_word' id='word_1_390' title='bbox 1527 1630 1607 1663; x_wconf 84' lang='lat' dir='ltr'>aliae</span> <span class='ocrx_word' id='word_1_391' title='bbox 1634 1630 1780 1663; x_wconf 88' lang='lat' dir='ltr'>eiusdem</span> <span class='ocrx_word' id='word_1_392' title='bbox 1813 1628 1942 1663; x_wconf 87' lang='lat' dir='ltr'>Ordinis</span> 
     </span>
     <span class='ocr_line' id='line_1_81' title="bbox 1202 1681 1944 1724; baseline 0.001 -11"><span class='ocrx_word' id='word_1_393' title='bbox 1202 1681 1398 1724; x_wconf 78' lang='lat' dir='ltr'>provinciae,</span> <span class='ocrx_word' id='word_1_394' title='bbox 1415 1687 1476 1715; x_wconf 88' lang='lat' dir='ltr'>tam</span> <span class='ocrx_word' id='word_1_395' title='bbox 1504 1682 1543 1715; x_wconf 90' lang='lat' dir='ltr'>de</span> <span class='ocrx_word' id='word_1_396' title='bbox 1569 1683 1646 1723; x_wconf 88' lang='lat' dir='ltr'>iure,</span> <span class='ocrx_word' id='word_1_397' title='bbox 1674 1693 1731 1715; x_wconf 87' lang='lat' dir='ltr'>usu</span> <span class='ocrx_word' id='word_1_398' title='bbox 1758 1688 1789 1716; x_wconf 89' lang='lat' dir='ltr'>et</span> <span class='ocrx_word' id='word_1_399' title='bbox 1811 1692 1944 1716; x_wconf 87' lang='lat' dir='ltr'>consue-</span> 
     </span>
     <span class='ocr_line' id='line_1_82' title="bbox 1204 1735 1944 1779; baseline 0.001 -12"><span class='ocrx_word' id='word_1_400' title='bbox 1204 1735 1326 1773; x_wconf 88' lang='lat' dir='ltr'>tudine,</span> <span class='ocrx_word' id='word_1_401' title='bbox 1352 1746 1448 1778; x_wconf 85' lang='lat' dir='ltr'>quam</span> <span class='ocrx_word' id='word_1_402' title='bbox 1475 1735 1553 1768; x_wconf 74' lang='lat' dir='ltr'>alias</span> <span class='ocrx_word' id='word_1_403' title='bbox 1579 1735 1827 1779; x_wconf 86' lang='lat' dir='ltr'>quomodolibet</span> <span class='ocrx_word' id='word_1_404' title='bbox 1848 1741 1944 1768; x_wconf 89' lang='lat' dir='ltr'>utun-</span> 
     </span>
     <span class='ocr_line' id='line_1_83' title="bbox 1204 1788 1943 1832; baseline 0 -12"><span class='ocrx_word' id='word_1_405' title='bbox 1204 1794 1275 1828; x_wconf 82' lang='lat' dir='ltr'>tur,</span> <span class='ocrx_word' id='word_1_406' title='bbox 1301 1788 1450 1821; x_wconf 82' lang='lat' dir='ltr'>fruuntur</span> <span class='ocrx_word' id='word_1_407' title='bbox 1476 1794 1507 1821; x_wconf 90' lang='lat' dir='ltr'>et</span> <span class='ocrx_word' id='word_1_408' title='bbox 1533 1790 1701 1832; x_wconf 81' lang='lat' dir='ltr'>gaudent,</span> <span class='ocrx_word' id='word_1_409' title='bbox 1728 1799 1764 1822; x_wconf 84' lang='lat' dir='ltr'>ac</span> <span class='ocrx_word' id='word_1_410' title='bbox 1789 1790 1853 1830; x_wconf 91' lang='lat' dir='ltr'>uti,</span> <span class='ocrx_word' id='word_1_411' title='bbox 1882 1788 1943 1821; x_wconf 77' lang='lat' dir='ltr'>frui</span> 
     </span>
     <span class='ocr_line' id='line_1_84' title="bbox 1203 1841 1944 1886; baseline 0 -11"><span class='ocrx_word' id='word_1_412' title='bbox 1203 1847 1235 1875; x_wconf 90' lang='lat' dir='ltr'>et</span> <span class='ocrx_word' id='word_1_413' title='bbox 1260 1841 1401 1884; x_wconf 86' lang='lat' dir='ltr'>gaudere</span> <span class='ocrx_word' id='word_1_414' title='bbox 1427 1848 1565 1885; x_wconf 86' lang='lat' dir='ltr'>possunt</span> <span class='ocrx_word' id='word_1_415' title='bbox 1591 1847 1623 1875; x_wconf 87' lang='lat' dir='ltr'>et</span> <span class='ocrx_word' id='word_1_416' title='bbox 1648 1848 1804 1886; x_wconf 88' lang='lat' dir='ltr'>poterunt</span> <span class='ocrx_word' id='word_1_417' title='bbox 1829 1842 1861 1875; x_wconf 91' lang='lat' dir='ltr'>in</span> <span class='ocrx_word' id='word_1_418' title='bbox 1897 1841 1944 1875; x_wconf 82' lang='lat' dir='ltr'>su-</span> 
     </span>
     <span class='ocr_line' id='line_1_85' title="bbox 1204 1895 1943 1940; baseline 0.001 -13"><span class='ocrx_word' id='word_1_419' title='bbox 1204 1901 1323 1935; x_wconf 84' lang='lat' dir='ltr'>turum,</span> <span class='ocrx_word' id='word_1_420' title='bbox 1340 1895 1562 1938; x_wconf 64' lang='lat' dir='ltr'>parit&#39;ormiter</span> <span class='ocrx_word' id='word_1_421' title='bbox 1581 1902 1611 1928; x_wconf 89' lang='lat' dir='ltr'>et</span> <span class='ocrx_word' id='word_1_422' title='bbox 1629 1896 1752 1940; x_wconf 85' lang='lat' dir='ltr'>absque</span> <span class='ocrx_word' id='word_1_423' title='bbox 1768 1896 1833 1929; x_wconf 80' lang='lat' dir='ltr'>ulla</span> <span class='ocrx_word' id='word_1_424' title='bbox 1851 1905 1943 1939; x_wconf 85' lang='lat' dir='ltr'>pror-</span> 
     </span>
     <span class='ocr_line' id='line_1_86' title="bbox 1203 1948 1945 1992; baseline -0.001 -10"><span class='ocrx_word' id='word_1_425' title='bbox 1203 1959 1256 1982; x_wconf 84' lang='lat' dir='ltr'>sus</span> <span class='ocrx_word' id='word_1_426' title='bbox 1282 1948 1557 1988; x_wconf 69' lang='lat' dir='ltr'>differentia-&gt;uti‚</span> <span class='ocrx_word' id='word_1_427' title='bbox 1584 1949 1657 1989; x_wconf 79' lang='lat' dir='ltr'>srui,</span> <span class='ocrx_word' id='word_1_428' title='bbox 1685 1948 1782 1992; x_wconf 90' lang='lat' dir='ltr'>potiri</span> <span class='ocrx_word' id='word_1_429' title='bbox 1810 1954 1842 1982; x_wconf 85' lang='lat' dir='ltr'>et</span> <span class='ocrx_word' id='word_1_430' title='bbox 1869 1959 1945 1992; x_wconf 84' lang='lat' dir='ltr'>gau-</span> 
     </span>
     <span class='ocr_line' id='line_1_87' title="bbox 1204 2002 1942 2046; baseline -0.001 -11"><span class='ocrx_word' id='word_1_431' title='bbox 1204 2004 1280 2036; x_wconf 89' lang='lat' dir='ltr'>dere</span> <span class='ocrx_word' id='word_1_432' title='bbox 1306 2003 1408 2036; x_wconf 87' lang='lat' dir='ltr'>libere</span> <span class='ocrx_word' id='word_1_433' title='bbox 1435 2008 1464 2035; x_wconf 88' lang='lat' dir='ltr'>et</span> <span class='ocrx_word' id='word_1_434' title='bbox 1489 2002 1575 2035; x_wconf 87' lang='lat' dir='ltr'>licite</span> <span class='ocrx_word' id='word_1_435' title='bbox 1602 2002 1729 2046; x_wconf 86' lang='lat' dir='ltr'>possint</span> <span class='ocrx_word' id='word_1_436' title='bbox 1754 2008 1785 2035; x_wconf 90' lang='lat' dir='ltr'>et</span> <span class='ocrx_word' id='word_1_437' title='bbox 1804 2003 1942 2041; x_wconf 84' lang='lat' dir='ltr'>valeant,</span> 
     </span>
     <span class='ocr_line' id='line_1_88' title="bbox 1204 2055 1943 2099; baseline 0 -11"><span class='ocrx_word' id='word_1_438' title='bbox 1204 2063 1303 2097; x_wconf 85' lang='lat' dir='ltr'>motu,</span> <span class='ocrx_word' id='word_1_439' title='bbox 1329 2056 1464 2089; x_wconf 76' lang='lat' dir='ltr'>scientia</span> <span class='ocrx_word' id='word_1_440' title='bbox 1490 2061 1520 2089; x_wconf 84' lang='lat' dir='ltr'>et</span> <span class='ocrx_word' id='word_1_441' title='bbox 1543 2056 1715 2099; x_wconf 86' lang='lat' dir='ltr'>potestatis</span> <span class='ocrx_word' id='word_1_442' title='bbox 1737 2055 1943 2099; x_wconf 86' lang='lat' dir='ltr'>plenitudine</span> 
     </span>
     <span class='ocr_line' id='line_1_89' title="bbox 1205 2108 1944 2153; baseline -0.001 -11"><span class='ocrx_word' id='word_1_443' title='bbox 1205 2110 1344 2153; x_wconf 88' lang='lat' dir='ltr'>paribus,</span> <span class='ocrx_word' id='word_1_444' title='bbox 1361 2109 1429 2142; x_wconf 87' lang='lat' dir='ltr'>sine</span> <span class='ocrx_word' id='word_1_445' title='bbox 1448 2109 1640 2153; x_wconf 85' lang='lat' dir='ltr'>cuiusquam</span> <span class='ocrx_word' id='word_1_446' title='bbox 1661 2108 1872 2153; x_wconf 84' lang='lat' dir='ltr'>praeiudicio,</span> <span class='ocrx_word' id='word_1_447' title='bbox 1890 2119 1944 2152; x_wconf 84' lang='lat' dir='ltr'>pa-</span> 
     </span>
     <span class='ocr_line' id='line_1_90' title="bbox 1205 2162 1944 2206; baseline 0.001 -12"><span class='ocrx_word' id='word_1_448' title='bbox 1205 2163 1283 2195; x_wconf 91' lang='lat' dir='ltr'>riter</span> <span class='ocrx_word' id='word_1_449' title='bbox 1308 2163 1339 2195; x_wconf 92' lang='lat' dir='ltr'>in</span> <span class='ocrx_word' id='word_1_450' title='bbox 1366 2168 1559 2206; x_wconf 83' lang='lat' dir='ltr'>perpetuum</span> <span class='ocrx_word' id='word_1_451' title='bbox 1595 2163 1751 2205; x_wconf 76' lang='lat' dir='ltr'>erigimus</span> <span class='ocrx_word' id='word_1_452' title='bbox 1787 2168 1818 2196; x_wconf 91' lang='lat' dir='ltr'>et</span> <span class='ocrx_word' id='word_1_453' title='bbox 1854 2162 1944 2195; x_wconf 88' lang='lat' dir='ltr'>insti-</span> 
     </span>
     <span class='ocr_line' id='line_1_91' title="bbox 1205 2216 1336 2248; baseline 0.008 -1"><span class='ocrx_word' id='word_1_454' title='bbox 1205 2216 1336 2248; x_wconf 88' lang='lat' dir='ltr'>tuimus.</span> 
     </span>
    </p>

    <p class='ocr_par' dir='ltr' id='par_1_9' title="bbox 1204 2269 1946 2685">
     <span class='ocr_line' id='line_1_92' title="bbox 1249 2269 1944 2313; baseline 0 -11"><span class='ocrx_word' id='word_1_455' title='bbox 1249 2271 1263 2313; x_wconf 59' lang='grc' dir='ltr'><strong>ἓ</strong></span> <span class='ocrx_word' id='word_1_456' title='bbox 1289 2269 1319 2302; x_wconf 73' lang='lat'>3.</span> <span class='ocrx_word' id='word_1_457' title='bbox 1348 2269 1503 2307; x_wconf 78' lang='lat' dir='ltr'>Quoniam</span> <span class='ocrx_word' id='word_1_458' title='bbox 1530 2280 1605 2302; x_wconf 85' lang='lat' dir='ltr'>vero</span> <span class='ocrx_word' id='word_1_459' title='bbox 1632 2274 1809 2302; x_wconf 73' lang='lat' dir='ltr'>conventus</span> <span class='ocrx_word' id='word_1_460' title='bbox 1830 2269 1944 2302; x_wconf 87' lang='lat' dir='ltr'>Montis</span> 
     </span>
     <span class='ocr_line' id='line_1_93' title="bbox 1204 2321 1945 2366; baseline -0.001 -11"><span class='ocrx_word' id='word_1_461' title='bbox 1204 2323 1310 2355; x_wconf 83' lang='lat' dir='ltr'>Sancti</span> <span class='ocrx_word' id='word_1_462' title='bbox 1334 2328 1540 2366; x_wconf 83' lang='lat' dir='ltr'>nuncupatus</span> <span class='ocrx_word' id='word_1_463' title='bbox 1561 2322 1793 2366; x_wconf 77' lang='lat' dir='ltr'>Neapolitanus</span> <span class='ocrx_word' id='word_1_464' title='bbox 1815 2321 1945 2355; x_wconf 82' lang='lat' dir='ltr'>Ordinis</span> 
     </span>
     <span class='ocr_line' id='line_1_94' title="bbox 1205 2375 1943 2419; baseline -0.003 -11"><span class='ocrx_word' id='word_1_465' title='bbox 1205 2376 1339 2419; x_wconf 76' lang='lat' dir='ltr'>praefati</span> <span class='ocrx_word' id='word_1_466' title='bbox 1366 2376 1474 2409; x_wconf 83' lang='lat' dir='ltr'>multis</span> <span class='ocrx_word' id='word_1_467' title='bbox 1500 2377 1539 2408; x_wconf 81' lang='lat' dir='ltr'>ab</span> <span class='ocrx_word' id='word_1_468' title='bbox 1567 2376 1641 2408; x_wconf 85' lang='lat' dir='ltr'>hinc</span> <span class='ocrx_word' id='word_1_469' title='bbox 1660 2375 1751 2408; x_wconf 88' lang='lat' dir='ltr'>annis</span> <span class='ocrx_word' id='word_1_470' title='bbox 1768 2375 1943 2418; x_wconf 85' lang='lat' dir='ltr'>acephalus</span> 
     </span>
     <span class='ocr_line' id='line_1_95' title="bbox 1206 2428 1944 2472; baseline -0.001 -11"><span class='ocrx_word' id='word_1_471' title='bbox 1206 2435 1237 2461; x_wconf 92' lang='lat' dir='ltr'>et</span> <span class='ocrx_word' id='word_1_472' title='bbox 1261 2429 1488 2472; x_wconf 83' lang='lat' dir='ltr'>independens</span> <span class='ocrx_word' id='word_1_473' title='bbox 1507 2428 1681 2472; x_wconf 89' lang='lat' dir='ltr'>reperitur,</span> <span class='ocrx_word' id='word_1_474' title='bbox 1699 2428 1852 2471; x_wconf 87' lang='lat' dir='ltr'>nullaque</span> <span class='ocrx_word' id='word_1_475' title='bbox 1871 2438 1944 2471; x_wconf 81' lang='lat' dir='ltr'>spes</span> 
     </span>
     <span class='ocr_line' id='line_1_96' title="bbox 1206 2481 1945 2525; baseline 0 -11"><span class='ocrx_word' id='word_1_476' title='bbox 1206 2482 1295 2515; x_wconf 90' lang='lat' dir='ltr'>illum</span> <span class='ocrx_word' id='word_1_477' title='bbox 1322 2483 1508 2525; x_wconf 82' lang='lat' dir='ltr'>provinciae</span> <span class='ocrx_word' id='word_1_478' title='bbox 1533 2482 1649 2514; x_wconf 86' lang='lat' dir='ltr'>Montis</span> <span class='ocrx_word' id='word_1_479' title='bbox 1673 2482 1779 2514; x_wconf 86' lang='lat' dir='ltr'>Sancti</span> <span class='ocrx_word' id='word_1_480' title='bbox 1813 2481 1945 2514; x_wconf 82' lang='lat' dir='ltr'>ditionis</span> 
     </span>
     <span class='ocr_line' id='line_1_97' title="bbox 1206 2532 1944 2567; baseline -0.003 0"><span class='ocrx_word' id='word_1_481' title='bbox 1206 2540 1336 2567; x_wconf 74' lang='lat' dir='ltr'>nostrae</span> <span class='ocrx_word' id='word_1_482' title='bbox 1361 2534 1604 2567; x_wconf 83' lang='lat' dir='ltr'>eeclesiasticae</span> <span class='ocrx_word' id='word_1_483' title='bbox 1630 2533 1705 2566; x_wconf 87' lang='lat' dir='ltr'>dicti</span> <span class='ocrx_word' id='word_1_484' title='bbox 1742 2532 1872 2566; x_wconf 90' lang='lat' dir='ltr'>Ordinis</span> <span class='ocrx_word' id='word_1_485' title='bbox 1908 2543 1944 2565; x_wconf 87' lang='lat' dir='ltr'>u-</span> 
     </span>
     <span class='ocr_line' id='line_1_98' title="bbox 1208 2585 1944 2625; baseline -0.003 -5"><span class='ocrx_word' id='word_1_486' title='bbox 1208 2587 1315 2620; x_wconf 90' lang='lat' dir='ltr'>niendi</span> <span class='ocrx_word' id='word_1_487' title='bbox 1354 2587 1487 2625; x_wconf 85' lang='lat' dir='ltr'>subest,</span> <span class='ocrx_word' id='word_1_488' title='bbox 1526 2587 1644 2619; x_wconf 87' lang='lat' dir='ltr'>dilecto</span> <span class='ocrx_word' id='word_1_489' title='bbox 1684 2585 1750 2619; x_wconf 84' lang='lat' dir='ltr'>silio</span> <span class='ocrx_word' id='word_1_490' title='bbox 1782 2586 1944 2619; x_wconf 88' lang='lat' dir='ltr'>moderno</span> 
     </span>
     <span class='ocr_line' id='line_1_99' title="bbox 1207 2639 1946 2685; baseline 0.001 -12"><span class='ocrx_word' id='word_1_491' title='bbox 1207 2640 1306 2685; x_wconf 88' lang='lat' dir='ltr'>priori</span> <span class='ocrx_word' id='word_1_492' title='bbox 1334 2640 1477 2685; x_wconf 73' lang='lat' dir='ltr'>generali</span> <span class='ocrx_word' id='word_1_493' title='bbox 1503 2640 1649 2673; x_wconf 86' lang='lat' dir='ltr'>eiusdem</span> <span class='ocrx_word' id='word_1_494' title='bbox 1684 2639 1814 2674; x_wconf 87' lang='lat' dir='ltr'>Ordinis</span> <span class='ocrx_word' id='word_1_495' title='bbox 1852 2650 1946 2685; x_wconf 81' lang='lat' dir='ltr'>prae-</span> 
     </span>
    </p>
   </div>
   <div class='ocr_carea' id='block_1_8' title="bbox 1945 245 2126 276">
    <p class='ocr_par' dir='ltr' id='par_1_10' title="bbox 1945 245 2126 276">
     <span class='ocr_line' id='line_1_100' title="bbox 1945 245 2126 276; baseline 0.028 -5"><span class='ocrx_word' id='word_1_496' title='bbox 1945 245 1994 272; x_wconf 81' lang='grc' dir='ltr'>Αη.</span> <span class='ocrx_word' id='word_1_497' title='bbox 2015 245 2126 276; x_wconf 55' lang='lat'>&amp;1725</span> 
     </span>
    </p>
   </div>
   <div class='ocr_carea' id='block_1_9' title="bbox 2013 2274 2138 2296">
    <p class='ocr_par' dir='ltr' id='par_1_11' title="bbox 2013 2274 2138 2296">
     <span class='ocr_line' id='line_1_101' title="bbox 2013 2274 2138 2296; baseline -0.008 0"><span class='ocrx_word' id='word_1_498' title='bbox 2013 2274 2138 2296; x_wconf 77' lang='lat' dir='ltr'>statuuntur</span> 
     </span>
    </p>
   </div>
   <div class='ocr_carea' id='block_1_10' title="bbox 1920 2302 2138 2328">
    <p class='ocr_par' dir='ltr' id='par_1_12' title="bbox 1920 2302 2138 2328">
     <span class='ocr_line' id='line_1_102' title="bbox 1920 2302 2138 2328; baseline -0.005 -5"><span class='ocrx_word' id='word_1_499' title='bbox 1920 2321 1926 2328; x_wconf 83' lang='grc'><em>,</em></span> <span class='ocrx_word' id='word_1_500' title='bbox 1956 2303 2060 2328; x_wconf 79' lang='lat' dir='ltr'>quaedam</span> <span class='ocrx_word' id='word_1_501' title='bbox 2097 2302 2138 2322; x_wconf 80' lang='lat' dir='ltr'>cir-</span> 
     </span>
    </p>
   </div>
   <div class='ocr_carea' id='block_1_11' title="bbox 1955 2330 2139 2408">
    <p class='ocr_par' dir='ltr' id='par_1_13' title="bbox 1955 2330 2139 2408">
     <span class='ocr_line' id='line_1_103' title="bbox 1955 2330 2138 2357; baseline 0 -9"><span class='ocrx_word' id='word_1_502' title='bbox 1955 2334 1981 2348; x_wconf 78' lang='lat' dir='ltr'>ea</span> <span class='ocrx_word' id='word_1_503' title='bbox 2014 2330 2138 2357; x_wconf 59' lang='lat' dir='ltr'>conventum⁵</span> 
     </span>
     <span class='ocr_line' id='line_1_104' title="bbox 1955 2355 2139 2376; baseline -0.005 0"><span class='ocrx_word' id='word_1_504' title='bbox 1955 2355 2033 2376; x_wconf 80' lang='lat' dir='ltr'>Montis</span> <span class='ocrx_word' id='word_1_505' title='bbox 2065 2355 2139 2375; x_wconf 63' lang='lat' dir='ltr'>Sancti</span> 
     </span>
     <span class='ocr_line' id='line_1_105' title="bbox 1956 2381 2090 2408; baseline 0 -5"><span class='ocrx_word' id='word_1_506' title='bbox 1956 2381 2090 2408; x_wconf 77' lang='lat' dir='ltr'>aceptiatuin.</span> 
     </span>
    </p>
   </div>
  </div>
 </body>
</html>
