2170 3147
16 233 68 261 An.
81 229 112 258 C.
134 228 201 258 1726
227 237 229 239 ¹

49 1400 133 1422 Cubilia
160 1403 199 1424 pro

14 1427 89 1454 singuli
85 1427 199 1447 avitarum

76 1453 198 1474 seminarum

15 1479 94 1502 morbis
126 1479 199 1499 huius-

15 1506 71 1527 modi
98 1505 198 1531 adsigna

208 277 240 310 in
267 276 380 310 eadem
405 275 490 309 Urbe
524 275 740 318 degentibus,
774 277 944 319 utriusque

209 340 312 368 sexus,
327 330 427 372 lepra,
447 328 566 370 scabie,
586 328 671 361 tinea
696 339 751 361 seu
777 329 945 372 prurigine

208 383 240 415 in
262 383 376 425 capite,
394 392 452 415 seu
479 392 562 425 quae
587 387 684 425 caput
701 382 884 418 obsideant,
902 383 948 415 la-

208 436 419 475 borantibus,
447 440 481 468 ut
505 435 583 468 inibi
610 435 812 478 recipiantur
838 440 869 467 et
894 445 947 467 cu-

208 493 334 528 rentur,
354 498 427 520 cum
446 488 509 520 suis
528 488 678 528 ecclesia,
698 487 854 526 sacristia,
874 497 947 519 coe-

207 541 356 581 meterio,
384 541 566 584 campanili,
592 540 768 583 campanis,
793 539 947 573 dormito-

208 592 277 633 riis,
306 593 446 626 officinis
473 598 505 626 et
530 592 798 637 supellectilibus,
832 598 947 625 tenore

207 646 440 688 praesentium,
458 652 620 690 perpetuo
647 645 810 689 erigimus,
836 645 948 678 sunda-

207 709 277 732 mus
303 704 335 732 et
359 699 577 739 instituimus,
612 699 663 732 liis
688 704 795 732 tamen
820 698 947 741 legibus

209 757 241 785 et
261 752 514 793 conditionibus,
532 757 568 785 ut
587 763 652 786 non
672 752 735 792 alii,
755 762 850 795 quam
875 761 947 784 mox

208 804 301 838 dictis
336 805 460 838 morbis
485 804 610 845 ail‘ecti,
636 804 715 837 inibi
741 804 949 838 admittantur

209 862 242 890 et
273 863 451 898 curentur,
483 858 622 891 exclusis
658 866 788 900 semper
823 856 861 889 iis
895 856 947 899 qui

207 910 299 954 lepra
326 917 359 944 et
382 911 490 945 scabie
516 913 656 945 venerea
680 921 736 944 seu
762 909 876 953 gallica
901 909 949 942 in-

207 963 283 997 secti
308 964 425 1003 forent,
457 974 538 1007 quos
563 963 665 1007 recipi
685 963 899 1006 probibemus
917 962 949 995 in

208 1015 322 1050 eodem
336 1016 502 1059 hospitali,
517 1020 629 1059 utpote
646 1015 694 1048 bis
709 1014 801 1048 malis
816 1015 950 1047 meden-

208 1067 257 1100 dis
274 1068 410 1101 minime
427 1073 513 1112 apto,
533 1078 568 1101 ac
600 1068 638 1101 ad
664 1068 747 1101 illud
773 1067 948 1110 aegrotos¹

209 1120 378 1164 utriusque
413 1121 534 1164 pariter
570 1131 681 1161 sexus,
720 1120 775 1164 qui
813 1130 829 1152 a
864 1119 949 1153 dicto

208 1172 335 1206 AEmilio
359 1173 392 1206 in
418 1173 543 1217 privata
569 1173 674 1213 domo,
693 1173 777 1206 sicut
801 1172 949 1216 praemit-

208 1226 295 1266 titur,
321 1227 526 1267 curabantur,
551 1226 584 1259 in
621 1225 807 1259 huiusmodi
845 1226 950 1269 bospi-

208 1279 265 1312 tali
298 1280 528 1320 transtulimus,
557 1284 588 1313 et
624 1279 655 1312 in
694 1279 775 1313 illud
804 1279 948 1312 translati

208 1332 428 1375 reperiuntur.

253 1385 268 1428 5
292 1385 323 1418 6.
343 1385 377 1418 In
403 1396 478 1429 quo,
497 1396 557 1429 pro
582 1385 658 1418 viris
684 1385 842 1425 videlicet,
862 1390 892 1418 et
918 1385 949 1418 in

210 1447 323 1470 eoium
341 1439 454 1478 classe,
471 1438 604 1481 triginta
620 1438 737 1471 cubilia
757 1448 817 1481 p1o
836 1448 948 1471 eorum

211 1490 343 1533 triginta
379 1491 607 1534 pruriginosis,
645 1502 681 1525 ac
717 1492 779 1525 alia
805 1490 864 1524 tiia
889 1501 948 1534 pro

210 1552 324 1576 eorum
353 1543 424 1576 aliis
450 1544 555 1577 tribus
580 1543 798 1588 piuriginosis
824 1543 949 1576 febrici-

210 1595 363 1635 tantibus,
381 1606 416 1628 ac
434 1596 496 1629 alia
514 1607 566 1629 sex
587 1607 647 1640 pro
673 1607 785 1630 eorum
804 1596 875 1629 aliis
892 1606 946 1629 sex

208 1647 424 1690 pruriginosis
455 1648 619 1688 scabiosis,
645 1659 681 1682 ac
709 1649 771 1682 alia
801 1659 855 1682 sex
888 1659 947 1692 pro

209 1710 321 1733 eorum
346 1701 417 1733 aliis
443 1711 496 1734 sex
524 1702 678 1735 scabiosis
703 1702 735 1734 in
761 1702 885 1745 capite,
912 1713 948 1735 ac

209 1752 272 1786 alia
297 1763 412 1787 novem
430 1764 489 1797 pro
508 1754 579 1787 aliis
604 1765 719 1787 novem
745 1754 893 1798 leprosis,
912 1765 948 1787 ac

210 1806 272 1839 alia
297 1806 360 1839 duo
384 1817 445 1850 pro
470 1817 582 1840 eorum
607 1807 679 1840 aliis
704 1808 829 1840 duobus
847 1809 948 1851 lepro-

209 1856 253 1890 sis
288 1859 514 1901 pruriginosis,
539 1870 576 1893 ac
612 1860 675 1893 alia
710 1865 852 1903 quatuor
886 1871 947 1904 pro

209 1920 319 1944 eorum
345 1912 416 1945 aliis
441 1918 580 1956 quatuor
597 1913 735 1956 leprosis
760 1924 824 1946 non
850 1914 949 1957 pesti-

208 1963 375 2006 lentibus,
403 1966 487 1998 etin
513 1966 703 1999 eorumdem
729 1966 867 1999 virorum
894 1967 948 1999 ho-

209 2017 318 2060 spitali
353 2027 452 2060 parvo
489 2018 615 2061 reliqua
650 2018 795 2061 quinque
829 2017 948 2051 cubilia

208 2080 267 2113 pro
293 2070 428 2114 reliquis
445 2080 557 2104 eorum
576 2071 718 2114 quinque
736 2071 871 2114 leprosis
897 2081 949 2114 pe-

209 2122 410 2164 stilentibus,
436 2133 495 2166 pro
521 2123 712 2156 mulieribus
737 2134 834 2164 vero,
860 2129 892 2156 et
916 2123 946 2157 in

210 2186 322 2209 earum
347 2177 458 2216 classe,
492 2186 575 2219 quae
601 2186 729 2219 semper
754 2186 771 2208 a
796 2176 881 2209 dicta
904 2176 949 2209 vi-

209 2238 319 2262 rorum
336 2230 438 2262 classe
455 2239 514 2272 per
531 2228 756 2261 intermediam
781 2229 948 2261 ecclesiam

211 2281 311 2315 divisa
335 2292 371 2315 ac
396 2282 546 2315 distincta
581 2281 698 2314 debeat
721 2291 809 2320 esse,
836 2281 947 2315 decem

211 2340 243 2368 et
266 2341 338 2369 octo
373 2334 494 2368 cubilia
529 2345 589 2378 pro
627 2344 736 2367 earum
769 2334 882 2367 decern
918 2339 950 2366 et

211 2394 285 2422 octo
310 2387 550 2432 pruriginosis‚
577 2398 612 2421 ae
647 2387 709 2420 alia
746 2387 859 2420 decem
889 2397 948 2430 pro

210 2452 321 2476 earum
346 2441 417 2474 aliis
442 2441 554 2474 decem
582 2439 850 2480 febricitantibus,
869 2440 949 2472 Lan-

211 2495 339 2528 cisianis
363 2495 565 2538 nuncupatis,
591 2505 627 2527 ac
651 2494 738 2530 aliud
763 2504 863 2527 unum
888 2503 948 2537 pro

212 2559 323 2583 carum
346 2551 410 2583 una
445 2550 573 2592 leprosa
604 2558 670 2581 non
695 2547 889 2591 pestilente,
914 2556 950 2579 ac

248 2613 258 2640 l
281 2610 352 2640 Edit.
373 2611 452 2641 Main.
472 2611 537 2647 legit
556 2611 669 2647 aegroti
688 2612 726 2645 (R.
741 2611 789 2645 τ.).

797 226 993 251 BENEDICTUS
1017 225 1076 250 xm
1100 226 1150 251 PP.

1632 216 1696 249 445³,

990 277 1050 308 alia
1076 276 1140 308 duo
1165 286 1223 319 pro
1250 285 1359 308 earum
1385 275 1455 308 aliis
1482 274 1604 308 duabus
1625 275 1732 317 pruri-

989 328 1114 371 ginosis
1147 329 1429 368 febricitantibus,
1457 339 1493 361 ac
1518 328 1604 361 aliud
1632 338 1729 359 unum

990 392 1048 424 pro
1074 382 1137 413 unzi
1164 391 1275 414 earum
1301 381 1362 414 alia
1388 381 1534 413 scabiosa
1561 381 1591 412 in
1617 381 1730 422 capite,

1742 224 1792 251 An.
1814 223 1926 251 (2172ss

967 444 1025 466 fac
1061 434 1123 466 alia
1160 434 1221 466 duo
1259 444 1318 476 pro
1355 433 1480 465 duabus
1516 444 1624 465 earum
1659 432 1730 464 aliis

990 485 1207 528 pruriginosis
1233 486 1410 524 scabiosis,
1438 496 1473 518 ac
1498 485 1559 517 alia
1585 485 1730 527 quinque

990 548 1049 580 pro
1069 548 1178 570 earum
1198 537 1269 570 aliis
1296 537 1439 580 quinque
1466 537 1615 580 leprosis,
1639 547 1674 568 ac
1701 537 1731 568 in

991 591 1176 624 earumdem
1195 591 1367 624 mulierum
1388 591 1538 634 hospitali
1564 600 1662 632 parvo
1688 600 1733 621 re-

991 643 1078 686 liqua
1103 643 1246 687 quinque
1277 643 1394 676 cubilia
1426 653 1486 686 pro
1521 642 1654 685 reliquis
1681 652 1732 674 ea-

992 707 1063 728 rum
1096 696 1241 739 quinque
1267 695 1465 738 puriginosis
1490 695 1730 737 pestilentibus,

992 760 1050 793 pro
1089 754 1237 792 tempore
1271 748 1309 781 ad
1335 748 1497 791 hospitale
1530 758 1589 790 per
1614 758 1673 779 nos
1699 751 1732 779 ut

991 801 1176 845 praefertur
1201 805 1359 841 erectum,
1386 805 1430 840 et,
1450 800 1555 844 quoad
1581 800 1733 833 mulieres

993 856 1215 890 febricitantes
1228 855 1432 888 Lancisianas
1450 854 1624 897 praefatas,
1637 858 1733 896 prout

993 909 1092 948 infra,
1119 909 1300 952 respective
1326 907 1554 946 admittendis,
1581 912 1611 939 et
1636 907 1666 938 in
1694 917 1731 939 co

992 961 1156 1001 curandis,
1174 966 1334 1004 perpetuo
1360 959 1440 1003 erigi
1467 964 1498 992 et
1522 959 1636 991 instrui
1657 959 1733 991 seci-

992 1024 1073 1054 mus,
1091 1019 1188 1058 prout
1212 1014 1275 1046 iam
1300 1013 1332 1045 in
1359 1014 1498 1055 utraque
1517 1013 1618 1045 classe
1645 1018 1675 1044 et
1701 1012 1732 1044 in

992 1073 1131 1111 utroque
1158 1066 1310 1110 hospitali
1340 1076 1439 1109 parvo
1461 1065 1645 1098 huiusmodi
1672 1065 1732 1097 iam

993 1126 1100 1154 erecta
1135 1125 1166 1153 et
1201 1120 1356 1152 instructa
1382 1119 1614 1162 reperiuntur,
1641 1129 1677 1150 ae
1700 1118 1732 1149 in

993 1173 1183 1207 eorumdem
1222 1173 1403 1216 respective
1433 1172 1588 1205 cubilium
1614 1170 1734 1212 singuli

992 1226 1050 1259 viri
1077 1232 1109 1259 et
1132 1225 1280 1268 singulae
1316 1224 1469 1258 mulieres
1496 1223 1617 1256 morbis
1644 1233 1736 1264 prac-

994 1280 1064 1313 satis
1083 1279 1263 1323 respective
1282 1278 1384 1311 affecti
1413 1284 1444 1311 et
1462 1278 1594 1311 affectae
1615 1277 1734 1309 incum-

993 1332 1127 1366 bentes¹
1165 1332 1307 1365 debitam
1341 1331 1554 1374 experiuntur
1591 1331 1621 1362 in
1660 1340 1734 1362 suos

994 1385 1176 1429 respective
1202 1385 1333 1418 m01bos
1360 1394 1481 1417 curam.

1036 1440 1050 1482 ἓ
1077 1439 1106 1472 7
1136 1439 1277 1481 Cumque
1303 1448 1365 1471 non
1394 1438 1436 1470 ita
1463 1437 1588 1479 pridem
1625 1436 1695 1468 eish
1690 1446 1728 1467 m
1792 1442 1928 1487 s*timreinais

994 1493 1157 1536 hospitali,
1184 1502 1242 1535 per
1262 1502 1322 1524 nos
1348 1496 1383 1523 ut
1406 1491 1587 1534 praefertur
1613 1495 1731 1527 etet—,Q
1745 1470 1763 1516 i
1763 1476 1820 1489 ¹¹¹
1846 1474 1929 1541 ’ἵῖιὲιῖιέ

994 1551 1069 1578 tunc
1087 1545 1255 1588 erigendo,
1274 1544 1511 1577 haereditatem
1537 1552 1607 1575 cum
1635 1552 1708 1575 omn
1826 1549 1844 1567 ιο
1879 1548 1928 1568 huic

992 1598 1051 1631 bus
1077 1599 1142 1631 suis
1179 1598 1328 1636 iuribus,
1352 1596 1447 1629 bonis
1473 1606 1508 1628 ac
1533 1595 1690 1627 fiuctibus
1718 1582 1809 1627 η’ἶιιιογ
1809 1574 1928 1621 ιιῗιιι·μιιίιιι

993 1652 1157 1696 quondam
1195 1651 1315 1683 Ioanne
1342 1649 1437 1682 Malia
1461 1648 1630 1687 Lancisio
1658 1649 1732 1680 dum

992 1704 1121 1744 viveret,
1139 1703 1211 1747 piae
1229 1702 1404 1736 memoriae
1422 1700 1597 1735 Clementis
1615 1700 1673 1732 ΡΙ).
1696 1700 1732 1732 xi

990 1756 1256 1801 praedecessoris
1282 1755 1404 1798 pariter
1433 1754 1534 1787 nostri
1572 1753 1734 1785 cubicula-

991 1811 1039 1843 rio
1065 1810 1181 1842 intimo
1209 1819 1244 1841 ac
1270 1807 1396 1840 medico
1421 1811 1547 1840 secreto
1566 1807 1664 1847 dicto,
1685 1817 1735 1838 ar-

991 1861 1202 1905 cbihospitali
1221 1860 1252 1893 S.
1268 1860 1406 1903 Spiritus
1425 1859 1457 1891 in
1483 1858 1575 1891 Savia
1597 1858 1732 1890 haeredi

991 1925 1049 1958 per
1073 1925 1145 1948 euin
1172 1924 1208 1947 ex
1235 1923 1306 1945 asse
1332 1911 1479 1944 instituto
1517 1910 1663 1943 relictam
1693 1911 1731 1943 ad

993 1969 1055 2000 hoe
1080 1972 1116 1999 ut
1141 1967 1227 1999 iuxta
1252 1965 1337 1997 idem
1363 1963 1618 2005 archibospitale
1645 1963 1731 1995 aliud

992 2020 1154 2063 hospitale
1180 2029 1239 2061 pro
1264 2016 1456 2050 mulieribus
1490 2016 1602 2049 morbo
1639 2021 1731 2047 acuto

991 2072 1225 2107 laborantibus.
1245 2076 1275 2104 et
1301 2071 1331 2103 in
1354 2069 1508 2113 proximis
1540 2068 1733 2111 Transtybe-

992 2125 1052 2158 rim
1077 2125 1247 2167 utriusque
1272 2122 1370 2165 burgi
1397 2127 1429 2155 et
1455 2121 1564 2165 pontis
1590 2121 1733 2162 regioni-

991 2178 1052 2211 bus
1078 2188 1114 2211 ae
1134 2177 1193 2209 viis
1218 2177 1362 2218 Longara
1388 2180 1418 2207 et
1443 2174 1521 2207 Iulia
1552 2173 1731 2216 respective

992 2231 1186 2274 nuncupatis
1212 2228 1501 2266 commorantibus,
1517 2237 1598 2269 quae
1615 2226 1731 2258 morbo

992 2287 1085 2315 acuto
1105 2280 1291 2314 huiusmodi
1316 2280 1397 2312 adeo
1419 2279 1605 2311 debilitatae
1625 2279 1733 2310 forent

991 2339 1027 2368 ut
1051 2334 1089 2367 ad
1111 2333 1273 2376 hospitale
1291 2333 1463 2365 mulierum
1486 2332 1569 2374 apud
1596 2332 1627 2363 S.
1648 2332 1732 2364 loan-

991 2397 1065 2420 nem
1090 2387 1123 2419 in
1148 2386 1305 2419 Laterano
1332 2385 1371 2418 de
1397 2385 1509 2417 eadem
1535 2384 1619 2416 Urbe
1645 2383 1731 2427 posi-

992 2444 1057 2472 tum
1083 2450 1147 2473 non
1185 2438 1255 2471 sine
1291 2448 1399 2471 earum
1437 2437 1518 2469 vitae
1544 2435 1730 2469 discrimine

991 2504 1028 2526 ex
1055 2492 1171 2525 itinere
1205 2491 1265 2524 sibi
1296 2491 1486 2524 imminente
1517 2488 1729 2532 transportari

991 2545 1187 2590 nequirent,
1223 2554 1282 2588 per
1318 2543 1576 2586 chirographum
1614 2542 1665 2574 die
1698 2551 1728 2573 vi

1027 2610 1037 2636 1
1060 2607 1157 2644 Aptius
1176 2606 1371 2636 decumbentes
1390 2606 1431 2640 (n.
1452 2605 1501 2639 τ.).
