<?xml version="1.0" encoding="UTF-8"?>
<!DOCTYPE html PUBLIC "-//W3C//DTD XHTML 1.0 Transitional//EN"
    "http://www.w3.org/TR/xhtml1/DTD/xhtml1-transitional.dtd">
<html xmlns="http://www.w3.org/1999/xhtml" xml:lang="en" lang="en">
 <head>
  <title>
</title>
<meta http-equiv="Content-Type" content="text/html;charset=utf-8" />
  <meta name='ocr-system' content='tesseract 3.04.00' />
  <meta name='ocr-capabilities' content='ocr_page ocr_carea ocr_par ocr_line ocrx_word'/>
</head>
<body>
  <div class='ocr_page' id='page_1' title='image "./bullarumdiplomat22cath_0351.png"; bbox 0 0 2170 3147; ppageno 0'>
   <div class='ocr_carea' id='block_1_1' title="bbox 24 201 955 345">
    <p class='ocr_par' dir='ltr' id='par_1_1' title="bbox 24 201 955 345">
     <span class='ocr_line' id='line_1_1' title="bbox 24 201 212 230; baseline -0.016 0"><span class='ocrx_word' id='word_1_1' title='bbox 24 203 72 230; x_wconf 74' lang='lat' dir='ltr'>An.</span> <span class='ocrx_word' id='word_1_2' title='bbox 94 202 122 228; x_wconf 85' lang='lat' dir='ltr'>C.</span> <span class='ocrx_word' id='word_1_3' title='bbox 146 201 212 229; x_wconf 61' lang='lat'>1725</span> 
     </span>
     <span class='ocr_line' id='line_1_2' title="bbox 258 248 955 292; baseline 0 -10"><span class='ocrx_word' id='word_1_4' title='bbox 258 250 372 282; x_wconf 74' lang='grc' dir='ltr'><em>ηίίαίὶε</em></span> <span class='ocrx_word' id='word_1_5' title='bbox 398 248 627 292; x_wconf 75' lang='lat' dir='ltr'>redemptionis</span> <span class='ocrx_word' id='word_1_6' title='bbox 652 250 855 292; x_wconf 76' lang='lat' dir='ltr'>captivorum·</span> <span class='ocrx_word' id='word_1_7' title='bbox 878 249 955 284; x_wconf 82' lang='lat' dir='ltr'>Con-</span> 
     </span>
     <span class='ocr_line' id='line_1_3' title="bbox 257 300 767 345; baseline 0 -12"><span class='ocrx_word' id='word_1_8' title='bbox 257 301 456 345; x_wconf 74' lang='lat' dir='ltr'>qreyacionis</span> <span class='ocrx_word' id='word_1_9' title='bbox 480 300 723 345; x_wconf 77' lang='lat' dir='ltr'><em>Hispaniarum</em></span> <span class='ocrx_word' id='word_1_10' title='bbox 749 301 767 334; x_wconf 86' lang='lat'>¹.</span> 
     </span>
    </p>
   </div>
   <div class='ocr_carea' id='block_1_2' title="bbox 355 389 806 461">
    <p class='ocr_par' dir='ltr' id='par_1_2' title="bbox 355 389 806 461">
     <span class='ocr_line' id='line_1_4' title="bbox 399 389 772 423; baseline -0.005 -5"><span class='ocrx_word' id='word_1_11' title='bbox 399 390 578 418; x_wconf 76' lang='lat' dir='ltr'><strong>Benedictus</strong></span> <span class='ocrx_word' id='word_1_12' title='bbox 598 390 676 423; x_wconf 82' lang='lat' dir='ltr'>Papa</span> <span class='ocrx_word' id='word_1_13' title='bbox 696 389 772 421; x_wconf 85' lang='lat' dir='ltr'>xm,</span> 
     </span>
     <span class='ocr_line' id='line_1_5' title="bbox 355 434 806 461; baseline -0.002 0"><span class='ocrx_word' id='word_1_14' title='bbox 355 434 391 461; x_wconf 83' lang='lat' dir='ltr'>ad</span> <span class='ocrx_word' id='word_1_15' title='bbox 410 434 543 461; x_wconf 75' lang='lat' dir='ltr'>futuram</span> <span class='ocrx_word' id='word_1_16' title='bbox 562 434 606 461; x_wconf 81' lang='lat' dir='ltr'>rei</span> <span class='ocrx_word' id='word_1_17' title='bbox 626 434 806 461; x_wconf 82' lang='lat' dir='ltr'><strong>memoriam.</strong></span> 
     </span>
    </p>
   </div>
   <div class='ocr_carea' id='block_1_3' title="bbox 47 511 956 918">
    <p class='ocr_par' dir='ltr' id='par_1_3' title="bbox 47 511 956 918">
     <span class='ocr_line' id='line_1_6' title="bbox 47 511 953 555; baseline -0.002 -9"><span class='ocrx_word' id='word_1_18' title='bbox 47 526 167 547; x_wconf 55' lang='lat' dir='ltr'>emmaum</span> <span class='ocrx_word' id='word_1_19' title='bbox 259 513 421 546; x_wconf 76' lang='lat' dir='ltr'>Admonet</span> <span class='ocrx_word' id='word_1_20' title='bbox 442 523 501 546; x_wconf 91' lang='lat' dir='ltr'>nos</span> <span class='ocrx_word' id='word_1_21' title='bbox 527 513 669 555; x_wconf 88' lang='lat' dir='ltr'>suscepti</span> <span class='ocrx_word' id='word_1_22' title='bbox 689 522 764 545; x_wconf 87' lang='lat' dir='ltr'>cura</span> <span class='ocrx_word' id='word_1_23' title='bbox 786 511 953 555; x_wconf 84' lang='lat' dir='ltr'>regiminis</span> 
     </span>
     <span class='ocr_line' id='line_1_7' title="bbox 215 565 955 609; baseline -0.001 -11"><span class='ocrx_word' id='word_1_24' title='bbox 215 567 410 601; x_wconf 82' lang='lat' dir='ltr'>universalis</span> <span class='ocrx_word' id='word_1_25' title='bbox 427 566 602 604; x_wconf 72' lang='lat' dir='ltr'>Ecclesiae,</span> <span class='ocrx_word' id='word_1_26' title='bbox 619 571 667 605; x_wconf 86' lang='lat' dir='ltr'>ut,</span> <span class='ocrx_word' id='word_1_27' title='bbox 686 571 854 609; x_wconf 86' lang='lat' dir='ltr'>paternam</span> <span class='ocrx_word' id='word_1_28' title='bbox 874 565 955 598; x_wconf 89' lang='lat' dir='ltr'>chri-</span> 
     </span>
     <span class='ocr_line' id='line_1_8' title="bbox 215 619 954 663; baseline -0.004 -9"><span class='ocrx_word' id='word_1_29' title='bbox 215 620 415 659; x_wconf 76' lang='lat' dir='ltr'>stindetium,</span> <span class='ocrx_word' id='word_1_30' title='bbox 443 620 497 663; x_wconf 85' lang='lat' dir='ltr'>qui</span> <span class='ocrx_word' id='word_1_31' title='bbox 524 620 563 653; x_wconf 88' lang='lat' dir='ltr'>de</span> <span class='ocrx_word' id='word_1_32' title='bbox 589 619 740 652; x_wconf 84' lang='lat' dir='ltr'>fluctibus</span> <span class='ocrx_word' id='word_1_33' title='bbox 774 619 894 652; x_wconf 88' lang='lat' dir='ltr'>saeculi</span> <span class='ocrx_word' id='word_1_34' title='bbox 921 619 954 651; x_wconf 91' lang='lat' dir='ltr'>in</span> 
     </span>
     <span class='ocr_line' id='line_1_9' title="bbox 216 672 952 717; baseline 0 -11"><span class='ocrx_word' id='word_1_35' title='bbox 216 678 344 717; x_wconf 84' lang='lat' dir='ltr'>portum</span> <span class='ocrx_word' id='word_1_36' title='bbox 383 673 467 706; x_wconf 81' lang='lat' dir='ltr'>vitae</span> <span class='ocrx_word' id='word_1_37' title='bbox 507 673 678 715; x_wconf 76' lang='lat' dir='ltr'>religiosae</span> <span class='ocrx_word' id='word_1_38' title='bbox 718 672 952 715; x_wconf 72' lang='lat' dir='ltr'>confugerunt.</span> 
     </span>
     <span class='ocr_line' id='line_1_10' title="bbox 216 725 954 768; baseline 0 -10"><span class='ocrx_word' id='word_1_39' title='bbox 216 736 324 758; x_wconf 87' lang='lat' dir='ltr'>curam</span> <span class='ocrx_word' id='word_1_40' title='bbox 350 731 514 768; x_wconf 73' lang='lat' dir='ltr'>gerentes,</span> <span class='ocrx_word' id='word_1_41' title='bbox 535 725 618 758; x_wconf 79' lang='lat' dir='ltr'>felici</span> <span class='ocrx_word' id='word_1_42' title='bbox 648 725 778 758; x_wconf 88' lang='lat' dir='ltr'>illorum</span> <span class='ocrx_word' id='word_1_43' title='bbox 805 725 954 767; x_wconf 83' lang='lat' dir='ltr'>regimini</span> 
     </span>
     <span class='ocr_line' id='line_1_11' title="bbox 215 777 954 822; baseline 0.001 -14"><span class='ocrx_word' id='word_1_44' title='bbox 215 778 448 822; x_wconf 77' lang='lat' dir='ltr'>prosperisque</span> <span class='ocrx_word' id='word_1_45' title='bbox 464 777 494 810; x_wconf 90' lang='lat' dir='ltr'>in</span> <span class='ocrx_word' id='word_1_46' title='bbox 512 777 561 810; x_wconf 74' lang='lat' dir='ltr'>via</span> <span class='ocrx_word' id='word_1_47' title='bbox 575 777 701 810; x_wconf 87' lang='lat' dir='ltr'>Domini</span> <span class='ocrx_word' id='word_1_48' title='bbox 717 777 954 820; x_wconf 70' lang='lat' dir='ltr'>progressibus,</span> 
     </span>
     <span class='ocr_line' id='line_1_12' title="bbox 215 831 956 875; baseline -0.001 -12"><span class='ocrx_word' id='word_1_49' title='bbox 215 836 373 875; x_wconf 79' lang='lat' dir='ltr'>quantun]</span> <span class='ocrx_word' id='word_1_50' title='bbox 399 831 493 864; x_wconf 89' lang='lat' dir='ltr'>nobis</span> <span class='ocrx_word' id='word_1_51' title='bbox 520 842 556 864; x_wconf 82' lang='lat' dir='ltr'>ex</span> <span class='ocrx_word' id='word_1_52' title='bbox 579 832 642 864; x_wconf 88' lang='lat' dir='ltr'>alto</span> <span class='ocrx_word' id='word_1_53' title='bbox 662 831 862 870; x_wconf 70' lang='lat' dir='ltr'>conceditur,</span> <span class='ocrx_word' id='word_1_54' title='bbox 879 841 956 863; x_wconf 80' lang='lat' dir='ltr'>con-</span> 
     </span>
     <span class='ocr_line' id='line_1_13' title="bbox 216 885 547 918; baseline 0 -2"><span class='ocrx_word' id='word_1_55' title='bbox 216 885 323 918; x_wconf 79' lang='lat' dir='ltr'>sulere</span> <span class='ocrx_word' id='word_1_56' title='bbox 350 885 547 918; x_wconf 75' lang='lat' dir='ltr'>studeamus.</span> 
     </span>
    </p>
   </div>
   <div class='ocr_carea' id='block_1_4' title="bbox 23 937 957 1034">
    <p class='ocr_par' dir='ltr' id='par_1_4' title="bbox 23 937 957 1034">
     <span class='ocr_line' id='line_1_14' title="bbox 61 937 957 981; baseline 0 -12"><span class='ocrx_word' id='word_1_57' title='bbox 61 948 143 979; x_wconf 46' lang='lat' dir='ltr'>offam</span> <span class='ocrx_word' id='word_1_58' title='bbox 159 954 203 969; x_wconf 22' lang='lat' dir='ltr'>orer</span> <span class='ocrx_word' id='word_1_59' title='bbox 260 937 274 980; x_wconf 68' lang='grc' dir='ltr'>ξ</span> <span class='ocrx_word' id='word_1_60' title='bbox 297 937 326 970; x_wconf 75' lang='grc'>’1.</span> <span class='ocrx_word' id='word_1_61' title='bbox 363 937 486 980; x_wconf 57' lang='lat' dir='ltr'>Exponi</span> <span class='ocrx_word' id='word_1_62' title='bbox 521 937 682 981; x_wconf 80' lang='lat' dir='ltr'>siquidem</span> <span class='ocrx_word' id='word_1_63' title='bbox 722 938 815 970; x_wconf 83' lang='lat' dir='ltr'>nobis</span> <span class='ocrx_word' id='word_1_64' title='bbox 851 947 957 981; x_wconf 82' lang='lat' dir='ltr'>nuper</span> 
     </span>
     <span class='ocr_line' id='line_1_15' title="bbox 23 978 955 1034; baseline 0 -11"><span class='ocrx_word' id='word_1_65' title='bbox 23 978 98 1024; x_wconf 43' lang='lat' dir='ltr'>322¹?ss</span> <span class='ocrx_word' id='word_1_66' title='bbox 122 982 204 1002; x_wconf 54' lang='lat' dir='ltr'>‘’mm&#39;&#39;</span> <span class='ocrx_word' id='word_1_67' title='bbox 218 991 294 1025; x_wconf 79' lang='lat' dir='ltr'>fecit</span> <span class='ocrx_word' id='word_1_68' title='bbox 310 991 449 1024; x_wconf 87' lang='lat' dir='ltr'>dilectus</span> <span class='ocrx_word' id='word_1_69' title='bbox 469 989 554 1023; x_wconf 83' lang='lat' dir='ltr'>tilius</span> <span class='ocrx_word' id='word_1_70' title='bbox 573 991 709 1024; x_wconf 73' lang='lat' dir='ltr'>Micliael</span> <span class='ocrx_word' id='word_1_71' title='bbox 728 1002 744 1024; x_wconf 89' lang='lat' dir='ltr'>a</span> <span class='ocrx_word' id='word_1_72' title='bbox 759 991 787 1024; x_wconf 80' lang='lat' dir='ltr'>S.</span> <span class='ocrx_word' id='word_1_73' title='bbox 804 991 955 1034; x_wconf 80' lang='lat' dir='ltr'>loscpbo‚</span> 
     </span>
    </p>
   </div>
   <div class='ocr_carea' id='block_1_5' title="bbox 218 1045 962 2420">
    <p class='ocr_par' dir='ltr' id='par_1_5' title="bbox 218 1045 962 2420">
     <span class='ocr_line' id='line_1_16' title="bbox 218 1045 957 1088; baseline -0.001 -11"><span class='ocrx_word' id='word_1_74' title='bbox 218 1050 413 1088; x_wconf 85' lang='lat' dir='ltr'>procurator</span> <span class='ocrx_word' id='word_1_75' title='bbox 453 1045 615 1088; x_wconf 86' lang='lat' dir='ltr'>generalis</span> <span class='ocrx_word' id='word_1_76' title='bbox 654 1045 783 1078; x_wconf 77' lang='lat' dir='ltr'>Ordinis</span> <span class='ocrx_word' id='word_1_77' title='bbox 822 1045 957 1077; x_wconf 75' lang='lat' dir='ltr'>fratrum</span> 
     </span>
     <span class='ocr_line' id='line_1_17' title="bbox 220 1097 958 1131; baseline 0 0"><span class='ocrx_word' id='word_1_78' title='bbox 220 1098 490 1131; x_wconf 85' lang='lat' dir='ltr'>Discalceatorum</span> <span class='ocrx_word' id='word_1_79' title='bbox 529 1097 581 1131; x_wconf 83' lang='lat' dir='ltr'>SS.</span> <span class='ocrx_word' id='word_1_80' title='bbox 627 1098 791 1131; x_wconf 72' lang='lat' dir='ltr'>Trinitatis</span> <span class='ocrx_word' id='word_1_81' title='bbox 831 1099 958 1131; x_wconf 87' lang='lat' dir='ltr'>redem-</span> 
     </span>
     <span class='ocr_line' id='line_1_18' title="bbox 218 1150 954 1194; baseline 0 -11"><span class='ocrx_word' id='word_1_82' title='bbox 218 1150 342 1194; x_wconf 89' lang='lat' dir='ltr'>ptionis</span> <span class='ocrx_word' id='word_1_83' title='bbox 368 1151 569 1194; x_wconf 83' lang='lat' dir='ltr'>captivorum</span> <span class='ocrx_word' id='word_1_84' title='bbox 602 1151 872 1194; x_wconf 81' lang='lat' dir='ltr'>Congregationis</span> <span class='ocrx_word' id='word_1_85' title='bbox 897 1152 954 1184; x_wconf 88' lang='lat' dir='ltr'>lli-</span> 
     </span>
     <span class='ocr_line' id='line_1_19' title="bbox 220 1203 958 1248; baseline 0.003 -13"><span class='ocrx_word' id='word_1_86' title='bbox 220 1203 427 1248; x_wconf 73' lang='lat' dir='ltr'>spaniarum‚</span> <span class='ocrx_word' id='word_1_87' title='bbox 447 1205 552 1248; x_wconf 82' lang='lat' dir='ltr'>quod,</span> <span class='ocrx_word' id='word_1_88' title='bbox 570 1214 643 1237; x_wconf 90' lang='lat' dir='ltr'>cum</span> <span class='ocrx_word' id='word_1_89' title='bbox 669 1205 854 1248; x_wconf 88' lang='lat' dir='ltr'>praedictus</span> <span class='ocrx_word' id='word_1_90' title='bbox 872 1204 958 1238; x_wconf 85' lang='lat' dir='ltr'>Ordo</span> 
     </span>
     <span class='ocr_line' id='line_1_20' title="bbox 219 1257 959 1302; baseline -0.001 -11"><span class='ocrx_word' id='word_1_91' title='bbox 219 1268 278 1302; x_wconf 87' lang='lat' dir='ltr'>per</span> <span class='ocrx_word' id='word_1_92' title='bbox 302 1267 440 1300; x_wconf 79' lang='lat' dir='ltr'>regnum</span> <span class='ocrx_word' id='word_1_93' title='bbox 466 1257 620 1291; x_wconf 82' lang='lat' dir='ltr'>Poloniae</span> <span class='ocrx_word' id='word_1_94' title='bbox 657 1263 688 1291; x_wconf 85' lang='lat' dir='ltr'>ct</span> <span class='ocrx_word' id='word_1_95' title='bbox 720 1268 873 1300; x_wconf 80' lang='lat' dir='ltr'>magnum</span> <span class='ocrx_word' id='word_1_96' title='bbox 900 1258 959 1290; x_wconf 86' lang='lat' dir='ltr'>du-</span> 
     </span>
     <span class='ocr_line' id='line_1_21' title="bbox 219 1311 958 1351; baseline 0 -8"><span class='ocrx_word' id='word_1_97' title='bbox 219 1317 324 1343; x_wconf 84' lang='lat' dir='ltr'>catum</span> <span class='ocrx_word' id='word_1_98' title='bbox 351 1311 521 1344; x_wconf 82' lang='lat' dir='ltr'>Lituaniae</span> <span class='ocrx_word' id='word_1_99' title='bbox 554 1311 713 1351; x_wconf 75' lang='lat' dir='ltr'>feliciter,</span> <span class='ocrx_word' id='word_1_100' title='bbox 740 1311 958 1344; x_wconf 75' lang='lat' dir='ltr'>benedicente</span> 
     </span>
     <span class='ocr_line' id='line_1_22' title="bbox 219 1363 960 1408; baseline 0 -12"><span class='ocrx_word' id='word_1_101' title='bbox 219 1363 368 1403; x_wconf 88' lang='lat' dir='ltr'>Domino,</span> <span class='ocrx_word' id='word_1_102' title='bbox 405 1370 603 1407; x_wconf 84' lang='lat' dir='ltr'>propagatus</span> <span class='ocrx_word' id='word_1_103' title='bbox 638 1364 839 1408; x_wconf 78' lang='lat' dir='ltr'>reperiatur,</span> <span class='ocrx_word' id='word_1_104' title='bbox 877 1365 960 1396; x_wconf 86' lang='lat' dir='ltr'>itaut</span> 
     </span>
     <span class='ocr_line' id='line_1_23' title="bbox 218 1417 958 1460; baseline 0 -10"><span class='ocrx_word' id='word_1_105' title='bbox 218 1417 250 1450; x_wconf 90' lang='lat' dir='ltr'>in</span> <span class='ocrx_word' id='word_1_106' title='bbox 277 1417 371 1450; x_wconf 76' lang='lat' dir='ltr'>dictis</span> <span class='ocrx_word' id='word_1_107' title='bbox 397 1428 499 1459; x_wconf 80' lang='lat' dir='ltr'>reguo</span> <span class='ocrx_word' id='word_1_108' title='bbox 526 1423 557 1450; x_wconf 89' lang='lat' dir='ltr'>et</span> <span class='ocrx_word' id='word_1_109' title='bbox 584 1428 699 1460; x_wconf 80' lang='lat' dir='ltr'>magno</span> <span class='ocrx_word' id='word_1_110' title='bbox 726 1418 842 1450; x_wconf 88' lang='lat' dir='ltr'>ducatu</span> <span class='ocrx_word' id='word_1_111' title='bbox 870 1424 902 1451; x_wconf 88' lang='lat' dir='ltr'>et</span> <span class='ocrx_word' id='word_1_112' title='bbox 928 1418 958 1450; x_wconf 91' lang='lat' dir='ltr'>in</span> 
     </span>
     <span class='ocr_line' id='line_1_24' title="bbox 219 1470 959 1514; baseline 0 -11"><span class='ocrx_word' id='word_1_113' title='bbox 219 1481 332 1506; x_wconf 83' lang='lat' dir='ltr'>eorum</span> <span class='ocrx_word' id='word_1_114' title='bbox 350 1470 535 1513; x_wconf 76' lang='lat' dir='ltr'>praecipuis</span> <span class='ocrx_word' id='word_1_115' title='bbox 553 1470 738 1503; x_wconf 83' lang='lat' dir='ltr'>civitatibus</span> <span class='ocrx_word' id='word_1_116' title='bbox 755 1472 866 1514; x_wconf 84' lang='lat' dir='ltr'>plures</span> <span class='ocrx_word' id='word_1_117' title='bbox 884 1482 959 1504; x_wconf 84' lang='lat' dir='ltr'>con-</span> 
     </span>
     <span class='ocr_line' id='line_1_25' title="bbox 220 1524 960 1567; baseline -0.001 -9"><span class='ocrx_word' id='word_1_118' title='bbox 220 1531 342 1564; x_wconf 87' lang='lat' dir='ltr'>ventus,</span> <span class='ocrx_word' id='word_1_119' title='bbox 368 1524 400 1556; x_wconf 92' lang='lat' dir='ltr'>in</span> <span class='ocrx_word' id='word_1_120' title='bbox 426 1524 542 1567; x_wconf 84' lang='lat' dir='ltr'>quibus</span> <span class='ocrx_word' id='word_1_121' title='bbox 568 1525 727 1566; x_wconf 80' lang='lat' dir='ltr'>regularis</span> <span class='ocrx_word' id='word_1_122' title='bbox 751 1525 960 1557; x_wconf 83' lang='lat' dir='ltr'>observantia</span> 
     </span>
     <span class='ocr_line' id='line_1_26' title="bbox 219 1578 960 1621; baseline 0 -10"><span class='ocrx_word' id='word_1_123' title='bbox 219 1578 305 1621; x_wconf 82' lang='lat' dir='ltr'>viget</span> <span class='ocrx_word' id='word_1_124' title='bbox 340 1583 372 1610; x_wconf 91' lang='lat' dir='ltr'>et</span> <span class='ocrx_word' id='word_1_125' title='bbox 409 1578 593 1610; x_wconf 87' lang='lat' dir='ltr'>institutum</span> <span class='ocrx_word' id='word_1_126' title='bbox 636 1578 873 1620; x_wconf 76' lang='lat' dir='ltr'>redemptionis</span> <span class='ocrx_word' id='word_1_127' title='bbox 911 1588 960 1611; x_wconf 86' lang='lat' dir='ltr'>ca-</span> 
     </span>
     <span class='ocr_line' id='line_1_27' title="bbox 220 1631 959 1676; baseline -0.001 -11"><span class='ocrx_word' id='word_1_128' title='bbox 220 1639 382 1676; x_wconf 83' lang='lat' dir='ltr'>ptivorum</span> <span class='ocrx_word' id='word_1_129' title='bbox 404 1641 476 1664; x_wconf 88' lang='lat' dir='ltr'>cum</span> <span class='ocrx_word' id='word_1_130' title='bbox 503 1633 616 1673; x_wconf 76' lang='lat' dir='ltr'>magna</span> <span class='ocrx_word' id='word_1_131' title='bbox 646 1631 843 1675; x_wconf 84' lang='lat' dir='ltr'>populorum</span> <span class='ocrx_word' id='word_1_132' title='bbox 871 1632 959 1664; x_wconf 86' lang='lat' dir='ltr'>aedi-</span> 
     </span>
     <span class='ocr_line' id='line_1_28' title="bbox 219 1684 957 1725; baseline -0.003 -7"><span class='ocrx_word' id='word_1_133' title='bbox 219 1685 372 1718; x_wconf 79' lang='lat' dir='ltr'>ficatione</span> <span class='ocrx_word' id='word_1_134' title='bbox 408 1684 544 1716; x_wconf 76' lang='lat' dir='ltr'>mirifice</span> <span class='ocrx_word' id='word_1_135' title='bbox 582 1685 694 1723; x_wconf 76' lang='lat' dir='ltr'>floret,</span> <span class='ocrx_word' id='word_1_136' title='bbox 732 1691 957 1725; x_wconf 82' lang='lat' dir='ltr'>numerentur,</span> 
     </span>
     <span class='ocr_line' id='line_1_29' title="bbox 221 1738 959 1783; baseline 0 -12"><span class='ocrx_word' id='word_1_137' title='bbox 221 1740 291 1783; x_wconf 86' lang='lat' dir='ltr'>ipse</span> <span class='ocrx_word' id='word_1_138' title='bbox 326 1738 464 1771; x_wconf 69' lang='lat' dir='ltr'>Michael</span> <span class='ocrx_word' id='word_1_139' title='bbox 501 1744 696 1781; x_wconf 85' lang='lat' dir='ltr'>procurator</span> <span class='ocrx_word' id='word_1_140' title='bbox 732 1739 895 1780; x_wconf 83' lang='lat' dir='ltr'>generalis</span> <span class='ocrx_word' id='word_1_141' title='bbox 922 1749 959 1771; x_wconf 78' lang='lat' dir='ltr'>ex</span> 
     </span>
     <span class='ocr_line' id='line_1_30' title="bbox 220 1791 959 1825; baseline -0.001 0"><span class='ocrx_word' id='word_1_142' title='bbox 220 1792 371 1825; x_wconf 86' lang='lat' dir='ltr'>omnibus</span> <span class='ocrx_word' id='word_1_143' title='bbox 413 1792 631 1824; x_wconf 86' lang='lat' dir='ltr'>conventibus</span> <span class='ocrx_word' id='word_1_144' title='bbox 671 1791 755 1824; x_wconf 82' lang='lat' dir='ltr'>intra</span> <span class='ocrx_word' id='word_1_145' title='bbox 802 1792 959 1825; x_wconf 79' lang='lat' dir='ltr'>ditionem</span> 
     </span>
     <span class='ocr_line' id='line_1_31' title="bbox 220 1845 961 1887; baseline 0 -9"><span class='ocrx_word' id='word_1_146' title='bbox 220 1845 367 1878; x_wconf 86' lang='lat' dir='ltr'>eiusdem</span> <span class='ocrx_word' id='word_1_147' title='bbox 411 1845 501 1887; x_wconf 85' lang='lat' dir='ltr'>regni</span> <span class='ocrx_word' id='word_1_148' title='bbox 546 1845 702 1878; x_wconf 83' lang='lat' dir='ltr'>Poloniae</span> <span class='ocrx_word' id='word_1_149' title='bbox 747 1846 961 1879; x_wconf 75' lang='lat' dir='ltr'>existentibus</span> 
     </span>
     <span class='ocr_line' id='line_1_32' title="bbox 219 1898 959 1942; baseline 0.003 -11"><span class='ocrx_word' id='word_1_150' title='bbox 219 1909 315 1932; x_wconf 86' lang='lat' dir='ltr'>unam</span> <span class='ocrx_word' id='word_1_151' title='bbox 340 1898 554 1942; x_wconf 85' lang='lat' dir='ltr'>provinciam,</span> <span class='ocrx_word' id='word_1_152' title='bbox 589 1909 648 1942; x_wconf 90' lang='lat' dir='ltr'>pro</span> <span class='ocrx_word' id='word_1_153' title='bbox 682 1899 773 1931; x_wconf 85' lang='lat' dir='ltr'>cuius</span> <span class='ocrx_word' id='word_1_154' title='bbox 799 1900 959 1941; x_wconf 76' lang='lat' dir='ltr'>gubernio</span> 
     </span>
     <span class='ocr_line' id='line_1_33' title="bbox 221 1951 961 1995; baseline 0.003 -11"><span class='ocrx_word' id='word_1_155' title='bbox 221 1951 252 1984; x_wconf 93' lang='lat' dir='ltr'>in</span> <span class='ocrx_word' id='word_1_156' title='bbox 279 1952 426 1995; x_wconf 78' lang='lat' dir='ltr'>proximo</span> <span class='ocrx_word' id='word_1_157' title='bbox 452 1951 595 1994; x_wconf 80' lang='lat' dir='ltr'>generali</span> <span class='ocrx_word' id='word_1_158' title='bbox 629 1952 774 1995; x_wconf 87' lang='lat' dir='ltr'>capitulo</span> <span class='ocrx_word' id='word_1_159' title='bbox 801 1952 887 1986; x_wconf 83' lang='lat' dir='ltr'>iuxta</span> <span class='ocrx_word' id='word_1_160' title='bbox 913 1964 961 1986; x_wconf 87' lang='lat' dir='ltr'>re—</span> 
     </span>
     <span class='ocr_line' id='line_1_34' title="bbox 221 2005 961 2049; baseline 0.004 -13"><span class='ocrx_word' id='word_1_161' title='bbox 221 2007 328 2049; x_wconf 87' lang='lat' dir='ltr'>gulam</span> <span class='ocrx_word' id='word_1_162' title='bbox 367 2010 399 2038; x_wconf 92' lang='lat' dir='ltr'>et</span> <span class='ocrx_word' id='word_1_163' title='bbox 433 2005 684 2038; x_wconf 80' lang='lat' dir='ltr'>constitutiones</span> <span class='ocrx_word' id='word_1_164' title='bbox 721 2006 798 2038; x_wconf 83' lang='lat' dir='ltr'>dicti</span> <span class='ocrx_word' id='word_1_165' title='bbox 831 2005 961 2039; x_wconf 78' lang='lat' dir='ltr'>Ordinis</span> 
     </span>
     <span class='ocr_line' id='line_1_35' title="bbox 222 2058 959 2103; baseline 0.001 -12"><span class='ocrx_word' id='word_1_166' title='bbox 222 2070 306 2092; x_wconf 80' lang='lat' dir='ltr'>tinus</span> <span class='ocrx_word' id='word_1_167' title='bbox 330 2059 481 2092; x_wconf 83' lang='lat' dir='ltr'>minister</span> <span class='ocrx_word' id='word_1_168' title='bbox 505 2058 715 2101; x_wconf 81' lang='lat' dir='ltr'>provincialis</span> <span class='ocrx_word' id='word_1_169' title='bbox 738 2060 885 2101; x_wconf 79' lang='lat' dir='ltr'>eligatur,</span> <span class='ocrx_word' id='word_1_170' title='bbox 906 2060 959 2103; x_wconf 87' lang='lat' dir='ltr'>qui</span> 
     </span>
     <span class='ocr_line' id='line_1_36' title="bbox 222 2112 961 2155; baseline 0.001 -10"><span class='ocrx_word' id='word_1_171' title='bbox 222 2113 335 2145; x_wconf 68' lang='lat' dir='ltr'>eadem</span> <span class='ocrx_word' id='word_1_172' title='bbox 374 2112 625 2151; x_wconf 79' lang='lat' dir='ltr'>iurisdictione,</span> <span class='ocrx_word' id='word_1_173' title='bbox 663 2113 897 2155; x_wconf 77' lang='lat' dir='ltr'>praerogativis</span> <span class='ocrx_word' id='word_1_174' title='bbox 930 2119 961 2146; x_wconf 87' lang='lat' dir='ltr'>et</span> 
     </span>
     <span class='ocr_line' id='line_1_37' title="bbox 222 2164 960 2209; baseline 0.003 -13"><span class='ocrx_word' id='word_1_175' title='bbox 222 2165 403 2209; x_wconf 79' lang='lat' dir='ltr'>privilegiis</span> <span class='ocrx_word' id='word_1_176' title='bbox 430 2164 525 2207; x_wconf 89' lang='lat' dir='ltr'>potiri</span> <span class='ocrx_word' id='word_1_177' title='bbox 552 2165 680 2203; x_wconf 86' lang='lat' dir='ltr'>debeat,</span> <span class='ocrx_word' id='word_1_178' title='bbox 699 2165 816 2208; x_wconf 85' lang='lat' dir='ltr'>quibus</span> <span class='ocrx_word' id='word_1_179' title='bbox 833 2166 872 2198; x_wconf 88' lang='lat' dir='ltr'>de</span> <span class='ocrx_word' id='word_1_180' title='bbox 892 2166 960 2198; x_wconf 88' lang='lat' dir='ltr'>iure</span> 
     </span>
     <span class='ocr_line' id='line_1_38' title="bbox 223 2217 960 2261; baseline 0 -10"><span class='ocrx_word' id='word_1_181' title='bbox 223 2224 255 2251; x_wconf 90' lang='lat' dir='ltr'>et</span> <span class='ocrx_word' id='word_1_182' title='bbox 285 2218 520 2251; x_wconf 86' lang='lat' dir='ltr'>cousuetudine</span> <span class='ocrx_word' id='word_1_183' title='bbox 545 2218 643 2251; x_wconf 85' lang='lat' dir='ltr'>ceteri</span> <span class='ocrx_word' id='word_1_184' title='bbox 670 2217 805 2251; x_wconf 84' lang='lat' dir='ltr'>aliarum</span> <span class='ocrx_word' id='word_1_185' title='bbox 828 2219 960 2261; x_wconf 87' lang='lat' dir='ltr'>provin-</span> 
     </span>
     <span class='ocr_line' id='line_1_39' title="bbox 223 2270 961 2313; baseline 0.001 -9"><span class='ocrx_word' id='word_1_186' title='bbox 223 2271 345 2304; x_wconf 87' lang='lat' dir='ltr'>ciarum</span> <span class='ocrx_word' id='word_1_187' title='bbox 381 2270 522 2302; x_wconf 85' lang='lat' dir='ltr'>ministri</span> <span class='ocrx_word' id='word_1_188' title='bbox 553 2270 772 2313; x_wconf 75' lang='lat' dir='ltr'>provinciales</span> <span class='ocrx_word' id='word_1_189' title='bbox 802 2272 961 2313; x_wconf 81' lang='lat' dir='ltr'>gaudent,</span> 
     </span>
     <span class='ocr_line' id='line_1_40' title="bbox 223 2323 962 2367; baseline 0 -10"><span class='ocrx_word' id='word_1_190' title='bbox 223 2333 427 2366; x_wconf 84' lang='lat' dir='ltr'>summopere</span> <span class='ocrx_word' id='word_1_191' title='bbox 461 2323 633 2356; x_wconf 75' lang='lat' dir='ltr'>desiderat.</span> <span class='ocrx_word' id='word_1_192' title='bbox 664 2323 762 2356; x_wconf 85' lang='lat' dir='ltr'>Nobis</span> <span class='ocrx_word' id='word_1_193' title='bbox 788 2330 962 2367; x_wconf 86' lang='lat' dir='ltr'>propterea</span> 
     </span>
     <span class='ocr_line' id='line_1_41' title="bbox 224 2376 959 2420; baseline 0.001 -11"><span class='ocrx_word' id='word_1_194' title='bbox 224 2377 392 2409; x_wconf 83' lang='lat' dir='ltr'>humiliter</span> <span class='ocrx_word' id='word_1_195' title='bbox 428 2376 607 2420; x_wconf 85' lang='lat' dir='ltr'>supplicari</span> <span class='ocrx_word' id='word_1_196' title='bbox 645 2376 720 2409; x_wconf 83' lang='lat' dir='ltr'>fecit</span> <span class='ocrx_word' id='word_1_197' title='bbox 744 2382 779 2408; x_wconf 87' lang='lat' dir='ltr'>ut</span> <span class='ocrx_word' id='word_1_198' title='bbox 804 2377 835 2409; x_wconf 91' lang='lat' dir='ltr'>in</span> <span class='ocrx_word' id='word_1_199' title='bbox 863 2388 959 2420; x_wconf 86' lang='lat' dir='ltr'>prae-</span> 
     </span>
    </p>
   </div>
   <div class='ocr_carea' id='block_1_6' title="bbox 223 2464 962 2544">
    <p class='ocr_par' dir='ltr' id='par_1_6' title="bbox 223 2464 962 2544">
     <span class='ocr_line' id='line_1_42' title="bbox 260 2464 962 2498; baseline -0.001 -6"><span class='ocrx_word' id='word_1_200' title='bbox 260 2467 270 2492; x_wconf 80' lang='lat'><strong>1</strong></span> <span class='ocrx_word' id='word_1_201' title='bbox 293 2465 353 2492; x_wconf 65' lang='lat' dir='ltr'>Atia</span> <span class='ocrx_word' id='word_1_202' title='bbox 372 2465 454 2492; x_wconf 89' lang='lat' dir='ltr'>huius</span> <span class='ocrx_word' id='word_1_203' title='bbox 476 2464 610 2491; x_wconf 81' lang='lat' dir='ltr'>l’ontificis</span> <span class='ocrx_word' id='word_1_204' title='bbox 632 2468 717 2491; x_wconf 85' lang='lat' dir='ltr'>const.</span> <span class='ocrx_word' id='word_1_205' title='bbox 742 2465 806 2491; x_wconf 88' lang='lat' dir='ltr'>edit.</span> <span class='ocrx_word' id='word_1_206' title='bbox 829 2471 962 2498; x_wconf 72' lang='lat' dir='ltr'>nnecxxv,</span> 
     </span>
     <span class='ocr_line' id='line_1_43' title="bbox 223 2509 960 2544; baseline 0 -8"><span class='ocrx_word' id='word_1_207' title='bbox 223 2510 267 2536; x_wconf 73' lang='lat' dir='ltr'>die</span> <span class='ocrx_word' id='word_1_208' title='bbox 283 2512 299 2536; x_wconf 72' lang='lat'><strong>9</strong></span> <span class='ocrx_word' id='word_1_209' title='bbox 316 2510 381 2544; x_wconf 81' lang='lat' dir='ltr'>tulii,</span> <span class='ocrx_word' id='word_1_210' title='bbox 396 2509 489 2542; x_wconf 79' lang='lat' dir='ltr'>pontis.</span> <span class='ocrx_word' id='word_1_211' title='bbox 502 2516 530 2540; x_wconf 80' lang='lat' dir='ltr'>tt,</span> <span class='ocrx_word' id='word_1_212' title='bbox 547 2509 701 2536; x_wconf 80' lang='lat' dir='ltr'>declaratus</span> <span class='ocrx_word' id='word_1_213' title='bbox 715 2509 846 2536; x_wconf 76' lang='lat' dir='ltr'>suittlrdo</span> <span class='ocrx_word' id='word_1_214' title='bbox 858 2509 960 2537; x_wconf 84' lang='lat' dir='ltr'>B.M.V.</span> 
     </span>
    </p>
   </div>
   <div class='ocr_carea' id='block_1_7' title="bbox 223 2554 987 2589">
    <p class='ocr_par' dir='ltr' id='par_1_7' title="bbox 223 2554 987 2589">
     <span class='ocr_line' id='line_1_44' title="bbox 223 2554 987 2589; baseline 0.001 -8"><span class='ocrx_word' id='word_1_215' title='bbox 223 2554 258 2581; x_wconf 87' lang='lat' dir='ltr'>de</span> <span class='ocrx_word' id='word_1_216' title='bbox 281 2554 406 2581; x_wconf 76' lang='lat' dir='ltr'>Mercede</span> <span class='ocrx_word' id='word_1_217' title='bbox 428 2554 625 2587; x_wconf 78' lang='lat' dir='ltr'>redemptionis</span> <span class='ocrx_word' id='word_1_218' title='bbox 654 2554 823 2589; x_wconf 84' lang='lat' dir='ltr'>captivorum</span> <span class='ocrx_word' id='word_1_219' title='bbox 843 2563 914 2582; x_wconf 85' lang='lat' dir='ltr'>unus</span> <span class='ocrx_word' id='word_1_220' title='bbox 933 2563 963 2582; x_wconf 84' lang='lat' dir='ltr'>ex</span> <span class='ocrx_word' id='word_1_221' title='bbox 985 2569 987 2586; x_wconf 65' lang='grc' dir='ltr'>ς</span> 
     </span>
    </p>
   </div>
   <div class='ocr_carea' id='block_1_8' title="bbox 224 2598 613 2627">
    <p class='ocr_par' dir='ltr' id='par_1_8' title="bbox 224 2598 613 2627">
     <span class='ocr_line' id='line_1_45' title="bbox 224 2598 613 2627; baseline -0.003 0"><span class='ocrx_word' id='word_1_222' title='bbox 224 2598 371 2627; x_wconf 85' lang='lat' dir='ltr'>Ordinibus</span> <span class='ocrx_word' id='word_1_223' title='bbox 391 2598 613 2626; x_wconf 73' lang='lat' dir='ltr'>mendicantium.</span> 
     </span>
    </p>
   </div>
   <div class='ocr_carea' id='block_1_9' title="bbox 802 202 1148 226">
    <p class='ocr_par' dir='ltr' id='par_1_9' title="bbox 802 202 1148 226">
     <span class='ocr_line' id='line_1_46' title="bbox 802 202 1148 226; baseline -0.006 0"><span class='ocrx_word' id='word_1_224' title='bbox 802 202 995 226; x_wconf 53' lang='lat' dir='ltr'>DEAEmCTUS</span> <span class='ocrx_word' id='word_1_225' title='bbox 1022 202 1075 225; x_wconf 65' lang='lat' dir='ltr'>vXlll</span> <span class='ocrx_word' id='word_1_226' title='bbox 1100 202 1148 225; x_wconf 75' lang='lat' dir='ltr'>Pr.</span> 
     </span>
    </p>
   </div>
   <div class='ocr_carea' id='block_1_10' title="bbox 1638 191 1695 224">
    <p class='ocr_par' dir='ltr' id='par_1_10' title="bbox 1638 191 1695 224">
     <span class='ocr_line' id='line_1_47' title="bbox 1638 191 1695 224; baseline 0 -1"><span class='ocrx_word' id='word_1_227' title='bbox 1638 191 1695 224; x_wconf 59' lang='lat'>:¹³11</span> 
     </span>
    </p>
   </div>
   <div class='ocr_carea' id='block_1_11' title="bbox 997 248 1934 2527">
    <p class='ocr_par' dir='ltr' id='par_1_11' title="bbox 997 248 1738 397">
     <span class='ocr_line' id='line_1_48' title="bbox 997 248 1738 293; baseline -0.003 -11"><span class='ocrx_word' id='word_1_228' title='bbox 997 249 1103 282; x_wconf 90' lang='lat' dir='ltr'>missis</span> <span class='ocrx_word' id='word_1_229' title='bbox 1129 255 1318 293; x_wconf 86' lang='lat' dir='ltr'>opportune</span> <span class='ocrx_word' id='word_1_230' title='bbox 1343 249 1514 293; x_wconf 85' lang='lat' dir='ltr'>providere</span> <span class='ocrx_word' id='word_1_231' title='bbox 1542 255 1574 282; x_wconf 86' lang='lat' dir='ltr'>et</span> <span class='ocrx_word' id='word_1_232' title='bbox 1595 253 1629 281; x_wconf 87' lang='lat' dir='ltr'>ut</span> <span class='ocrx_word' id='word_1_233' title='bbox 1653 248 1738 281; x_wconf 77' lang='lat' dir='ltr'>int&#39;ra</span> 
     </span>
     <span class='ocr_line' id='line_1_49' title="bbox 997 303 1734 348; baseline 0.003 -14"><span class='ocrx_word' id='word_1_234' title='bbox 997 303 1155 344; x_wconf 79' lang='lat' dir='ltr'>indulgeri</span> <span class='ocrx_word' id='word_1_235' title='bbox 1183 303 1221 337; x_wconf 88' lang='lat' dir='ltr'>de</span> <span class='ocrx_word' id='word_1_236' title='bbox 1246 303 1448 347; x_wconf 79' lang='lat' dir='ltr'>benignitate</span> <span class='ocrx_word' id='word_1_237' title='bbox 1473 303 1658 348; x_wconf 68' lang='lat' dir='ltr'>apostolica</span> <span class='ocrx_word' id='word_1_238' title='bbox 1683 303 1734 336; x_wconf 90' lang='lat' dir='ltr'>di-</span> 
     </span>
     <span class='ocr_line' id='line_1_50' title="bbox 998 366 1186 397; baseline 0.005 -10"><span class='ocrx_word' id='word_1_239' title='bbox 998 366 1186 397; x_wconf 85' lang='lat' dir='ltr'>gnaremur.</span> 
     </span>
    </p>

    <p class='ocr_par' dir='ltr' id='par_1_12' title="bbox 998 407 1934 1992">
     <span class='ocr_line' id='line_1_51' title="bbox 1042 407 1934 453; baseline 0 -13"><span class='ocrx_word' id='word_1_240' title='bbox 1042 408 1055 450; x_wconf 68' lang='grc' dir='ltr'><strong>ἓ</strong></span> <span class='ocrx_word' id='word_1_241' title='bbox 1073 407 1102 440; x_wconf 65' lang='grc' dir='ltr'>ΞΣ.</span> <span class='ocrx_word' id='word_1_242' title='bbox 1120 408 1183 441; x_wconf 89' lang='lat' dir='ltr'>Nos</span> <span class='ocrx_word' id='word_1_243' title='bbox 1201 410 1310 452; x_wconf 79' lang='lat' dir='ltr'>igitur,</span> <span class='ocrx_word' id='word_1_244' title='bbox 1329 410 1435 453; x_wconf 88' lang='lat' dir='ltr'>ipsum</span> <span class='ocrx_word' id='word_1_245' title='bbox 1454 410 1642 443; x_wconf 73' lang='lat' dir='ltr'>Michaelem</span> <span class='ocrx_word' id='word_1_246' title='bbox 1663 420 1738 453; x_wconf 89' lang='lat' dir='ltr'>pro·</span> <span class='ocrx_word' id='word_1_247' title='bbox 1765 420 1856 451; x_wconf 33' lang='lat' dir='ltr'>‚meam</span> <span class='ocrx_word' id='word_1_248' title='bbox 1872 426 1934 449; x_wconf 60' lang='lat' dir='ltr'>‚m-</span> 
     </span>
     <span class='ocr_line' id='line_1_52' title="bbox 998 448 1934 506; baseline -0.001 -13"><span class='ocrx_word' id='word_1_249' title='bbox 998 467 1181 494; x_wconf 83' lang='lat' dir='ltr'>curatorem</span> <span class='ocrx_word' id='word_1_250' title='bbox 1208 463 1395 504; x_wconf 80' lang='lat' dir='ltr'>generalem</span> <span class='ocrx_word' id='word_1_251' title='bbox 1429 463 1627 506; x_wconf 76' lang='lat' dir='ltr'>specialibus</span> <span class='ocrx_word' id='word_1_252' title='bbox 1651 448 1934 504; x_wconf 44' lang='lat' dir='ltr'>saro-ffiissssm-i&#39;c&#39;issir&#39;ssl</span> 
     </span>
     <span class='ocr_line' id='line_1_53' title="bbox 998 501 1934 558; baseline 0.001 -13"><span class='ocrx_word' id='word_1_253' title='bbox 998 513 1088 546; x_wconf 88' lang='lat' dir='ltr'>ribus</span> <span class='ocrx_word' id='word_1_254' title='bbox 1113 521 1144 546; x_wconf 87' lang='lat' dir='ltr'>et</span> <span class='ocrx_word' id='word_1_255' title='bbox 1169 515 1281 556; x_wconf 86' lang='lat' dir='ltr'>gratiis</span> <span class='ocrx_word' id='word_1_256' title='bbox 1307 515 1459 558; x_wconf 84' lang='lat' dir='ltr'>prosequi</span> <span class='ocrx_word' id='word_1_257' title='bbox 1479 517 1638 555; x_wconf 82' lang='lat' dir='ltr'>volentes,</span> <span class='ocrx_word' id='word_1_258' title='bbox 1666 521 1698 548; x_wconf 90' lang='lat' dir='ltr'>et</span> <span class='ocrx_word' id='word_1_259' title='bbox 1722 501 1934 556; x_wconf 55' lang='lat' dir='ltr'>uss&#39;iisss.‘;313‘&#39;s{¹¹ss‘f</span> 
     </span>
     <span class='ocr_line' id='line_1_54' title="bbox 999 554 1829 612; baseline 0.005 -15"><span class='ocrx_word' id='word_1_260' title='bbox 999 566 1163 609; x_wconf 83' lang='lat' dir='ltr'>quibusvis</span> <span class='ocrx_word' id='word_1_261' title='bbox 1200 568 1568 608; x_wconf 79' lang='lat' dir='ltr'>excommunicationis,</span> <span class='ocrx_word' id='word_1_262' title='bbox 1601 554 1829 612; x_wconf 68' lang='lat' dir='ltr'>suspen-³⁰¹”m&#39;</span> 
     </span>
     <span class='ocr_line' id='line_1_55' title="bbox 998 618 1739 664; baseline 0.005 -14"><span class='ocrx_word' id='word_1_263' title='bbox 998 618 1100 652; x_wconf 89' lang='lat' dir='ltr'>sionis</span> <span class='ocrx_word' id='word_1_264' title='bbox 1137 624 1166 651; x_wconf 85' lang='lat' dir='ltr'>et</span> <span class='ocrx_word' id='word_1_265' title='bbox 1203 619 1390 659; x_wconf 91' lang='lat' dir='ltr'>interdicti,</span> <span class='ocrx_word' id='word_1_266' title='bbox 1414 621 1551 664; x_wconf 86' lang='lat' dir='ltr'>aliisque</span> <span class='ocrx_word' id='word_1_267' title='bbox 1585 621 1739 654; x_wconf 89' lang='lat' dir='ltr'>ecclesia-</span> 
     </span>
     <span class='ocr_line' id='line_1_56' title="bbox 998 671 1739 718; baseline 0.005 -14"><span class='ocrx_word' id='word_1_268' title='bbox 998 671 1085 704; x_wconf 86' lang='lat' dir='ltr'>sticis</span> <span class='ocrx_word' id='word_1_269' title='bbox 1118 673 1309 713; x_wconf 85' lang='lat' dir='ltr'>sententiis,</span> <span class='ocrx_word' id='word_1_270' title='bbox 1337 674 1479 706; x_wconf 80' lang='lat' dir='ltr'>censuris</span> <span class='ocrx_word' id='word_1_271' title='bbox 1505 680 1535 707; x_wconf 89' lang='lat' dir='ltr'>et</span> <span class='ocrx_word' id='word_1_272' title='bbox 1561 675 1695 718; x_wconf 87' lang='lat' dir='ltr'>poenis,</span> <span class='ocrx_word' id='word_1_273' title='bbox 1722 686 1739 708; x_wconf 83' lang='lat' dir='ltr'>a</span> 
     </span>
     <span class='ocr_line' id='line_1_57' title="bbox 998 724 1739 770; baseline 0.004 -13"><span class='ocrx_word' id='word_1_274' title='bbox 998 724 1066 758; x_wconf 90' lang='lat' dir='ltr'>iure</span> <span class='ocrx_word' id='word_1_275' title='bbox 1091 725 1139 758; x_wconf 92' lang='lat' dir='ltr'>vel</span> <span class='ocrx_word' id='word_1_276' title='bbox 1166 725 1206 758; x_wconf 83' lang='lat' dir='ltr'>ab</span> <span class='ocrx_word' id='word_1_277' title='bbox 1235 725 1368 758; x_wconf 86' lang='lat' dir='ltr'>homine</span> <span class='ocrx_word' id='word_1_278' title='bbox 1386 753 1393 766; x_wconf 92' lang='lat'>,</span> <span class='ocrx_word' id='word_1_279' title='bbox 1421 727 1530 770; x_wconf 87' lang='lat' dir='ltr'>quavis</span> <span class='ocrx_word' id='word_1_280' title='bbox 1567 727 1739 761; x_wconf 83' lang='lat' dir='ltr'>occasione</span> 
     </span>
     <span class='ocr_line' id='line_1_58' title="bbox 1000 778 1741 823; baseline 0.005 -13"><span class='ocrx_word' id='word_1_281' title='bbox 1000 778 1049 811; x_wconf 83' lang='lat' dir='ltr'>vel</span> <span class='ocrx_word' id='word_1_282' title='bbox 1075 780 1170 810; x_wconf 73' lang='lat' dir='ltr'>causa</span> <span class='ocrx_word' id='word_1_283' title='bbox 1196 778 1278 819; x_wconf 81' lang='lat' dir='ltr'>latis⁷</span> <span class='ocrx_word' id='word_1_284' title='bbox 1305 778 1329 810; x_wconf 89' lang='lat' dir='ltr'>si</span> <span class='ocrx_word' id='word_1_285' title='bbox 1357 779 1473 822; x_wconf 81' lang='lat' dir='ltr'>quibus</span> <span class='ocrx_word' id='word_1_286' title='bbox 1494 780 1741 823; x_wconf 84' lang='lat' dir='ltr'>quomodolibet</span> 
     </span>
     <span class='ocr_line' id='line_1_59' title="bbox 999 830 1741 876; baseline 0.004 -13"><span class='ocrx_word' id='word_1_287' title='bbox 999 830 1176 863; x_wconf 88' lang='lat' dir='ltr'>innodatus</span> <span class='ocrx_word' id='word_1_288' title='bbox 1202 831 1321 871; x_wconf 74' lang='lat' dir='ltr'>existit,</span> <span class='ocrx_word' id='word_1_289' title='bbox 1347 832 1384 864; x_wconf 89' lang='lat' dir='ltr'>ad</span> <span class='ocrx_word' id='word_1_290' title='bbox 1411 831 1559 865; x_wconf 76' lang='lat' dir='ltr'>effectum</span> <span class='ocrx_word' id='word_1_291' title='bbox 1584 843 1741 876; x_wconf 85' lang='lat' dir='ltr'>praesen-</span> 
     </span>
     <span class='ocr_line' id='line_1_60' title="bbox 1001 883 1739 928; baseline 0.005 -13"><span class='ocrx_word' id='word_1_292' title='bbox 1001 883 1079 916; x_wconf 89' lang='lat' dir='ltr'>tium</span> <span class='ocrx_word' id='word_1_293' title='bbox 1105 883 1270 917; x_wconf 64' lang='lat' dir='ltr'>dumtaxat</span> <span class='ocrx_word' id='word_1_294' title='bbox 1306 886 1572 928; x_wconf 83' lang='lat' dir='ltr'>consequendum</span> <span class='ocrx_word' id='word_1_295' title='bbox 1589 913 1596 926; x_wconf 83' lang='lat'>,</span> <span class='ocrx_word' id='word_1_296' title='bbox 1623 886 1739 919; x_wconf 77' lang='lat' dir='ltr'>harum</span> 
     </span>
     <span class='ocr_line' id='line_1_61' title="bbox 1001 937 1742 973; baseline 0.005 -4"><span class='ocrx_word' id='word_1_297' title='bbox 1001 937 1086 970; x_wconf 85' lang='lat' dir='ltr'>serie</span> <span class='ocrx_word' id='word_1_298' title='bbox 1103 938 1309 971; x_wconf 78' lang='lat' dir='ltr'>absolventes</span> <span class='ocrx_word' id='word_1_299' title='bbox 1328 944 1357 970; x_wconf 87' lang='lat' dir='ltr'>et</span> <span class='ocrx_word' id='word_1_300' title='bbox 1375 938 1559 971; x_wconf 85' lang='lat' dir='ltr'>absolutum</span> <span class='ocrx_word' id='word_1_301' title='bbox 1579 939 1646 972; x_wconf 84' lang='lat' dir='ltr'>sore</span> <span class='ocrx_word' id='word_1_302' title='bbox 1669 950 1742 973; x_wconf 87' lang='lat' dir='ltr'>cen-</span> 
     </span>
     <span class='ocr_line' id='line_1_62' title="bbox 1001 989 1742 1034; baseline 0.003 -12"><span class='ocrx_word' id='word_1_303' title='bbox 1001 996 1128 1030; x_wconf 88' lang='lat' dir='ltr'>sentes,</span> <span class='ocrx_word' id='word_1_304' title='bbox 1156 989 1341 1023; x_wconf 87' lang='lat' dir='ltr'>huiusmodi</span> <span class='ocrx_word' id='word_1_305' title='bbox 1374 991 1669 1034; x_wconf 83' lang='lat' dir='ltr'>supplicationibus</span> <span class='ocrx_word' id='word_1_306' title='bbox 1695 992 1742 1024; x_wconf 87' lang='lat' dir='ltr'>in·</span> 
     </span>
     <span class='ocr_line' id='line_1_63' title="bbox 1001 1042 1743 1084; baseline 0.003 -8"><span class='ocrx_word' id='word_1_307' title='bbox 1001 1042 1128 1084; x_wconf 83' lang='lat' dir='ltr'>clinati,</span> <span class='ocrx_word' id='word_1_308' title='bbox 1167 1043 1206 1076; x_wconf 83' lang='lat' dir='ltr'>de</span> <span class='ocrx_word' id='word_1_309' title='bbox 1245 1044 1480 1078; x_wconf 87' lang='lat' dir='ltr'>venerabilium</span> <span class='ocrx_word' id='word_1_310' title='bbox 1515 1044 1647 1077; x_wconf 76' lang='lat' dir='ltr'>fratrum</span> <span class='ocrx_word' id='word_1_311' title='bbox 1686 1056 1743 1078; x_wconf 91' lang='lat' dir='ltr'>no-</span> 
     </span>
     <span class='ocr_line' id='line_1_64' title="bbox 1002 1097 1742 1141; baseline 0.003 -12"><span class='ocrx_word' id='word_1_312' title='bbox 1002 1102 1143 1130; x_wconf 88' lang='lat' dir='ltr'>strornm</span> <span class='ocrx_word' id='word_1_313' title='bbox 1168 1097 1199 1130; x_wconf 85' lang='lat' dir='ltr'>S.</span> <span class='ocrx_word' id='word_1_314' title='bbox 1227 1097 1265 1130; x_wconf 80' lang='lat' dir='ltr'>R.</span> <span class='ocrx_word' id='word_1_315' title='bbox 1292 1097 1327 1130; x_wconf 86' lang='lat' dir='ltr'>E.</span> <span class='ocrx_word' id='word_1_316' title='bbox 1356 1098 1571 1131; x_wconf 74' lang='lat' dir='ltr'>cardinalium</span> <span class='ocrx_word' id='word_1_317' title='bbox 1602 1098 1742 1141; x_wconf 85' lang='lat' dir='ltr'>negotiis</span> 
     </span>
     <span class='ocr_line' id='line_1_65' title="bbox 1002 1150 1743 1195; baseline 0.003 -13"><span class='ocrx_word' id='word_1_318' title='bbox 1002 1155 1033 1182; x_wconf 82' lang='lat' dir='ltr'>et</span> <span class='ocrx_word' id='word_1_319' title='bbox 1057 1150 1353 1183; x_wconf 85' lang='lat' dir='ltr'>consultationibus</span> <span class='ocrx_word' id='word_1_320' title='bbox 1380 1151 1612 1195; x_wconf 86' lang='lat' dir='ltr'>episcoporum</span> <span class='ocrx_word' id='word_1_321' title='bbox 1638 1157 1669 1184; x_wconf 90' lang='lat' dir='ltr'>et</span> <span class='ocrx_word' id='word_1_322' title='bbox 1693 1162 1743 1185; x_wconf 86' lang='lat' dir='ltr'>re-</span> 
     </span>
     <span class='ocr_line' id='line_1_66' title="bbox 1002 1202 1742 1247; baseline 0.001 -12"><span class='ocrx_word' id='word_1_323' title='bbox 1002 1202 1201 1245; x_wconf 71' lang='lat' dir='ltr'>gutarium&#39;,</span> <span class='ocrx_word' id='word_1_324' title='bbox 1228 1203 1281 1247; x_wconf 88' lang='lat' dir='ltr'>qui</span> <span class='ocrx_word' id='word_1_325' title='bbox 1313 1204 1507 1237; x_wconf 83' lang='lat' dir='ltr'>relationem</span> <span class='ocrx_word' id='word_1_326' title='bbox 1541 1203 1742 1244; x_wconf 18' lang='lat' dir='ltr'>ditectikntii</span> 
     </span>
     <span class='ocr_line' id='line_1_67' title="bbox 1002 1256 1744 1291; baseline 0.004 -3"><span class='ocrx_word' id='word_1_327' title='bbox 1002 1256 1150 1289; x_wconf 87' lang='lat' dir='ltr'>moderni</span> <span class='ocrx_word' id='word_1_328' title='bbox 1192 1256 1352 1289; x_wconf 83' lang='lat' dir='ltr'>auditoris</span> <span class='ocrx_word' id='word_1_329' title='bbox 1395 1257 1593 1290; x_wconf 84' lang='lat' dir='ltr'>venerabilis</span> <span class='ocrx_word' id='word_1_330' title='bbox 1636 1257 1744 1291; x_wconf 81' lang='lat' dir='ltr'>fratris</span> 
     </span>
     <span class='ocr_line' id='line_1_68' title="bbox 1003 1309 1744 1354; baseline 0.004 -13"><span class='ocrx_word' id='word_1_331' title='bbox 1003 1309 1162 1342; x_wconf 67' lang='lat' dir='ltr'>vincentii</span> <span class='ocrx_word' id='word_1_332' title='bbox 1206 1309 1446 1353; x_wconf 80' lang='lat' dir='ltr'>archiepiscopi</span> <span class='ocrx_word' id='word_1_333' title='bbox 1486 1310 1714 1354; x_wconf 86' lang='lat' dir='ltr'>Trapezuutini</span> <span class='ocrx_word' id='word_1_334' title='bbox 1737 1338 1744 1351; x_wconf 96' lang='lat'>,</span> 
     </span>
     <span class='ocr_line' id='line_1_69' title="bbox 1002 1362 1743 1407; baseline 0.004 -13"><span class='ocrx_word' id='word_1_335' title='bbox 1002 1362 1102 1395; x_wconf 81' lang='lat' dir='ltr'>nostri</span> <span class='ocrx_word' id='word_1_336' title='bbox 1129 1368 1160 1395; x_wconf 90' lang='lat' dir='ltr'>et</span> <span class='ocrx_word' id='word_1_337' title='bbox 1185 1363 1393 1406; x_wconf 85' lang='lat' dir='ltr'>Apostolicae</span> <span class='ocrx_word' id='word_1_338' title='bbox 1419 1362 1510 1396; x_wconf 87' lang='lat' dir='ltr'>Sedis</span> <span class='ocrx_word' id='word_1_339' title='bbox 1535 1364 1622 1407; x_wconf 89' lang='lat' dir='ltr'>apud</span> <span class='ocrx_word' id='word_1_340' title='bbox 1644 1364 1743 1397; x_wconf 87' lang='lat' dir='ltr'>caris·</span> 
     </span>
     <span class='ocr_line' id='line_1_70' title="bbox 1002 1416 1744 1459; baseline 0.001 -10"><span class='ocrx_word' id='word_1_341' title='bbox 1002 1417 1117 1449; x_wconf 84' lang='lat' dir='ltr'>simum</span> <span class='ocrx_word' id='word_1_342' title='bbox 1144 1416 1174 1450; x_wconf 93' lang='lat' dir='ltr'>in</span> <span class='ocrx_word' id='word_1_343' title='bbox 1200 1416 1328 1450; x_wconf 84' lang='lat' dir='ltr'>Christo</span> <span class='ocrx_word' id='word_1_344' title='bbox 1345 1417 1445 1450; x_wconf 78' lang='lat' dir='ltr'>tilium</span> <span class='ocrx_word' id='word_1_345' title='bbox 1461 1423 1607 1450; x_wconf 88' lang='lat' dir='ltr'>nostrum</span> <span class='ocrx_word' id='word_1_346' title='bbox 1635 1418 1744 1459; x_wconf 79' lang='lat' dir='ltr'>Augu-</span> 
     </span>
     <span class='ocr_line' id='line_1_71' title="bbox 1002 1469 1744 1512; baseline 0.004 -11"><span class='ocrx_word' id='word_1_347' title='bbox 1002 1470 1109 1502; x_wconf 74' lang='lat' dir='ltr'>stum²</span> <span class='ocrx_word' id='word_1_348' title='bbox 1126 1469 1276 1503; x_wconf 83' lang='lat' dir='ltr'>Poloniae</span> <span class='ocrx_word' id='word_1_349' title='bbox 1303 1472 1414 1512; x_wconf 79' lang='lat' dir='ltr'>regem</span> <span class='ocrx_word' id='word_1_350' title='bbox 1433 1470 1593 1503; x_wconf 87' lang='lat' dir='ltr'>illustrem</span> <span class='ocrx_word' id='word_1_351' title='bbox 1617 1471 1744 1511; x_wconf 88' lang='lat' dir='ltr'>nuncii,</span> 
     </span>
     <span class='ocr_line' id='line_1_72' title="bbox 1003 1523 1744 1566; baseline 0.003 -11"><span class='ocrx_word' id='word_1_352' title='bbox 1003 1533 1101 1566; x_wconf 89' lang='lat' dir='ltr'>super</span> <span class='ocrx_word' id='word_1_353' title='bbox 1126 1523 1312 1566; x_wconf 82' lang='lat' dir='ltr'>praemissis</span> <span class='ocrx_word' id='word_1_354' title='bbox 1337 1525 1374 1556; x_wconf 82' lang='lat' dir='ltr'>ad</span> <span class='ocrx_word' id='word_1_355' title='bbox 1401 1524 1533 1557; x_wconf 82' lang='lat' dir='ltr'>eosdem</span> <span class='ocrx_word' id='word_1_356' title='bbox 1561 1525 1744 1557; x_wconf 74' lang='lat' dir='ltr'>cardinales</span> 
     </span>
     <span class='ocr_line' id='line_1_73' title="bbox 1004 1576 1746 1616; baseline 0.004 -9"><span class='ocrx_word' id='word_1_357' title='bbox 1004 1576 1223 1609; x_wconf 84' lang='lat' dir='ltr'>transmissam</span> <span class='ocrx_word' id='word_1_358' title='bbox 1249 1576 1417 1616; x_wconf 88' lang='lat' dir='ltr'>viderunt,</span> <span class='ocrx_word' id='word_1_359' title='bbox 1436 1583 1467 1610; x_wconf 89' lang='lat' dir='ltr'>et</span> <span class='ocrx_word' id='word_1_360' title='bbox 1486 1583 1616 1610; x_wconf 80' lang='lat' dir='ltr'>narrata</span> <span class='ocrx_word' id='word_1_361' title='bbox 1642 1583 1746 1611; x_wconf 88' lang='lat' dir='ltr'>atten-</span> 
     </span>
     <span class='ocr_line' id='line_1_74' title="bbox 1004 1630 1747 1673; baseline 0.003 -11"><span class='ocrx_word' id='word_1_362' title='bbox 1004 1630 1132 1668; x_wconf 85' lang='lat' dir='ltr'>derunt,</span> <span class='ocrx_word' id='word_1_363' title='bbox 1161 1630 1309 1669; x_wconf 86' lang='lat' dir='ltr'>consilio,</span> <span class='ocrx_word' id='word_1_364' title='bbox 1328 1631 1527 1673; x_wconf 85' lang='lat' dir='ltr'>praedictam</span> <span class='ocrx_word' id='word_1_365' title='bbox 1546 1631 1747 1673; x_wconf 79' lang='lat' dir='ltr'>provinciam</span> 
     </span>
     <span class='ocr_line' id='line_1_75' title="bbox 1004 1683 1748 1726; baseline 0.003 -11"><span class='ocrx_word' id='word_1_366' title='bbox 1004 1694 1039 1715; x_wconf 78' lang='lat' dir='ltr'>ex</span> <span class='ocrx_word' id='word_1_367' title='bbox 1067 1689 1139 1716; x_wconf 82' lang='lat' dir='ltr'>octo</span> <span class='ocrx_word' id='word_1_368' title='bbox 1166 1683 1358 1716; x_wconf 75' lang='lat' dir='ltr'>formalibus</span> <span class='ocrx_word' id='word_1_369' title='bbox 1383 1684 1597 1716; x_wconf 77' lang='lat' dir='ltr'>conventibus</span> <span class='ocrx_word' id='word_1_370' title='bbox 1616 1695 1748 1726; x_wconf 86' lang='lat' dir='ltr'>compo-</span> 
     </span>
     <span class='ocr_line' id='line_1_76' title="bbox 1004 1736 1748 1769; baseline 0.001 -1"><span class='ocrx_word' id='word_1_371' title='bbox 1004 1736 1097 1769; x_wconf 84' lang='lat' dir='ltr'>sitam</span> <span class='ocrx_word' id='word_1_372' title='bbox 1122 1737 1181 1769; x_wconf 87' lang='lat' dir='ltr'>sub</span> <span class='ocrx_word' id='word_1_373' title='bbox 1211 1736 1303 1769; x_wconf 87' lang='lat' dir='ltr'>titulo</span> <span class='ocrx_word' id='word_1_374' title='bbox 1329 1736 1359 1769; x_wconf 83' lang='lat' dir='ltr'>S.</span> <span class='ocrx_word' id='word_1_375' title='bbox 1388 1736 1532 1769; x_wconf 82' lang='lat' dir='ltr'>loacliitn</span> <span class='ocrx_word' id='word_1_376' title='bbox 1559 1737 1593 1769; x_wconf 86' lang='grc' dir='ltr'>Β.</span> <span class='ocrx_word' id='word_1_377' title='bbox 1616 1737 1655 1769; x_wconf 86' lang='grc' dir='ltr'>Μ.</span> <span class='ocrx_word' id='word_1_378' title='bbox 1681 1737 1748 1769; x_wconf 85' lang='lat' dir='ltr'>Vir-</span> 
     </span>
     <span class='ocr_line' id='line_1_77' title="bbox 1005 1790 1748 1833; baseline 0.003 -11"><span class='ocrx_word' id='word_1_379' title='bbox 1005 1790 1088 1833; x_wconf 80' lang='lat' dir='ltr'>ginis</span> <span class='ocrx_word' id='word_1_380' title='bbox 1103 1790 1270 1833; x_wconf 81' lang='lat' dir='ltr'>genitoris,</span> <span class='ocrx_word' id='word_1_381' title='bbox 1289 1790 1484 1824; x_wconf 85' lang='lat' dir='ltr'>auctoritate</span> <span class='ocrx_word' id='word_1_382' title='bbox 1499 1791 1690 1833; x_wconf 67' lang='lat' dir='ltr'>apostolica,</span> <span class='ocrx_word' id='word_1_383' title='bbox 1707 1798 1748 1824; x_wconf 85' lang='lat' dir='ltr'>te-</span> 
     </span>
     <span class='ocr_line' id='line_1_78' title="bbox 1004 1844 1748 1887; baseline 0.001 -12"><span class='ocrx_word' id='word_1_384' title='bbox 1004 1854 1084 1876; x_wconf 85' lang='lat' dir='ltr'>nore</span> <span class='ocrx_word' id='word_1_385' title='bbox 1103 1844 1325 1887; x_wconf 75' lang='lat' dir='ltr'>presentium,</span> <span class='ocrx_word' id='word_1_386' title='bbox 1345 1844 1520 1885; x_wconf 75' lang='lat' dir='ltr'>erigimus:</span> <span class='ocrx_word' id='word_1_387' title='bbox 1539 1844 1622 1876; x_wconf 73' lang='lat' dir='ltr'>salva</span> <span class='ocrx_word' id='word_1_388' title='bbox 1642 1849 1748 1876; x_wconf 84' lang='lat' dir='ltr'>tamen</span> 
     </span>
     <span class='ocr_line' id='line_1_79' title="bbox 1004 1896 1748 1940; baseline 0.003 -11"><span class='ocrx_word' id='word_1_389' title='bbox 1004 1907 1133 1939; x_wconf 86' lang='lat' dir='ltr'>semper</span> <span class='ocrx_word' id='word_1_390' title='bbox 1158 1896 1189 1929; x_wconf 90' lang='lat' dir='ltr'>in</span> <span class='ocrx_word' id='word_1_391' title='bbox 1228 1896 1417 1940; x_wconf 77' lang='lat' dir='ltr'>praemissis</span> <span class='ocrx_word' id='word_1_392' title='bbox 1442 1897 1637 1930; x_wconf 80' lang='lat' dir='ltr'>auctoritate</span> <span class='ocrx_word' id='word_1_393' title='bbox 1666 1897 1748 1931; x_wconf 89' lang='lat' dir='ltr'>Con-</span> 
     </span>
     <span class='ocr_line' id='line_1_80' title="bbox 1004 1949 1726 1992; baseline 0.001 -10"><span class='ocrx_word' id='word_1_394' title='bbox 1004 1949 1206 1992; x_wconf 79' lang='lat' dir='ltr'>gregationis</span> <span class='ocrx_word' id='word_1_395' title='bbox 1232 1949 1473 1992; x_wconf 85' lang='lat' dir='ltr'>praedictorum</span> <span class='ocrx_word' id='word_1_396' title='bbox 1500 1950 1726 1983; x_wconf 80' lang='lat' dir='ltr'>cardinalium.</span> 
     </span>
    </p>

    <p class='ocr_par' dir='ltr' id='par_1_13' title="bbox 1004 2002 1751 2527">
     <span class='ocr_line' id='line_1_81' title="bbox 1048 2002 1747 2047; baseline 0.003 -12"><span class='ocrx_word' id='word_1_397' title='bbox 1048 2004 1063 2046; x_wconf 68' lang='lat' dir='ltr'>g</span> <span class='ocrx_word' id='word_1_398' title='bbox 1088 2002 1120 2036; x_wconf 82' lang='lat'>3.</span> <span class='ocrx_word' id='word_1_399' title='bbox 1148 2003 1382 2041; x_wconf 79' lang='lat' dir='ltr'>Decernentes‚</span> <span class='ocrx_word' id='word_1_400' title='bbox 1405 2003 1535 2036; x_wconf 87' lang='lat' dir='ltr'>easdem</span> <span class='ocrx_word' id='word_1_401' title='bbox 1554 2011 1747 2047; x_wconf 83' lang='lat' dir='ltr'>praesentes</span> 
     </span>
     <span class='ocr_line' id='line_1_82' title="bbox 1005 2055 1748 2099; baseline 0.001 -10"><span class='ocrx_word' id='word_1_402' title='bbox 1005 2056 1129 2089; x_wconf 88' lang='lat' dir='ltr'>litteras</span> <span class='ocrx_word' id='word_1_403' title='bbox 1155 2066 1287 2099; x_wconf 86' lang='lat' dir='ltr'>semper</span> <span class='ocrx_word' id='word_1_404' title='bbox 1312 2055 1420 2088; x_wconf 76' lang='lat' dir='ltr'>firmas</span> <span class='ocrx_word' id='word_1_405' title='bbox 1437 2083 1445 2097; x_wconf 95' lang='lat'><em>‚</em></span> <span class='ocrx_word' id='word_1_406' title='bbox 1472 2056 1599 2089; x_wconf 85' lang='lat' dir='ltr'>validas</span> <span class='ocrx_word' id='word_1_407' title='bbox 1626 2063 1659 2090; x_wconf 89' lang='lat' dir='ltr'>et</span> <span class='ocrx_word' id='word_1_408' title='bbox 1682 2058 1748 2090; x_wconf 83' lang='lat' dir='ltr'>cffi-</span> 
     </span>
     <span class='ocr_line' id='line_1_83' title="bbox 1005 2109 1750 2154; baseline 0 -11"><span class='ocrx_word' id='word_1_409' title='bbox 1005 2119 1098 2143; x_wconf 84' lang='lat' dir='ltr'>caces</span> <span class='ocrx_word' id='word_1_410' title='bbox 1121 2109 1264 2142; x_wconf 75' lang='lat' dir='ltr'>existere</span> <span class='ocrx_word' id='word_1_411' title='bbox 1290 2115 1322 2142; x_wconf 89' lang='lat' dir='ltr'>et</span> <span class='ocrx_word' id='word_1_412' title='bbox 1353 2109 1443 2149; x_wconf 80' lang='lat' dir='ltr'>sore,</span> <span class='ocrx_word' id='word_1_413' title='bbox 1468 2120 1610 2152; x_wconf 83' lang='lat' dir='ltr'>suosque</span> <span class='ocrx_word' id='word_1_414' title='bbox 1635 2111 1750 2154; x_wconf 83' lang='lat' dir='ltr'>plena-</span> 
     </span>
     <span class='ocr_line' id='line_1_84' title="bbox 1004 2162 1751 2205; baseline 0.004 -10"><span class='ocrx_word' id='word_1_415' title='bbox 1004 2163 1072 2196; x_wconf 90' lang='lat' dir='ltr'>rios</span> <span class='ocrx_word' id='word_1_416' title='bbox 1115 2168 1147 2196; x_wconf 93' lang='lat' dir='ltr'>et</span> <span class='ocrx_word' id='word_1_417' title='bbox 1187 2163 1336 2205; x_wconf 82' lang='lat' dir='ltr'>integros</span> <span class='ocrx_word' id='word_1_418' title='bbox 1384 2162 1519 2196; x_wconf 81' lang='lat' dir='ltr'>ett‘ectus</span> <span class='ocrx_word' id='word_1_419' title='bbox 1561 2164 1674 2196; x_wconf 88' lang='lat' dir='ltr'>sortiri</span> <span class='ocrx_word' id='word_1_420' title='bbox 1717 2169 1751 2198; x_wconf 87' lang='lat' dir='ltr'>et</span> 
     </span>
     <span class='ocr_line' id='line_1_85' title="bbox 1004 2217 1750 2260; baseline 0.001 -10"><span class='ocrx_word' id='word_1_421' title='bbox 1004 2217 1176 2256; x_wconf 85' lang='lat' dir='ltr'>obtinere,</span> <span class='ocrx_word' id='word_1_422' title='bbox 1204 2228 1240 2250; x_wconf 88' lang='lat' dir='ltr'>ac</span> <span class='ocrx_word' id='word_1_423' title='bbox 1264 2217 1350 2256; x_wconf 87' lang='lat' dir='ltr'>illis,</span> <span class='ocrx_word' id='word_1_424' title='bbox 1381 2217 1419 2249; x_wconf 88' lang='lat' dir='ltr'>ad</span> <span class='ocrx_word' id='word_1_425' title='bbox 1451 2227 1532 2260; x_wconf 85' lang='lat' dir='ltr'>quos</span> <span class='ocrx_word' id='word_1_426' title='bbox 1556 2223 1682 2260; x_wconf 85' lang='lat' dir='ltr'>spectat</span> <span class='ocrx_word' id='word_1_427' title='bbox 1718 2223 1750 2251; x_wconf 85' lang='lat' dir='ltr'>et.</span> 
     </span>
     <span class='ocr_line' id='line_1_86' title="bbox 1005 2270 1750 2314; baseline 0 -10"><span class='ocrx_word' id='word_1_428' title='bbox 1005 2281 1066 2314; x_wconf 86' lang='lat' dir='ltr'>pro</span> <span class='ocrx_word' id='word_1_429' title='bbox 1099 2276 1248 2313; x_wconf 88' lang='lat' dir='ltr'>tempore</span> <span class='ocrx_word' id='word_1_430' title='bbox 1276 2270 1448 2313; x_wconf 83' lang='lat' dir='ltr'>spectabit,</span> <span class='ocrx_word' id='word_1_431' title='bbox 1474 2271 1665 2313; x_wconf 86' lang='lat' dir='ltr'>plenissime</span> <span class='ocrx_word' id='word_1_432' title='bbox 1683 2272 1750 2304; x_wconf 85' lang='lat' dir='ltr'>sus-</span> 
     </span>
     <span class='ocr_line' id='line_1_87' title="bbox 1006 2322 1748 2366; baseline 0.004 -12"><span class='ocrx_word' id='word_1_433' title='bbox 1006 2322 1134 2365; x_wconf 78' lang='lat' dir='ltr'>sragari,</span> <span class='ocrx_word' id='word_1_434' title='bbox 1157 2329 1187 2355; x_wconf 89' lang='lat' dir='ltr'>et</span> <span class='ocrx_word' id='word_1_435' title='bbox 1213 2322 1252 2355; x_wconf 88' lang='lat' dir='ltr'>ab</span> <span class='ocrx_word' id='word_1_436' title='bbox 1277 2323 1324 2355; x_wconf 84' lang='lat' dir='ltr'>eis</span> <span class='ocrx_word' id='word_1_437' title='bbox 1349 2323 1527 2366; x_wconf 87' lang='lat' dir='ltr'>respective</span> <span class='ocrx_word' id='word_1_438' title='bbox 1552 2322 1748 2358; x_wconf 89' lang='lat' dir='ltr'>inviolabili-</span> 
     </span>
     <span class='ocr_line' id='line_1_88' title="bbox 1008 2376 1749 2421; baseline 0.003 -12"><span class='ocrx_word' id='word_1_439' title='bbox 1008 2382 1056 2410; x_wconf 90' lang='lat' dir='ltr'>ter</span> <span class='ocrx_word' id='word_1_440' title='bbox 1079 2377 1267 2416; x_wconf 83' lang='lat' dir='ltr'>observari,</span> <span class='ocrx_word' id='word_1_441' title='bbox 1294 2376 1405 2419; x_wconf 84' lang='lat' dir='ltr'>sicque</span> <span class='ocrx_word' id='word_1_442' title='bbox 1430 2377 1462 2409; x_wconf 90' lang='lat' dir='ltr'>in</span> <span class='ocrx_word' id='word_1_443' title='bbox 1490 2377 1676 2420; x_wconf 85' lang='lat' dir='ltr'>praemissis</span> <span class='ocrx_word' id='word_1_444' title='bbox 1691 2389 1749 2421; x_wconf 89' lang='lat' dir='ltr'>per</span> 
     </span>
     <span class='ocr_line' id='line_1_89' title="bbox 1007 2429 1750 2473; baseline 0.008 -14"><span class='ocrx_word' id='word_1_445' title='bbox 1007 2440 1230 2473; x_wconf 79' lang='lat' dir='ltr'>quoscumque</span> <span class='ocrx_word' id='word_1_446' title='bbox 1256 2429 1379 2462; x_wconf 88' lang='lat' dir='ltr'>iudices</span> <span class='ocrx_word' id='word_1_447' title='bbox 1401 2430 1582 2463; x_wconf 86' lang='lat' dir='ltr'>ordinarios</span> <span class='ocrx_word' id='word_1_448' title='bbox 1606 2436 1637 2464; x_wconf 83' lang='lat' dir='ltr'>et</span> <span class='ocrx_word' id='word_1_449' title='bbox 1662 2431 1750 2465; x_wconf 85' lang='lat' dir='ltr'>dele-</span> 
     </span>
     <span class='ocr_line' id='line_1_90' title="bbox 1007 2482 1748 2527; baseline 0.003 -12"><span class='ocrx_word' id='word_1_450' title='bbox 1007 2489 1114 2525; x_wconf 85' lang='lat' dir='ltr'>gatos,</span> <span class='ocrx_word' id='word_1_451' title='bbox 1135 2482 1231 2515; x_wconf 85' lang='lat' dir='ltr'>etiam</span> <span class='ocrx_word' id='word_1_452' title='bbox 1257 2493 1426 2515; x_wconf 87' lang='lat' dir='ltr'>causarum</span> <span class='ocrx_word' id='word_1_453' title='bbox 1445 2483 1558 2526; x_wconf 87' lang='lat' dir='ltr'>palatii</span> <span class='ocrx_word' id='word_1_454' title='bbox 1577 2484 1748 2527; x_wconf 77' lang='lat' dir='ltr'>apostolici</span> 
     </span>
    </p>
   </div>
   <div class='ocr_carea' id='block_1_12' title="bbox 1750 199 1932 226">
    <p class='ocr_par' dir='ltr' id='par_1_14' title="bbox 1750 199 1932 226">
     <span class='ocr_line' id='line_1_91' title="bbox 1750 199 1932 226; baseline 0 -1"><span class='ocrx_word' id='word_1_455' title='bbox 1750 201 1799 225; x_wconf 70' lang='lat' dir='ltr'>An.</span> <span class='ocrx_word' id='word_1_456' title='bbox 1817 200 1844 225; x_wconf 69' lang='grc' dir='ltr'>(Σ.</span> <span class='ocrx_word' id='word_1_457' title='bbox 1865 199 1932 226; x_wconf 68' lang='lat'>¹726</span> 
     </span>
    </p>
   </div>
   <div class='ocr_carea' id='block_1_13' title="bbox 1786 2065 1905 2085">
    <p class='ocr_par' dir='ltr' id='par_1_15' title="bbox 1786 2065 1905 2085">
     <span class='ocr_line' id='line_1_92' title="bbox 1786 2065 1905 2085; baseline -0.008 0"><span class='ocrx_word' id='word_1_458' title='bbox 1786 2065 1905 2085; x_wconf 47' lang='lat' dir='ltr'>Clau-utam</span> 
     </span>
    </p>
   </div>
   <div class='ocr_carea' id='block_1_14' title="bbox 1040 2553 1676 2633">
    <p class='ocr_par' dir='ltr' id='par_1_16' title="bbox 1040 2553 1676 2633">
     <span class='ocr_line' id='line_1_93' title="bbox 1042 2553 1534 2587; baseline 0 -8"><span class='ocrx_word' id='word_1_459' title='bbox 1042 2555 1050 2579; x_wconf 90' lang='grc'>1</span> <span class='ocrx_word' id='word_1_460' title='bbox 1078 2553 1155 2579; x_wconf 78' lang='lat' dir='ltr'>Deest</span> <span class='ocrx_word' id='word_1_461' title='bbox 1172 2554 1405 2587; x_wconf 76' lang='lat' dir='ltr'>praepositorum</span> <span class='ocrx_word' id='word_1_462' title='bbox 1425 2558 1464 2583; x_wconf 78' lang='lat' dir='ltr'>(R.</span> <span class='ocrx_word' id='word_1_463' title='bbox 1484 2554 1534 2584; x_wconf 72' lang='grc' dir='ltr'>τ.),</span> 
     </span>
     <span class='ocr_line' id='line_1_94' title="bbox 1040 2597 1676 2633; baseline 0.002 -9"><span class='ocrx_word' id='word_1_464' title='bbox 1040 2598 1055 2624; x_wconf 65' lang='grc' dir='ltr'>Ξ</span> <span class='ocrx_word' id='word_1_465' title='bbox 1077 2597 1148 2624; x_wconf 83' lang='lat' dir='ltr'>Edit.</span> <span class='ocrx_word' id='word_1_466' title='bbox 1171 2597 1248 2624; x_wconf 83' lang='lat' dir='ltr'>Main.</span> <span class='ocrx_word' id='word_1_467' title='bbox 1271 2598 1336 2633; x_wconf 64' lang='lat' dir='ltr'>legit</span> <span class='ocrx_word' id='word_1_468' title='bbox 1355 2598 1552 2633; x_wconf 73' lang='lat' dir='ltr'>Auyustinum</span> <span class='ocrx_word' id='word_1_469' title='bbox 1572 2601 1612 2633; x_wconf 78' lang='lat' dir='ltr'>(n.</span> <span class='ocrx_word' id='word_1_470' title='bbox 1628 2599 1676 2633; x_wconf 81' lang='grc' dir='ltr'>Τ.).</span> 
     </span>
    </p>
   </div>
  </div>
 </body>
</html>
