2170 3147
0 178 43 220 tn.
58 191 86 219 c.
110 190 176 217 1728

22 2366 68 2388 Fau
88 2373 178 2388 eonven-

0 2395 30 2414 lm
48 2394 179 2414 Malu-inen-

0 2420 75 2443 ιίῌὶΙίι
84 2423 177 2440 simeon·

0 2448 70 2467 ventus
108 2447 179 2467 Bono-

0 2472 82 2494 niensis.

768 187 963 212 BENEDICTUS

186 237 354 271 noniensis
378 237 411 270 Β.
437 237 553 270 Mariae
579 236 757 270 Gratiarum
780 237 925 270 eiusdem

186 290 316 324 Ordinis
360 290 552 323 auctoritate
595 292 704 323 nostra
746 290 924 333 apostolica

186 343 416 382 convertimus,
444 343 581 386 eiusque
615 342 759 375 redditus
786 343 924 375 duorum

185 396 322 429 millium
347 401 531 435 scutorum,
566 407 638 429 eum
671 395 924 439 cplibuscumque

185 449 284 482 rebus
310 449 494 489 mobilibus,
523 454 553 481 et
577 448 777 482 bibliotheca
803 447 924 480 ibidem

185 503 329 541 servata,
356 501 500 544 generali
538 501 678 544 collegio
710 500 755 532 uti
787 500 925 532 diximus

186 554 307 587 ibidem
334 554 543 594 instituendo,
576 554 615 587 de
641 553 845 597 plenitudine
871 563 926 595 po-

188 607 334 647 testatis,
363 615 476 640 tenore
502 606 740 650 praesentium,
765 610 925 649 perpetuo

187 659 434 703 incorporanuis
465 666 498 692 et
529 660 755 702 incorporatos
783 669 852 692 esse
877 669 926 691 vo-

186 713 312 753 lumus,
339 718 373 745 ut
398 713 540 746 eiusdem
567 711 716 745 coenobii
739 717 769 744 et
794 711 923 754 collegii

187 765 402 798 Bononiensis
440 766 551 798 fratres
589 765 639 797 liis
675 764 842 798 benefieiis
875 774 926 796 cu-

187 819 300 852 mulati
338 819 377 851 ad
414 818 567 862 pietatem
594 824 625 851 et
649 817 794 861 graviora
822 817 925 850 studia

187 872 366 906 excolenda
381 873 517 905 alacrius
537 872 740 911 incumbant,
761 881 820 904 nec
838 880 925 902 men-

187 926 327 959 dicando
350 931 381 958 et
406 925 546 958 ostiatim
584 924 643 957 sibi
681 924 798 958 victum
826 933 925 966 quae-

187 979 288 1013 rendo
312 980 415 1012 bonas
441 979 539 1012 horas
560 978 592 1010 in
614 983 779 1021 posterum
807 982 922 1010 terant.

187 1032 479 1065 Constitutionibus
514 1037 619 1064 tamen
645 1031 855 1064 inhaerentes
882 1030 927 1062 se-

187 1086 257 1119 licis
296 1085 534 1119 recordationis
571 1084 785 1117 anter-essoris
824 1083 924 1116 nostri

187 1138 365 1172 innocentii
392 1139 496 1182 Papae
518 1139 560 1176 X,
581 1148 663 1181 quae
690 1137 850 1180 incipiunt
876 1137 927 1169 Ῑιι-

187 1191 387 1224 staurandae
421 1196 516 1235 atque
549 1192 587 1224 [Ἰ
621 1192 656 1223 in
685 1191 814 1234 parvis,
849 1201 927 1233 ‹pia-

188 1256 260 1278 rum
287 1245 403 1288 plenae
429 1250 460 1277 et
486 1244 580 1278 viridi
602 1245 838 1283 observantiae,
869 1254 926 1287 pro

188 1298 291 1331 nostri
317 1297 491 1341 pastoralis
527 1297 621 1330 ossieii
660 1296 770 1329 debito
807 1296 928 1339 gravis-

188 1351 277 1384 simis
302 1352 342 1384 de
368 1350 488 1390 causis,
522 1361 600 1394 quas
629 1351 713 1384 idem
743 1355 927 1383 antecessor

188 1410 299 1438 noster
323 1415 401 1447 prae
419 1404 521 1436 oculis
540 1403 666 1443 habuit,
688 1403 824 1436 maximo
849 1403 928 1435 inri-

188 1456 343 1499 gnaruris,
361 1456 493 1490 omnino
512 1457 660 1490 volumus
678 1461 708 1489 et
723 1456 926 1495 mandamus,

188 1515 231 1552 ut,
258 1510 428 1553 perpetuis
453 1509 567 1542 suturis
587 1510 798 1552 temporibus,
817 1520 833 1542 a
852 1519 928 1542 con-

190 1569 285 1596 ventu
311 1563 511 1596 Bononiensi
537 1563 571 1595 ss.
599 1563 714 1595 Mariae
747 1563 927 1595 Gratiarum

189 1626 242 1649 sex
268 1615 381 1648 fratres
407 1616 600 1659 presbyteri,
620 1626 691 1647 cum
714 1616 815 1647 tribus
838 1615 927 1649 laicis

188 1669 344 1713 probatae
370 1669 452 1702 vitae
471 1674 501 1702 et
520 1670 661 1712 regulam
685 1669 925 1702 Carmelitarum

189 1727 298 1755 exacte
331 1722 512 1765 professis,
547 1723 675 1755 alantur
707 1722 738 1754 in
765 1727 925 1755 conventu

189 1774 413 1814 Medicinensi,
440 1775 584 1808 eiusdem
611 1776 771 1808 ccclesiae
791 1775 855 1818 iugi
875 1776 927 1808 ob-

189 1827 301 1870 sequio
333 1838 370 1861 ae
400 1828 565 1861 famulatui
602 1828 793 1872 mancipati,
831 1834 926 1871 atque

189 1881 367 1914 incolarum
411 1883 636 1925 spiritualibus
680 1883 927 1915 necessitatibus

190 1933 303 1966 sedulo
341 1934 538 1967 inservituri.
581 1935 645 1968 Nec
682 1941 786 1968 tamen
823 1935 926 1968 Bono-

190 1985 311 2019 niensis
337 1993 514 2020 conventus
539 1998 640 2021 novos
665 1989 811 2021 alumnos
847 1989 927 2021 eius

191 2039 264 2072 (lem
289 2039 351 2073 loci
376 2039 460 2073 lilios
487 2041 612 2074 futuros
644 2041 733 2084 prius
758 2042 923 2082 instituat,

190 2103 285 2136 quam
303 2093 501 2136 provinciale
519 2095 695 2138 capitulum
713 2094 842 2127 Ordinis
861 2105 928 2128 cer-

190 2151 255 2179 tum
291 2157 462 2180 numerum
495 2149 732 2191 praelectorum
769 2159 823 2182 seu
857 2159 927 2192 pro-

189 2201 368 2241 fessorum,
395 2211 430 2234 ac
454 2201 577 2244 pariter
608 2200 772 2242 filiorum,
799 2212 928 2245 semper

189 2253 344 2297 deinceps
371 2253 491 2287 ibidem
517 2255 724 2294 servandum,
745 2259 817 2288 ante
836 2265 928 2298 prae-

189 2305 323 2340 finierit.

232 2360 246 2402 ἓ
270 2359 302 2393 lt.
329 2360 447 2393 Omnes
465 2360 521 2394 filii
538 2365 715 2394 conventus
735 2360 928 2394 Medicinen-

189 2413 244 2454 sis,
259 2413 417 2446 hactenus
434 2413 578 2456 legitime
596 2413 700 2453 electi,
715 2413 747 2446 in
761 2419 926 2457 posterum

190 2467 373 2500 habeantur
405 2472 435 2499 et
468 2466 533 2499 sint
563 2467 628 2499 veri
667 2472 699 2499 et
734 2467 837 2500 reales
869 2466 927 2500 filii

190 2525 366 2554 conventus
391 2519 625 2559 Bononiensis;
653 2519 769 2562 quibus
803 2524 928 2560 tamen,

190 2575 215 2607 si
242 2573 374 2618 triginta
399 2583 501 2607 annos
519 2566 698 2616 'religiosae
716 2573 927 2617 professionis
972 2573 1187 2616 hominesque
1221 2572 1333 2618 oppidi
1366 2572 1613 2616 Medicinensis,

991 188 1047 212 xui
1073 188 1121 212 pr.
1601 175 1663 208 747
1711 186 1759 211 An.
1780 184 1806 211 C.
1833 184 1897 211 1728

968 235 1197 279 impleverint,
1237 236 1376 270 liberum
1413 235 1452 269 sit
1484 235 1515 267 in
1547 236 1705 268 alterutro

968 290 1129 323 coenobio
1155 295 1187 323 ct
1211 295 1369 322 conventu
1403 288 1552 321 nimirum
1579 288 1709 321 Medici-

968 342 1060 376 nensi
1086 344 1135 376 vel
1166 342 1362 375 Bononiensi
1394 352 1451 385 pro
1482 341 1618 374 arbitrio
1649 350 1706 373 suo

969 395 1179 428 commorari.

1012 448 1070 490 §5
1076 448 1142 480 ,ln
1169 453 1328 481 conventu
1363 447 1570 480 Medicinensi
1598 447 1705 479 nullus
1731 457 1763 477 ιι
1767 456 1803 476 «ιειι
1816 463 1836 476 r

968 501 1058 543 piio1
1084 501 1223 543 amplius
1259 501 1444 533 instituatur
1483 511 1587 543 neque
1621 499 1676 532 ull
1669 483 1819 531 ieiumi
1838 491 1878 529 MS}

968 553 1101 586 omnino
1129 553 1305 586 electiones
1342 554 1549 592 habeffitntui
1717 543 1788 555 '''''''''
1857 543 1901 555 Μ’

968 606 1106 649 pituhm
1147 608 1358 639 οοιιιοιιῑιιιῐο
1404 606 1611 639 bononiense
1643 606 1707 639 sin-

967 660 1050 701 gulis
1082 659 1223 692 bienniis
1249 659 1400 692 vicarium
1434 659 1549 701 eligat..
1577 659 1629 702 qui
1657 669 1707 691 ce-

969 712 1045 744 teris
1072 712 1224 745 fratribus
1251 712 1281 744 in
1308 717 1467 745 conventu
1498 711 1706 744 Medicinensi

968 765 1164 807 degentibus
1189 765 1333 808 praesit,
1373 764 1490 808 quique
1524 765 1566 797 ibi
1592 764 1631 796 sit
1656 774 1708 796 oc-

968 828 1120 851 conomus
1145 828 1203 860 pro
1230 823 1390 850 conventu
1418 816 1629 850 Bononiensi.
1650 816 1708 849 llic

968 871 1052 904 idem
1074 871 1224 910 vicarius,
1245 871 1381 913 singulis
1402 870 1621 903 trimestribus
1639 879 1709 901 evo-

969 925 1051 964 lutis,
1072 934 1179 957 coram
1196 923 1304 967 priore
1324 929 1353 956 et
1368 924 1514 957 clavariis
1533 928 1708 956 conventus

969 978 1185 1011 Bononiensis
1213 982 1355 1011 exactam
1381 978 1502 1020 accepti
1522 983 1553 1009 et
1575 976 1708 1020 expensi

969 1031 1127 1064 rationem
1154 1031 1292 1064 reddere
1319 1030 1450 1070 debeat,
1478 1035 1573 1073 atque
1602 1029 1655 1061 ubi
1676 1029 1710 1061 in

970 1096 1046 1117 suae
1072 1085 1279 1118 villicationis
1315 1084 1421 1118 officio
1451 1083 1709 1117 administrando

970 1138 1074 1170 minus
1100 1137 1203 1170 fidelis
1239 1142 1425 1181 compertus
1463 1137 1578 1176 suerit,
1604 1135 1709 1168 statim

970 1191 1038 1224 sine
1064 1192 1130 1224 ulla
1157 1191 1256 1224 forma
1281 1201 1453 1234 processus
1476 1188 1637 1222 iudicialis
1656 1188 1711 1220 de-

972 1244 1047 1287 poni
1085 1249 1115 1276 et
1152 1254 1209 1287 pro
1250 1244 1364 1287 culpae
1404 1242 1560 1286 gravitate
1601 1240 1710 1284 puniri

971 1298 1086 1341 possit.

1014 1351 1028 1395 g
1053 1352 1084 1383 ti.
1106 1351 1196 1384 Prior
1215 1356 1246 1384 et
1264 1351 1390 1384 clararii
1410 1354 1587 1384 contentus
1606 1349 1760 1404 Bono·co
1750 1356 1905 1404 pum-012¹:

972 1405 1092 1437 niensis
1118 1405 1249 1437 alteiam
1284 1404 1430 1437 eiusdem
1456 1403 1504 1436 sui
1531 1407 1789 1455 conventustrm¹
1806 1410 1906 1456 ¹13⁰?

973 1457 1110 1490 sz‘ibiicae
1137 1463 1279 1501 partem,
1312 1457 1508 1500 recipiendis
1533 1457 1711 1500 pimaclecto
1722 1440 1778 1484 2⁰¹„
1761 1444 1809 1510 ‘r'

972 1511 1101 1544 ribuset
1118 1511 1279 1553 religiosis
1297 1510 1446 1548 alumnis,
1465 1509 1586 1542 ibidem
1604 1496 1747 1542 studio⁶
1763 1496 1785 1511 c

972 1564 1152 1597 litterarum
1179 1574 1312 1606 operam
1345 1562 1467 1595 daturis
1496 1572 1567 1595 mox
1601 1562 1712 1594 aedifi-

971 1617 1106 1649 candam
1132 1616 1311 1652 curabunt;
1339 1626 1440 1659 quae,
1468 1618 1531 1648 una
1562 1626 1632 1648 eum
1661 1625 1712 1647 va-

971 1669 1169 1703 letudinario
1190 1674 1221 1701 et
1238 1669 1456 1712 hospitalibus
1477 1668 1710 1707 mansionibus,

971 1722 1216 1766 pernecessaria
1241 1727 1423 1764 reputatur.
1459 1721 1533 1754 Istic
1558 1721 1652 1753 etiam
1681 1721 1712 1752 iu

971 1776 1050 1808 aede
1070 1776 1103 1808 P».
1124 1775 1239 1808 Mariae
1259 1775 1438 1807 Gratiarum
1461 1774 1632 1817 quotannis
1651 1784 1712 1817 pro

971 1829 1140 1861 animabus
1166 1828 1298 1860 fratrum
1320 1832 1497 1860 conventus
1517 1827 1712 1860 Medicinen-

971 1884 1013 1915 sis
1040 1882 1103 1915 duo
1128 1880 1347 1914 anniversaria
1373 1886 1405 1913 et
1430 1880 1545 1913 missae
1566 1880 1710 1923 privatae

970 1947 986 1967 a
1014 1935 1163 1967 fratribus
1190 1934 1457 1968 celebrabuntur.

1014 1989 1084 2029 §T
1112 1988 1166 2021 llis
1192 1998 1273 2030 ergo
1310 1987 1478 2027 stabilitis,
1515 1992 1609 2030 atque
1647 1988 1707 2020 bac
1734 1992 1907 2042 Mulgutg‘ojoo·

970 2039 1079 2075 nostra
1106 2040 1339 2074 constitutione
1365 2045 1456 2074 motu
1490 2041 1641 2084 proprio,
1670 2026 1859 2073 exiiupe'sbwe
1863 2052 1891 2068 ιιι

970 2097 1057 2129 terta
1075 2095 1220 2133 scientia,
1241 2093 1479 2128 deliberatione
1497 2100 1529 2128 et
1545 2095 1710 2127 voluntate

970 2149 1079 2182 nostra
1118 2147 1273 2187 firmatis,
1316 2147 1544 2188 decernimus,
1583 2148 1712 2181 easdem

970 2205 1158 2245 praesentes
1185 2210 1315 2243 semper
1340 2205 1371 2233 et
1395 2206 1556 2244 perpetuo
1591 2200 1712 2233 validas

971 2264 1044 2287 csse
1071 2259 1102 2287 ct
1127 2253 1209 2292 sore,
1236 2264 1396 2296 suumque
1428 2253 1611 2296 plenarium
1637 2252 1713 2286 etl'e-

1797 1469 1815 1482 ai
1824 1469 1842 1482 ia
1885 1469 1904 1483 ιιι

1804 1490 1830 1509 ⁵1b
1838 1492 1905 1510 entut

964 2300 1057 2340 *etum
1084 2312 1115 2339 ct
1135 2307 1235 2339 robur
1260 2306 1402 2347 habere,
1427 2307 1517 2340 nullo
1545 2317 1598 2340 cas
1632 2312 1712 2339 tem-

972 2370 1067 2403 pore,
1095 2361 1184 2393 nulla
1209 2359 1380 2393 occasione
1407 2365 1438 2393 et
1462 2361 1576 2401 causa,
1609 2370 1714 2403 quan-

973 2412 1086 2446 tumvis
1123 2412 1271 2455 legitima
1307 2418 1338 2446 et
1377 2413 1535 2454 iuridica‚
1578 2413 1710 2452 irritas,

971 2465 1134 2507 invalidas,
1154 2466 1347 2510 obreptitias
1367 2471 1398 2499 et
1416 2466 1625 2510 subreptitias
1648 2467 1712 2499 diri

971 2530 1114 2564 unquam
1132 2529 1235 2563 posse,
1255 2519 1380 2553 etiamsi
1401 2520 1514 2552 fratres
1533 2525 1712 2554 conventus

1654 2583 1711 2606 seu
