2170 3147
250 180 334 205 Ans.
373 177 438 204 1727
486 168 551 201 600

276 615 323 635 Pru«
335 624 337 631 ι
348 621 409 634 uirium

274 1571 357 1591 Causae
373 1572 437 1592 liuius

253 1601 366 1617 erectionis
383 1615 387 1621 ,
417 1600 435 1617 ct

253 1631 326 1649 previ-s
342 1631 379 1644 cun

253 1658 302 1671 earn
323 1653 436 1676 penit-ran«.

748 226 884 260 CXCYll.

446 299 632 341 Ert'yttntur
655 298 761 330 decem
787 301 957 329 convenius
973 298 1117 339 fratrum
1137 296 1192 329 Or-

491 352 581 384 dinis
605 350 661 384 SS.
684 351 859 383 Trinitatis
883 350 1119 393 redemptionis
1145 360 1193 382 ca-

487 403 655 445 ptivorum
680 402 715 433 in
741 411 855 434 novam
881 401 1086 444 provinciam
1113 400 1134 434 ¹.

630 482 814 508 Benedictus
836 481 917 515 Papa
935 481 1018 513 xm,

557 527 593 554 ad
616 530 791 561 perpetuam
810 526 855 553 rei
876 526 1063 553 memoriam.

490 598 691 631 Saerosancti
726 598 928 641 apostolatus
959 596 1100 630 officium
1134 597 1193 629 liu-

447 651 575 684 militati
603 656 732 684 nostrae
758 661 819 694 per
844 650 1041 683 ineffabilem
1065 650 1192 683 divinae

447 705 600 738 bonitatis
626 704 869 743 abundantiam,
898 705 989 736 nullo
1019 703 1093 736 licet
1125 714 1192 735 me-

447 759 585 792 ritorum
619 763 808 791 nostrorum
840 756 1004 800 suffragio,
1034 756 1189 790 commis-

448 823 517 845 sum
534 811 709 845 salubriter
725 811 854 854 exequi,
865 811 1035 843 adiuvante
1045 810 1192 850 Domino,

448 865 568 907 iugiter
586 869 784 907 satagentes,
803 864 1033 906 religiosorum
1050 863 1192 895 virorum

448 917 605 950 Altissimi
633 917 802 960 obsequiis
829 916 887 949 sub
914 916 1061 949 arctioris
1088 915 1193 948 (1]ςεί-

447 971 557 1014 plinae
583 970 730 1003 instituto
757 970 1032 1013 mancipatorum,
1059 969 1193 1001 uberes-

447 1036 509 1068 que
532 1024 694 1057 bonorum
720 1034 858 1066 operum
885 1023 1007 1055 fructus
1034 1022 1064 1054 in
1082 1022 1193 1055 Eccle-

447 1080 496 1111 sia
510 1078 578 1118 Dei,
595 1077 783 1120 adspirante
803 1076 901 1109 divini
921 1075 1039 1108 favoris
1061 1075 1191 1115 auxilio,

448 1132 598 1176 proferre
635 1131 765 1164 assidue
802 1130 1014 1169 studentium,
1041 1129 1134 1161 statui
1163 1135 1194 1161 et

449 1186 534 1219 felici
561 1185 733 1218 directioni
762 1185 933 1217 consulere
953 1183 1107 1227 peculiari
1135 1183 1194 1215 sol-

448 1239 620 1273 licitudine
646 1238 825 1277 studemus,
852 1237 934 1270 sicut
957 1247 1028 1276 nos,
1044 1236 1194 1269 omnibus

447 1295 573 1326 matura
593 1290 865 1325 considerationis
879 1289 998 1322 trutina
1010 1289 1194 1333 perpensis,

448 1347 487 1380 ad
515 1345 749 1389 omnipotentis
787 1344 841 1377 Dei
876 1344 1012 1386 gloriam
1048 1354 1084 1375 ac
1121 1342 1195 1375 reli-

449 1399 554 1443 gionis
580 1399 774 1443 piorumque
794 1407 932 1440 operum
958 1397 1193 1430 incrementum

449 1459 480 1487 et
506 1453 634 1486 felicem
660 1462 872 1495 progressum
899 1450 1053 1494 expedire
1080 1450 1112 1482 in
1130 1450 1194 1483 Do-

449 1506 539 1539 mino
565 1506 773 1539 arbitramur.

493 1560 508 1603 ξ
532 1560 563 1592 1.
591 1559 669 1592 Cum
696 1558 815 1601 itaque,
841 1558 923 1591 sicut
948 1558 1088 1591 dilectus
1108 1557 1192 1590 filius

383 1613 585 1646 ‚um-Michael
613 1624 629 1646 a
654 1612 684 1646 S.
713 1612 854 1656 losepho
876 1612 1114 1645 commissarius
1141 1622 1194 1653 ge-

450 1667 568 1700 neralis
593 1677 652 1710 pro
678 1666 765 1698 ltalia
792 1676 827 1698 ac
865 1666 895 1697 in
922 1666 1074 1708 {Romana
1099 1665 1194 1698 Curia

448 1720 720 1764 Congregationis
747 1719 975 1762 Hispaniarum
989 1719 1118 1751 Ordinis
1133 1719 1194 1751 fra-

450 1780 534 1807 trum
559 1774 612 1807 SS.
640 1773 805 1806 Trinitatis
830 1773 1067 1816 redemptionis
1097 1772 1193 1815 capti-

447 1838 562 1861 vorum
608 1826 880 1859 Discalceatorum
928 1831 1191 1869 nuncupatorum

448 1885 642 1924 procurator
663 1879 824 1923 generalis
842 1879 935 1912 nobis
953 1890 1058 1923 nuper
1076 1882 1191 1924 exponi

449 1934 533 1974 fecit,
559 1934 643 1967 dicta
668 1932 884 1976 Congregatio
921 1934 1031 1976 plures
1057 1945 1193 1967 conven-

451 1993 511 2027 tus,
526 1997 644 2031 nempe
662 1987 891 2027 Viennensem,
908 1987 1111 2028 Illebensem,
1123 1989 1192 2021 Pos-

449 2041 656 2081 soniensem‚
683 2040 943 2073 Tirnaricensem
981 2041 1013 2074 in
1053 2042 1191 2084 Austrifu

449 2094 736 2128 Comoroniensem
763 2100 793 2127 et
818 2094 1010 2137 Agriensem
1038 2095 1069 2126 in
1095 2105 1192 2138 supe-

449 2147 527 2180 riori
555 2152 586 2180 et
610 2147 753 2180 inferiori
781 2147 960 2190 IIungaria,
995 2148 1192 2190 Pragensem

449 2201 480 2233 in
499 2201 668 2241 Bohemia,
690 2201 789 2234 Albae
807 2200 975 2234 Caroliuae
997 2201 1027 2233 in
1051 2202 1192 2235 Transii-

448 2253 856 2296 vania‚Bellogradcnsem
882 2255 913 2286 in
939 2254 1061 2295 Sei-via,
1086 2256 1192 2289 Sassa-

448 2307 594 2340 niensem
632 2307 664 2339 in
700 2307 854 2348 llloravia,
894 2313 924 2340 et
951 2308 1090 2351 hospitia
1126 2309 1191 2342 sive

450 2359 662 2392 residentiam
688 2360 1055 2404 Costantinopolitauam
1083 2362 1192 2395 funda-

486 2450 495 2475 1
520 2449 595 2475 Nova
615 2451 752 2484 provincia
773 2451 799 2477 in
821 2460 905 2485 regno
922 2452 1052 2479 Poluniae
1069 2461 1117 2487 pro
1139 2452 1192 2478 fra-

450 2492 538 2518 tribus
567 2493 688 2520 ciusdem
708 2495 814 2521 Ordinis
843 2500 934 2522 erecta
962 2496 1013 2523 fuit
1036 2496 1089 2523 alia
1112 2496 1192 2523 huius

450 2538 590 2564 l’ontilicis
609 2542 695 2565 coust.
717 2539 782 2566 edit.
803 2547 949 2572 muccxxvi,
975 2540 1017 2568 die
1042 2541 1077 2567 ⁶32
1096 2541 1191 2568 ianua-

450 2582 493 2613 rii,
516 2582 609 2617 pontif.
633 2588 659 2608 11.

1033 176 1214 201 nULLAulL'u
1242 176 1397 200 ROMANUM

1235 226 1326 267 verit,
1348 230 1379 258 et
1399 226 1429 259 in
1453 226 1568 270 quibus
1593 238 1659 260 non
1685 229 1791 260 solum
1819 227 1979 269 regularis

1236 279 1322 322 viget
1354 280 1562 313 observantia
1587 291 1658 313 cum
1690 282 1807 324 magna
1833 281 1979 313 fidelium

1235 331 1476 372 aedificatione,
1504 343 1614 366 verum
1642 333 1739 366 etiam
1765 333 1905 375 collegia
1934 333 1979 364 in-

1235 385 1337 427 signia
1363 396 1423 428 pro
1449 386 1562 418 studiis
1583 386 1813 429 religiosorum
1833 385 1980 418 eiusdem

1235 439 1384 479 Ordinis,
1427 450 1554 472 necnon
1604 440 1709 483 ampla
1749 445 1779 472 et
1815 439 1980 482 aptissima

1236 492 1351 525 domus
1377 503 1435 535 pro
1462 492 1656 525 educatione
1689 492 1884 525 novitiorum
1918 496 1981 524 sta·

1236 546 1327 579 bilita
1352 546 1570 590 reperiuntur,
1588 551 1685 588 atque
1708 546 1840 589 insuper
1865 545 1896 578 in
1916 545 1979 578 illis

1236 599 1381 643 partibus
1407 600 1482 632 dicti
1510 599 1652 642 religiosi
1676 609 1794 641 magno
1820 600 1889 632 zelo
1908 599 1980 642 piis-

1237 654 1318 686 simo
1344 654 1492 686 instituto
1518 652 1751 696 redemptionis
1777 652 1979 696 captivorum

1238 707 1446 746 incumbunt,
1472 716 1608 750 quorum
1634 704 1893 748 ingentissimum
1919 715 1981 738 nu-

1237 770 1364 793 merum
1389 759 1479 792 brevi
1498 769 1659 792 annorum
1678 769 1772 791 cursu
1792 758 1830 791 ab
1848 769 1981 802 oppres-

1236 814 1328 846 sione
1355 819 1385 846 et
1412 813 1580 857 tyrannico
1601 812 1782 845 infidelium
1800 812 1874 854 iugo
1900 811 1981 844 libe-

1237 873 1358 904 rarunt,
1384 867 1494 899 multis
1520 876 1555 898 ae
1580 864 1814 909 copiosissimis
1839 864 1871 897 in
1906 875 1981 908 par-

1238 920 1323 952 tibus
1353 919 1527 952 Turcarum
1559 925 1590 952 et
1622 919 1828 952 Tartarorum
1853 917 1980 951 redem-

1236 973 1405 1016 ptionibus
1432 972 1538 1013 factis,
1566 969 1797 1015 extructoque¹
1824 970 1981 1004 Costanti-

1238 1026 1349 1069 nopoli
1372 1027 1410 1059 acl
1438 1026 1525 1058 hune
1545 1025 1694 1058 effectum
1714 1024 1885 1058 commodo
1903 1023 1980 1057 dicti

1237 1079 1366 1112 Ordinis
1392 1079 1538 1122 hospitio
1558 1089 1616 1122 pro
1638 1078 1801 1111 levamine
1820 1088 1856 1110 ac
1873 1088 1981 1120 prom-

1237 1132 1336 1175 ptiori
1379 1137 1410 1165 et
1454 1131 1684 1175 opportuniori
1723 1130 1952 1174 redemptione
1970 1129 1982 1146 ³

1238 1184 1499 1217 christifidelium
1519 1185 1577 1217 sub
1604 1193 1806 1227 paganorum
1825 1183 1980 1216 servitute

1239 1237 1434 1280 degentium,
1455 1237 1560 1270 dictus
1581 1248 1656 1270 vero
1675 1237 1812 1270 Micliael
1831 1237 1982 1270 commis-

1238 1291 1342 1323 sarius
1361 1296 1391 1323 et
1409 1296 1605 1334 procurator
1624 1290 1788 1333 generalis
1803 1295 1980 1323 conventus

1240 1345 1425 1377 huiusmodi
1453 1345 1484 1376 in
1511 1355 1626 1378 novam
1653 1344 1729 1377 dicti
1752 1344 1881 1377 Ordinis
1903 1355 1981 1387 pro-

1239 1398 1376 1432 vinciam
1404 1399 1442 1432 ad
1470 1399 1574 1431 instar
1599 1399 1734 1432 aliarum
1760 1398 1863 1442 ipsius
1888 1397 1981 1431 Ordi-

1238 1453 1288 1485 nis
1322 1452 1561 1496 provinciarum
1588 1462 1605 1485 a
1637 1451 1733 1484 nobis
1762 1450 1844 1494 erigi
1878 1451 1980 1495 pluri-

1238 1517 1323 1539 mum
1351 1506 1534 1539 desiderat:
1564 1505 1658 1539 nobis
1679 1510 1854 1549 propterea
1874 1505 1981 1538 bumi-

1238 1560 1313 1592 liter
1328 1560 1506 1603 supplicari
1523 1559 1598 1593 feeit
1614 1565 1650 1592 ut
1671 1559 1703 1592 in
1722 1558 1910 1602 praemissis
1926 1569 1980 1602 op-

1240 1619 1379 1657 portune
1402 1614 1575 1657 providere
1593 1618 1625 1646 et
1647 1618 1682 1646 nt
1703 1613 1788 1646 infra
1808 1613 1980 1656 indulgere

1239 1667 1277 1700 de
1295 1667 1500 1710 benignitate
1518 1666 1701 1711 apostolica
1719 1667 1940 1709 dignaremur.

1281 1720 1295 1763 ἓ
1320 1720 1349 1752 9,.
1377 1721 1439 1753 Nos
1459 1721 1567 1763 igitur,
1589 1720 1691 1764 ipsius
1712 1720 1877 1754 Michaelis
1899 1731 1981 1753 com·

1237 1773 1376 1806 missarii
1404 1780 1436 1807 et
1460 1775 1685 1817 procuratoris
1711 1774 1873 1817 ,generalis
1898 1774 1979 1807 votis

1238 1829 1298 1860 hac
1325 1828 1354 1860 in
1382 1838 1434 1867 re,
1462 1833 1617 1871 quantum
1643 1838 1715 1860 cnm
1742 1828 1878 1861 Domino
1903 1839 1981 1871 pos-

1236 1892 1361 1923 suinuS,
1388 1882 1611 1915 favorabiliter
1637 1892 1783 1915 annuere
1809 1883 1977 1923 volentes,

1237 1936 1426 1969 huiusmodi
1472 1935 1768 1979 supplicationibus
1814 1935 1980 1977 inclinati,

1237 1994 1433 2023 memoratos
1458 1994 1639 2022 conventus
1660 1989 1691 2021 in
1713 2000 1827 2022 novam
1850 1989 1981 2022 Ordinis

1236 2043 1393 2087 praedicti
1419 2042 1640 2086 provinciam,
1666 2053 1748 2086 quae
1774 2042 1813 2075 ab
1838 2053 1903 2076 uno
1929 2054 1980 2076 su-

1237 2097 1367 2140 periore
1393 2096 1596 2140 provinciali,
1618 2096 1754 2139 aliisque
1776 2096 1978 2137 officialibus,

1236 2150 1323 2182 iuxta
1348 2149 1598 2183 constitutiones
1617 2149 1759 2182 eiusdem
1778 2149 1907 2183 Ordinis
1928 2162 1981 2183 au-

1235 2203 1385 2237 ctoritate
1407 2203 1588 2246 apostolica
1605 2203 1801 2246 approbatas
1820 2203 1979 2246 eligendis

1236 2263 1267 2290 et
1281 2257 1497 2298 assumendis,
1518 2256 1587 2299 regi
1610 2261 1640 2289 et
1658 2256 1833 2299 gubernari
1853 2257 1979 2298 debeat,

1236 2312 1316 2344 itaut
1343 2311 1416 2354 ipsa
1441 2320 1523 2343 nova
1547 2310 1724 2353 provincia,
1751 2310 1905 2354 illiusque
1932 2321 1982 2344 su-

1235 2364 1347 2407 perior
1371 2363 1597 2407 provincialis,
1633 2363 1800 2407 ceterique
1826 2364 1981 2397 officiales

1236 2422 1267 2450 et
1289 2418 1402 2450 fratres
1420 2427 1479 2460 pro
1501 2422 1649 2460 tempore
1673 2416 1860 2456 existentes,
1878 2417 1982 2450 omni-

1236 2471 1295 2503 bus
1337 2476 1368 2502 et
1408 2469 1544 2512 singulis
1581 2469 1759 2513 privilegiis
1782 2496 1789 2509 ‚
1829 2469 1954 2502 iuribus
1974 2496 1980 2508 ,

1273 2542 1281 2567 1
1304 2540 1427 2567 Pessime
1444 2541 1488 2567 ed.
1505 2540 1586 2568 Main.
1605 2540 1670 2576 legit
1685 2542 1872 2574 eaelractoque
1888 2539 1980 2576 (usn).

1269 2586 1285 2612 ἰ.)
1306 2585 1377 2612 Edit.
1400 2585 1483 2612 Maia.
1506 2585 1571 2620 legit.
1590 2584 1802 2620 redemptionis
1821 2586 1859 2619 (n.
1875 2584 1925 2618 ¹12).

1990 179 2034 204 An.
2049 181 2078 204 (Σ,
2103 178 2165 210 1727

2019 1730 2102 1750 Erectio
2113 1734 2169 1755 pran-

1991 1756 2002 1776 (1
2008 1760 2056 1777 icta.
