2139 3142
373 222 386 234 ⁰
400 227 463 260 916

352 289 424 322 LVI.
438 288 651 322 Confirmatur
667 287 830 320 decretum
845 287 1005 330 quoddam
1023 297 1097 320 con-

442 342 540 375 sultae
568 340 725 382 generalis
756 340 946 373 clericorum
972 340 1097 382 regula-

443 395 523 428 rium
545 393 787 426 Ministrantium
807 393 954 435 Infirmis‚
969 404 1028 437 pro
1045 394 1097 426 Hi-

440 447 569 490 spaniae
594 447 774 490 provineia,
803 446 880 479 146.

353 501 437 534 LVII.
463 500 627 540 Statuitur,
647 505 681 532 ut
705 500 736 532 in
760 500 858 539 Italia,
887 500 979 544 eique
1003 500 1094 534 adia-

442 554 585 588 centibus
609 553 728 595 insulis,
747 554 897 597 parochis
923 553 1092 588 defuncto-

442 618 524 646 rum,
549 606 602 650 qui
622 606 652 639 in
670 606 810 639 ecclesiis
834 606 1029 649 regularium
1054 618 1106 652 se3

441 661 601 704 pulturam
628 660 793 702 elegerint,
815 665 927 704 quarta
947 660 1097 693 funeralis

440 714 578 757 persolvi
604 713 734 753 debeat,
759 712 836 746 148.

351 768 452 801 LVIII.
477 767 668 800 Conceditur
684 766 944 800 christifidelibus
965 767 1097 800 facultas

440 820 623 864 applicandi
649 820 876 862 indulgentias,
903 830 987 853 anno
1009 819 1095 852 iubi-

439 874 498 907 laei
524 873 657 906 durante
682 883 860 916 suspensas,
885 883 941 917 pcr
966 873 1096 906 modum

438 926 581 969 suffragii
595 926 760 959 animabus
775 926 1007 966 defunctorum,
1022 925 1096 959 «151.

450 979 605 1013 Statuitur
629 985 663 1012 ut
686 990 744 1022 per
768 979 886 1011 Italiam
912 984 942 1012 et
977 979 1096 1012 insulas

439 1033 620 1066 adiacentes
649 1032 768 1076 provisi
793 1032 832 1064 de
852 1032 1013 1065 beneficiis
1033 1043 1097 1065 me-

439 1087 524 1119 diam
549 1092 697 1118 annatam
721 1086 846 1118 solvere
872 1085 1097 1118 teneantursa-

438 1141 545 1173 bricae
570 1150 699 1172 suarum
733 1139 906 1182 respective
942 1139 1093 1172 ecclesia-

440 1204 528 1232 rum,
555 1192 630 1225 «15²2.

351 1248 411 1280 LX.
437 1246 649 1279 Confirmatur
685 1245 840 1288 quaedam
875 1245 1022 1287 Gregorii
1046 1245 1096 1278 XV

350 981 425 1014 LIX.

440 1300 624 1333 constitutio
642 1299 679 1331 de
696 1309 760 1331 non
786 1298 976 1342 recipiendis
993 1298 1097 1331 fratri-
1123 1294 1125 1307 ¹

439 1353 498 1385 bus
515 1352 778 1394 Congregationis
794 1351 913 1385 Galliae
929 1352 1026 1383 Tertii
1044 1351 1098 1384 Or-

440 1405 523 1438 dinis
541 1405 570 1438 S.
588 1405 745 1438 Francisci
765 1404 948 1448 provinciae
965 1404 995 1438 S.
1010 1405 1097 1437 Ioan-

439 1458 498 1498 nis,
513 1469 583 1491 cum
603 1458 670 1491 eius
687 1458 792 1501 ampla
807 1458 1000 1498 extensione,
1023 1456 1094 1490 156.

351 1513 424 1546 LXI.
450 1512 637 1545 Statuuntur
673 1511 827 1544 nonnulla
856 1511 941 1543 circa
965 1511 1098 1545 clericos

438 1564 646 1597 beneficiatos
680 1564 712 1596 in
738 1564 848 1596 habitu
884 1564 987 1597 laicali
1013 1564 1097 1597 ince-

440 1618 566 1657 dentes,
597 1617 668 1650 158.

351 1672 440 1706 LXII.
465 1671 655 1705 Conceditur
685 1671 928 1713 Congregationi
961 1671 1095 1704 Benedi-

441 1726 542 1758 ctinae
556 1726 756 1768 Augustanae
774 1725 1023 1758 communicatio
1037 1725 1100 1768 pri-

441 1779 629 1821 vilegiorum
651 1778 911 1820 Congregationis
936 1778 1101 1811 Cassinen-

442 1833 485 1865 sis
518 1832 621 1875 quoad
658 1832 776 1873 gratias
813 1832 993 1875 spirituales
1026 1838 1096 1864 tan-

443 1891 530 1925 tum,
558 1885 631 1918 160.

353 1939 458 1972 LXIII.
486 1939 721 1971 Contlrmantur
753 1937 907 1981 quaedam
934 1938 1101 1970 resolutio-

442 2003 499 2024 nes
517 1992 645 2034 eapituli
667 1991 824 2033 generalis
837 1991 1101 2033 Congregationis

445 2045 747 2078 Betlileliemitarum
772 2045 803 2077 in
828 2044 923 2077 Indiis
952 2043 1101 2077 Occiden-

446 2098 570 2138 taHIms,
597 2098 672 2131 1131.

356 2152 455 2184 LXIV.
481 2151 664 2183 Declaratur
689 2151 742 2193 qui
778 2151 893 2183 fratres
917 2161 933 2182 a
959 2150 1100 2192 Congre-

444 2204 573 2246 gatione
597 2204 629 2236 S.
657 2204 792 2236 Sabinae
817 2203 933 2236 dimitti
959 2204 1101 2246 possint,

446 2257 499 2300 qui
519 2257 549 2288 in
571 2257 733 2299 provincia
755 2257 962 2289 Lombardiae
976 2256 1102 2290 Ordinis

447 2310 703 2342 Praedicatorum
730 2310 826 2353 recipi
846 2310 996 2350 debeant,
1022 2308 1099 2342 165.

358 2363 446 2396 LXV.
471 2363 668 2406 Praecipitur
703 2363 872 2396 abbatibus
904 2363 1103 2405 regularibus

448 2417 621 2459 perpetuis,
647 2422 680 2448 ut
705 2416 786 2448 infra
810 2426 926 2448 annum
943 2426 960 2447 a
979 2415 1030 2448 die
1055 2426 1104 2448 eo-

449 2480 519 2500 rum
546 2469 708 2502 electionis
735 2470 774 2501 ab
800 2469 957 2512 episcopis
981 2469 1105 2501 benedi-

451 2522 588 2553 ctionem
613 2522 809 2565 suscipiant,
837 2522 884 2554 vcl
913 2523 1024 2555 saltem
1047 2532 1104 2566 po-

449 2574 584 2613 stulent,
614 2574 685 2607 169.

362 2626 462 2660 LXVI.
480 2627 669 2660 Conceditur
687 2628 822 2670 capitulo
841 2628 1104 2671 metropolitanae

947 235 1127 259 BULLARIUM
1153 235 1303 260 ROMANUM

1239 287 1391 321 ecclesiae
1411 288 1576 333 Capuanae
1596 301 1672 324 usus
1688 292 1801 326 mitrae
1818 292 1895 327 alio-

1237 352 1373 385 rumque
1410 342 1580 385 insignium
1599 369 1607 384 ,
1632 343 1730 378 instar
1764 347 1893 390 capituli

1238 395 1389 428 ecclesiae
1414 396 1661 438 Beneventanae‚
1687 397 1761 431 17⁶2.

1148 447 1261 480 LXVII.
1288 447 1519 481 Praescribitur
1533 448 1708 483 Ordinariis
1724 450 1830 484 Italiae
1846 451 1895 484 in-

1237 501 1443 544 sularumque
1468 501 1678 535 adiacentium
1706 507 1739 537 ut
1762 504 1896 537 semina-

1237 553 1360 586 riorum
1404 554 1625 595 erectionem,
1661 561 1890 599 promoveant,

1237 606 1339 650 deque
1364 608 1514 650 congruis
1543 608 1717 641 redditibus
1741 609 1892 652 provide-

1237 665 1312 700 ant,
1337 671 1408 692 cum
1446 661 1606 693 nonnullis
1642 661 1896 696 ordinationibus

1238 719 1269 746 et
1303 714 1463 747 erectione
1503 714 1766 758 Congregationis
1800 727 1896 760 super

1238 767 1296 799 hac
1322 778 1370 807 re,
1396 767 1471 800 174.

1149 819 1278 853 LXVIII.
1304 820 1445 863 Erigitur
1469 827 1644 854 conventus
1669 822 1803 856 Carmeli
1822 833 1896 856 ma-

1238 872 1315 906 ioris
1329 873 1455 906 Ordinis
1471 874 1723 915 Carmelitarum,
1736 886 1808 908 cum
1826 875 1896 909 aliis

1237 926 1430 969 quibusdam
1455 927 1662 960 conventibus
1686 938 1703 960 a
1728 927 1896 971 provincia

1238 980 1354 1012 Terrae
1378 979 1508 1012 Laboris
1528 980 1775 1021 dismembratis,
1792 980 1825 1013 in
1841 991 1896 1014 no-

1237 1042 1307 1064 vam
1331 1032 1527 1075 provinciam
1554 1033 1793 1076 Neapolitanam
1818 1043 1895 1066 nun-

1239 1091 1405 1128 cupatam,
1434 1085 1510 1118 ⁴179.

1150 1138 1259 1172 LXIX.
1285 1139 1471 1172 Decernitur
1505 1145 1538 1172 ut
1564 1140 1594 1172 in
1619 1140 1760 1172 ecclesiis
1785 1140 1896 1174 cathe-

1239 1192 1383 1224 dralibus
1414 1193 1521 1225 ltaliae
1547 1193 1788 1236 insularumque
1811 1193 1898 1226 adia-

1239 1245 1378 1278 centium
1397 1245 1577 1288 praebenda
1593 1245 1780 1288 tlieologalis
1800 1252 1830 1279 et
1847 1257 1898 1280 ca-

1238 1299 1372 1330 nonicus
1409 1299 1671 1341 poenitentiarius
1702 1298 1894 1340 instituatur,

1239 1362 1311 1384 cum
1331 1351 1519 1394 quibusdam
1542 1352 1808 1392 ordinationibus,
1822 1352 1896 1385 182.

1150 1406 1238 1438 LXX.
1265 1405 1408 1447 Erigitur
1438 1412 1610 1438 conventus
1634 1406 1767 1439 Carmeli
1799 1406 1897 1440 maio-

1239 1458 1283 1491 ris
1307 1458 1433 1491 Ordinis
1456 1459 1698 1492 Carmelitarum
1716 1458 1898 1502 provinciae

1238 1511 1463 1555 Neapolitanae
1484 1512 1515 1544 in
1533 1512 1701 1554 collegium
1727 1512 1822 1545 studii
1846 1523 1899 1555 ge-

1239 1564 1356 1597 neralis
1379 1575 1438 1608 pro
1463 1565 1637 1608 provinciis
1656 1565 1747 1608 regni
1767 1565 1898 1609 Neapo-

1239 1619 1327 1651 litani
1352 1618 1494 1651 eiusdem
1520 1618 1656 1659 Ordinis,
1675 1629 1746 1652 cum
1767 1619 1898 1663 quibus-

1239 1672 1311 1704 dam
1338 1672 1481 1714 legibus,
1508 1671 1584 1704 185.

1151 1725 1252 1759 LXXI.
1277 1725 1489 1758 Confirmatur
1514 1725 1695 1759 constitutio
1721 1726 1765 1758 Pii
1790 1726 1827 1758 IV
1851 1737 1900 1760 su-

1239 1789 1296 1822 per
1320 1778 1480 1811 erectione
1505 1779 1657 1811 ccclesiae
1682 1779 1898 1812 Urbinatensis

1240 1832 1271 1864 in
1297 1832 1588 1875 metropolitanam,
1609 1837 1639 1864 ct
1664 1831 1767 1864 eidem
1793 1831 1899 1864 subie-

1240 1885 1344 1918 ctione
1357 1885 1510 1917 ecclesiae
1525 1885 1729 1927 Eugubinae;
1745 1894 1826 1928 quae
1842 1884 1898 1917 ite-

1241 1949 1313 1971 rum
1347 1938 1390 1969 itti
1418 1943 1573 1981 perpetuo
1599 1937 1740 1970 subiecta
1760 1937 1899 1970 declara-

1243 1997 1304 2029 tur,
1332 1989 1408 2022 187.

1152 2044 1266 2078 LXXII.
1285 2044 1471 2077 Statuuntur
1495 2044 1650 2087 quaedam
1670 2054 1729 2087 pro
1745 2043 1898 2086 augendis

1242 2098 1418 2131 redditibus
1435 2098 1596 2130 seminarii
1613 2097 1815 2131 ecclesiastici
1829 2097 1899 2131 Cae-

1241 2151 1434 2191 senatensis,
1459 2150 1536 2184 195.

1152 2204 1279 2238 LXXIII.
1294 2204 1517 2243 Contirinatur,
1535 2203 1714 2236 declaratur
1728 2209 1759 2236 et
1771 2202 1899 2247 amplia-

1242 2263 1292 2290 tur
1323 2256 1507 2289 constitutio
1542 2256 1688 2299 Gregorii
1725 2256 1789 2289 XIV
1813 2255 1898 2289 exci—

1242 2311 1332 2354 piens
1357 2309 1470 2342 delicta
1494 2314 1525 2342 et
1549 2320 1640 2343 casus
1665 2310 1696 2342 in
1717 2309 1834 2353 quibus
1850 2308 1900 2342 de-

1242 2364 1419 2406 linquentes
1443 2363 1514 2395 laici
1546 2362 1759 2395 ecclesiastica
1783 2362 1900 2395 immu-

1242 2417 1339 2449 nitate
1364 2426 1426 2448 non
1452 2415 1604 2458 gaudent,
1630 2414 1709 2450 198.

1153 2469 1283 2503 LXXIV.
1311 2468 1524 2502 Conni-matur
1561 2468 1723 2502 decretum
1757 2468 1900 2510 magistri

1243 2522 1401 2566 generalis
1440 2522 1596 2555 Minorum
1636 2521 1675 2554 de
1715 2521 1900 2555 Observan-

1244 2576 1285 2608 tia
1307 2575 1490 2619 approbans
1521 2575 1705 2619 bipartitam
1730 2574 1899 2618 quamdam

1243 2628 1462 2661 alternativam
1502 2628 1680 2661 officiorum
1716 2626 1900 2671 provinciae
