2170 3147
10 249 60 276 An.
78 247 108 274 C.
127 246 194 274 ¹728

72 412 189 433 Proliibttio

9 439 125 466 praedicta.

784 247 980 272 BENEDICTUS
1005 246 1062 271 xm
1087 248 1136 272 Pr.

200 306 257 328 nas
290 301 321 329 et
356 296 569 339 symphonias
602 296 661 329 sub
695 297 789 330 certis
824 295 937 339 poenis

200 348 428 381 interdicentia
454 348 676 391 impetrarunt.

244 401 258 443 g
283 400 314 432 Q.
342 400 417 433 Cum
443 408 568 439 autem,
593 401 676 433 sicut
701 401 812 434 eadem
842 411 939 443 expo-

200 453 274 486 sitio
317 453 557 495 subiungebat,
603 455 698 493 longa
739 453 938 496 experientia

201 511 405 548 compertum
430 507 487 543 sit,
514 505 672 538 eiusmodi
706 506 848 537 remedia
874 516 939 537 ma-

200 559 267 591 lum
304 557 367 590 hoc
403 558 442 590 ad
478 559 576 590 breve
614 558 777 590 dumtaxat
813 562 939 599 tempus

201 610 370 649 avertisse,
397 616 431 642 ut
454 616 561 643 autem
595 610 680 642 idem
716 609 831 642 abusus
856 609 939 641 radi-

202 663 283 696 citus
308 664 480 702 evellatur,
505 669 536 696 et
561 664 642 696 haec
659 663 803 701 licentia,
822 673 857 695 ex
877 672 939 705 qua

202 716 311 758 gravia
337 716 486 749 scandala
519 716 637 749 exoriri
670 725 780 758 posse,
817 714 937 747 nedum

205 768 384 802 timendum
422 775 489 808 est,
530 769 586 801 sed
623 769 717 801 etiam
749 767 935 805 dolendum,

201 822 406 861 coerceatur,
432 822 536 854 dictus
560 822 658 854 lulius
682 821 780 853 abbas
798 826 829 853 et
850 830 939 863 prae-

201 874 311 906 sidens
337 881 520 917 opportune
547 875 577 906 in
604 873 790 917 praemissis
813 884 828 905 a
846 873 938 906 nobis

202 927 367 969 provideri
395 927 569 969 plurimum
589 926 768 959 desiderat:
786 936 857 965 nos,
878 936 937 967 pro

203 979 378 1012 commisso
403 980 497 1011 nobis
523 979 655 1011 caelitus
679 979 835 1022 pastorali
869 989 938 1010 mu-

201 1041 293 1070 nere,
313 1031 499 1064 monialium
526 1030 748 1064 secundodicti
775 1036 938 1063 monaste-

200 1084 260 1123 rii,
287 1094 387 1126 quae,
412 1084 533 1116 oblitae
567 1084 696 1115 domum
734 1083 833 1125 patris
866 1083 912 1115 sui
929 1110 936 1122 ,

200 1141 282 1169 totas
308 1147 341 1168 se
367 1137 438 1168 lesu
465 1136 582 1168 Christi
612 1136 732 1169 domini
758 1136 858 1169 nostri
886 1146 938 1168 ea-

200 1199 270 1221 rum
291 1189 401 1232 sponsi
420 1189 585 1231 obsequiis
603 1189 810 1229 devoverunt,
837 1188 935 1232 quieti

200 1241 357 1283 peculiari
383 1242 490 1273 studio
515 1242 633 1283 iugiter
654 1242 834 1280 consulere,
852 1242 938 1273 eius-

200 1294 338 1337 demque
378 1294 446 1326 Iulii
488 1294 614 1327 abbatis
653 1299 684 1326 et
719 1294 936 1338 praesidentis

200 1346 277 1378 votis
303 1346 364 1379 hac
390 1346 421 1378 in
448 1357 492 1386 rc,
518 1351 674 1389 quantum
705 1357 776 1379 cum
801 1346 937 1379 Domino

199 1409 390 1442 possumus,
417 1399 637 1432 favorabiliter
661 1410 804 1432 annuere
829 1400 938 1432 volen-

201 1457 267 1492 tes,
293 1452 448 1495 illumque
475 1463 492 1484 a
517 1452 685 1495 quibusvis
717 1452 938 1485 excommuni-

199 1505 348 1544 cationis,
367 1506 594 1548 suspensionis
613 1511 644 1539 et
661 1506 834 1546 interdicti,
853 1506 938 1539 aliis-

200 1569 264 1602 que
301 1559 529 1591 ecclesiasticis
565 1560 757 1599 sententiis,
793 1561 936 1593 censuris

200 1618 232 1645 et
257 1612 385 1654 poenis,
410 1622 427 1644 a
452 1612 521 1644 iure
539 1613 587 1644 vel
605 1612 644 1644 ab
663 1613 806 1651 bomine,
826 1613 936 1656 quavis

198 1665 368 1698 occasione
390 1665 437 1697 vel
463 1667 558 1697 causa
582 1665 664 1705 latis,
680 1665 705 1698 si
725 1666 842 1708 quibus
859 1677 937 1709 quo-

199 1717 378 1750 modolibet
395 1717 568 1750 innodatus
589 1717 711 1757 existit,
730 1719 769 1751 ad
788 1718 936 1751 etl‘eetum

199 1770 419 1812 praesentium
452 1770 617 1802 dumtaxat
648 1771 934 1813 consequendum,

199 1822 312 1854 harum
348 1823 431 1855 serie
464 1822 665 1856 absolventes
699 1828 729 1856 et
754 1824 936 1857 absolutum

200 1875 269 1907 sore
308 1880 498 1915 censentes,
539 1876 829 1918 supplicationibus
866 1877 934 1910 eius

200 1928 330 1960 nomine
354 1928 449 1960 nobis
473 1938 572 1971 super
589 1929 652 1962 hoc
672 1929 842 1963 humiliter
862 1941 935 1973 por-

200 1979 296 2012 rectis
322 1980 478 2021 inclinati,
500 1981 649 2014 omnibus
667 1987 698 2014 et
715 1982 850 2025 singulis
868 1993 935 2016 mo-

200 2032 335 2064 nasterii
352 2031 383 2064 S.
400 2032 608 2075 Radegundis
624 2035 830 2076 monialibus,
850 2046 936 2068 nunc

201 2089 232 2116 et
244 2094 303 2127 pro
318 2090 463 2128 tempore
481 2086 701 2128 existentibus,
720 2093 751 2121 et
768 2088 935 2131 quibusvis

200 2136 272 2170 aliis
297 2137 414 2180 puellis
439 2138 471 2170 in
492 2138 549 2171 illo
569 2139 768 2172 educationis
788 2142 883 2173 causa
896 2140 935 2174 de

199 2189 290 2222 Sedis
314 2190 521 2232 Apostolicae
554 2192 685 2225 licentia
718 2193 933 2235 degentibus,

200 2252 241 2275 ne
266 2243 306 2276 de
331 2249 441 2276 cetero
467 2253 648 2287 quaequam
682 2256 717 2277 ex
753 2246 843 2280 dictis
868 2258 934 2280 mo—

199 2295 337 2329 nialibus
362 2301 394 2328 et
418 2297 535 2339 puellis
561 2307 647 2330 nunc
664 2302 695 2330 et
712 2308 770 2340 pro
789 2304 933 2342 tempore

199 2347 422 2388 existentibus,
440 2348 498 2380 sub
516 2349 626 2391 quovis
648 2351 792 2392 quaesito
811 2353 932 2392 colore,

198 2400 352 2443 ingenio,
379 2403 494 2441 causa,
519 2401 645 2435 ratione
678 2408 709 2435 et
740 2404 931 2444 occasione,

198 2453 340 2487 musicos
365 2459 542 2487 concentus
567 2454 721 2498 figuratos
747 2456 778 2487 in
799 2467 855 2489 usu
878 2457 934 2490 ha-

196 2506 286 2546 bere,
305 2511 336 2539 et
352 2507 484 2539 musicis
504 2507 728 2540 instrumentis
749 2508 780 2540 in
798 2509 933 2542 ecclesia

198 2566 230 2594 et
253 2560 353 2594 choro
380 2560 425 2592 uti
451 2560 568 2593 audeat
585 2571 641 2594 seu
659 2566 856 2604 praesumat,
873 2562 932 2595 sub

197 2614 303 2656 poena
324 2612 485 2647 interdicti
507 2612 681 2655 Ecclesiae,
709 2614 741 2646 in
760 2615 930 2648 locutoriis

1615 238 1678 272 709
1727 248 1823 274 Aac.
1848 248 1914 275 1728

982 307 1056 329 vero
1079 302 1110 329 et
1124 296 1278 336 cratibus,
1298 296 1357 329 sub
1376 296 1720 330 excommunicationis

982 351 1066 382 latae
1090 349 1281 388 sententiae,
1298 360 1314 381 a
1339 359 1400 392 qua
1426 348 1495 381 nisi¹
1523 360 1540 381 a
1566 348 1661 381 nobis
1691 354 1724 381 et

982 413 1040 444 pro
1067 409 1215 445 tempore
1248 402 1403 435 existente
1437 402 1583 434 Romano
1614 401 1722 434 Ponti-

983 455 1064 490 fice,
1102 461 1328 497 praeterquam
1365 455 1396 486 in
1433 455 1544 487 mortis
1584 454 1721 486 articulo

982 506 1174 545 constituta,
1201 507 1414 539 absolutionis
1445 506 1638 540 beneficium
1664 506 1722 539 ob-

983 559 1087 591 tinere
1107 558 1220 600 possit,
1238 570 1274 591 ac
1290 559 1482 602 privationis
1500 559 1584 591 vocis
1602 558 1721 591 activae

983 616 1013 643 et
1042 611 1188 654 passivae
1214 611 1345 654 poenis,
1371 621 1429 654 per
1454 611 1721 644 contrafacientes

983 674 1020 695 eo
1047 664 1118 706 ipso
1144 663 1249 707 abque
1274 664 1336 697 alia
1361 664 1580 696 declaratione
1613 663 1722 696 ineur-

983 715 1113 754 randis,
1145 716 1336 748 auctoritate
1373 716 1574 759 apostolica,
1607 721 1722 748 tenore

982 768 1224 810 praesentium,
1250 773 1408 811 perpetuo
1435 767 1657 801 interdicimus
1690 772 1722 800 et

981 820 1209 862 probibemus.

1026 872 1040 915 ξ
1065 872 1097 905 3.
1127 872 1314 912 Praeterea,
1332 879 1366 906 ut
1385 878 1573 916 praesentes
1590 878 1721 905 nostrae

982 925 1109 958 litterae
1135 926 1263 958 debitae
1290 927 1471 959 executioni
1505 927 1718 966 mandentur,

982 978 1085 1011 eidem
1107 978 1187 1011 lulio
1205 979 1313 1011 abbati
1336 985 1367 1012 et
1384 980 1580 1022 praesidenti
1604 980 1718 1011 barum

981 1031 1066 1063 serie
1103 1031 1334 1063 committimus
1373 1038 1404 1064 ot
1440 1032 1647 1071 mandamus,
1685 1037 1720 1063 ut

981 1090 1171 1125 praesentes
1189 1084 1323 1123 litteras,
1342 1095 1398 1117 seu
1417 1085 1542 1117 illarum
1561 1090 1720 1124 tenorem,

982 1137 1013 1169 in
1041 1137 1160 1169 idioma
1193 1139 1324 1179 vulgare
1360 1138 1498 1170 fideliter
1532 1137 1720 1177 transferri,

982 1199 1017 1222 ac
1045 1190 1213 1222 translatas
1232 1190 1383 1232 imprimi,
1403 1190 1597 1232 illarumque
1617 1200 1721 1221 exem-

981 1243 1069 1284 plum
1090 1242 1120 1274 in
1140 1242 1273 1275 formam
1293 1242 1513 1275 authenticam
1535 1242 1700 1275 redactum
1714 1268 1721 1280 ,

981 1295 1012 1327 in
1046 1295 1277 1328 secundodicto
1310 1295 1527 1333 monasterio,
1552 1294 1718 1333 sacristia,

982 1348 1083 1381 choro
1109 1353 1141 1381 et
1166 1348 1347 1387 locutorii5‚
1374 1348 1404 1380 in
1431 1349 1503 1380 loco
1529 1347 1718 1390 conspicuo,

982 1400 1034 1432 ubi
1061 1400 1101 1432 ab
1127 1400 1276 1433 omnibus
1312 1400 1400 1433 cerni
1436 1405 1467 1433 et
1499 1400 1562 1442 legi
1596 1399 1717 1442 possit,

981 1452 1134 1486 constitui
1159 1458 1189 1485 ct
1214 1453 1367 1485 collocari
1392 1457 1497 1485 curet.

1024 1506 1039 1549 ς
1063 1505 1095 1538 4.
1122 1505 1351 1545 Decernentes,
1377 1505 1506 1538 easdem
1529 1510 1718 1548 praesentes

981 1559 1105 1592 litteras
1130 1569 1261 1601 semper
1294 1558 1419 1597 firmas,
1450 1558 1570 1590 validas
1596 1564 1627 1590 et
1651 1558 1719 1591 esti-

981 1622 1071 1644 caces
1090 1611 1229 1644 existere
1249 1617 1281 1644 et
1298 1611 1375 1650 sore,
1393 1621 1535 1653 suosque
1555 1612 1718 1653 plenarios

981 1670 1011 1696 et
1036 1664 1182 1706 integros
1209 1662 1339 1696 effectus
1364 1663 1473 1696 sortiri
1500 1669 1530 1696 et
1554 1663 1716 1701 obtinere,

980 1727 1015 1749 ac
1039 1718 1079 1749 ab
1104 1716 1256 1748 omnibus
1283 1722 1314 1748 et
1338 1716 1493 1758 singulis,
1519 1716 1558 1749 ad
1581 1726 1663 1758 quos
1688 1721 1720 1748 et

980 1780 1059 1813 quas
1077 1775 1203 1812 spectat
1220 1778 1277 1801 seu
1295 1779 1356 1812 pro
1376 1775 1522 1812 tempore
1540 1768 1717 1811 spectabit,

980 1822 1212 1855 inviolabililer
1230 1822 1412 1857 observari:
1430 1822 1554 1864 sicque,
1578 1820 1652 1854 etc.¹

1023 1875 1037 1917 ἓ
1061 1874 1092 1907 5.
1120 1874 1188 1907 Non
1213 1874 1415 1907 obstantibus
1447 1873 1654 1917 praemissis,
1681 1884 1717 1906 ac

979 1927 1263 1960 constitutionibus
1290 1932 1321 1959 et
1346 1926 1606 1960 ordinationibus
1643 1938 1718 1970 apo-

979 1981 1116 2020 stolicis,
1139 1991 1186 2020 ac,
1205 1985 1367 2023 quatenus
1385 1990 1468 2023 opus
1487 1980 1537 2020 sit,
1556 1981 1714 2013 secundo-

979 2033 1054 2066 dicti
1080 2032 1284 2072 monasterii,
1310 2031 1579 2075 Congregationis
1606 2037 1638 2065 et
1662 2032 1716 2065 Or-

979 2086 1063 2119 dinis
1088 2085 1327 2128 praedictorum
1343 2111 1350 2124 ,
1376 2084 1488 2125 etiam,
1517 2084 1596 2117 etos*

1022 2138 1134 2171 Datum
1160 2138 1297 2176 Romae,
1329 2137 1414 2180 apud
1439 2137 1471 2170 S.
1498 2137 1629 2170 Mariam
1654 2138 1717 2171 Ma-

979 2192 1081 2224 iorem
1114 2192 1175 2224 sub
1213 2192 1334 2223 annulo
1371 2190 1542 2223 piscatoris
1579 2191 1631 2223 die
1667 2201 1716 2224 xtx

980 2245 1175 2286 septembris
1202 2253 1402 2281 mcccxxvlu,
1434 2243 1639 2285 pontificatus
1663 2254 1717 2277 no-

978 2297 1035 2329 stri
1061 2307 1147 2329 anno
1173 2308 1201 2329 v.

1014 2358 1072 2384 Dat.
1089 2358 1134 2384 die
1151 2358 1182 2384 19
1196 2357 1360 2392 septembris
1378 2358 1455 2391 1728,
1475 2358 1575 2392 pontif.
1597 2365 1670 2385 anuo
1690 2365 1716 2386 v.

1804 884 1916 910 nepotatio

1732 913 1876 936 exequutorts.

1756 1514 1877 1535 (lctus-utto.

1795 1883 1912 1909 [lei-agatii)

1725 1913 1891 1932 contrariorum.

1013 2448 1022 2470 1
1047 2445 1143 2480 Aptius
1163 2446 1222 2480 lege
1242 2446 1363 2473 nonnisi
1380 2447 1422 2480 (R.
1443 2446 1492 2479 Τ.>.

1011 2490 1027 2516 ‘2
1048 2490 1079 2517 Ut
1098 2498 1178 2525 supra
1198 2498 1260 2525 pag.
1280 2490 1327 2516 471
1351 2499 1369 2516 α
1388 2492 1425 2524 (a.
1441 2492 1489 2522 τ.).

1010 2534 1026 2561 3
1047 2535 1080 2561 Ut
1098 2542 1179 2569 supra
1201 2542 1260 2569 pag.
1283 2535 1329 2561 471
1353 2543 1371 2561 a
1390 2538 1426 2569 (tt.
1441 2536 1490 2569 Τ.).
