2170 3147
177 175 224 200 An.
247 176 276 201 C.
294 174 362 200 17027

189 1027 263 1049 Quoad
275 1032 358 1050 proces<

178 1059 248 1073 <toti-‘s
266 1054 304 1072 ΕΞ,
319 1053 357 1072 λυ-

177 1080 236 1100 mmis
253 1081 305 1100 issu.

411 165 475 198 5:30

371 223 615 265 processionem
631 221 782 260 faciendi,
801 220 869 253 sive
886 230 964 253 non.
984 219 1025 252 Ex
1048 230 1112 262 quo

370 286 445 309 vero
471 275 638 308 nonnullis
663 274 696 306 in
722 274 818 313 loeis,
851 272 934 305 sicut
967 272 1114 315 percepi-

370 339 451 368 mus,
478 328 576 361 iidem
603 328 717 359 fratres
743 326 888 368 legitime
907 326 1055 369 impediti
1075 336 1112 358 ex

370 391 533 414 concursu
559 381 692 413 alterius
718 379 898 412 consimilis
927 379 1112 422 processio-

370 434 420 466 nis
446 434 583 467 aliorum
609 438 830 466 conventuum
852 433 1003 465 eiusdem
1025 431 1114 465 Ordi-

369 487 437 526 nis,
464 488 511 519 vel
538 497 575 519 ex
598 487 661 519 alia
678 488 791 525 causa,
811 487 908 518 talem
933 485 1114 528 processio-

370 550 445 572 nem
471 541 510 572 ad
536 539 634 572 alium
660 539 746 572 diem
772 537 903 572 diss'erre
929 544 1110 581 eoguntur,

369 594 419 625 rel
445 593 556 632 etiam,
582 593 668 624 iuxta
694 592 966 625 consuetudinem
991 592 1114 624 ibidem

370 645 588 685 obtinentem,
605 655 668 678 uno
687 650 740 677 aut
756 646 858 678 altero
877 645 929 678 die
944 646 979 677 B.
991 644 1114 687 Virgini

370 698 486 731 Mariae
513 709 607 731 sacro
641 698 818 741 quotannis
851 698 1018 741 publicam
1044 709 1114 741 pro-

369 751 552 785 cessionem
593 751 739 784 eiusdem
772 751 897 784 Rosarii
928 757 1113 794 peragunt,

369 809 470 843 motu,
497 804 633 836 scienti-:1
660 810 691 837 et
715 809 877 847 potestate
897 815 995 847 saepe
1022 803 1115 836 dictis

370 858 433 889 tale
459 857 623 890 indultum
649 858 755 900 quoad
792 858 902 890 onmia
929 863 961 889 et
985 857 1116 899 singula

369 909 402 941 in
428 920 466 942 eo
493 914 648 942 contenta
673 920 733 952 pro
759 910 884 942 eisdem
909 910 1116 941 circumstan-

371 962 422 994 tiis
448 963 653 995 extendimus
680 969 712 994 et
737 962 942 1005 amplian‘luS.

414 1014 587 1057 §lssfflari
613 1015 737 1048 ratione
764 1016 975 1048 concedimus
1002 1026 1038 1047 ac
1066 1026 1117 1048 vo-

370 1070 478 1102 lumus
503 1069 536 1101 in
564 1069 712 1112 quolibet
737 1069 842 1111 primo
864 1069 940 1101 anni
968 1069 1020 1101 die
1047 1080 1118 1102 eos-

371 1123 446 1155 dem
464 1122 579 1155 sratres
605 1122 786 1155 solemnem
807 1122 861 1155 SS.
880 1122 1028 1154 Nominis
1046 1123 1118 1155 lesu

370 1176 616 1219 processionem
642 1176 745 1208 libere
772 1181 803 1208 et
827 1175 917 1207 licite
937 1175 1057 1218 ubique
1076 1177 1120 1208 lo·

371 1240 484 1261 eorum
509 1239 669 1272 peragere
689 1239 785 1271 posse
812 1239 848 1260 ac
873 1228 1006 1261 debere.
1027 1229 1120 1261 Simi-

371 1282 446 1315 liter
471 1282 700 1314 confirmamus
719 1282 1006 1321 consuetudinem,
1024 1282 1121 1324 pluri-

373 1337 433 1368 bus
467 1336 499 1368 in
532 1335 612 1368 locis
645 1337 759 1368 saltem
784 1336 950 1378 aliquibus
978 1336 1017 1368 ab
1044 1336 1121 1368 hinc

374 1390 480 1429 annis,
499 1395 536 1421 ut
553 1389 752 1431 accepimus,
779 1388 1002 1428 obtinentem,
1024 1388 1121 1431 eique

374 1442 575 1485 apostolieae
608 1440 769 1474 firmitatis
795 1442 896 1474 robur
927 1441 1120 1481 adimimus,

375 1496 464 1538 quod
486 1495 519 1527 in
544 1495 812 1537 processionibus
831 1494 975 1527 Nominis
994 1495 1064 1527 Iesu
1092 1501 1124 1526 et

375 1548 510 1587 Rosarii,
545 1558 626 1590 quae
660 1547 797 1589 singulis
830 1548 996 1580 mensibus
1021 1559 1038 1580 a
1064 1548 1124 1580 sra-

377 1601 480 1633 tribus
505 1600 699 1644 praedietis,
731 1601 817 1632 iuxta
843 1611 940 1643 supra
966 1611 1123 1633 memora-

377 1659 423 1685 tas
448 1653 680 1685 concessiones
702 1653 910 1695 apostolicas,
929 1664 999 1685 cum
1022 1653 1124 1685 indul-

377 1707 485 1748 gentia
529 1707 679 1749 plenaria
718 1712 921 1749 peraguntur
937 1734 944 1746 ,
988 1707 1123 1739 eaedem

377 1760 454 1792 liant
480 1760 578 1792 etiam
605 1766 694 1792 extra
724 1761 864 1791 ambitus
896 1766 1122 1799 conventuum,

378 1824 442 1856 quo
468 1813 601 1845 uberius
628 1812 741 1855 populi
764 1813 986 1845 commoditati
1014 1818 1042 1844 et
1071 1814 1125 1845 de-

378 1866 516 1905 votioni,
554 1867 740 1898 orationum
779 1867 987 1905 recitationi,
1023 1873 1054 1898 et
1086 1868 1123 1899 ad

379 1919 626 1951 convenientius
653 1919 847 1951 lucrandum
886 1919 1124 1961 indulgentiam

380 1972 591 2011 consulatur;
630 1971 777 2004 districte
814 1972 1046 2014 prohibentes,
1084 1982 1124 2004 ne

380 2035 478 2067 super
509 2025 558 2057 his
581 2036 597 2057 a
624 2036 830 2068 ‹plociunque
851 2025 960 2068 quavis
987 2026 1127 2058 auctori-

381 2083 443 2109 tate
470 2079 615 2120 pollente
641 2078 793 2120 impediri
828 2078 956 2120 possint
981 2085 1037 2110 aut
1062 2090 1127 2111 mo-
1149 2086 1150 2101 ³

382 2131 512 2162 lostari:
540 2131 636 2163 immo
663 2131 873 2163 concedimus
906 2131 1021 2163 ceteris
1051 2142 1128 2163 ‹Jon-

382 2183 532 2214 rentihus
557 2183 697 2221 Ordinis,
716 2184 748 2215 in
777 2184 896 2226 q'uibus
922 2184 1018 2216 nimis
1040 2195 1128 2216 com·
1150 2194 1151 2203 ¹

383 2235 560 2277 pendiosus
593 2236 693 2269 videri
725 2242 834 2279 posset
865 2237 949 2268 intra
982 2242 1013 2268 et
1046 2237 1152 2269 eirca*

385 2290 526 2321 claustra
551 2290 706 2321 circuitus
728 2300 788 2332 pro
807 2290 928 2321 eisdem
946 2292 1130 2332 processio-

385 2341 478 2374 nibus
504 2342 611 2374 debite
637 2342 858 2380 instituendis,
880 2343 1129 2375 convenientem

387 2393 558 2426 transitum
591 2400 679 2426 extra
715 2395 886 2428 ecvtesiam
921 2401 953 2427 et
978 2396 1128 2436 claustra,

387 2457 458 2479 eum
483 2446 654 2479 Ordinatio
682 2449 744 2480 loci
773 2449 998 2481 tantummodo
1025 2454 1055 2481 et
1081 2459 1130 2481 se-

387 2500 449 2531 mel
476 2499 703 2541 dirigendum,
727 2500 817 2532 illum
840 2512 925 2533 nune
950 2512 1009 2543 pro
1033 2507 1127 2540 tunc,

386 2552 564 2595 apostolica
589 2552 797 2592 auctoritate,
827 2558 939 2586 tenore
972 2564 1128 2596 praeseu-

958 171 1139 195 BULLARIUM
1166 171 1320 195 ROMANUM

1912 175 1961 198 An.
1978 174 2006 198 C.
2029 173 2097 199 1727

1157 219 1254 259 tium,
1280 225 1385 253 ratum
1411 220 1572 253 habentes
1596 227 1627 253 et
1647 225 1807 263 perpetuo
1827 220 1905 253 reti-

1156 273 1227 306 neri
1253 273 1458 306 mandantes.

1200 326 1215 369 ἓ
1240 326 1294 359 17.
1321 327 1358 359 Et
1392 327 1467 370 quia
1491 327 1675 369 praedictas
1697 336 1807 359 sacras
1833 326 1904 358 sun-
1937 338 2098 368 net-tumrex

1157 380 1303 419 ctiones,
1332 381 1491 423 populum
1525 391 1543 413 a
1576 380 1665 413 vanis
1697 364 2100 413 retralmntesEs-‘s'fsssffi'sss'ffi

1158 438 1190 465 et
1219 433 1252 465 in
1277 433 1333 466 Dei
1366 433 1499 466 servitio
1534 433 1652 467 diutius
1682 417 2101 474 continentes,i·ii¹1¹=¹1mi'iiiii‘tfiiss'-

1157 486 1233 519 inde
1259 486 1436 529 praecipue
1454 486 1607 529 impediri
1630 486 1803 528 contingit,
1830 486 1905 529 quia
1916 470 2100 517 iiiti'siii'umc'um

1158 539 1312 581 parochis
1361 550 1551 582 persuasum
1589 545 1638 572 est
1674 549 1736 582 per
1773 540 1905 572 easdem

1158 603 1249 625 suam
1275 592 1422 635 ipsorum
1442 592 1701 625 iurisdictionem
1720 592 1905 633 deturbari,

1157 656 1257 688 quum
1290 646 1329 678 de
1363 646 1490 688 reliquo
1524 645 1591 687 iugi
1624 656 1660 678 ac
1695 645 1905 678 tumultuario

1158 699 1375 731 saecularium
1399 709 1457 741 per
1482 699 1612 731 easdem
1639 698 1722 739 vias,
1741 699 1774 730 in
1789 698 1907 740 quihus

1159 751 1276 784 tierent
1311 751 1560 794 processioneS,
1600 761 1759 790 excursu,
1800 751 1906 784 eidem

1159 805 1312 846 propriae
1339 803 1557 836 iurisdictioni
1584 805 1710 836 nullum
1744 803 1909 846 praeiudi-

1159 857 1243 888 cium
1271 857 1385 889 inserri
1412 861 1549 889 noscant
1575 862 1606 889 et
1631 856 1755 888 sciant:
1782 857 1822 889 ad
1848 857 1908 889 hu-

1160 910 1301 942 iusmodi
1334 910 1632 942 controversiarum
1658 910 1799 942 radicem
1826 911 1909 943 evel-

1161 963 1307 1002 lendam,
1328 968 1417 994 motu
1433 989 1438 998 ,
1457 962 1594 995 scientia
1619 968 1651 994 et
1675 968 1855 1005 potestate,
1874 969 1910 996 ut

1162 1026 1280 1058 supra,
1307 1016 1488 1055 sancimus,
1509 1016 1717 1048 decernimus
1743 1022 1775 1048 et
1800 1016 1909 1048 decla-

1162 1079 1281 1108 ramuS,
1301 1079 1336 1101 ex
1360 1069 1627 1111 processionibus
1648 1069 1835 1110 praedictis,
1855 1077 1909 1103 aut

1163 1122 1234 1154 aliis
1270 1122 1550 1164 ‹piilmseumque‚
1583 1121 1679 1154 etiam
1713 1133 1785 1154 cum
1812 1133 1909 1157 cruce

1164 1177 1274 1207 erecta
1299 1181 1330 1206 et
1355 1175 1448 1213 stola,
1465 1175 1591 1206 nullum
1618 1179 1672 1206 aut
1693 1175 1732 1207 de
1760 1176 1830 1208 iure
1856 1183 1910 1209 aut

1165 1227 1203 1259 de
1227 1228 1310 1260 sacto
1335 1228 1488 1270 generari
1515 1234 1547 1259 et
1572 1228 1665 1270 sequi
1692 1238 1788 1270 posse
1814 1239 1910 1272 prae-

1165 1281 1319 1314 iudicium
1347 1281 1568 1323 parochorum
1596 1280 1743 1321 iuribus,
1780 1293 1911 1316 necnon

1166 1336 1284 1367 fratres
1307 1335 1494 1377 praedictos
1521 1345 1594 1367 cum
1621 1345 1716 1368 eruce
1743 1338 1852 1368 erecta
1876 1347 1913 1369 ac

1166 1389 1285 1420 stolam
1313 1393 1478 1430 gestantes
1504 1388 1575 1420 sine
1600 1387 1733 1420 licentia
1749 1388 1911 1421 Ordinarii

1167 1447 1199 1474 et
1234 1441 1421 1473 interventu
1458 1441 1592 1483 parochi
1619 1442 1747 1474 easdem
1780 1452 1914 1485 proces-

1167 1494 1275 1526 siones
1310 1504 1490 1536 onmesque
1522 1493 1601 1526 alias
1634 1504 1791 1536 peragere
1816 1504 1912 1537 posse

1167 1558 1203 1579 ac
1228 1547 1360 1579 debere.

1212 1601 1226 1644 ἓ
1245 1600 1298 1632 48.
1319 1600 1421 1638 Quum
1445 1599 1577 1642 insuper
1595 1600 1689 1632 nobis
1708 1607 1912 1644 compertum
1925 1606 2109 1657 quihssfflefficngsss

1167 1655 1220 1695 sit,
1237 1659 1394 1697 quantum
1414 1652 1600 1685 detrimenti
1620 1654 1769 1686 adferant
1787 1639 2110 1706 studiisffiffigstluffizfflffi

1168 1707 1310 1750 reg-utari
1343 1707 1585 1746 observantiae,
1611 1718 1647 1739 ae
1681 1708 1777 1740 etiam
1812 1700 2108 1760 εΟΟΙο-[ξῇῑὸῗᾱῐξῐτξεᾱὶ-

1169 1760 1308 1793 siasticis
1334 1760 1554 1792 functionibus
1577 1760 1854 1794 extraordinariae
1880 1762 1916 1795 il-
2057 1755 2062 1761 ¹

1170 1815 1219 1846 lae
1252 1814 1502 1856 processiones,
1537 1813 1575 1845 ad
1613 1824 1691 1856 quas
1717 1815 1914 1858 quandoque

1170 1867 1284 1899 fratres
1307 1866 1494 1909 praedictos
1520 1866 1606 1908 adigi
1639 1866 1759 1899 alicubi
1792 1868 1917 1900 contin-

1170 1921 1233 1962 git,
1262 1926 1365 1959 motu,
1393 1919 1529 1951 seientia
1556 1925 1588 1951 et
1612 1920 1803 1952 auctoritate
1829 1920 1917 1952 simi-

1170 1973 1256 2006 libus
1281 1974 1428 2005 volumus
1450 1977 1482 2004 et
1506 1973 1717 2012 mandamus,
1747 1973 1832 2016 quod
1858 1974 1917 2006 sra-

1171 2032 1236 2059 tres
1268 2025 1427 2069 praedicti
1454 2036 1519 2057 non
1542 2031 1714 2058 teneantur
1739 2027 1915 2067 accedere,

1172 2079 1233 2111 nisi
1252 2080 1289 2111 ad
1309 2078 1540 2122 processiones
1559 2084 1755 2121 sequentes:
1770 2080 1810 2111 ad
1828 2079 1915 2113 illam

1172 2133 1296 2164 scilicet
1321 2142 1403 2175 quae
1429 2131 1464 2163 fit
1485 2131 1517 2163 in
1544 2131 1595 2163 die
1614 2131 1766 2174 Corporis
1783 2124 1915 2173 Christi,

1173 2186 1245 2218 illas
1263 2196 1344 2228 quae
1366 2185 1447 2216 liunt
1472 2184 1504 2216 in
1530 2184 1663 2216 Litaniis
1684 2184 1859 2218 Maioribus
1887 2193 1919 2219 et

1187 2238 1411 2280 logationibus
1428 2264 1435 2276 ,
1461 2243 1492 2270 et
1517 2237 1596 2270 alias
1623 2248 1705 2280 quae
1728 2248 1785 2280 pro
1807 2238 1895 2272 bono
1911 2266 1918 2279 ,

1174 2293 1269 2323 eausa
1294 2296 1348 2323 aut
1374 2291 1500 2323 honore
1528 2290 1661 2332 publico
1691 2291 1731 2322 ab
1757 2291 1918 2335 episcopis

1173 2344 1369 2382 indicentur,
1388 2344 1474 2376 iuxta
1496 2344 1666 2376 decretum
1690 2345 1846 2386 generale
1866 2355 1920 2378 an-

1174 2398 1205 2429 ni
1242 2407 1422 2430 iuncxxvul.
1468 2396 1559 2429 Circa
1596 2407 1673 2439 quas
1714 2401 1822 2429 tamen
1853 2407 1918 2430 non

1173 2450 1373 2482 intendimus
1409 2449 1534 2491 aliquid
1572 2449 1727 2482 innovare
1759 2459 1819 2492 pro
1852 2449 1917 2482 illis

1172 2501 1388 2534 conventibus
1415 2507 1446 2533 et
1471 2501 1562 2541 locis,
1590 2501 1623 2533 in
1646 2501 1764 2543 quibus
1783 2511 1819 2533 ex
1839 2511 1918 2544 apo-

1171 2553 1285 2586 stolica
1325 2553 1591 2596 dispensatione,
1634 2553 1765 2586 decreto
1806 2551 1946 2596 aliquo'
