2170 3147
203 212 256 238 An.
272 211 300 236 C.
324 209 389 236 1724

215 272 362 297 impartiantur
375 279 378 292 ;

202 299 278 324 imque
300 298 385 317 inter-ti-

202 326 256 344 eltur
270 341 274 346 ,
289 330 315 344 ne
330 327 383 343 exte<

202 357 273 371 rurum
303 351 385 370 (atores

202 379 228 397 ad
245 377 291 397 dtas
313 382 385 396 cunse-

202 403 296 429 qnenilas
310 408 384 428 proru-

201 432 253 452 rent,
264 435 332 455 neque
349 428 383 448 ub-

201 456 256 477 tatae
273 456 384 481 recipiant.

438 199 502 232 1⁴14

397 259 511 290 beatur
551 256 637 299 vagis
675 261 705 288 et
738 256 849 288 otiosis
888 255 1041 288 fratribus
1079 260 1158 298 pert

397 310 520 343 alienas
558 309 742 352 provincias
785 309 915 341 errandi
952 310 1002 341 vel
1040 307 1159 340 etiam!

397 362 551 406 propriae
577 360 762 404 provinciae
788 366 966 394 conventus
993 361 1133 393 circum·
1157 359 1159 373 ⁴

396 414 494 447 eundi
521 415 562 447 ob
588 419 732 447 extortas
765 425 781 446 a
815 413 879 445 suis
915 413 1160 456 superioribns',

396 468 564 500 facultates
581 477 642 510 per
656 466 858 510 conquisitos
877 471 965 499 extra
982 465 1136 499 Ordinem

397 521 533 559 favores,
561 519 714 552 similiter
739 520 771 552 in
797 519 914 552 virtute
951 524 1081 551 sanctae
1107 529 1138 552 ο-
1159 547 1160 554 ,

396 573 596 614 bedientiae,
635 583 670 605 ae
706 572 766 604 sub
803 574 910 615 poena
949 571 1138 615 privationis

397 626 578 659 officiorum
604 630 713 659 nostro
748 636 784 658 ac
811 626 1031 658 Romanorum
1055 626 1137 658 Pon-

397 680 517 712 tificum
544 689 766 713 successorum
786 684 972 712 nostrorum
990 678 1137 719 arbitrio,

396 732 620 776 superioribus
646 733 854 776 generalibus
878 733 1024 766 eiusdem
1051 732 1138 765 Ordi-

397 786 462 826 nis,
487 785 746 830 provincialibus
772 796 847 819 vero
873 791 905 819 et
930 785 1064 828 reliquis
1091 785 1139 817 di-

396 840 437 872 eti
462 839 592 873 Ordinis
620 839 788 883 praelatis,
813 850 901 872 nnnc
927 845 959 872 et
982 850 1041 882 pro
1062 844 1138 871 tem-

396 903 476 936 pore
502 892 728 933 existentibus,
755 892 890 926 arbitrio
916 892 1066 935 ipsorum
1088 902 1138 925 su-

396 946 562 990 periorum
596 945 819 989 generalium,
851 945 1070 989 praecipimus
1108 950 1139 978 et

397 1000 599 1040 mandamus,
627 1010 666 1032 ne
692 1000 732 1032 ad
757 999 945 1032 instantiam
972 1005 1003 1032 et
1028 999 1138 1042 requi-

396 1052 551 1086 sitionem
599 1063 879 1096 quarumcumque
920 1063 1137 1097 personarum

396 1112 460 1138 tam
498 1106 793 1139 ecclesiasticarum
834 1116 929 1149 quam
969 1106 1161 1147 laicarum,:

396 1165 486 1192 extra
526 1160 645 1192 dictum
681 1159 836 1193 Ordinem
873 1159 1134 1201 constitutarum,

395 1213 492 1246 etiam
518 1213 741 1246 cardinalatus
772 1213 902 1246 honore
929 1218 961 1245 et
986 1223 1138 1256 quacum-

396 1276 460 1310 que
494 1265 652 1299 saeculari
689 1264 846 1308 dignitate
880 1271 912 1298 et
945 1266 1140 1299 excellentia

396 1320 493 1352 etiam
519 1319 637 1359 ducali,
663 1319 765 1362 regali
783 1325 813 1352 et
831 1320 995 1362 imperiali
1017 1319 1141 1362 fulgen-

396 1374 487 1413 tium,
514 1373 615 1406 cuivis
642 1373 779 1416 praefati
817 1372 949 1406 Ordinis
981 1373 1138 1416 religioso
1160 1396 1161 1399 =

395 1428 494 1460 ullam
537 1426 674 1469 gratiani
714 1425 889 1469 impertiri,
928 1427 977 1459 vel
1018 1434 1162 1470 poenas*

396 1480 520 1523 aliquas
547 1479 725 1518 remittere,
751 1489 809 1512 seu
832 1479 962 1522 gradus,
981 1479 1138 1520 honores,

396 1532 570 1575 dignitates
596 1537 627 1565 et
651 1532 754 1565 officia
780 1537 810 1564 et
834 1532 1138 1565 administrationes
1161 1530 1163 1561 l

975 1586 1137 1627 audeaut;
1161 1606 1162 1620 1

395 1586 540 1618 eiusdem
581 1585 709 1617 Ordinis
750 1585 933 1618 concedere

396 1639 544 1682 quinimo
571 1640 695 1679 fratres,
715 1638 768 1682 qui
786 1644 901 1672 contra
918 1640 1139 1682 praesentium
1161 1651 1163 1659 ¹

397 1699 545 1726 tenorem
570 1692 686 1725 mediis
712 1697 742 1724 et
767 1692 824 1724 viis
851 1691 1039 1725 huiusmodi
1081 1704 1141 1736 per

395 1747 598 1790 conquisitos
631 1748 758 1780 favores
792 1751 823 1779 et
856 1745 1010 1789 suffragia
1051 1753 1139 1780 extra

394 1800 548 1833 Ordinem
574 1799 696 1843 aliquid
722 1800 784 1832 sibi
810 1800 1077 1843 procuraverint,
1101 1801 1138 1833 ad

397 1853 472 1885 talia
499 1859 529 1885 et
553 1853 672 1886 sin‘iilia
697 1864 733 1886 ac
754 1853 851 1886 etiam
876 1853 1000 1886 maiora
1026 1853 1058 1886 in
1085 1864 1139 1886 eo—

982 206 1162 231 nULLAmUM
1187 206 1341 231 ROMANUM

1161 1622 1163 1631 1

1161 1634 1163 1648 t

1161 1675 1163 1699 l

395 1908 466 1940 dem
492 1906 612 1940 Ordine
640 1907 874 1950 consequenda
899 1912 1058 1950 perpetuo
1084 1908 1136 1940 in-

396 1960 520 1993 habiles
548 1965 579 1992 et
614 1960 785 2003 incapaces
823 1960 1045 1993 declaramus:
1085 1970 1162 1993 eos*

397 2024 483 2053 vero,
516 2013 570 2056 qui
608 2023 824 2056 personarum
862 2019 950 2046 extra
987 2010 1162 2046 Ordinem?

395 2067 536 2098 savorem
574 2067 622 2098 vel
648 2066 875 2099 auctoritatem
908 2066 1139 2109 interpellave-

396 2118 459 2151 rint
477 2119 514 2152 ad
530 2119 771 2161 extorquendas
790 2129 806 2151 a
824 2119 889 2151 suis
912 2119 1138 2162 superioribus
1159 2145 1160 2164 ,

396 2172 562 2204 facultates
588 2172 724 2214 vagandi
751 2173 799 2204 vel
827 2172 865 2204 de
890 2182 954 2204 uno
981 2172 1019 2204 ad
1038 2172 1137 2205 alium
1159 2167 1160 2198 1

395 2231 590 2258 conventum
625 2225 827 2266 transeundi,
858 2228 963 2269 poena
998 2221 1160 2259 carceriss

395 2279 541 2312 formalis
558 2279 767 2322 superiorum
782 2289 914 2312 snorum
934 2280 1137 2322 generalium
1158 2263 1160 2311 :J'
1182 2278 1376 2321 provinciis,
1403 2277 1635 2318 conventibus,
1663 2277 1796 2309 fratrum
1824 2278 1926 2310 collo-

394 2333 442 2365 vet
470 2332 720 2375 provincialium
757 2332 882 2375 pariter
919 2333 1054 2366 arbitrio
1080 2344 1137 2376 pu-
1158 2315 1159 2342 ¹
1182 2331 1383 2371 cationibus,
1402 2331 1539 2374 aliisque
1562 2329 1850 2373 dispositionibus,
1869 2331 1925 2364 sed

394 2385 530 2417 niendos
557 2395 625 2417 esse
651 2386 840 2425 statuimus3
879 2385 1025 2428 ipsisque
1064 2386 1136 2418 reli-

1931 207 1979 233 Αη.
1997 207 2025 234 C.
2050 209 2114 238 1721

1183 265 1234 287 res
1269 255 1455 288 huiusmodi
1487 255 1619 289 minime
1652 266 1841 299 procurare,
1868 255 1924 288 sed

1182 318 1241 341 nec
1267 308 1361 340 etiam
1401 315 1516 351 sponte
1558 310 1686 342 oblatos
1724 314 1777 340 aut
1813 307 1925 341 abeis

1182 362 1314 394 minime
1334 368 1523 404 procuratos
1546 363 1706 405 recipere,
1727 367 1758 395 et
1776 362 1926 394 similiter

1181 424 1241 447 neo
1267 415 1304 447 ad
1333 416 1420 447 bunc
1455 414 1601 448 elfectum
1638 426 1776 449 munera
1814 415 1925 458 aliqua

1182 468 1356 510 praedictis
1392 468 1545 511 personis
1587 469 1743 501 exhibere
1787 479 1921 511 praesu-

1182 526 1282 553 mant.

1226 574 1240 617 §
1265 574 1295 606 5.
1324 575 1495 608 Praeterea
1521 585 1617 608 omne
1644 580 1674 608 et
1693 576 1924 619 quodcumque
1951 584 2114 616 enardi-anorum

1182 633 1391 671 praetensum
1420 629 1478 668 ius,
1496 639 1552 661 seu
1574 634 1731 661 assertam
1755 613 2117 668 consuetu-ss‘r'ss‘lssffli'ssllssssssfi

1183 680 1307 720 dinem,
1327 692 1410 724 quae
1432 681 1540 724 potius
1561 681 1682 714 abusus
1705 681 1767 714 dici
1787 666 2117 722 debent,l'3r⁰'tl³m¹32'3¹ll

1183 733 1373 766 definitores
1400 735 1449 767 vel
1477 734 1673 777 guardianos
1699 735 1730 767 in
1757 734 1856 778 ipsius
1873 719 1975 768 Or-u'f'

1183 787 1267 819 dinis
1297 788 1448 830 capitulis
1482 788 1735 831 provincialibus
1768 789 1817 821 vel
1850 799 1927 822 con-

1183 840 1429 882 gregationibus
1470 841 1675 874 intermediis
1714 841 1924 883 nominandi,

1182 894 1413 936 praesentandi
1428 905 1483 927 seu
1502 894 1722 938 proponendi,
1738 894 1927 937 provinciis,

1183 946 1395 979 conventibus
1421 958 1457 980 ac
1483 948 1616 980 fratrum
1653 947 1926 981 collocationibus

1183 1000 1486 1043 superintemlendi,
1530 1001 1644 1044 quoxis
1677 1001 1771 1034 titulo
1810 1012 1927 1034 conve-

1183 1053 1325 1086 nientiae
1352 1055 1399 1086 vel
1427 1054 1626 1093 directionis,
1654 1065 1709 1087 sen
1737 1054 1800 1087 alio
1827 1055 1927 1098 qnali-

1184 1113 1373 1151 tercumque
1399 1112 1589 1151 nuncupato
1615 1107 1755 1146 inducta,
1794 1107 1928 1141 obtenta

1183 1164 1214 1193 et
1237 1160 1376 1201 intrusa,
1402 1161 1435 1193 in
1459 1165 1656 1204 perpetuum
1682 1161 1833 1194 similiter
1858 1172 1928 1194 eas-

1183 1224 1289 1246 samus
1316 1220 1346 1246 et
1370 1215 1551 1253 abolemus,
1587 1225 1622 1245 ac
1648 1219 1771 1247 cassata
1795 1219 1827 1247 et
1852 1215 1928 1247 abo-

1184 1267 1239 1299 lita
1265 1277 1335 1299 esse
1362 1273 1393 1299 et
1418 1267 1545 1300 censeri
1572 1267 1704 1307 debere,
1733 1267 1927 1310 cuicumque

1184 1320 1216 1352 in
1243 1326 1410 1363 posterum
1436 1322 1516 1353 tales
1547 1320 1804 1359 nominationes,
1833 1331 1929 1364 prae-

1183 1374 1383 1407 sentationes
1394 1380 1424 1406 et
1437 1374 1682 1417 propositiones
1697 1374 1826 1417 aliaque
1838 1385 1928 1418 prae-

1184 1427 1279 1459 missa
1302 1426 1440 1460 faciendi
1464 1428 1613 1460 facultate
1640 1427 1770 1470 ponitus
1796 1427 1929 1461 interdi-

1184 1482 1243 1521 cta,
1262 1480 1322 1512 sub
1341 1480 1532 1523 privationis
1550 1480 1640 1513 vocis
1665 1480 1787 1513 activae
1807 1487 1838 1514 et
1855 1491 1929 1524 pas-

1185 1534 1269 1566 sivae
1290 1544 1419 1567 necnon
1445 1534 1662 1566 inhabilitatis
1688 1534 1726 1567 ad
1749 1533 1854 1567 officia
1872 1535 1929 1567 ob-

1187 1592 1273 1619 tenta
1300 1592 1331 1620 et
1357 1587 1418 1620 alia
1445 1587 1475 1619 in
1498 1587 1641 1620 futurum
1659 1587 1840 1620 obtinenda
1855 1586 1927 1631 ipso

1187 1640 1268 1672 facto
1288 1640 1496 1673 incurrendis
1519 1640 1651 1684 poenis,
1669 1640 1876 1673 decernimus
1896 1645 1928 1673 et

1186 1694 1387 1727 ordinamus.
1408 1693 1617 1726 Declarantes
1639 1699 1833 1737 propterea,
1850 1704 1926 1734 eos,

1186 1748 1239 1790 qui
1261 1747 1448 1789 superiores
1467 1748 1515 1780 vel
1534 1747 1725 1780 definitores
1745 1747 1927 1790 generales,

1161 1806 1163 1826 ’ν
1186 1800 1340 1833 officiales
1359 1800 1525 1833 Romanae
1544 1800 1667 1839 Curiae,
1687 1800 1929 1843 provinciarum

1186 1853 1422 1893 ininistri,vel,
1442 1853 1495 1896 qui
1516 1853 1602 1885 inter
1628 1853 1713 1896 ipsos
1741 1853 1829 1885 iuxta
1850 1852 1928 1886 dicti

1185 1906 1313 1938 Ordinis
1333 1911 1453 1938 statuta
1471 1912 1762 1945 connumerantur,
1782 1905 1928 1949 quinque

1185 1960 1337 1992 custodes
1357 1959 1450 1991 etiam
1469 1964 1523 1991 aut
1541 1958 1730 1991 definitores
1748 1959 1930 2001 provincia—

1186 2023 1253 2044 rum
1290 2011 1424 2047 ruerint,
1451 2022 1487 2043 ex
1522 2012 1654 2051 officiis,
1683 2011 1800 2054 quibus
1827 2011 1927 2044 functi

1185 2070 1276 2105 sunt,
1310 2066 1434 2097 nullum
1469 2064 1591 2097 habere
1627 2065 1675 2097 vel
1708 2065 1926 2107 praetendere
1966 2090 1968 2092 .

1184 2128 1278 2161 posse
1299 2118 1358 2158 ius,
1378 2117 1558 2157 arbitrium,
1577 2118 1926 2161 superintendentiam,

1183 2171 1448 2214 intelligentiam,
1472 2172 1538 2209 vel,
1558 2181 1766 2214 quocumque
1787 2171 1851 2204 alio
1873 2181 1928 2204 no-

1184 2225 1269 2258 mine
1307 2229 1533 2267 nuncupetur,
1567 2224 1859 2267 praeeminentiam
1894 2224 1926 2257 in

1181 2385 1321 2418 liberum
1340 2385 1472 2418 omnino
1491 2384 1530 2416 sit
1551 2383 1804 2426 provincialibus
1823 2388 1853 2417 et
1871 2384 1926 2417 de-

393 2438 492 2481 giosis
519 2443 550 2470 et
576 2437 726 2470 fratribus
749 2438 826 2471 dicti
847 2438 977 2470 Ordinis
1004 2438 1136 2481 quibus·
1181 2438 1363 2470 finitoribus
1390 2439 1495 2479 undio
1529 2438 1566 2469 ad
1602 2437 1786 2479 praedictos
1818 2441 1924 2479 patres

392 2500 528 2533 cumque
555 2490 613 2521 sub
647 2490 771 2522 eisdem
811 2491 994 2533 respective
1021 2491 1135 2534 poenis
1156 2483 1158 2518 ἶ
1181 2492 1293 2523 liabito
1320 2496 1484 2533 respectu)
1512 2490 1550 2522 de
1576 2489 1790 2522 conventibus
1816 2489 1925 2532 dispo-

391 2543 609 2586 praecipimus
627 2548 658 2575 et
677 2553 829 2586 expresse
855 2544 1086 2583 interdicimus,
1101 2550 1156 2600 nt,

1180 2544 1477 2586 ne1·e,guar‹liauos
1496 2543 1676 2580 instituere,
1696 2543 1808 2575 fratres
1828 2544 1923 2576 collo-

391 2607 456 2630 11011
482 2596 586 2630 solum
612 2595 644 2629 in
669 2596 856 2640 praemissis
881 2596 1034 2630 omnibus
1055 2597 1156 2641 favo]
1179 2607 1269 2636 care,
1300 2596 1427 2639 aliaque
1463 2596 1595 2640 exequi,
1627 2600 1723 2638 prout
1758 2595 1921 2629 communi
