2170 3147
43 214 93 241 Aa.
108 213 136 239 C.
159 211 225 240 1725

64 2442 147 2475 Causae
159 2444 221 2465 huius

36 2474 203 2493 constitutionis.

820 212 1019 235 nnxumcws
1045 212 1102 236 xm
1127 213 1176 236 PF.

237 261 288 294 dei
324 259 509 293 sinceritate
539 265 570 292 et
602 260 835 293 miraculorum
868 262 973 293 excel-

235 313 335 346 lentia
359 314 455 356 plene
480 312 656 353 constabat,
683 315 746 346 una
772 324 844 347 cum
869 313 971 347 beatis

235 365 472 399 consessoribus
497 365 621 408 ignatio
647 366 775 409 Loona,
803 366 972 399 Francisco

235 418 381 457 Xaverio,
407 418 560 462 Philippo
584 418 692 459 Nerio,
717 421 806 452 sacra
830 419 886 451 Dei
911 418 973 451 vir-

235 471 310 513 gine
327 471 482 504 Theresia
500 482 516 504 a
536 473 614 511 lesu,
630 471 783 505 Sanctum
809 482 881 505 esse
899 482 973 515 pro-

234 524 414 564 nunciavit,
432 531 615 558 sanctorum
637 525 862 558 consessorum
887 529 972 558 eata-

234 579 309 621 logo
328 578 359 610 in
379 578 528 611 universa
553 578 694 612 Ecclesia
718 578 971 611 adscribendum

234 641 306 664 esse
331 631 485 672 decrevit,
507 632 547 664 ab
572 632 724 665 omnibus
751 631 972 665 christifideli-

234 684 293 717 bus
318 689 480 729 tamquam
515 695 589 718 vere
622 685 772 718 Sanctum
798 684 970 717 colendum

236 742 267 771 et
291 737 516 770 honorandum
552 748 621 770 esse
653 736 816 777 delinivit,
843 736 875 769 in
901 737 970 770 eius

235 791 394 824 honorem
419 801 527 824 sacras
553 792 651 824 aedes
677 796 772 834 atque
797 802 888 830 aras,
914 790 970 823 ubi

235 844 438 877 incruentum
468 845 533 878 Deo
570 844 760 878 sacrificium
791 844 969 883 oss'eratur,

235 898 376 931 construi
404 903 436 931 et
459 898 644 931 consecrari
668 908 776 941 posse,
804 902 836 930 et
860 898 971 940 singu-

235 950 274 983 lis
304 951 396 983 annis
425 951 532 983 idibus
564 951 638 983 maii
674 950 818 983 eiusdem
852 950 969 983 festum

235 1008 269 1035 ut
293 1004 390 1036 saneti
417 1004 612 1036 confessoris
638 1002 796 1037 celebrari
815 1002 968 1041 sancivit;

236 1067 329 1099 quem
366 1063 478 1100 postea
510 1057 580 1100 piae
614 1056 790 1090 memoriae
824 1056 970 1089 Urbanus

235 1110 319 1153 Papa
340 1111 401 1143 Ytlt
417 1111 447 1142 in
468 1110 591 1143 tabulas
607 1110 827 1153 martyrologii
846 1109 969 1142 romani

235 1165 294 1199 sub
320 1164 370 1197 die
387 1174 416 1197 vi
437 1164 507 1197 idus
534 1164 632 1197 maias
654 1164 861 1197 referendum
880 1173 971 1196 cura-

233 1218 289 1250 vit.
317 1217 492 1260 Gregorius
510 1218 620 1250 eadem
647 1227 775 1260 quoque
795 1215 971 1259 apostolica

235 1271 423 1305 auctoritate
441 1271 592 1303 omnibus
611 1270 879 1303 christifidelibus
898 1280 970 1302 vere

234 1324 482 1368 poenitentibus
508 1328 540 1356 et
564 1324 744 1363 confessis,
777 1323 829 1367 qui
855 1324 970 1356 eodem

235 1379 287 1411 die
305 1378 524 1420 sepulchrum,
543 1377 598 1410 ubi
616 1376 728 1410 isidori
745 1378 971 1420 corpusculum

235 1431 422 1475 requiescit,
440 1430 552 1465 devote
577 1430 772 1470 invisissent,
798 1440 915 1462 annum
936 1441 972 1462 u-

236 1494 311 1517 num
337 1489 369 1516 et
393 1483 656 1526 quadragenam,
681 1483 734 1521 iis,
762 1483 815 1526 qui
841 1483 872 1515 in
900 1483 970 1515 sesti

236 1538 357 1576 octava,
371 1536 587 1579 quadraginta
601 1536 679 1575 dies,
695 1536 734 1569 de
749 1536 901 1568 iniunctis
915 1547 969 1569 seu

235 1589 484 1632 quomodolibet
519 1589 565 1621 eis
602 1588 718 1622 debitis
758 1589 969 1632 poenitentiis

232 1642 488 1676 misericorditer
508 1643 539 1675 in
558 1643 693 1676 Domino
719 1642 883 1676 relaxavit.
910 1643 970 1675 Po-

234 1700 356 1729 stremo
373 1723 380 1736 ‚
414 1695 524 1738 gratiis
557 1706 625 1728 cum
656 1695 777 1728 laetitia
800 1695 866 1728 Deo
891 1697 968 1729 actis

233 1749 320 1791 quod
345 1754 490 1781 sanctum
514 1748 673 1781 isidorum
699 1749 874 1791 agricolam
896 1760 967 1782 cum

233 1802 348 1835 ceteris
369 1802 609 1835 consessoribus
634 1808 666 1835 et
689 1802 814 1845 virgine
838 1802 903 1835 Deo
921 1814 968 1836 sa-

233 1857 287 1888 cra
312 1855 342 1887 in
368 1861 546 1899 conspectu
571 1855 715 1889 omnium
741 1856 883 1898 gentium
911 1857 969 1890 ho-

233 1907 452 1949 norificasset,
474 1919 629 1952 suamque
654 1908 828 1942 Ecclesiam
861 1910 969 1952 perin-

233 1961 316 2003 signi
333 1961 397 1994 hoc
414 1961 536 1994 lumine
550 1961 702 1995 illustrari
719 1962 884 2002 voluisset,
898 1973 969 1995 can-

235 2015 297 2046 tata
326 2013 380 2046 in¹
407 2015 552 2048 eiusdem
584 2014 695 2048 Isidori
722 2020 752 2048 et
784 2020 966 2049 ceterorum

234 2067 371 2099 solemni
397 2067 552 2107 oratione,
571 2068 602 2100 in
629 2069 683 2100 ara
708 2068 844 2101 maxima
869 2080 967 2113 supra

234 2119 469 2153 consessionem
486 2121 521 2153 B.
541 2121 625 2154 Petri
648 2121 776 2154 missam
795 2132 867 2154 eum
886 2122 968 2155 eius-

234 2172 307 2205 dem
325 2173 635 2206 commemoratione
660 2174 844 2214 eelebravst,
867 2175 969 2207 omni-

233 2224 358 2268 busque
377 2225 654 2267 christifidelibus,
669 2227 722 2270 qui
741 2232 846 2261 tantae
861 2239 969 2262 eaere-

232 2279 360 2312 moniae
385 2279 532 2319 aderant,
559 2280 738 2323 plenariam
764 2287 967 2325 peecatorum

232 2331 466 2374 indulgentiam
505 2337 537 2364 01
573 2333 801 2366 remissionem
833 2335 969 2377 largitus

234 2390 293 2418 est.

275 2438 333 2482 §7.
350 2437 393 2473 Ne
405 2450 483 2474 vero
502 2438 616 2474 dehoc
628 2438 759 2474 decreto
774 2441 967 2484 apostolico,

232 2492 429 2535 definitione,
458 2494 637 2535 sanctione,
665 2495 898 2538 adscriptione,
921 2505 969 2528 re-

264 2609 277 2637 1
301 2608 448 2646 Praeposit.
472 2610 500 2638 in
522 2610 638 2638 (10100110
658 2610 764 2638 videtur
783 2610 823 2647 (u.
845 2611 893 2647 r.).

1016 261 1150 299 latione,
1172 266 1302 301 statuto,
1331 255 1754 302 concessione,‘ceterisque

1016 314 1211 356 praemissis,
1237 319 1413 357 propterea
1442 314 1528 357 quod
1550 314 1588 347 de
1614 313 1677 346 illis
1697 322 1756 357 per

1016 367 1164 399 eumdem
1179 366 1370 410 Gregorium
1384 367 1441 407 XV,
1457 377 1581 410 perque
1595 376 1758 400 suceesso-

1015 429 1066 452 res
1084 421 1155 462 piae
1171 421 1347 454 memoriae
1367 421 1532 453 Urbanum
1548 420 1666 463 Papam
1680 420 1755 459 vttt,

1015 471 1240 504 Innocentium
1266 473 1302 511 X,
1320 474 1537 506 Alexandrum
1554 473 1614 512 l'll,
1633 478 1756 505 utrum-

1015 533 1078 566 que
1096 523 1294 557 Clementem
1312 525 1350 557 IX
1369 531 1400 557 et
1415 525 1450 562 X,
1465 525 1687 558 Innocentium
1705 525 1754 562 xl,

1015 577 1235 609 Alexandrum
1260 577 1334 616 Ylll,
1360 577 1584 610 Innocentium
1603 578 1667 615 XII,
1686 578 1755 611 Cle-

1014 634 1155 661 mentem
1182 629 1230 669 XL
1246 634 1341 672 atque
1363 629 1586 662 Innocentium
1608 630 1684 668 Xlll,
1704 641 1756 662 an-

1015 686 1197 714 tecessores
1218 688 1357 723 nostros,
1374 683 1500 715 litterae
1522 683 1699 715 decretales
1717 683 1755 714 de

1014 745 1104 768 inore
1136 735 1340 778 conscriptae
1375 741 1407 768 et
1439 736 1663 779 promulgatae
1689 745 1755 768 non

1015 788 1142 826 suerint,
1162 798 1303 832 unquam
1322 789 1426 832 possit
1444 789 1475 821 in
1497 794 1663 831 posterum
1681 799 1756 831 quo-

1014 841 1196 874 modolibet
1211 841 1385 882 haesitari;
1407 852 1475 881 nos,
1495 842 1548 885 qui
1567 841 1756 874 115110111Πο-

1014 894 1117 926 manis
1142 893 1363 933 l‘ontiticibus,
1390 894 1583 937 disponente
1605 894 1754 933 Domino,

1015 948 1045 980 in
1065 949 1219 981 cathedra
1238 949 1271 981 Β.
1294 948 1390 988 Petri,
1408 948 1484 982 lieet
1501 948 1665 987 immeriti,
1689 953 1756 980 tan-

1015 1001 1086 1034 dem
1105 1001 1336 1042 successimus,
1353 1003 1512 1041 volumusy
1532 1006 1563 1034 et
1581 1001 1673 1034 nobis
1695 1007 1756 1034 tra-

1015 1054 1080 1087 dita
1105 1054 1285 1098 apostolica
1310 1055 1500 1088 auctoritate
1521 1054 1704 1094 statuimus,
1722 1061 1757 1088 ut

1015 1108 1188 1147 decretum,
1215 1108 1374 1150 delinitio,
1402 1108 1535 1148 sanctio,
1562 1109 1754 1152 adscriptio,

1015 1160 1140 1199 relatio,
1167 1165 1339 1201 statutum,
1365 1161 1534 1194 concessio
1550 1187 1557 1201 ,
1582 1166 1755 1204 ceteraque.

1015 1213 1170 1246 haetenus
1196 1214 1364 1254 recensita,
1392 1214 1430 1247 ab
1454 1214 1516 1247 iam
1543 1215 1626 1247 dicta
1651 1215 1701 1247 die
1724 1224 1754 1247 iv

1015 1266 1087 1298 idus
1112 1266 1245 1299 martias
1270 1267 1345 1300 anni
1371 1277 1502 1301 mucxxu
1535 1278 1627 1300 suum
1653 1268 1756 1301 unde-

1016 1322 1144 1363 quaque
1181 1327 1424 1363 consequantur
1448 1321 1621 1361 effectum,
1654 1331 1690 1354 ac
1729 1319 1754 1351 si

1015 1373 1187 1416 superillis
1206 1374 1245 1406 ab
1264 1374 1378 1407 eodem
1400 1374 1558 1417 Gregorio
1577 1384 1690 1407 revera
1707 1375 1756 1407 lit-

1016 1431 1106 1459 terae
1131 1427 1311 1459 decretales
1333 1428 1446 1460 eadem
1471 1427 1523 1460 die
1549 1427 1753 1470 conscriptae

1015 1485 1046 1512 et
1072 1480 1295 1522 promulgatae
1323 1480 1469 1520 fuissent,
1486 1486 1521 1512 ut
1548 1481 1696 1524 superius
1724 1492 1755 1514 e-

1014 1539 1171 1565 narratur.

1058 1586 1072 1628 g
1106 1584 1137 1618 8.
1172 1585 1322 1620 Volumus
1357 1592 1463 1620 autem
1496 1593 1531 1620 ut
1563 1592 1753 1631 praesentes
1791 1597 1913 1620 etna-..utu

1013 1646 1151 1681 nostrae,
1170 1641 1208 1674 ad
1231 1641 1431 1684 probandum
1452 1642 1624 1682 decretum,
1644 1641 1753 1675 desini-

1015 1694 1145 1734 tionem,
1171 1694 1383 1735 sanctionem,
1409 1695 1674 1739 adscriptionem,
1704 1706 1754 1728 re-

1013 1748 1177 1786 lationem,
1204 1753 1367 1788 statutum,
1393 1749 1647 1789 concessionem,
1667 1755 1754 1782 cett·-

1014 1810 1114 1844 raque
1140 1801 1329 1844 praemissa,
1356 1802 1478 1846 ubique
1505 1802 1640 1836 omuino
1668 1802 1754 1835 suffi-

1013 1853 1107 1894 ciant,
1134 1864 1240 1898 neque
1266 1855 1399 1887 alterius
1425 1856 1653 1899 cuiuscumque
1680 1866 1754 1899 pro-

1013 1907 1152 1940 bationis
1178 1907 1411 1941 adminiculum
1433 1909 1471 1941 ad
1497 1908 1528 1941 id
1550 1909 1686 1953 amplius
1706 1920 1756 1942 re*

1013 1960 1171 2004 quiratur.

1056 2014 1071 2057 ἓ
1091 2013 1122 2047 Ο.
1143 2014 1323 2054 Praeterea,
1343 2014 1419 2058 quia
1439 2015 1567 2048 difficile
1595 2015 1679 2049 soret
1697 2016 1753 2049 has

1012 2073 1137 2100 nostras
1163 2068 1202 2100 ad
1228 2068 1355 2110 singula
1374 2069 1455 2108 loca,
1473 2068 1526 2101 uhi
1553 2077 1633 2112 opus
1658 2075 1751 2109 esset,

1012 2120 1143 2159 adteri-i,
1162 2121 1319 2159 volumus,
1337 2126 1371 2153 ut
1389 2121 1575 2154 earumdem
1591 2123 1751 2165 exempla,

1013 2173 1109 2206 etiam
1136 2174 1217 2217 typis
1245 2174 1411 2217 impressa,
1432 2184 1527 2206 mauu
1555 2175 1754 2217 [1011110100-

1014 2226 1084 2258 tarii
1115 2226 1318 2269 subscripta,
1344 2226 1454 2269 sigillo
1484 2225 1618 2261 alicuius
1643 2238 1754 2271 perso-

1013 2290 1072 2312 nae
1090 2279 1122 2312 in
1142 2279 1300 2322 dignitate
1318 2279 1538 2313 ecclesiastiea
1556 2281 1751 2314 constitutae

1013 2332 1169 2373 munita¹,
1204 2332 1350 2365 eamdem
1384 2332 1506 2377 ubique
1541 2332 1636 2366 fidem
1662 2334 1750 2367 ohti-

1013 2392 1131 2427 neam,
1164 2397 1259 2429 quam
1297 2386 1357 2419 hae
1384 2390 1513 2419 nostrae
1540 2386 1751 2426 obtinerent,

1013 2439 1136 2474 sicubi⁹
1161 2450 1214 2472 eas
1239 2439 1387 2473 exhiberi
1405 2441 1453 2473 vel
1477 2440 1606 2473 ostendi
1628 2441 1754 2473 eontin-

1014 2497 1117 2536 geret.

1764 2052 1852 2074 cittiiptni
1859 2056 1900 2070 11111,

1049 2566 1058 2591 1
1084 2564 1154 2592 Edit.
1175 2564 1258 2592 Maia.
1281 2565 1347 2600 legit
1367 2565 1500 2593 mzmilcce
1519 2566 1562 2600 (n.
1584 2565 1635 2596 Τ.).

1046 2610 1062 2636 2
1083 2609 1154 2637 Edit.
1176 2609 1259 2636 Main.
1282 2609 1345 2644 legit
1364 2610 1451 2638 sicuti
1472 2618 1519 2645 pro
1538 2609 1630 2637 sicubi
1647 2609 1685 2645 (a.
1702 2610 1751 2643 1.),

1692 201 1716 233 ¹3
1764 210 1811 237 An.
1833 209 1945 237 &1722

1805 2022 1865 2042 fun«
1892 2025 1915 2041 ts⁴
1942 2032 1947 2036 —
