2170 3147
263 232 311 258 An.
334 232 362 257 C-
386 232 451 258 1726

498 222 562 254 ,tto

458 280 572 312 noticia
611 281 711 323 ipsius
750 279 854 313 Urbis
884 290 942 323 per
980 280 1141 319 forenses,
1169 280 1221 312 et!

458 333 624 376 quibusvis
649 333 721 365 aliis
748 333 845 365 etiam
879 333 940 376 piis
974 338 1004 365 et
1043 332 1200 374 regulari-

457 387 516 418 bus
548 397 604 418 seu
643 387 865 419 saecularibus
891 387 993 425 loeis,
1018 397 1074 419 seu
1102 386 1198 418 etiam

458 440 676 472 cardinalatus
705 441 829 473 lionore
856 439 1057 482 fulgentibus
1080 445 1111 472 et
1130 439 1199 472 aliis

458 492 608 535 personis
637 494 793 535 (quorum
820 493 967 533 nomina,
991 493 1199 535 cognomina,

460 545 552 583 tituli,
580 546 755 588 qualitates
774 551 805 579 et
823 545 1058 579 concessiones
1085 546 1198 578 liuius-

459 598 544 630 modi
571 599 706 641 exprimi
732 609 787 631 seu
815 610 873 642 pro
900 599 1062 642 evpressis
1085 599 1198 632 haberi

458 651 608 693 possint),
628 652 685 683 sub
704 651 963 695 quibuscumque
983 652 1151 685 tenoribus
1170 658 1201 685 et

461 704 582 741 formis,
608 716 643 737 ae
670 715 742 737 cuin
778 704 945 747 quibusvis
971 704 1069 738 etiam
1107 705 1200 738 dero-

459 758 658 799 gatoriarum
685 758 911 800 derogatoriis,
938 758 1075 801 aliisque
1101 758 1200 791 effica-

459 811 602 844 cioribus
630 816 660 844 et
687 811 829 844 insolitis
847 811 1000 844 clausulis
1018 822 1055 844 ac
1075 812 1199 845 irritan-

460 863 545 896 tibus
586 870 615 895 et
659 864 728 897 aliis
763 864 927 905 decretis,
951 864 1201 908 quomodolibet

460 917 645 955 concessis,
666 918 857 961 approbatis
882 923 913 951 et
938 918 1100 951 innovatis
1119 917 1202 961 (qui-

458 972 518 1004 bus
537 972 699 1012 omnibus,
723 972 752 1004 in
769 972 885 1004 litteris
911 972 1065 1005 latissime
1091 978 1202 1005 exten-

460 1026 588 1065 dendis,
614 1025 741 1058 etiarnsi
760 1026 799 1058 de
818 1026 892 1066 illis,
910 1031 984 1068 etc.,
1006 1026 1136 1059 illorum
1156 1031 1202 1059 te-

459 1090 566 1119 nores,
582 1085 654 1116 etc.,
669 1079 791 1112 eisdem
804 1085 903 1120 motu,
916 1080 1054 1112 scientia
1068 1086 1100 1112 et
1113 1085 1202 1123 pote-

460 1133 551 1165 statis
581 1133 796 1176 plenitudine,
813 1133 1002 1176 specialiter
1024 1138 1056 1166 et
1074 1144 1203 1176 expres-

459 1196 492 1218 se
521 1186 740 1228 derogamus,
767 1186 952 1230 praedictas
980 1191 1011 1218 et
1046 1186 1134 1226 alias,
1165 1197 1201 1219 ac

459 1239 690 1271 concessiones
716 1244 747 1271 et
772 1238 1008 1282 assignationes
1031 1249 1201 1282 quascum-

458 1302 520 1335 que
547 1293 585 1325 de
613 1293 698 1325 dicta
723 1292 864 1325 ecclesia
889 1293 921 1326 S.
944 1292 1099 1333 silvestri,
1120 1293 1203 1325 aliis·

459 1356 523 1388 que
542 1345 647 1377 dictae
678 1344 967 1388 Congregationis,
994 1346 1202 1389 quomodoli-

458 1398 514 1431 bet
535 1398 632 1431 etiam
660 1404 747 1431 motu
774 1404 805 1432 et
836 1404 999 1442 potestate
1027 1399 1203 1440 similibus,

460 1451 556 1484 etiam
575 1451 850 1484 consistorialiter
871 1452 984 1491 factas,
1001 1463 1038 1485 ac
1059 1453 1203 1495 desuper

461 1506 627 1539 consectas
654 1506 777 1538 litteras
812 1516 1046 1549 quascumque,
1073 1511 1105 1539 et
1130 1517 1202 1549 pro-

460 1570 569 1593 cessus
596 1560 726 1592 habitos
752 1570 810 1602 per
835 1560 979 1598 easdem,
1006 1559 1138 1592 illarum
1164 1565 1203 1593 te-

460 1624 578 1653 nores,
604 1624 640 1645 ac
667 1614 781 1645 barum
806 1613 907 1655 serie,
934 1619 1041 1653 motu,
1069 1613 1204 1646 scientia

460 1671 492 1698 et
516 1666 689 1709 potestatis
706 1666 913 1709 plenitudine
940 1666 1128 1709 praedictis,
1154 1677 1205 1699 re-

460 1730 627 1759 vocamus,
655 1730 827 1760 cassamus,
850 1719 1013 1752 irritamus
1035 1724 1066 1752 et
1090 1721 1204 1753 annul-

460 1773 581 1812 lamus,
610 1783 646 1805 ac
671 1773 792 1805 viribus
818 1783 1007 1813 vacuamus,
1035 1777 1066 1805 ct
1095 1773 1204 1805 nullos

461 1831 492 1859 et
517 1826 678 1859 invalidos
704 1827 891 1869 nulliusque
917 1825 1044 1860 roboris
1066 1827 1115 1859 vel
1138 1836 1204 1859 mo-

460 1879 561 1912 menti
588 1879 685 1912 luisse
724 1884 754 1912 et
792 1889 890 1920 esse,
917 1889 952 1911 ac
985 1890 1044 1922 pro
1077 1879 1204 1912 inseetis

461 1933 577 1969 baberi
602 1935 749 1966 volumus
775 1939 806 1966 et
831 1933 1062 1973 decernimus;
1088 1944 1126 1966 ac
1152 1933 1205 1966 de-

461 1998 564 2030 super
589 1987 761 2030 praedictis
789 1992 819 2019 et
844 1986 1009 2030 quibusvis
1036 1986 1107 2019 aliis
1133 1996 1206 2029 per-

461 2040 562 2079 sonis,
588 2040 823 2084 cuiuscumque
844 2040 1022 2082 dignitatis,
1041 2044 1116 2079 etc.,
1142 2039 1206 2072 exi-

461 2093 642 2133 stentibus,
672 2099 867 2136 perpetuum
904 2092 1071 2125 silentium
1102 2092 1207 2135 impo-

461 2146 592 2187 nimus,
631 2147 761 2189 illisque
799 2157 835 2179 ae
872 2145 1025 2189 praelatis
1062 2139 1205 2179 et‘aliis

462 2199 627 2242 quibusvis
655 2200 829 2240 iudicibus,
859 2206 931 2239 etc.,
961 2199 1056 2232 etiam
1073 2199 1134 2232 sub
1153 2210 1206 2232 ex-

462 2252 785 2285 communicationis¹
814 2253 1007 2293 officiorum,
1026 2251 1206 2285 beneficio-

463 2317 532 2338 rum
559 2317 595 2338 ae
621 2306 816 2349 dignitatum
841 2316 984 2346 suarum,
1012 2311 1044 2339 et
1069 2306 1138 2338 aliis
1156 2315 1206 2338 ar-

461 2359 561 2391 bitrio
588 2365 696 2392 nostro
715 2366 747 2392 et,
764 2370 989 2393 successorum
1016 2365 1204 2393 nostrorum

463 2411 649 2454 infligendis
676 2418 702 2445 et
729 2413 933 2456 applicandis
959 2414 1086 2457 poenis,
1109 2424 1149 2446 ne
1170 2423 1206 2446 se

464 2465 495 2497 in
522 2466 708 2507 praemissis
731 2466 964 2510 quoquomodo
987 2466 1205 2499 intromittere

464 2519 605 2552 audeant
630 2530 685 2551 seu
713 2525 930 2562 praesumant,
957 2520 1136 2552 districtius
1162 2519 1207 2552 in-

499 2626 509 2651 1
529 2623 662 2651 videntur
679 2623 773 2651 deesse
789 2624 872 2651 verba
888 2627 913 2651 et
925 2625 1106 2660 privationis
1121 2624 1206 2661 (ns.)

1045 230 1231 254 BrLLAntt'M
1258 230 1415 255 ROMANUM

1244 278 1394 312 bibemus
1407 280 1431 323 ),
1450 292 1486 314 ac
1510 281 1660 315 omnibus
1679 281 1755 321 illis,
1773 291 1856 324 quae
1874 281 1907 313 in
1924 280 1985 313 sin-

1243 331 1326 374 gulis
1340 332 1457 366 litteris
1475 334 1650 377 praedictis
1672 344 1831 367 concessa
1851 334 1985 367 suerunt.

1243 395 1310 417 non
1339 386 1493 426 obstare3
1531 397 1660 419 necnon
1678 413 1685 426 ‚
1713 391 1876 430 quatenus
1903 397 1985 429 opus

1243 438 1294 478 sit,
1322 438 1360 471 de
1388 450 1453 472 non
1481 440 1628 472 tollendo
1662 439 1710 472 ius
1746 439 1929 482 quaesitum
1955 443 1987 472 et

1243 491 1314 524 aliis
1351 491 1570 525 Cancellariae
1613 492 1820 535 Apostolicae
1863 492 1987 535 regulis

1243 544 1337 578 editis
1356 550 1387 577 et
1404 545 1556 585 edendis,
1583 544 1784 588 ceterisque,
1803 556 1876 578 cum
1901 546 1987 579 clau-

1243 598 1322 631 sulis
1348 598 1544 641 opportunis
1570 603 1602 630 et
1627 597 1804 630 consuetis.

1478 651 1569 690 Fiat,
1594 655 1680 683 iaetu
1702 651 1846 694 proprio,
1871 650 1895 684 1.

1288 705 1410 737 Etcum
1429 704 1639 737 absolutione
1659 715 1676 737 a
1694 704 1841 737 censuris
1858 705 1898 738 ad
1916 703 1987 738 ess'e-

1244 763 1340 799 ctum,
1357 763 1430 798 etc.,
1450 763 1481 790 ct
1499 768 1571 790 cum
1594 757 1850 801 approbatione,
1872 757 1987 791 confir-

1245 811 1399 851 matione,
1414 810 1635 854 suppletione,
1650 809 1741 843 novi¹
1757 810 1987 852 concessione,

1244 863 1463 906 assignatione
1482 890 1489 904 ,
1528 863 1721 896 remissione
1738 890 1744 903 ,
1788 863 1964 897 donatione
1979 890 1987 905 ,

1244 917 1474 958 concessione,
1500 917 1653 958 decretis,
1682 917 1895 960 derogatione
1916 927 1988 950 cum

1244 972 1357 1013 regula
1393 971 1432 1004 de
1469 980 1533 1003 non
1580 970 1726 1003 tollendo
1770 970 1842 1003 iure
1882 981 1989 1013 quae-

1245 1025 1323 1064 sito,
1349 1024 1576 1063 revocatione,
1605 1024 1850 1064 annullatione,
1877 1025 1989 1057 volun-

1245 1083 1319 1117 tate,
1338 1077 1458 1110 silentii
1481 1076 1700 1120 impositione,
1728 1077 1938 1118 inhibitione,
1958 1083 1990 1111 et

1245 1132 1317 1165 aliis
1343 1131 1544 1175 praedictis,
1571 1131 1609 1164 de
1637 1136 1668 1164 et
1692 1141 1753 1174 pro
1780 1131 1932 1164 omnibus
1958 1137 1990 1164 et

1245 1185 1382 1228 singulis
1407 1184 1610 1228 praemissis,
1634 1195 1716 1227 quae
1743 1185 1796 1217 hic
1819 1194 1881 1228 pro
1907 1184 1990 1217 suffi-

1246 1238 1371 1271 cienter
1397 1244 1428 1271 et
1453 1238 1491 1270 ad
1519 1243 1644 1281 partem
1674 1237 1823 1281 repetitis
1848 1238 1991 1271 habean-

1248 1297 1310 1331 tur,
1336 1291 1493 1324 latissime
1519 1291 1734 1324 extendendis
1770 1296 1931 1335 perpetuo
1955 1291 1989 1324 in

1247 1346 1349 1377 l'orma
1375 1344 1525 1387 gratiosa,
1546 1349 1577 1377 et
1603 1344 1692 1388 quod
1718 1344 1920 1386 singularum
1941 1344 1990 1378 lit-

1249 1405 1411 1437 terarum,
1439 1398 1662 1441 emptionum,
1694 1397 1989 1431 instrumentorum

1247 1457 1278 1484 et
1302 1451 1540 1494 seripturarum
1565 1451 1809 1494 praedictarum
1845 1449 1989 1484 veriores

1249 1511 1390 1543 tenores,
1417 1515 1453 1537 ac
1478 1504 1664 1544 domorum,
1691 1510 1766 1545 etc.,
1793 1509 1826 1537 et
1850 1503 1990 1537 aliorum

1248 1559 1409 1591 bonorum
1438 1557 1626 1591 huiusmodi
1652 1557 1839 1601 qualitates,
1864 1556 1991 1600 quanti-

1249 1617 1350 1651 tates,
1376 1611 1537 1653 contines,
1563 1611 1720 1644 vocabula
1746 1620 1843 1654 super
1869 1609 1989 1644 valoris

1248 1671 1279 1697 et
1305 1664 1451 1697 redditus
1477 1665 1572 1698 etiam
1606 1665 1751 1698 omnium
1777 1675 1812 1697 ac
1837 1668 1991 1707 expensa-

1249 1729 1316 1750 rum
1343 1724 1372 1751 et
1399 1718 1612 1761 pecuniarum
1649 1717 1838 1751 huiusmodi
1865 1716 1992 1761 quanti-

1250 1777 1331 1804 tates
1367 1772 1550 1804 habeantur
1585 1782 1642 1815 pro
1674 1771 1849 1815 expressis,
1875 1782 1931 1805 seu
1956 1771 1990 1808 in

1250 1831 1316 1859 toto
1343 1826 1391 1858 vel
1412 1825 1442 1857 in
1461 1831 1554 1868 parte
1581 1825 1717 1868 exprimi
1737 1831 1768 1858 et
1789 1825 1887 1858 inseri
1906 1831 1936 1859 et
1951 1827 1990 1861 de

1248 1879 1347 1912 verbo
1376 1879 1415 1911 ad
1442 1879 1575 1911 verbum
1602 1879 1744 1922 possint,
1772 1884 1822 1919 et,
1849 1879 1874 1912 si
1908 1890 1990 1923 opus

1249 1933 1307 1971 sit,
1334 1942 1405 1965 cum
1437 1934 1624 1975 opportuna
1649 1937 1858 1965 executorum
1892 1933 1992 1976 depu-

1250 1987 1389 2025 tatione,
1427 1985 1482 2029 qui
1519 1986 1682 2026 assistant,
1710 1996 1782 2018 cum
1822 1990 1990 2030 potestate

1248 2040 1368 2073 citandi
1394 2039 1490 2072 etiam
1517 2049 1577 2082 per
1596 2039 1756 2079 edictum,
1776 2044 1853 2081 etc.,
1873 2050 1910 2073 ac
1930 2040 1989 2073 sub

1249 2093 1427 2138 praedictis
1465 2097 1495 2126 et
1521 2093 1690 2135 quibusvis
1728 2093 1801 2127 aliis
1841 2094 1991 2127 censuris

1249 2152 1279 2180 et
1306 2146 1420 2190 poenis
1447 2156 1561 2179 eorum
1586 2146 1724 2180 arbitrio
1750 2146 1939 2190 infligendis
1960 2153 1993 2181 et

1249 2200 1454 2244 applicandis
1496 2199 1594 2233 etiam
1631 2200 1729 2233 simili
1766 2200 1872 2233 edicto
1897 2200 1989 2234 inhi-

1249 2253 1359 2293 bendi,
1386 2258 1462 2294 etc.,
1489 2253 1700 2296 agg-ravandi,
1733 2258 1810 2293 etc.,
1841 2253 1991 2288 invocato

1249 2307 1289 2340 ad
1308 2307 1380 2347 hoc,
1399 2307 1425 2340 si
1444 2317 1525 2350 opus
1540 2307 1648 2347 suerit,
1665 2306 1784 2340 auxilio
1803 2307 1901 2340 etiam
1918 2307 1991 2340 bra-

1250 2360 1315 2394 chii
1341 2360 1526 2399 saecularis
1548 2359 1608 2394 ae⁹
1629 2360 1844 2403 derogatione
1869 2361 1992 2394 consti-

1251 2413 1385 2447 tutionis
1411 2414 1450 2447 de
1477 2415 1541 2446 una
1567 2418 1597 2446 et
1620 2413 1764 2454 duabus,
1790 2423 1857 2446 non
1883 2418 1991 2447 tamen

1251 2467 1353 2499 tribus
1379 2467 1485 2506 dietis,
1511 2466 1666 2499 latissime
1700 2466 1923 2504 extendendo,
1960 2470 1992 2499 et

1250 2530 1321 2552 eum
1347 2525 1534 2563 opportuno
1572 2519 1702 2552 decreto
1740 2519 1828 2562 quod
1862 2519 1991 2554 litterae

1288 2591 1298 2616 1
1322 2589 1414 2616 Potius
1434 2589 1495 2624 lege
1515 2589 1595 2616 novis
1614 2589 1702 2617 etiam
1722 2589 1760 2623 (n.
1780 2588 1829 2623 T.).

1283 2634 1298 2661 2
1320 2633 1392 2661 Edit.
1412 2633 1497 2662 Main.
1517 2633 1585 2669 legit
1599 2641 1616 2661 α
1636 2641 1684 2669 pro
1704 2641 1737 2660 ac
1757 2633 1795 2669 (n.
1816 2634 1866 2664 τ.).

1995 231 2043 259 An.
2060 232 2088 259 e.
2110 232 2170 272 νικᾷ

1997 717 2057 739 Attae
2064 718 2169 745 clausulae
