2170 3147
0 230 48 257 An.
68 228 96 254 C.
118 227 184 254 ¹726

769 223 963 247 BENEDICTUS
990 223 1045 247 xm
1071 224 1119 246 Pr‘.

188 274 238 307 nis
263 273 462 307 clericorum
500 272 702 315 regularium
737 271 925 304 huiusmodi

187 325 267 359 sub‘
297 326 392 358 trium
431 330 580 358 votorum
610 324 871 357 substantialium
895 335 926 356 e-

188 379 343 411 missione
367 378 462 410 vitam
501 378 688 410 clericalem
725 377 865 416 ducere,
892 386 927 408 ac

187 431 425 475 praedicationi
451 430 540 462 verbi
558 429 623 469 Dei,
642 429 827 462 audientiae
851 439 927 461 eou-

190 484 430 522 l'essi011un1‚et
459 493 568 515 sacrae
603 482 790 524 theologiae
817 492 852 513 ac
878 491 927 512 sa-

190 547 320 570 crorum
347 546 510 569 canonum
547 535 662 567 studiis
687 534 726 567 ad
754 544 866 566 eorum
891 544 927 565 ac

190 589 327 624 aliorum
353 587 617 622 christifidelium
650 587 828 620 animarum
853 596 927 629 pro-

191 643 310 676 fectum
335 652 448 674 vacare
473 641 702 682 decreverant)
740 639 826 672 idem
858 639 927 672 Cle-

190 706 281 728 mens
306 695 540 738 praedecessor
568 693 627 733 eis,
655 698 689 725 ut
714 698 789 725 tunc
816 703 904 725 corui

190 748 377 791 superiores
394 773 401 787 ,
425 745 602 790 praepositi
640 745 844 788 nuncupati,
870 756 927 788 pro

194 805 337 843 tempore
352 799 538 839 existentes,
555 809 628 831 cum
643 798 770 832 clericis
786 803 817 830 et
834 798 929 830 sociis

192 852 266 892 suis,
289 852 342 895 qui
368 851 556 884 infirmitate
582 861 642 894 pro
668 856 815 894 tempore
838 860 930 893 prae-

192 905 393 949 pedirentur,
413 914 513 947 super
534 904 725 936 recitatione
744 903 929 936 divinornm

192 958 390 998 officiorum,
417 958 455 990 ad
482 957 546 990 hoc
577 962 612 989 ut
647 957 709 1000 ipsi
741 956 930 989 infirmitate

192 1010 375 1054 praepediti
391 1014 516 1042 certum
536 1010 745 1052 psalmorum,
762 1019 820 1052 per
843 1009 931 1052 ipsos

193 1063 382 1106 superiores
397 1062 444 1095 eis
459 1062 739 1104 assignandorum,
752 1072 930 1101 numerum,

194 1127 261 1150 non
286 1116 393 1149 minus
418 1120 545 1158 septem
564 1121 619 1147 ant
636 1126 703 1155 sex,
724 1125 797 1147 cum
817 1114 932 1148 distin-

193 1169 300 1202 ctione
310 1168 329 1209 ³,
342 1179 378 1201 ac
394 1168 574 1201 orationem
589 1167 784 1201 dominicam
800 1167 932 1211 septies,

193 1222 376 1266 symbolum
413 1222 635 1265 apostolorum
675 1221 725 1254 bis
743 1249 750 1261 ‚
792 1221 933 1264 graviter

169 1274 172 1277 ’
193 1281 300 1309 autem
316 1278 524 1318 aegrotantes
541 1275 721 1308 orationem
738 1274 932 1308 dominicam

194 1330 296 1362 semel
311 1333 343 1361 et
355 1328 583 1360 salutationem
604 1327 783 1370 angelicam
811 1327 932 1369 septies

195 1381 228 1414 in
254 1381 306 1414 die
332 1380 524 1420 recitando,
555 1385 679 1423 septem
713 1379 804 1412 horis
835 1389 932 1411 cano-

194 1434 277 1467 nicis
302 1439 334 1467 et
359 1433 418 1466 toti
453 1432 560 1466 divino
593 1432 701 1465 officio
734 1432 933 1465 satisfecisse

195 1492 421 1527 censerentur,
450 1491 482 1519 et
506 1496 578 1518 cum
606 1485 773 1528 quibusvis
807 1485 933 1518 clericis

196 1546 228 1574 et
252 1540 349 1574 sociis
376 1540 464 1573 suis³
488 1550 587 1583 super
613 1539 743 1572 ieiuniis
769 1539 866 1572 etiam
896 1539 935 1571 de

195 1600 384 1639 praecepto,
411 1594 506 1627 etiam
534 1593 882 1637 quadragesimalibus,
906 1598 937 1626 et

196 1659 269 1681 cum
294 1647 506 1681 concessione
538 1646 717 1690 vespertini
754 1646 934 1685 ientaculi,

196 1701 381 1734 collationis
399 1700 590 1743 nuncupati,
610 1705 642 1732 et
659 1699 936 1732 comestionibus⁴

197 1755 294 1788 etiarn
319 1754 412 1797 panis
437 1754 468 1786 in
488 1754 533 1786 eis
550 1753 638 1787 licite
658 1758 689 1786 et
706 1753 828 1796 absque
843 1762 937 1795 prac-

196 1808 393 1841 varicatione
409 1807 567 1847 facienda,
583 1807 774 1850 dispensare
792 1810 936 1849 possent,

198 1872 257 1905 per
282 1861 380 1901 alias;
408 1870 444 1893 ac
469 1860 665 1900 successive,
694 1864 728 1891 ut
755 1858 817 1901 ipsi
852 1858 937 1890 inter

198 1924 254 1948 eos
279 1918 421 1953 mutuas,
449 1923 507 1945 seu
541 1912 637 1945 etiam
673 1911 726 1944 alii
751 1911 937 1943 sacerdotes

198 1968 384 2001 saeculares
417 1966 464 1999 rel
496 1966 681 2008 regulares,
716 1964 795 1997 alias
831 1969 937 1996 tamen

199 2018 370 2063 approbati
395 2018 435 2051 ab
453 2017 643 2057 Ordinariis,
664 2017 703 2050 ad
718 2017 780 2049 lioc
799 2017 837 2049 ab
861 2016 938 2059 ipsis

199 2073 239 2106 de
263 2071 470 2115 superiorum
497 2081 610 2104 eorum
643 2075 673 2103 et
709 2079 938 2102 successorum

200 2130 255 2159 aut
279 2124 371 2158 Sedis
397 2124 585 2167 praedictae
611 2123 743 2156 licentia
769 2133 829 2166 pro
861 2128 940 2155 tem-

200 2187 280 2221 pore
309 2176 472 2219 eligendi‚
505 2176 649 2219 ipsorum
679 2176 718 2209 de
754 2175 940 2217 Congrega-

204 2231 290 2264 tione
308 2230 509 2264 Clericorum
535 2229 745 2271 Regularium
774 2228 938 2261 confessio

201 2293 259 2317 nes
276 2282 465 2316 huiusmodi
492 2281 677 2322 audientes,
698 2281 732 2313 in
757 2281 939 2314 absolutio-

239 2391 249 2417 1
269 2389 367 2424 Praep.
383 2388 434 2416 sub
451 2395 501 2414 nos
517 2386 644 2414 addimus
660 2394 692 2414 ex
707 2386 724 2413 l.
741 2386 836 2421 parall.
848 2386 940 2420 (nm).

237 2434 253 2460 2
272 2434 357 2468 Supra
373 2440 423 2467 pag
451 2432 501 2458 404
516 2440 532 2458 a
546 2431 645 2465 legitur
659 2439 724 2458 cum
740 2431 898 2465 devotione,
916 2435 943 2458 et

202 2478 229 2505 in
246 2481 309 2505 torn.
322 2483 362 2510 vt,
380 2484 440 2512 pag.
461 2477 504 2502 161
519 2484 537 2502 α
551 2475 602 2510 leg.
619 2483 683 2502 cum
696 2475 940 2510 divisione<n.·r.).

237 2523 253 2549 3
272 2521 408 2552 Quaedam
423 2520 531 2553 desunt,
549 2528 619 2555 quae
635 2519 771 2546 habentur
785 2519 812 2546 in
827 2519 878 2547 loc.
896 2527 943 2555 pa-

203 2566 263 2594 rall.
279 2574 360 2601 supra
375 2573 436 2601 pag.
453 2565 503 2591 404
519 2565 533 2591 b
551 2566 588 2599 (fl.
604 2564 653 2598 T.).

239 2611 254 2638 4
270 2609 361 2638 Potius
376 2609 434 2646 lege
450 2608 642 2643 comestionis,
658 2610 686 2635 ut
699 2616 760 2643 sup.
773 2607 792 2635 l.
805 2607 940 2643 cit.(n.r).

968 271 1063 303 nibus
1088 270 1173 304 liac¹
1204 270 1306 303 fornia
1333 270 1377 302 uti
1411 274 1564 312 possent,
1597 267 1709 301 videli-

969 329 1034 362 cet,
1055 329 1126 366 post
1151 323 1352 361 Miserealur,
1379 326 1451 362 etc„
1472 327 1503 354 et
1532 320 1709 363 Imlulyen-

970 377 1063 414 liam,
1078 380 1134 408 etc.
1150 395 1193 398 —-
1206 376 1365 408 Dominus
1383 379 1490 407 noster
1506 374 1596 406 Iesus
1615 373 1710 407 Chri-

969 433 1035 461 stus
1051 433 1079 461 le
1092 429 1249 467 absolvat,
1266 433 1294 460 el
1312 439 1378 471 eqo,
1398 428 1590 460 aicct0›·ilale
1606 426 1709 469 ipsius

970 492 1006 512 ac
1024 482 1190 513 bealorum
1215 481 1434 523 apostolorum
1450 480 1544 513 Petri
1561 487 1588 511 ct
1607 479 1711 512 Pauli?

969 534 1054 566 milii
1079 535 1234 573 concessu,
1262 534 1390 566 absolvo
1416 538 1443 566 le
1467 534 1507 565 ab
1532 533 1621 565 omni
1640 533 1712 564 rin-

971 586 1042 618 culo
1088 587 1436 619 etri-omniunicatiom's
1482 586 1617 618 maioris
1663 585 1712 617 vel

972 639 1125 677 minoris,
1150 639 1367 681 suspensionis
1402 643 1430 671 et
1464 638 1629 671 interdicti
1646 665 1655 677 ,
1683 641 1712 670 et

972 691 1120 734 ilis-penso
1146 696 1248 723 tecum
1274 692 1309 723 in
1333 692 1423 724 omni
1447 691 1709 733 irreyularilale,

971 755 1070 788 quam
1109 744 1405 788 quomodocumque
1441 743 1644 783 incurristi,
1684 747 1712 775 el

971 797 1106 829 resli'luo
1133 801 1160 829 le
1177 797 1297 829 sanclis
1314 797 1525 829 sacramentis
1542 795 1713 836 Ecclesiae,

973 850 1154 892 um'om'que
1191 853 1219 881 et
1257 848 1507 891 participationi
1541 848 1710 890 fidelium,

974 903 1009 935 in
1040 902 1165 934 nomine
1193 901 1318 939 Patris,
1346 905 1375 933 el
1410 901 1503 940 Filii,
1518 905 1545 933 cl
1570 901 1714 943 Spiritus

974 955 1106 994 Sancti,
1134 955 1257 994 Amen,
1284 954 1403 986 ilerum
1437 953 1544 999 eadent
1574 953 1714 985 aieclorz'-

975 1009 1083 1047 νῐΙαΙε,
1108 1013 1179 1048 σία,
1199 1018 1259 1050 per
1285 1007 1362 1040 alias
1389 1008 1483 1050 (quas
1509 1006 1715 1049 supradictus

975 1060 1123 1094 Clemens
1149 1060 1384 1104 praedecessor
1409 1064 1525 1103 postca
1543 1059 1638 1091 etiam
1657 1068 1716 1101 per

976 1114 1078 1153 alias,
1104 1114 1142 1146 ad
1170 1114 1232 1146 hoc
1258 1118 1292 1144 ut
1318 1113 1401 1145 dicta
1428 1113 1531 1145 forma
1558 1112 1590 1144 in
1624 1111 1715 1144 abso-

977 1167 1155 1200 lutionibus
1182 1177 1246 1200 non
1280 1167 1385 1199 solum
1422 1176 1494 1198 cum
1527 1165 1713 1198 sacerdoti-

977 1221 1061 1260 bus,
1089 1221 1268 1253 sedetiam
1305 1230 1375 1251 cum
1412 1219 1483 1252 aliis
1520 1218 1651 1251 clericis
1685 1223 1717 1250 et

976 1275 1066 1307 laicis
1091 1272 1360 1315 Congregationis
1388 1272 1584 1305 Clericorum
1610 1271 1717 1313 Regu-

976 1327 1091 1359 larium
1118 1326 1306 1358 huiusmodi
1333 1336 1391 1368 pro
1420 1329 1563 1368 tempore
1582 1324 1718 1357 existen-

979 1381 1063 1413 tibus
1088 1380 1134 1413 eis
1161 1391 1220 1423 pro
1248 1386 1393 1422 tempore
1420 1378 1652 1412 confitentibus
1670 1377 1717 1409 uti

978 1439 1136 1477 possent,
1162 1433 1307 1466 extendit
1334 1438 1365 1465 et
1389 1431 1567 1475 ampliavit)
1594 1431 1625 1463 in
1645 1441 1717 1474 per-

979 1492 1111 1530 petuum
1138 1486 1302 1519 concessit
1328 1491 1359 1518 et
1383 1485 1542 1525 indulsit3
1577 1490 1608 1518 et
1643 1484 1718 1516 sub-

979 1545 1157 1583 sequenter
1181 1539 1266 1572 ideni
1293 1539 1443 1572 Clemens
1469 1538 1717 1580 praedecessor,

979 1592 1075 1625 etiam
1111 1598 1185 1625 tunc
1219 1591 1410 1624 eorumdem
1447 1590 1718 1633 Congregationis

979 1645 1175 1678 Clerieorum
1202 1644 1410 1686 Regularium
1432 1643 1463 1675 in
1483 1645 1518 1676 ea
1537 1648 1626 1686 parte
1648 1653 1720 1686 sup-

979 1697 1214 1741 plicationibus
1253 1697 1451 1736 inclinatus,
1484 1695 1662 1738 praemissa
1686 1706 1721 1728 o-

980 1751 1067 1783 mnia
1083 1758 1114 1783 et
1130 1751 1192 1784 alia
1208 1759 1434 1793 quaecumque
1457 1759 1514 1791 per
1533 1748 1639 1791 ipsum
1654 1748 1719 1781 illis

981 1806 1115 1836 eatenus
1133 1813 1289 1836 concessa
1314 1812 1374 1845 per
1391 1802 1469 1834 alias
1486 1800 1669 1840 innovavit;
1689 1806 1721 1833 et

981 1858 1036 1897 cis,
1054 1863 1089 1889 ut
1113 1856 1174 1889 sub
1199 1857 1256 1888 sua
1281 1860 1313 1887 et
1338 1855 1442 1888 dictae
1469 1854 1561 1887 Sedis
1586 1853 1719 1897 speciali

981 1909 1186 1953 protectione
1224 1913 1255 1941 et
1280 1907 1395 1940 humili
1429 1906 1634 1939 subiectione
1661 1906 1720 1938 hu-

981 1962 1132 2002 iusmodi,
1151 1963 1189 1994 ab
1211 1961 1299 1994 omni
1318 1961 1381 1993 alio
1400 1959 1567 2003 superiore
1585 1959 1718 2003 penitus

982 2016 1076 2050 liberi
1103 2021 1133 2048 et
1159 2014 1311 2057 exempti,
1333 2013 1394 2047 soli
1414 2013 1557 2046 Romano
1572 2012 1719 2045 Pontifici

982 2069 1139 2102 canonice
1175 2067 1324 2107 intranti,
1352 2071 1384 2098 ct
1411 2075 1522 2099 eorum
1556 2065 1719 2108 superiori

982 2122 1140 2155 canonice
1166 2121 1293 2160 electo,
1320 2129 1381 2163 pro
1407 2124 1554 2162 tempore
1580 2118 1722 2151 existen-

984 2176 1076 2215 tibus,
1098 2174 1217 2207 subditi
1239 2173 1358 2215 degere
1376 2172 1545 2213 deberent,
1565 2181 1600 2204 ac
1621 2171 1721 2215 quod,

983 2228 1037 2271 qui
1065 2233 1139 2260 tunc
1164 2226 1203 2259 ad
1229 2235 1340 2259 eorum
1366 2234 1575 2257 communem
1593 2223 1722 2257 vivendi

983 2281 1117 2313 modum
1156 2290 1189 2313 se
1226 2278 1415 2311 conferrent
1439 2282 1471 2310 ct
1502 2277 1541 2310 ad
1574 2282 1722 2310 votorum

984 2333 1221 2377 professionem
1248 2330 1434 2364 huiusmodi
1457 2331 1555 2364 modo
1574 2336 1605 2363 et
1623 2331 1723 2363 forma

984 2386 1172 2430 praemissis
1186 2384 1316 2417 admissi
1332 2384 1446 2423 forent,
1461 2389 1534 2416 voto
1553 2383 1723 2426 religionis

985 2441 1017 2472 in
1043 2449 1165 2482 genere
1191 2438 1308 2471 emisso
1339 2437 1537 2470 satisfecisse
1551 2447 1724 2470 censeren-

986 2498 1045 2533 tur,
1072 2492 1168 2524 etiain
1190 2496 1348 2534 perpetuo
1368 2490 1548 2530 concessit;
1568 2491 1723 2533 quodque

986 2545 1108 2588 singuli
1132 2554 1245 2577 eorum
1274 2543 1464 2587 superiores
1489 2552 1550 2586 pro
1576 2548 1724 2586 tempore

1022 2609 1033 2633 1
1056 2605 1123 2633 Male
1143 2605 1208 2632 edit.
1230 2604 1308 2631 Maia.
1329 2604 1395 2639 legit
1413 2613 1446 2631 ac
1466 2612 1513 2640 pro
1533 2605 1587 2631 hac
1606 2605 1705 2641 (n.·r.).

1600 210 1665 243 415
1712 218 1763 244 An.
1785 217 1900 245 &1726
