2170 3147
0 229 42 256 hl.
61 226 90 255 C.
105 227 176 254 1725

503 274 590 308 XCII.

180 345 375 378 Declaratur
387 347 565 388 superiores
582 344 836 387 presbyterorum
857 353 921 374 sae·
940 355 941 389 ζ

224 397 387 430 celarium
406 397 670 440 Conqreqationis
683 396 849 428 Missionis
868 394 920 426 Ιια-
940 401 942 440 ᾗ

225 450 295 482 bere
310 449 499 492 facultatem
516 448 708 481 concedendi
732 448 858 480 litteras
875 446 920 478 di·

223 502 391 535 missorias
415 501 555 535 subditis
579 499 681 534 suis¹.
940 495 942 514 ”

356 582 536 609 Benedictus
558 582 637 614 Papa
659 580 742 611 XIII,

320 626 357 653 ad
376 627 511 665 futuram
532 625 576 652 rei
596 624 779 651 memoriam.

16 706 114 728 Refertur
131 706 171 726 ori-

84 733 87 736 ,
225 696 240 739 ἓ
261 695 290 728 t.
308 695 432 738 Exponi
450 695 544 727 nobis
563 704 666 737 nuper
686 693 759 725 fecit
784 691 919 725 dilectus
941 709 942 717 κ

0 738 100 789 ἷῗαεῗζῖῗῗ
117 737 268 788 iiii'sssfilius
282 748 418 781 Ioannes
438 748 572 788 Bonnet,
591 746 744 790 superior
758 744 920 788 generalis
941 751 943 790 ’ἱ

0 791 25 833 {i
34 786 446 845 „32233332'2'presbyterorum
461 801 671 834 saecularium
690 798 921 842 Congregatio-

182 854 232 887 nis
257 854 425 893 Missionis,
445 854 530 897 quod
557 853 742 896 superiores
769 862 827 895 pro
847 856 920 883 tem-

181 917 264 951 pore
285 907 459 940 existentes
476 906 621 939 eiusdem
640 904 918 948 Congregationis,

181 960 214 992 in
234 961 296 993 vim
322 959 586 993 constitutionum
605 958 857 1002 apostolicarum
877 957 920 989 se-

181 1014 252 1046 licis
278 1013 513 1046 recordationis
548 1012 665 1045 Urbani
695 1011 758 1043 Vll!
785 1015 816 1043 et
841 1011 917 1043 Ale-

181 1066 293 1099 xandri
312 1066 361 1099 VII
382 1066 599 1098 Romanorum
620 1063 810 1097 Pontificum
830 1073 921 1106 prae·
941 1063 943 1079 ³

183 1119 390 1152 decessorum
417 1124 622 1159 nostrorum,
648 1128 706 1161 per
732 1128 811 1160 quas
837 1116 922 1149 dicta

182 1171 398 1215 Congregatio
430 1173 469 1204 ab
505 1171 748 1205 Ordinariorum
785 1169 918 1203 iurisdi-

183 1225 304 1266 ctione,
320 1225 462 1268 exceptis
484 1224 719 1268 pertinentibus
737 1224 773 1256 ad
794 1223 922 1255 missio-

182 1289 242 1312 nes
269 1279 444 1317 dumtaxat,
471 1284 621 1321 exempta
648 1277 818 1320 reperitur,
837 1276 921 1309 litte-

183 1342 235 1365 ras
254 1331 453 1365 dimissorias
478 1336 711 1364 concesserunt
732 1330 798 1362 suis
817 1329 921 1362 subdi-

183 1384 240 1425 tis,
257 1384 320 1428 qui,
338 1390 414 1428 post
438 1384 555 1417 emissa
580 1384 674 1417 solita
700 1389 780 1423 vota,
800 1389 862 1415 tam
889 1382 919 1415 in

183 1437 245 1470 hac
267 1439 350 1471 alma
374 1437 458 1470 Urbe
484 1439 604 1475 nostra,
622 1448 717 1481 quam
737 1436 766 1469 in
787 1436 857 1469 aliis
879 1437 923 1469 Io-

184 1490 229 1524 cis
246 1517 253 1531 ,
280 1491 335 1524 ubi
372 1491 487 1524 domus
524 1491 627 1523 dictae
652 1489 921 1532 Congregationis
942 1529 944 1541 h

184 1550 310 1578 erectae
329 1549 360 1577 et
374 1545 522 1577 fundatae
537 1549 619 1583 sunt,
639 1544 676 1576 ad
695 1554 808 1576 omnes
826 1543 921 1575 etiam
942 1545 944 1567 t

184 1607 294 1630 sacros
311 1603 343 1630 et
363 1596 604 1641 presbyteratus
623 1597 753 1629 ordines
779 1595 921 1639 promoti
942 1601 944 1619 ¹

185 1650 324 1684 suerunt.
339 1651 466 1691 Verum,
485 1650 569 1694 quia,
586 1661 657 1683 cum
676 1661 761 1683 anno
780 1659 920 1688 iiDCLvu,

185 1708 332 1748 tempore
357 1714 421 1747 quo
447 1704 552 1736 bonae
578 1703 753 1736 memoriae
773 1703 920 1742 Martius,

185 1757 260 1790 dum
283 1757 370 1797 vixit,
397 1757 429 1790 S.
456 1756 491 1790 R.
517 1756 550 1789 E.
578 1756 752 1789 cardinalis
774 1755 922 1789 Ginettus

182 1814 388 1853 nuncupatus
413 1819 531 1842 munus
556 1809 665 1842 vicarii
691 1809 765 1842 dicti
788 1809 923 1842 Alexan-

186 1862 234 1895 dri
267 1862 528 1906 praedecessoris
564 1862 596 1895 in
633 1862 745 1895 eadem
778 1862 863 1895 Urbe
890 1862 945 1894 in'

185 1915 410 1959 spiritualibus
435 1915 596 1959 generalis
622 1915 803 1956 exercebat,
822 1915 860 1948 ab
886 1915 924 1948 il-

185 1967 248 2001 lius
273 1968 419 2002 auditore
445 1968 616 2001 difficultas
633 1979 733 2011 super
757 1969 821 2001 boc
847 1979 925 2011 pun-

188 2025 240 2054 cto
264 2022 434 2065 proposita
460 2021 590 2061 suisset,
613 2022 652 2054 de
670 2022 821 2054 mandato
843 2021 925 2054 eius-

188 2074 260 2107 dem
286 2074 387 2107 Martii
420 2074 592 2107 cardinalis
617 2079 650 2107 et
673 2074 781 2107 vicarii
814 2074 925 2107 habita

188 2126 248 2159 suit
264 2127 467 2170 particularis
485 2127 708 2169 Congregatm,
727 2137 834 2160 coram
853 2138 924 2169 qua,

188 2179 360 2223 proposito
386 2179 483 2212 dubio
506 2179 537 2212 in
563 2180 673 2219 forma,
692 2179 925 2222 scripturisque

190 2237 266 2266 tunc
290 2231 453 2272 exhibitis,
478 2232 516 2265 ad
543 2232 732 2265 eorumdem
758 2232 926 2265 missiona—

226 2305 237 2329 1
261 2302 404 2330 Alexandri
425 2302 481 2329 VIII
503 2302 608 2329 constit.
635 2302 699 2329 edit.
719 2309 823 2336 uocxc,
845 2302 887 2329 die
911 2302 927 2329 5

189 2347 355 2380 decembris,
376 2347 469 2382 pontif.
490 2353 508 2380 1,
529 2347 557 2373 tit
576 2346 688 2373 facultas
708 2347 872 2382 presbyteris
886 2347 926 2373 di-

190 2395 249 2419 ctae
277 2391 498 2426 Congregationis
526 2391 682 2418 absolvendi
711 2399 727 2418 a
750 2391 856 2418 casibus
882 2399 926 2418 re-

191 2435 319 2470 servatis,
340 2439 367 2463 et
385 2435 529 2462 Clementis
549 2435 580 2462 XI
602 2435 709 2462 constit.
731 2435 796 2462 edit.
817 2441 926 2468 uocem,

191 2479 234 2507 die
249 2480 265 2506 9
280 2479 348 2511 iulii,
369 2479 464 2515 pontis.
486 2486 534 2513 111,
556 2487 659 2506 necnon
688 2479 768 2506 huius
794 2479 927 2506 Pontificis

193 2523 299 2551 constit.
319 2523 384 2551 edit.
405 2530 559 2555 uocmxvu,
580 2523 622 2550 die
646 2524 676 2550 15
694 2523 761 2555 iulii,
777 2523 872 2558 pontit·¹
890 2530 926 2556 iv,

193 2567 279 2602 agitur
302 2567 336 2595 de
360 2567 417 2595 iure
437 2566 641 2595 assisistentium
666 2566 788 2594 eiusdem
808 2566 926 2602 Congre-

192 2611 316 2648 gationis.

771 225 963 250 BENEDICTUS
989 225 1043 248 XIII
1069 225 1116 248 1³1³.

1597 212 1660 246 267
1706 220 1755 247 An.
1777 220 1805 247 c.
1824 221 1892 249 1725

962 273 1084 305 riorum
1111 273 1251 305 savorem
1277 276 1370 315 capta
1396 270 1454 303 suit
1478 271 1645 310 resoluti03
1668 275 1699 303 et

963 326 1004 358 ita
1029 326 1069 358 ab
1102 336 1140 358 eo
1173 330 1320 368 tempore
1352 324 1458 367 praxis
1496 322 1697 356 concedendi

963 377 1086 409 litteras
1119 377 1318 409 dimissorias
1355 375 1535 408 huiusmodi
1575 375 1699 407 firmata

964 434 994 460 et
1019 429 1175 461 hactenus
1199 429 1387 461 confirmata
1415 429 1484 460 suit.

1006 481 1020 523 ἓ
1045 481 1075 513 ⁶2.
1104 481 1179 513 Cum
1201 486 1317 519 autem,
1340 482 1422 513 sicut
1443 482 1552 513 eadem
1572 480 1700 523 exposi-

1693 534 1698 539 .
1711 523 1785 544 preces
1808 523 1844 543 pro
1864 518 1895 537 di-

1765 491 1844 511 Causae
1874 492 1895 510 et

941 560 942 567 ,
965 533 1006 566 tio
1032 533 1262 576 subiungebat,
1289 534 1437 566 nonnulli
1465 539 1745 566 transmontanicua
1769 544 1895 564 declaratio·

941 613 942 616 ,
964 586 1127 629 episcopi,
1155 586 1271 628 quibus
1303 587 1350 619 vel
1377 596 1441 619 non
1467 587 1550 619 bene
1576 587 1700 619 resolu-

1711 577 1736 591 ne
1753 570 1876 591 obtinenda.

964 639 1006 672 tio
1032 639 1197 682 praedicta
1215 639 1408 679 innotescit,
1426 640 1492 678 vel,
1516 640 1641 672 tametsi
1662 641 1699 672 ab

964 694 1095 726 oraculo
1114 693 1279 736 pontificio
1299 704 1356 736 per
1374 703 1528 735 organum
1548 699 1623 725 tunc
1641 693 1702 725 exi-

964 745 1078 778 stentis
1105 746 1253 778 Brevium
1282 751 1482 778 secretorum
1509 756 1524 777 a
1550 746 1700 785 secretis,

964 799 1132 831 nonnullis
1157 798 1273 831 litteris
1292 799 1323 830 iu
1352 799 1452 831 forma
1478 799 1586 831 Brevis
1614 798 1703 830 desu-

964 862 1024 895 per
1050 852 1228 894 expeditis,
1255 862 1314 894 per
1339 862 1418 895 quas
1444 851 1554 884 elerici
1581 862 1703 884 memo-

941 911 1051 955 :ratae
1085 905 1350 947 CongregatIOnis
1388 910 1476 937 extra
1508 909 1654 948 tempora
1686 915 1702 936 a

965 959 1033 991 iure
1059 963 1174 991 statuta
1213 959 1250 990 ad
1285 958 1389 991 dictos
1424 969 1532 990 sacros
1569 958 1710 996 ordines

964 1011 1149 1054 promoveri
1175 1016 1324 1054 possent,
1345 1010 1553 1050 confirmata,
1582 1010 1703 1043 nullius

965 1065 1125 1097 efficaciae
1151 1076 1251 1108 penes
1277 1065 1367 1107 ipsos
1394 1064 1514 1104 existat,
1541 1064 1705 1097 nibilomi-

965 1129 1023 1150 nus
1049 1118 1245 1161 praedictam
1272 1118 1454 1149 facultatem
1474 1116 1644 1149 admittere
1660 1126 1705 1148 re-

941 1190 943 1200 «
964 1177 1096 1211 cusent;
1124 1182 1160 1204 ac
1185 1177 1357 1214 propterea
1376 1170 1478 1203 dictus
1496 1170 1634 1202 Ioannes
1653 1179 1705 1201 su-

964 1224 1074 1267 perior
1099 1224 1277 1266 generalis‚
1296 1224 1333 1256 ad
1353 1224 1565 1256 removendas
1591 1223 1629 1254 de
1656 1232 1705 1254 ce·

965 1283 1033 1311 tero
1059 1279 1118 1311 bac
1137 1278 1167 1310 in
1190 1289 1224 1310 re
1243 1288 1463 1321 quascumque
1490 1277 1704 1316 difficultates,

966 1333 1005 1366 de
1030 1335 1212 1375 opportuna
1232 1332 1261 1364 in
1281 1331 1466 1375 praemissis
1485 1329 1702 1363 declaratione

942 1406 943 1413 κ
965 1397 980 1419 a
998 1386 1092 1419 nobis
1110 1385 1276 1429 provideri
1297 1395 1503 1428 summopere
1524 1384 1703 1417 desideret:

1779 1443 1899 1465 neclan-atio

1714 1471 1832 1497 praedicta.

1008 1439 1070 1482 53.
1087 1439 1149 1472 Nos
1164 1439 1272 1481 igitur,
1287 1438 1394 1481 ipsum
1411 1438 1562 1469 loannem
1578 1436 1703 1479 specia-

965 1492 1003 1525 lis
1022 1492 1129 1525 favore
1148 1492 1269 1534 gratiae
1287 1490 1440 1534 prosequi
1460 1490 1619 1527 volentes,
1641 1494 1671 1521 et
1688 1499 1704 1521 a

965 1545 1131 1588 quibusvis
1147 1543 1503 1583 excommunicationis,
1520 1543 1704 1586 suspensio-

965 1598 1014 1630 nis
1040 1602 1071 1630 et
1096 1597 1277 1637 interdicti,
1304 1596 1439 1639 aliisque
1474 1594 1702 1628 ecclesiasticis

965 1650 1148 1689 sententiis,
1168 1649 1312 1683 censuris
1333 1655 1364 1682 et
1389 1649 1514 1692 poenis,
1534 1659 1551 1680 a
1569 1648 1638 1680 iure
1657 1648 1704 1680 vel

966 1704 1005 1736 ab
1031 1704 1181 1742 homine,
1206 1703 1317 1746 quavis
1344 1702 1512 1735 occasione
1536 1703 1584 1734 vel
1611 1703 1707 1733 causa

966 1757 1048 1797 latis,
1076 1757 1101 1789 si
1121 1757 1239 1800 quibus
1259 1756 1507 1800 quomodolibet
1533 1755 1704 1788 innodatus

967 1811 1083 1850 existit,
1104 1811 1142 1843 ad
1168 1809 1316 1843 effectum
1342 1809 1563 1852 praesentium
1581 1808 1707 1841 dumta—

968 1869 1018 1897 xat
1043 1865 1325 1907 consequendum,
1352 1863 1464 1896 harum
1490 1862 1572 1895 serie
1599 1861 1706 1894 absol-

966 1922 1075 1951 ventes
1104 1923 1135 1950 et
1159 1918 1338 1950 absolutum
1359 1917 1425 1949 sore
1447 1920 1624 1953 censentes,
1647 1914 1705 1945 bu-

967 1971 1105 2003 iusmodi
1133 1969 1426 2013 supplicationibus
1464 1968 1632 2006 inclinati,
1664 1966 1708 1999 sa-

968 2024 1119 2056 cultatem
1150 2022 1374 2066 superioribus
1407 2021 1594 2064 praedictae
1623 2019 1706 2053 Con-

969 2077 1167 2119 gregationis
1192 2076 1354 2109 Missionis
1387 2073 1590 2107 concedendi
1622 2073 1706 2105 litte-

968 2140 1018 2162 ras
1043 2129 1244 2163 dimissorias
1265 2129 1330 2161 suis
1348 2128 1483 2160 subditis
1508 2127 1705 2169 ubicumque

969 2183 1199 2221 existentibus,
1226 2187 1321 2225 prout
1346 2181 1410 2213 illis
1434 2180 1629 2223 competisse
1656 2189 1707 2211 re-

969 2236 1108 2267 solutum
1134 2235 1213 2274 suit,
1238 2240 1274 2267 ut
1298 2234 1501 2277 praefertur,
1534 2233 1641 2266 adhuc
1666 2232 1706 2264 de

969 2287 1131 2330 praesenti
1157 2292 1355 2330 competere,
1374 2286 1562 2319 auctoritate
1583 2290 1706 2328 aposto-

970 2340 1048 2379 lica,
1069 2345 1181 2372 tenore
1205 2339 1444 2382 praesentium,
1467 2339 1679 2372 declaramus.

1014 2393 1028 2436 ἓ
1059 2392 1091 2425 lt.
1119 2393 1357 2432 Decernentes‚
1393 2393 1478 2436 ipsas
1515 2396 1704 2436 praesentes

971 2445 1094 2478 litteras
1116 2445 1236 2485 firmas,
1261 2445 1384 2478 validas
1410 2451 1442 2478 et
1469 2446 1614 2478 efficaces
1640 2445 1705 2478 exi-

970 2503 1057 2530 stere
1083 2502 1115 2530 et
1140 2498 1207 2530 sore
1223 2524 1231 2538 ,
1257 2508 1398 2540 suosque
1424 2498 1587 2541 plenarios
1608 2504 1640 2530 et
1660 2498 1706 2530 in-

971 2556 1080 2593 tegros
1114 2550 1247 2584 ess'ectus
1278 2551 1389 2584 sortiri
1415 2556 1447 2584 et
1471 2551 1641 2591 obtinere,
1668 2561 1704 2583 ac

970 2604 1057 2645 illis,
1082 2604 1121 2637 ad
1146 2614 1226 2648 quos
1261 2609 1384 2648 spectat
1409 2610 1440 2637 et
1471 2615 1529 2648 pro
1555 2610 1703 2648 tempore

1744 2394 1861 2414 Clausulas.
