2170 3147
245 254 298 281 An.
318 252 348 281 C.
364 252 433 280 1727
477 242 544 276 6⁶22

282 1858 402 1879 ctausutae.

323 1964 438 1990 basogeriis>

254 1993 419 2013 contrariorum.

441 301 599 343 nignitate
641 297 820 342 apostolica
856 296 1079 339 dignaremur.
1119 294 1183 327 Nos

440 353 555 396 igitur,
582 353 670 395 ipsos
697 355 896 393 exponentes
921 348 1119 392 specialibus
1139 347 1182 379 sa<

441 406 570 438 roribus
598 410 630 437 ct
654 404 767 446 gratiis
793 403 950 447 prosequi
976 402 1134 442 volentes,
1155 406 1185 433 et

442 470 552 492 corum
572 459 755 501 singulares
775 466 930 500 personas
948 467 965 488 a
979 455 1184 498 quibuscum-

442 523 505 556 que
533 510 890 549 cxcommunicationis,
913 508 1136 552 suspensionis
1155 514 1185 539 et

441 566 630 605 interdicti,
663 565 801 608 aliisque
840 561 1073 596 ecclesiasticis
1111 572 1185 594 scn-

442 619 550 652 tentiis
567 647 574 658 ,
601 618 748 652 censuris
775 623 806 650 et
832 616 972 661 poenis,
999 626 1017 648 a
1043 615 1111 648 iure
1136 615 1184 648 vel

442 671 481 705 ab
508 671 654 711 homine,
682 670 792 715 quavis
819 670 992 703 occasione
1018 669 1066 701 vel
1090 670 1186 701 causa

442 726 525 766 latis,
553 727 579 759 si
607 725 723 769 quibus
739 723 989 768 quomodolibet
1010 722 1184 755 innodatae

443 779 595 818 existunt,
613 779 650 812 ad
678 777 828 811 effectum
854 776 1077 821 praesentium
1095 775 1186 808 dum-

444 838 528 865 taxat
553 831 843 875 consequendum,
873 830 987 862 harum
1014 831 1098 862 serie
1124 828 1182 860 ab·

443 886 606 918 solventes
633 891 663 917 et
688 884 854 917 absolutas
883 884 951 916 sore
989 886 1184 920 censentes,

444 938 633 971 huiusmodi
651 936 948 981 supplicationibus
967 934 1124 972 inclinati,
1148 934 1185 966 de

442 991 679 1025 venerabilium
706 991 839 1023 fratrum
866 994 1051 1022 nostrorum
1077 986 1185 1020 SRE.

443 1044 654 1078 cardinalium
680 1043 823 1087 negotiis
845 1048 875 1076 et
893 1041 1186 1076 consultationibus

444 1099 673 1142 episcoporum
700 1103 732 1130 et
756 1097 954 1140 regularium
981 1094 1188 1139 praeposito-

447 1164 531 1193 rum,
559 1153 613 1197 qui
640 1152 833 1186 relationem
859 1149 971 1183 dilecti
990 1149 1110 1192 pariter
1132 1148 1186 1180 tilii

445 1206 594 1240 moderni
622 1205 843 1249 procuratoris
869 1203 1035 1246 generalis
1057 1201 1187 1234 Ordinis

444 1259 604 1303 praedicti
631 1269 731 1302 super
756 1257 945 1301 praemissis
972 1256 1093 1289 eisdem
1121 1265 1188 1287 car-

447 1312 613 1346 dinalibus
651 1312 767 1344 factam
804 1310 981 1348 viderunt,
1022 1307 1187 1347 consilio,

446 1366 685 1410 praeinsertam
711 1364 922 1398 alternativae
948 1361 1158 1396 concordiam
1181 1388 1187 1401 ‚

446 1420 624 1463 omniaque
652 1425 684 1452 et
709 1418 838 1461 singula
863 1417 894 1449 in
934 1419 971 1450 ea
1008 1422 1188 1455 contenta,

448 1473 643 1506 auctoritate
670 1472 869 1516 apostolica,
899 1476 1011 1503 tenore
1038 1479 1191 1512 praesen-

449 1527 546 1566 tium,
573 1526 804 1559 confirmamus
832 1530 863 1557 et
889 1525 1127 1568 approbamus,
1154 1522 1191 1555 il-

448 1580 552 1623 lisque
580 1579 777 1612 inviolahilis
806 1578 1008 1621 apostolicae
1031 1576 1190 1609 firmitatis

448 1634 549 1666 robur
574 1633 763 1673 adijcimus,
791 1643 827 1665 ae
852 1641 966 1664 omnes
991 1636 1020 1663 et
1046 1630 1190 1673 singulos

448 1687 528 1720 iuris
554 1692 585 1720 et
611 1687 683 1719 sacti
710 1686 878 1725 desectus,
907 1685 931 1717 si
967 1684 1021 1727 qui
1054 1684 1193 1726 desuper

449 1740 700 1784 quomodolibet
718 1738 969 1777 intervenerint,
986 1737 1191 1780 supplemus:

449 1794 533 1827 salva
560 1799 668 1826 tamen
695 1802 827 1835 semper
854 1792 886 1824 in
916 1790 1103 1834 praemissis
1138 1800 1193 1822 au-

450 1847 599 1880 ctoritate
625 1845 898 1889 Congregationis
919 1844 1109 1877 eorumdem
1131 1854 1194 1876 car-

451 1900 621 1934 dinalium.

494 1954 508 1997 §
532 1954 561 1987 3.
588 1954 825 1991 Decernentes‚
844 1952 976 1985 easdem
1000 1955 1192 1994 praesentes

451 2007 577 2040 litteras
602 2006 728 2046 sirmas,
756 2005 841 2046 etc.,¹

494 2060 508 2103 ἓ
533 2060 565 2093 4.
595 2059 664 2092 Non
691 2058 895 2093 obstantibus
921 2055 1131 2100 praemissis,
1159 2066 1195 2088 ac

450 2113 740 2147 constitutionibus
766 2118 797 2146 et
822 2111 1085 2145 ordinationibus
1117 2120 1195 2153 apo-

451 2167 598 2208 stolicis,
624 2177 750 2200 necnon
776 2165 965 2210 provinciae
999 2170 1030 2198 ct
1066 2163 1195 2197 Ordinis

452 2222 710 2266 praedictorum,
739 2220 834 2254 ctiam
861 2220 1062 2259 iuramento,
1090 2217 1163 2251 etc.¹

494 2275 608 2308 Datum
631 2275 774 2315 Romae,
803 2273 889 2317 apud
913 2272 944 2306 S.
976 2272 1107 2305 Mariam
1135 2271 1196 2303 Ma-

452 2329 572 2367 iorem,
601 2329 660 2360 sub
694 2327 816 2360 annulo
852 2326 1053 2366 piscatoris,
1085 2325 1136 2358 die
1163 2335 1196 2357 111

453 2383 595 2414 octobris
621 2391 822 2421 nnccxxvu,
851 2379 1066 2425 pontificatus
1092 2379 1196 2412 nostri

455 2445 539 2467 anno
565 2445 608 2468 tv.

492 2496 550 2523 Dat.
569 2496 613 2522 die
629 2496 644 2522 3
661 2496 782 2523 octobris
806 2497 883 2530 1727,
906 2496 1001 2532 pontif.
1022 2504 1092 2522 aimo
1110 2503 1146 2522 ιγ.

496 2613 505 2638 1
531 2611 561 2638 [t
582 2620 662 2646 supra
683 2620 744 2645 pag.
766 2611 811 2637 471
836 2621 853 2637 (ι
874 2614 910 2645 tu.
927 2613 975 2644 T.).

494 2658 510 2683 ‘2
532 2656 562 2683 L't
583 2664 664 2691 supra
686 2664 745 2690 pag.
769 2656 813 2682 471
839 2666 855 2681 α
875 2657 914 2690 (κ,
932 2664 979 2690 Ἢ).

1029 245 1211 271 BULLARIUM
1235 243 1387 270 ROMANUM

1549 290 1648 325 CCIX.

1231 364 1453 406 Confirmalur
1497 363 1660 396 decretum
1703 357 1971 403 Conqreqatt'onis

1272 428 1369 460 super
1393 416 1572 460 (lisciplz'mi
1606 414 1779 458 reqularz',
1811 422 1878 456 qua
1911 410 1972 443 de-

1273 471 1421 503 cernitur
1456 474 1492 502 ul
1534 469 1730 512 oppositores
1765 466 1850 499 vilae
1881 474 1972 496 com—

1274 524 1382 556 munis
1408 523 1551 565 fratrum
1578 520 1713 555 Ordinis
1730 520 1769 552 B.
1791 518 1918 551 Mariae
1935 516 1973 549 de

1274 577 1381 609 Monte
1407 575 1554 610 Ctu‘melo
1586 575 1719 607 strictae
1753 570 1974 606 observantiae

1272 629 1462 673 provinciae
1472 629 1504 662 S.
1517 627 1647 661 Alberci
1656 624 1822 659 inSicilia
1839 623 1973 658 omniuo

1276 683 1512 727 acquiescerent
1537 681 1557 713 ¹.

1407 761 1590 789 Benedictus
1612 761 1694 794 Papa
1718 759 1797 790 xm,

1375 807 1412 833 ad
1433 807 1571 833 futuram
1590 805 1636 833 rei
1656 804 1840 831 memoriam.

1276 879 1290 922 g
1314 879 1345 912 1.
1366 877 1475 921 Nuper
1493 888 1552 921 pro
1571 881 1663 920 parte
1683 874 1793 908 dilecti
1813 874 1869 907 tilii
1889 873 1972 907 Petri
1984 885 2092 912 Exposuit)
2107 885 2163 908 facit.

1233 944 1249 965 a
1275 932 1343 965 Iesu
1378 937 1408 965 et
1444 931 1560 971 Maria,
1588 929 1812 974 procuratoris
1838 928 1974 961 fratrum

1232 986 1359 1019 Ordinis
1386 986 1419 1018 B.
1460 984 1576 1018 Mariae
1609 984 1648 1017 de
1684 983 1791 1017 Monte
1826 982 1974 1015 Carmelo

1233 1040 1363 1074 strictae
1390 1039 1618 1073 observantiae
1651 1037 1838 1082 provinciae
1863 1036 1894 1070 S.
1922 1036 1975 1069 Al-

1234 1094 1316 1127 berti
1344 1094 1374 1126 in
1401 1093 1524 1133 Sicilia,
1543 1093 1639 1126 nobis
1665 1091 1839 1136 exposito,
1866 1090 1974 1134 quod,

1234 1159 1305 1180 cum
1332 1148 1364 1180 in
1390 1148 1474 1180 dicta
1501 1147 1668 1190 provincia
1702 1146 1847 1190 perfecta
1882 1155 1977 1188 regu-

1234 1202 1311 1234 laris
1336 1201 1545 1234 observantia
1571 1210 1683 1233 eorum
1720 1199 1852 1242 regulae
1890 1197 1976 1230 miti-

1235 1260 1326 1297 gatae
1353 1259 1384 1287 et
1409 1253 1472 1286 vita
1505 1253 1686 1286 communis
1722 1263 1794 1285 cum
1828 1250 1977 1294 pluribus

1235 1307 1504 1351 Congrcgationis
1515 1306 1751 1340 venerabilium
1771 1306 1906 1338 fratrum
1922 1314 1978 1338 no-

1235 1367 1374 1395 strorum
1412 1361 1443 1394 S.
1471 1361 1508 1393 R.
1535 1360 1570 1393 E.
1610 1360 1717 1393 curiae
1753 1359 1978 1403 praelatorum

1236 1426 1335 1459 super
1361 1414 1534 1458 disciplina
1560 1413 1699 1457 regulari
1727 1413 1902 1457 deputatae
1924 1412 1979 1445 de-

1236 1470 1345 1510 cretis,
1363 1469 1478 1502 litteris
1496 1467 1697 1512 apostolicis,
1719 1472 1750 1500 et
1771 1466 1905 1500 oraculo
1921 1476 1978 1499 no-

1236 1529 1303 1556 stro
1330 1523 1472 1556 stabilita
1507 1522 1620 1555 suisset
1652 1525 1728 1565 post.
1757 1521 1873 1554 multas
1903 1529 1978 1553 con-

1238 1577 1449 1610 tradictiones
1473 1577 1712 1609 nonnullorum
1739 1574 1885 1608 eiusdem
1907 1584 1979 1617 pro-

1237 1631 1361 1665 vinciae
1392 1630 1639 1673 religiosorum,
1666 1629 1730 1662 illis
1765 1627 1917 1661 discussis
1944 1637 1979 1659 ac

1237 1685 1427 1718 examinatis
1462 1690 1491 1716 et
1526 1683 1657 1716 tandem
1684 1682 1729 1715 uti
1763 1681 1978 1715 insubsisten-

1238 1741 1324 1772 tibus
1351 1739 1388 1771 ab
1415 1739 1529 1772 eadem
1555 1736 1815 1780 Congregatione
1841 1734 1978 1774 reiectis,

1236 1793 1334 1826 iidem
1362 1792 1507 1834 religiosi
1534 1791 1744 1834 oppositores
1765 1801 1781 1822 a
1803 1786 1980 1822 tardandfi'

1237 1846 1346 1889 operis
1370 1851 1433 1878 tam
1458 1844 1559 1877 sancti
1586 1854 1665 1887 pace
1684 1842 1818 1876 minime
1835 1851 1980 1875 cessare-

1237 1899 1324 1939 rat³;
1353 1899 1494 1942 ideoque
1516 1898 1621 1930 dictus
1646 1897 1760 1930 Petrus
1787 1900 1980 1940 procurator

1237 1954 1446 1986 intellexerat
1487 1952 1573 1996 quod
1614 1951 1660 1984 illi
1702 1950 1740 1983 ab
1781 1960 1894 1984 eorum
1934 1948 1981 1982 in-

1238 2006 1367 2040 stantiis
1394 2017 1409 2038 a
1436 2005 1603 2049 praedicta
1628 2003 1888 2047 Congregatione
1925 2002 1980 2036 de-

1239 2060 1399 2093 clinantes
1427 2065 1570 2092 mentem
1596 2063 1741 2091 nostram
1768 2056 1917 2090 molestia
1939 2055 1982 2089 as-

1238 2114 1381 2156 ficerent,
1408 2114 1550 2157 idipsum
1575 2117 1790 2156 exponentes,
1818 2110 1903 2155 quod
1923 2120 1981 2154 per

1239 2179 1291 2201 sex
1318 2178 1479 2201 annorum
1506 2177 1635 2199 cursum
1663 2166 1789 2198 matura
1822 2163 1977 2198 conside-

1239 2221 1363 2254 ratione
1390 2231 1407 2254 a
1433 2220 1598 2263 praedicta
1622 2217 1882 2261 Cougregatione
1909 2227 1980 2250 exa-

1239 2276 1406 2314 minatum,
1434 2279 1465 2306 et
1491 2273 1523 2305 in
1549 2274 1585 2305 ea
1611 2272 1649 2304 ab
1676 2271 1738 2304 illis
1764 2271 1924 2311 itetarum,
1951 2275 1982 2303 et

1239 2327 1376 2361 subinde
1402 2337 1462 2370 pro
1489 2324 1716 2360 insubsistenti
1743 2330 1774 2357 et
1805 2335 1865 2367 pro
1901 2325 1982 2367 pura

1240 2380 1467 2415 aemulationis
1494 2381 1594 2423 opera
1619 2378 1823 2421 recognitum
1849 2378 1978 2410 suerat:

1276 2479 1288 2505 1
1313 2478 1368 2504 Alia
1390 2477 1470 2504 liuius
1490 2476 1632 2503 Pontificis
1652 2479 1738 2502 const.
1760 2474 1804 2502 ed.
1824 2478 1957 2501 moccxxiv
1970 2495 1977 2506 ‚

1241 2523 1284 2550 die
1303 2524 1336 2550 ί27
1357 2522 1424 2555 iulii,
1446 2521 1541 2557 pontis.
1564 2528 1588 2553 ι,
1609 2521 1734 2547 instituta
1753 2519 1804 2546 suit
1823 2518 1981 2546 reformatio

1241 2567 1328 2594 dictae
1349 2566 1501 2602 provinciae
1521 2566 1547 2591 S.
1570 2565 1684 2592 Alberti.

1276 2612 1291 2637 2
1313 2611 1425 2637 Videtur
1444 2610 1590 2645 legendum
1610 2609 1755 2637 turbanda
1776 2612 1815 2641 (n.
1834 2608 1883 2642 T.).

1280 2657 1294 2683 3
1310 2656 1358 2683 Vel
1370 2655 1476 2691 legend.
1491 2658 1644 2687 cessarent,
1658 2654 1697 2680 vet
1707 2656 1890 2682 cessaverant
1900 2653 1979 2692 (nali

1977 236 2026 265 An.
2046 236 2075 266 C.
2092 237 2156 268 ¹727
