2170 3147
258 212 306 236 An.
324 211 351 236 c.
375 208 442 236 1728
488 200 552 233 660

290 1227 401 1246 llaninatio
418 1229 436 1246 ct

254 1253 437 1278 prohibitioprae⁴

254 1281 357 1299 <lictorum
376 1281 437 1299 toti«.-

253 1311 297 1325 rum
314 1306 351 1325 sub
367 1307 436 1331 poena

260 1338 428 1353 exconmunis-3.

254 1359 324 1378 timuis.

452 259 565 291 dolore
589 258 752 301 pervenit,
775 257 874 291 laicos
901 257 1076 301 quosdam,
1097 257 1194 290 simu-

453 313 555 344 lantes
591 312 678 355 loqui
716 322 827 354 paceni
863 317 894 344 et
927 311 1093 344 veritatem
1120 322 1192 344 cum

451 366 598 408 proximo
625 376 705 404 suo,
733 366 815 398 mala
847 371 954 398 autem
982 365 1013 397 in
1040 365 1193 398 cordibus

450 418 513 449 suis
542 418 734 460 cogitantes,
757 424 792 450 ut
818 418 963 450 incautos
991 418 1021 450 in
1048 428 1193 451 errorem

451 471 612 509 inducam,
636 471 722 503 iuxta
748 471 809 503 iter
830 471 1016 504 scandalum
1044 471 1193 504 fidelihus

448 525 606 567 posuisse,
622 530 718 568 atque
737 535 782 564 ea,
798 535 881 568 (luae
900 524 974 558 fidei
997 530 1089 558 certa
1109 530 1193 565 sunt,

450 577 481 608 in
513 578 770 610 controversiam
809 589 946 618 vocare,
974 579 1194 611 ecclesiastica

449 629 569 662 iudicia
584 630 704 663 nedum
724 636 911 671 retractare,
929 631 985 663 sed
1005 630 1101 664 etiam
1124 631 1194 663 sub-

449 689 583 724 vertere,
603 689 643 723 ct,
662 694 734 716 cum
751 695 826 717 oves
845 684 916 724 sint,
934 689 1082 727 pastores
1106 685 1194 728 ipsos

449 736 568 769 ducere
591 742 622 769 et
641 737 838 780 redarguere
864 744 1126 780 1*›i·aesun1entes,
1150 739 1194 771 so-

449 789 491 821 lia
517 790 687 832 quaedam,
708 796 859 823 aeternae
886 792 998 823 salutis
1026 792 1194 824 immemo—

449 854 508 882 res,
536 845 714 885 evulgasse,
735 845 818 888 typis
845 845 963 887 gallico
989 845 1142 878 idiomate
1165 856 1194 877 e-

449 896 524 937 dita,
543 897 666 939 absque
694 903 839 940 tempore
858 908 894 930 ac
914 899 986 931 loco
1009 899 1194 941 impressio—

448 950 498 982 nis
524 956 553 982 et
581 951 714 983 nomine
741 950 969 994 impresseris,
994 962 1132 994 quorum
1156 951 1193 983 ti—

449 1003 552 1035 tnlus:
571 1003 799 1037 Comullacz'on
816 1002 854 1036 de
872 1005 1041 1037 nzessieurs
1057 1005 1100 1037 les
1114 1005 1190 1038 Avo-

448 1060 514 1088 σαῖς
538 1055 581 1088 clu
607 1057 797 1090 Parlement
814 1057 851 1090 de
870 1058 970 1091 Paris
987 1069 1030 1091 au
1044 1059 1127 1101 sajet
1148 1059 1192 1091 du

441 1108 612 1152 ιῘηῃουτοηί
636 1110 740 1143 remla
761 1111 782 1142 (ἰ
801 1111 953 1144 Ambrun
978 1116 1086 1144 contre
1115 1122 1192 1145 mes-

448 1163 536 1195 si'eur
559 1163 713 1207 l'eresqne
738 1164 776 1196 de
800 1164 909 1198 Senes.

492 1216 507 1258 ξ
526 1216 554 1249 ⁶2.
577 1217 658 1250 Hinc
676 1224 722 1250 est
743 1218 829 1261 quod
849 1229 926 1260 nos,
943 1229 1003 1262 pro
1021 1220 1191 1252 commissa

449 1270 544 1302 nobis
579 1270 733 1303 divinitus
768 1272 876 1314 gregis
904 1273 1058 1305 dominici
1091 1275 1191 1314 cura,

448 1322 627 1355 animarum
655 1324 809 1366 periculis
835 1331 930 1368 atque
967 1326 1189 1367 detrimentiS,

448 1386 531 1418 quae
557 1388 593 1409 ex
620 1377 840 1420 praefatorum
876 1378 1027 1411 soliorum
1054 1380 1193 1413 lectione

450 1435 480 1460 et
505 1439 564 1462 usu
592 1430 765 1472 provenire
791 1437 944 1473 possent,
972 1432 1126 1474 pastorali
1149 1433 1194 1464 vi-

449 1483 584 1524 gilantia
621 1493 656 1514 ac
694 1483 937 1524 sollicitudine,
969 1490 1124 1528 quantum
1160 1486 1193 1519 in

448 1534 586 1567 Domino
612 1545 798 1578 possumus,
826 1547 1000 1570 occurrere
1026 1540 1191 1580 volentes,

449 1588 487 1620 de
514 1590 749 1621 nonnullorum
782 1591 1019 1624 venerabilium
1059 1592 1194 1625 fratrum

450 1647 636 1674 nostrornm
657 1642 685 1675 S.
706 1642 742 1675 P..
758 1643 791 1675 Ε.
812 1643 1025 1678 cardinalium
1044 1646 1193 1688 consilio,

449 1705 485 1727 ac
503 1695 600 1728 etiam
619 1701 706 1728 motu
727 1697 875 1740 proprio,
890 1703 971 1731 etex
985 1697 1071 1732 certzi
1089 1700 1195 1733 scien-

450 1749 490 1781 tia
516 1756 547 1781 et
573 1752 698 1782 matura
723 1750 965 1785 deliberatione
987 1753 1118 1794 nostriS,
1140 1754 1194 1787 de-

449 1813 511 1845 que
544 1804 746 1846 apostolicae
772 1806 940 1847 potestatis
965 1805 1194 1848 plenitudine,

449 1857 525 1889 solia
550 1856 730 1899 praedicta,
758 1863 872 1900 utpote
898 1859 1100 1893 continentia
1121 1871 1194 1904 pro-

447 1910 630 1953 positiones
655 1911 880 1952 scandalosas,
913 1913 1122 1955 temerarias,
1149 1925 1194 1948 se-

449 1964 582 1998 ditiosas
602 1993 608 2004 ,
652 1965 850 2008 perniciosas
868 1994 876 2007 ‚
918 1968 1169 2001 contumeliosas
1184 1996 1191 2009 ,

449 2018 657 2060 Apostolicae
691 2019 782 2051 Sedis
816 2025 848 2052 et
881 2020 1111 2063 episcoporum
1138 2032 1193 2054 au-

448 2071 589 2103 ctoritati
617 2072 797 2105 contrarias
823 2077 855 2105 et
880 2072 1070 2114 iniuriosae,
1097 2080 1193 2118 atque

450 2124 578 2157 haeresi
607 2125 770 2165 faventes,
807 2137 934 2161 necnon
973 2128 1193 2161 schismaticas

450 2179 629 2221 respective
656 2186 685 2212 et
714 2181 907 2223 haereticas,
935 2182 994 2214 sub
1020 2192 1119 2225 supra
1145 2193 1194 2215 ex-

449 2241 575 2273 presso,
603 2232 707 2265 aliove
727 2244 932 2277 quocumque
955 2234 1047 2268 titulo
1065 2240 1097 2268 ct
1114 2236 1195 2269 idio-

448 2289 553 2325 mate,
581 2296 636 2318 scu
673 2287 783 2329 quavis
818 2287 962 2320 editione
989 2293 1021 2321 et
1045 2289 1193 2322 versione

449 2337 647 2381 ubicumque
686 2340 843 2373 hactenus
885 2342 968 2384 typis
1009 2341 1168 2385 impressa
1184 2370 1191 2384 ‚

450 2401 486 2422 ac
511 2391 606 2423 etiam
634 2404 726 2424 manu
747 2395 878 2437 scripta,
896 2401 965 2435 aut,
985 2395 1074 2438 quod
1096 2396 1192 2437 absit,

450 2443 606 2486 deinceps
642 2446 858 2488 imprimenda
890 2453 921 2480 et
957 2448 1191 2489 describenda,

451 2501 563 2529 tenure
589 2500 812 2540 praesentium
846 2501 1056 2541 damnamus,
1082 2512 1193 2545 repro-

448 2550 575 2589 bamus,
603 2560 638 2582 ac
664 2551 725 2593 legi
752 2558 781 2584 et
808 2553 939 2587 retineri
960 2555 1189 2597 prohibemus,

449 2603 647 2647 illorumque
690 2605 965 2649 iinprvssioinsi‘n,
1002 2608 1192 2651 descriptio-

1042 205 1225 233 BULLARIUM
1252 207 1409 232 ROMANUM

1238 267 1335 297 nem,
1361 257 1558 299 lectionem,
1590 258 1808 292 retentionem
1834 263 1866 292 et
1889 268 1982 292 usum

1238 312 1386 344 omnibus
1401 320 1432 346 et,
1445 311 1581 355 singulis
1596 312 1874 354 christifidelibus,
1887 312 1981 346 etiam

1239 364 1386 407 specifica
1421 370 1451 397 et
1484 365 1649 398 indii-idua
1682 366 1849 399 mentione
1874 371 1905 399 et
1931 377 1982 400 ex-

1239 417 1408 460 pressione
1435 410 1558 460 dignis,
1584 420 1643 451 sub
1669 416 1774 462 poena
1800 429 1982 452 excommu-

1240 470 1413 504 nicationis
1430 482 1490 514 per
1511 471 1785 505 contrafacientes
1804 472 1875 516 ipso
1898 473 1981 506 sacto

1239 525 1362 568 absque
1388 524 1451 557 alia
1477 524 1700 558 declaratione
1725 526 1939 568 incurrenda,
1965 537 1982 559 a

1239 587 1302 620 qua
1328 587 1422 609 nemo
1449 588 1465 610 a
1491 588 1674 621 quoquam,
1709 584 1938 623 praeterquam
1965 590 1982 612 a

1239 630 1333 663 nobis
1359 641 1416 663 seu
1444 631 1591 664 Romano
1621 631 1775 665 Pontifice
1809 643 1869 676 pro
1905 638 1982 666 tem-

1239 694 1319 726 pore
1346 684 1524 723 existente,
1550 684 1611 716 nisi
1643 685 1674 717 in
1705 684 1820 718 mortis
1847 685 1982 719 articulo

1239 737 1442 779 constitutus,
1469 738 1687 771 absolutionis
1712 739 1905 772 beneficium
1931 750 1982 772 va-

1239 791 1302 822 leat
1327 790 1488 831 obtinere,
1515 792 1649 825 omnino
1675 792 1912 826 interdicimus.

1987 211 2039 239 An.
2055 211 2084 240 C.
2105 213 2168 244 {728

1282 844 1296 886 ξ
1321 844 1352 877 3.
1380 844 1550 885 Volentes,
1578 850 1609 877 et.
1634 846 1823 879 auctoritate
1854 851 1982 890 aposto·
2018 856 2125 878 Prohibita
2139 863 2169 880 re·

1993 885 2059 904 tentio
2092 890 2169 907 eorum·

1239 897 1297 929 lica
1335 898 1550 938 mandantes,
1577 903 1634 938 ut,
1672 899 1869 943 quicumque
1908 899 2048 933 foliati-21...

1238 950 1426 983 huiusmodi
1465 962 1564 994 penes
1603 963 1636 985 se
1673 952 1869 994 habuerint,
1906 953 1982 994 illa,

1238 1003 1343 1036 statim
1370 1009 1467 1047 atque
1494 1012 1683 1047 praesentes
1708 1007 1836 1039 litterae
1862 1006 1908 1039 eis
1934 1006 1982 1039 in-

1238 1058 1421 1097 notuerint,
1448 1059 1592 1091 locorum
1622 1059 1799 1093 Ordinariis
1830 1060 1878 1093 vel
1904 1060 1983 1094 bae-

1239 1110 1355 1143 reticae
1381 1111 1546 1153 pravitatis
1573 1112 1823 1156 inquisitoribus
1852 1113 1981 1146 tradere

1237 1169 1333 1207 atque
1359 1163 1554 1207 consignare
1582 1171 1766 1199 teneantur.
1793 1166 1830 1199 lli
1851 1177 1928 1199 vero
1946 1176 1982 1199 ea

1237 1217 1297 1249 sibi
1335 1217 1382 1250 sic
1418 1217 1535 1250 tradita
1571 1218 1658 1252 illico
1696 1219 1830 1252 nammis
1856 1219 1981 1253 aboleri

1237 1276 1363 1303 curent⁴
1392 1271 1424 1303 ln
1453 1273 1653 1305 contrarium
1692 1272 1884 1307 facientibus
1914 1284 1980 1307 non

1238 1323 1444 1357 obstantibus
1469 1325 1744 1369 quibuscumque.

1281 1378 1296 1420 ἓ
1321 1378 1352 1410 4.
1380 1378 1419 1410 Ut
1437 1384 1542 1411 autem
1562 1380 1694 1413 eaedem
1717 1385 1908 1423 praesentes
1930 1380 1981 1414 lit-

2051 1389 2168 1411 Decet-uitat·

1992 1417 2106 1444 publicatio
2133 1416 2166 1437 ltu-

1238 1438 1325 1465 terae
1352 1432 1390 1465 ad
1415 1432 1557 1465 omnium
1585 1433 1732 1466 notitiam
1759 1433 1883 1467 facilius
1907 1443 2168 1478 per-rumtntorarum.

1238 1485 1413 1525 ducantur,
1446 1496 1505 1519 nec
1538 1486 1707 1530 quisquam
1734 1486 1862 1520 illarum
1888 1487 1982 1531 igno-

1238 1539 1375 1572 rantiam
1416 1540 1557 1582 allegare
1599 1541 1726 1583 possit,
1766 1542 1914 1574 volumus
1950 1547 1982 1574 et

1238 1592 1430 1625 auctoritate
1452 1593 1598 1636 praefata
1620 1594 1829 1628 decernimus
1848 1600 1884 1628 ut
1906 1595 1980 1629 illae

1238 1646 1276 1679 ad
1303 1646 1409 1679 valvas
1435 1646 1588 1680 basilicae
1621 1647 1780 1692 Principis
1806 1649 1980 1692 Apostolo-

1238 1710 1318 1740 rum,
1336 1710 1372 1733 ac
1386 1699 1605 1733 Cancellariae
1621 1701 1836 1744 Apostolicae‚
1853 1712 1980 1736 necnon

1238 1754 1351 1787 Curiae
1382 1754 1544 1796 generalis
1570 1754 1601 1786 in
1628 1755 1735 1788 Monte
1762 1755 1917 1789 Citatorio
1950 1762 1982 1789 et

1239 1808 1269 1840 in
1295 1807 1362 1840 acic
1396 1807 1607 1850 Campissorae
1641 1808 1679 1841 de
1715 1807 1799 1841 Urbe
1833 1819 1891 1852 per
1923 1810 1982 1843 ali-

1238 1872 1332 1904 quem
1370 1872 1406 1894 ex
1442 1861 1627 1894 cursoribus
1652 1862 1780 1902 nostris
1813 1867 1847 1895 ut
1883 1863 1981 1896 moris

1237 1920 1306 1955 est,
1338 1914 1566 1958 publicentur,
1601 1915 1796 1959 illarumque
1832 1917 1981 1960 exempla

1237 1968 1358 2001 ibidem
1383 1968 1476 2001 affixa
1503 1968 1721 2012 reliquantur,
1747 1973 1778 2001 et
1804 1969 1851 2002 sic
1875 1969 1981 2012 publi-

1237 2026 1326 2055 catae
1352 2032 1465 2054 omnes
1492 2026 1523 2054 et
1547 2021 1712 2064 singulos,
1739 2032 1821 2066 quos
1846 2033 1981 2056 concer-

1238 2081 1330 2115 nunt,
1358 2074 1496 2118 perinde
1522 2074 1674 2115 alliciant,
1699 2085 1735 2108 ac
1760 2074 1784 2108 si
1804 2075 1980 2119 unicuique

1239 2129 1366 2161 illorum
1393 2127 1613 2170 personaliter
1645 2127 1829 2161 notificatae
1854 2134 1885 2162 et
1911 2128 1980 2162 inti-

1238 2186 1342 2214 matae
1368 2180 1522 2221 suissent3
1542 2186 1639 2224 utque
1661 2182 1801 2224 ipsarum
1827 2192 1981 2225 praesen-

1239 2235 1316 2267 tium
1343 2234 1523 2268 litterarum
1551 2235 1773 2279 transumptis,
1800 2235 1896 2269 etiam
1921 2235 1980 2269 im-

1238 2288 1381 2332 pressis,
1409 2299 1505 2321 manu
1541 2289 1676 2322 alicuius
1713 2288 1833 2322 notarii
1858 2288 1980 2332 publici

1238 2342 1428 2385 subscriptis
1464 2348 1495 2375 et
1528 2342 1634 2385 sigillo
1670 2352 1833 2385 personae
1867 2343 1897 2375 in
1931 2352 1979 2375 ec-

1238 2394 1415 2428 elesiastica
1441 2395 1596 2437 dignitate
1622 2395 1814 2428 constitutae
1834 2396 1978 2438 munitis,

1238 2449 1353 2482 eadem
1390 2459 1526 2492 prorsus
1563 2448 1643 2482 sides
1681 2455 1742 2482 tam
1783 2449 1814 2482 in
1856 2449 1978 2483 iudicio

1237 2512 1332 2545 quam
1358 2507 1447 2534 extra
1484 2502 1562 2535 illud
1597 2502 1716 2545 ubique
1749 2503 1894 2537 locorum
1921 2502 1979 2535 ba-

1236 2556 1369 2595 beatur,
1404 2565 1485 2598 quae
1520 2555 1642 2588 eisdem
1667 2555 1894 2599 praesentibus
1921 2555 1978 2588 ha-

1235 2607 1368 2641 beretur
1393 2608 1418 2640 si
1438 2609 1545 2641 forent
1563 2607 1725 2641 exhibitae
1744 2609 1793 2641 vel
1812 2613 1974 2644 ostensae.
