2139 3142
881 195 974 218 mom
1002 194 1104 217 naam
1546 184 1549 187 “
1650 182 1715 216 005

312 249 357 282 xit
381 247 566 281 Benedictus
592 248 675 287 XIII,
701 247 764 280 1⁶29
789 258 809 280 α
833 251 863 278 et
886 256 957 290 seq.;
982 245 1175 287 regularium
1200 244 1417 288 superioribus
1440 244 1618 277 facultatem
1646 254 1759 277 conce·

312 301 406 334 dendi
437 301 592 345 promotis
616 301 735 333 eisdem
761 300 799 332 ad
824 304 948 342 tempus
972 308 1064 330 usum
1090 297 1246 330 librorum
1270 297 1469 340 aliorumque
1493 297 1627 337 ademit,
1655 296 1714 328 131
1739 307 1759 329 α

312 358 343 385 et
366 353 399 393 b;
422 359 455 386 ut
483 354 644 395 regulares
667 358 827 396 apostatae
851 351 890 385 ad
914 361 988 384 suos
1015 350 1147 383 Ordines
1172 350 1300 394 impune
1325 350 1440 383 reverti
1468 355 1610 393 possent,
1635 349 1758 387 statuit,

312 405 376 439 ‘138
400 418 417 438 a
443 411 472 438 et
498 417 572 450 seq,
599 406 674 438 alias
697 415 882 438 concessum
905 414 945 436 ne
964 409 1108 447 quartam
1135 403 1322 435 funeralium
1352 408 1475 446 partem
1505 402 1654 446 parochis
1685 412 1759 445 per-

313 458 435 491 solvere
451 463 643 493 tenerentur
667 462 793 499 narrat,
818 456 882 489 148
907 457 940 496 b;
965 456 1160 499 praedictum
1185 455 1388 499 privilegium
1414 455 1621 498 exemptionis
1645 464 1761 497 nempe

314 521 330 542 a
362 510 517 543 solutione
548 515 678 553 quartae
709 509 857 542 funeralis
887 508 1070 551 abrogavit,
1096 508 1160 541 1149
1180 508 1213 547 b,
1237 509 1309 540 vide
1342 508 1524 547 Parochus,
1551 507 1761 549 Regularibus

313 562 460 595 omnibns
485 562 515 594 in
540 562 700 595 claustrali
723 561 837 595 Ordine
856 561 1007 604 professis
1024 561 1173 593 transitus
1191 561 1229 593 ad
1246 561 1341 593 alium
1363 561 1523 601 Ordinem,
1540 561 1572 593 in
1596 571 1658 603 quo
1676 560 1761 593 elau-

314 615 418 647 stralis
451 621 481 647 et
515 615 670 657 regularis
701 614 899 647 observantia
924 623 986 645 non
1018 613 1139 655 vigeat,
1164 613 1360 656 prohibetur,
1385 613 1449 646 3⁶20
1476 624 1495 645 a
1524 618 1553 645 et
1576 624 1656 655 seq.;
1686 612 1758 644 item

314 668 463 700 transitus
495 667 532 700 ad
564 678 795 711 quemcumque
825 666 973 700 Ordinem
1006 665 1247 709 hospitalarium
1280 666 1328 698 vel
1360 666 1547 706 militarem,
1573 666 1646 698 licet
1668 665 1698 697 in
1724 675 1762 697 eo

319 719 495 752 claustralis
527 726 557 752 et
588 720 744 762 regularis
777 719 975 752 observantia
1006 719 1147 761 vigeret,
1173 718 1231 751 3021
1267 730 1303 758 α;
1328 719 1382 751 uni
1413 718 1573 758 Pontifici,
1598 723 1762 761 praeterea

313 773 452 814 nemini,
477 773 658 806 huiusmodi
682 772 831 805 transitus
856 772 1047 805 concedendi
1072 772 1251 804 facultatem
1276 771 1465 811 reservavit,
1490 770 1548 803 321
1580 771 1607 803 b

224 825 448 858 Romandiolae
472 825 596 868 legatio.
621 843 664 848 ——
686 825 793 858 Dictae
817 825 982 867 legationis
1016 824 1259 857 locumtenentis
1283 824 1383 856 civilis
1407 829 1437 855 et
1461 824 1617 866 oeneialis
1642 823 1694 856 uni
1720 834 1758 856 ex

313 877 544 910 iurisconsultis
576 877 862 910 Ravennatensibus
887 877 925 909 ad
949 877 1139 909 decennium
1172 876 1414 915 conferendum,
1443 877 1633 917 reservavit,
1658 876 1722 910 433
1745 877 1762 908 b

315 936 343 963 et
367 941 453 973 seq,;
478 931 694 963 locumtenens
730 930 909 973 praedictus
942 930 973 961 in
1006 929 1150 971 ingressu
1174 929 1222 960 sui
1252 929 1391 961 muneris
1418 929 1493 972 quid
1525 940 1621 971 agere
1652 930 1764 963 debeat

315 989 345 1016 et
365 982 506 1016 eiusdem
538 983 699 1016 facultates
728 987 889 1021 recenset,
914 980 979 1013 434
1003 992 1023 1014 a
1047 986 1079 1013 et
1103 981 1138 1020 b,
1175 982 1438 1014 locumtenentem
1467 982 1643 1024 praefatum
1670 982 1764 1015 variis

314 1036 488 1079 privilegiis
504 1035 673 1074 decoravit,
691 1034 755 1067 435
771 1045 808 1073 a,
824 1033 990 1076 legationis
1006 1033 1186 1076 praedictae
1203 1034 1428 1066 locumtenenti
1446 1034 1547 1066 eidem
1572 1034 1764 1078 stipendium

314 1089 541 1132 quinquaginta
564 1093 725 1120 scutorum
750 1087 884 1130 singulis
909 1086 1069 1119 mensibus
1092 1091 1217 1130 praeter
1241 1086 1397 1129 sportulas
1422 1086 1597 1119 ordinarias
1621 1087 1766 1128 adsigna-

316 1141 372 1182 vit,
396 1140 462 1173 435
486 1140 518 1179 bg
544 1140 745 1173 declarantur
774 1140 926 1172 nonnulla
950 1139 974 1171 si
999 1139 1216 1172 locumtenens
1240 1138 1431 1182 praedictus,
1457 1139 1622 1172 deficiente
1644 1139 1764 1171 Raven-

316 1199 406 1232 nate,
432 1199 597 1226 extraneus
621 1193 774 1234 eligatur,
799 1192 862 1225 436
887 1192 922 1229 b;
951 1191 1091 1224 eiusdem
1124 1191 1289 1233 legationis
1313 1191 1578 1223 locumtenentem
1611 1191 1764 1223 Thomam

314 1246 530 1279 Sebastianum
556 1245 810 1278 Barbucliiellum
837 1245 1092 1277 iurisconsultum
1114 1244 1239 1286 collegii
1260 1243 1447 1276 Ravennatis
1464 1243 1567 1287 prima
1586 1243 1653 1276 vice
1670 1254 1763 1276 crea—

318 1299 378 1339 vit,
407 1298 470 1331 437
496 1310 515 1332 a
540 1304 570 1331 et
595 1299 621 1330 b.

184 1356 186 1359 '
229 1352 426 1386 Roncilionis
451 1358 534 1384 terra
560 1352 590 1384 in
614 1351 772 1384 civitatem
798 1351 941 1393 erigitur,
968 1350 1031 1383 652
1056 1351 1073 1382 b
1098 1354 1128 1383 et
1151 1361 1212 1393 seq.

229 1405 382 1438 Ruthenis
406 1404 444 1437 ad
469 1404 641 1437 Ecclesiam
661 1404 865 1436 redeuntibus
882 1403 1064 1437 conceditur
1082 1402 1212 1435 facultas
1230 1401 1436 1445 recuperandi
1457 1407 1487 1433 et
1507 1400 1661 1433 retinendi
1682 1400 1766 1433 bona

318 1467 384 1498 sua,
409 1456 451 1490 80
475 1458 492 1489 b
516 1462 547 1490 et
570 1468 630 1501 seq.

989 1561 1009 1595 S

230 1669 394 1702 Sabaudia.
410 1689 454 1694 —
473 1670 505 1702 In
530 1669 704 1703 Sabaudiac
729 1669 843 1701 ducatu
869 1674 954 1711 gesta
978 1667 1127 1700 nonnulla
1152 1677 1208 1710 per
1233 1666 1425 1698 saecularem
1451 1669 1634 1708 potestatem
1660 1664 1765 1697 adver-

318 1733 370 1755 sus
393 1733 544 1767 personas
566 1729 596 1756 et
619 1724 701 1756 bona
725 1722 907 1755 monasterii
932 1722 961 1754 S,
988 1720 1137 1753 Ber-nardi
1163 1720 1192 1751 in
1226 1719 1345 1751 Valesia
1378 1718 1503 1751 Ordinis
1539 1718 1765 1751 canonicorum

320 1776 512 1818 regularium
539 1777 571 1809 S.
598 1776 762 1819 Augustini
787 1775 872 1807 nulla
896 1775 1119 1813 declarantur,
1144 1772 1209 1805 325
1233 1783 1252 1804 a
1276 1776 1305 1804 et
1329 1782 1389 1814 seq.

230 1828 476 1871 Salisburgensis
500 1829 766 1872 archiepiscopus.
792 1847 835 1851 —
860 1828 934 1861 Vide
958 1825 1167 1860 Passaviensis
1192 1825 1373 1868 episcopus.

231 1880 389 1925 Scholopii
404 1909 411 1921 ,
435 1883 506 1915 vide
528 1881 740 1924 Congregatio
765 1881 955 1914 elericorum
982 1879 1175 1922 regularium
1200 1877 1385 1911 Scholarum
1405 1876 1539 1909 Piaruin.

230 1932 406 1966 Seminaria
429 1936 466 1967 in
485 1945 606 1978 Uenere>
632 1953 674 1959 —
691 1935 729 1967 Ut
752 1934 996 1966 seminat-iorum
1022 1933 1212 1965 erectionem
1238 1936 1454 1974 promoveant,
1485 1941 1521 1963 ac
1544 1929 1582 1962 de
1615 1931 1765 1973 congruis

320 1987 494 2020 redditibus
517 1998 553 2020 ca
577 1987 772 2031 provideant,
793 1986 966 2020 Ordinariis
980 1986 1085 2020 Italiae
1102 1985 1339 2027 insularumque
1355 1983 1562 2015 adiacentium
1580 1983 1766 2026 praescribit

320 2040 504 2074 Benedictus
529 2040 612 2081 XIII,
637 2040 702 2073 174
726 2041 743 2072 b
767 2045 797 2072 et
821 2051 891 2084 seq,
917 2050 975 2084 pro
1000 2038 1241 2071 seminariorum
1276 2036 1460 2069 eorumdem
1496 2036 1655 2069 erectione
1678 2046 1762 2068 non-

320 2093 422 2125 nullas
438 2093 651 2126 ordinationes
675 2093 782 2133 edidit,
806 2093 894 2132 itn'd.;
918 2098 953 2124 ut
969 2091 1212 2125 seminariorum
1237 2089 1353 2122 erectio
1376 2099 1412 2122 ac
1436 2089 1616 2132 praedictae
1640 2089 1766 2122 ordina-

322 2146 421 2180 tiones
445 2146 690 2190 perficerentur,
715 2145 999 2188 Congregationem
1024 2143 1266 2177 seminariorum
1291 2141 1531 2185 nuncupandam
1557 2151 1593 2174 ex
1619 2142 1647 2173 S.
1669 2142 1704 2174 R.
1729 2142 1763 2175 E.

323 2199 535 2232 cardinalibus
566 2199 681 2238 erexit,
712 2198 751 2231 ad
775 2209 869 2242 quam
895 2198 1000 2231 omnia
1024 2196 1139 2230 remitti
1164 2196 1310 2234 debeant,
1335 2194 1398 2227 176
1423 2195 1440 2227 b
1464 2200 1494 2227 et
1517 2205 1587 2238 seq.;
1604 2205 1643 2227 ne
1671 2194 1767 2227 semi·

322 2253 484 2285 uariorum
510 2252 695 2285 officialibus
719 2252 763 2284 uti
789 2252 918 2295 possint,
943 2250 1100 2294 episcopis
1120 2248 1265 2288 inhibuit,
1282 2247 1345 2279 177
1368 2249 1383 2279 b
1399 2253 1429 2279 et
1451 2257 1526 2290 seq.;
1553 2247 1672 2279 alumni
1696 2246 1766 2290 qui-

323 2305 381 2338 bus
405 2305 578 2349 disciplinis
595 2305 714 2338 erudiri
739 2304 883 2344 debcant,
904 2304 1044 2341 sancivit,
1069 2302 1133 2335 178
1157 2313 1187 2334 α.

234 2359 409 2392 Seminario
433 2359 662 2392 ecclesiasticen
665 2369 717 2391 um
744 2368 915 2402 puerorum
941 2356 1073 2389 civitatis
1105 2354 1332 2394 Anconitanae,
1365 2362 1486 2385 necnon
1511 2340 1766 2385 praedicatorum

323 2412 489 2445 conventui
513 2412 543 2446 S.
568 2412 682 2445 Mariae
706 2412 919 2450 lucei-,onatae
944 2409 1082 2442 eiusdem
1108 2407 1250 2446 civitatis,
1270 2406 1353 2439 bona
1377 2405 1538 2438 cuiusdam
1565 2405 1769 2439 confraterni-

325 2464 393 2497 tatis
417 2475 603 2508 suppressae
627 2464 813 2508 applicavit,
837 2463 901 2496 236
926 2474 946 2495 α
970 2468 1080 2505 etseq.

237 2517 412 2551 Seminario
435 2516 574 2550 Civitatis
598 2517 702 2550 Plebis
726 2516 871 2560 capitalia
894 2514 1046 2559 quaedam
1071 2512 1238 2556 applicavit
1262 2516 1292 2543 et
1314 2510 1433 2551 univit,
1458 2509 1522 2543 666
1546 2521 1567 2543 a
1590 2515 1621 2543 et
1644 2521 1706 2554 seq.

236 2571 446 2606 Seminarium
470 2571 704 2604 caesenatense.
725 2589 767 2594 —
784 2570 844 2603 Pro
869 2567 1029 2601 semimarii
1050 2564 1253 2599 ecclesiastici
1270 2563 1503 2596 Caesenatensis
1519 2563 1671 2606 augendis
1695 2563 1767 2596 red-

380 2633 454 2661 Rau.
471 2633 553 2660 Rom.
580 2648 605 2652 μ
632 2633 690 2660 Vol.
708 2631 798 2659 XXII.
964 2629 1013 2656 nt
