2170 3147
264 190 312 215 An.
330 190 359 216 c.
384 190 451 217 1725
497 180 560 213 258

319 1134 444 1172 1.''‘''.'¹''
464 1140 592 1173 Ordinis
611 1140 786 1183 praedicti,
806 1140 838 1171 in
856 1139 1114 1183 quibuscumque
1133 1150 1203 1172 con·

338 1186 438 1226 faust}
465 1192 612 1225 ventibus
638 1192 826 1230 existentes,
846 1191 1009 1224 exercitiis
1030 1191 1205 1235 spirituali-

375 1240 424 1253 ’Μ’
462 1246 521 1278 bus
547 1245 720 1288 quotannis
745 1256 781 1277 ac
808 1251 954 1288 tempore
988 1244 1035 1277 eis
1072 1244 1205 1278 arbitrIO

321 2430 330 2442 f·
352 2430 410 2448 exp*
421 2429 455 2443 ΘΠ-

272 2451 303 2471 dis
316 2452 346 2470 liis
360 2457 393 2476 qu¹
406 2452 456 2470 >ruet

1037 187 1219 210 nrrnxmru

459 243 549 271 rante
572 238 656 270 dicto
685 237 834 276 triennio,
853 235 1084 279 hospitalitatis
1111 234 1199 268 iuxta

459 291 603 323 eiusdem
629 289 757 322 Ordinis
788 289 967 322 institutum
994 286 1198 321 exercenda¹

459 343 650 375 incumbant
675 348 705 373 et
727 345 921 380 assuescant,
949 351 1009 374 nec
1027 340 1200 373 immatura

440 395 564 428 rradliuc
588 400 693 428 aetate
720 395 868 438 protinus
902 394 1022 427 muniis
1048 393 1112 427 illis
1146 393 1200 426 ad-

460 454 647 481 moveantur
679 458 761 491 quae
793 459 863 480 cum
889 448 1042 481 libertate
1067 446 1198 490 saepius

459 502 631 535 coniuncta
657 508 751 535 sunt:
780 503 903 535 eisdem
936 501 1100 545 prioribus
1127 511 1200 533 con—

460 561 613 588 ventuum
650 561 681 589 et
711 556 781 588 aliis
815 555 1039 599 superioribus
1068 554 1200 598 quibus-

460 619 600 653 cumque
626 609 684 641 sub
711 611 860 642 enarrata
894 610 1000 652 poena
1032 607 1201 640 interdici-

461 672 542 700 mus,
576 672 614 694 ne
641 661 802 704 religiosis
839 661 1013 705 praedictis
1039 659 1199 693 eiusmodi

461 716 565 748 offic-ia
592 715 806 755 committant,
823 721 863 755 et,
882 714 907 748 si
930 714 1104 758 aliquando
1128 724 1202 746 con-

463 769 564 811 tingat
589 769 775 812 superiores
800 768 920 801 locales
945 768 1016 801 aliis
1041 766 1224 809 religiosis⁴

461 822 546 854 ultra
571 822 746 854 triennium
783 822 844 854 iam
881 821 1060 862 protessis,
1086 820 1202 863 quibus

461 875 545 908 dicta
571 875 676 908 ollicia
702 875 850 908 conferre
866 874 1008 918 possint,
1029 873 1201 906 destitutos

461 938 552 967 esse,
581 933 656 961 tunc
681 928 810 961 demum
837 928 908 960 illos
934 927 1102 970 requirent
1127 937 1143 958 a
1161 926 1203 958 di·

462 987 512 1014 cto
538 981 646 1025 priore
674 982 820 1024 generali
848 982 896 1013 vel
923 979 1121 1024 provinciali,
1147 978 1201 1022 qui

463 1045 516 1067 eos
542 1035 669 1067 mittere
698 1039 881 1067 teneantur.

508 1088 522 1130 ξ,
548 1087 579 1120 5.
608 1088 706 1121 Porro
733 1097 845 1120 omues
874 1091 904 1119 et
937 1086 1054 1129 singuli
1089 1087 1204 1119 fratres

463 1299 581 1342 prioris
608 1298 769 1341 generalis
802 1300 850 1331 vel
876 1298 1084 1341 provincialis
1122 1298 1204 1331 desi-

465 1353 594 1396 gnando
622 1358 743 1390 vacent,
763 1358 798 1384 ut
816 1352 931 1384 exinde
954 1352 985 1384 in
1005 1353 1053 1384 via
1077 1351 1205 1384 Domini

463 1406 565 1448 magis
593 1406 789 1448 dirigantur.
825 1405 862 1437 Et
888 1405 964 1448 quia
990 1415 1066 1437 eura
1091 1414 1206 1446 aegro-

464 1465 573 1491 torum
599 1459 749 1491 omnibus
775 1458 938 1500 religiosis
975 1458 1050 1490 dieti
1076 1456 1206 1490 Ordinis

464 1523 567 1555 aeque
593 1511 737 1543 iniuncta
762 1511 935 1554 reperitur,
963 1511 1129 1554 prioribus
1160 1511 1206 1543 lo-

464 1565 587 1597 calibus
602 1565 661 1596 sub
676 1566 781 1607 poena
796 1564 1020 1607 suspensionis
1036 1564 1075 1596 al)
1093 1563 1206 1596 officiis

464 1619 530 1651 suis
557 1618 762 1655 mandamus,
781 1623 832 1657 ut,
850 1617 1047 1659 posthabitis
1074 1617 1206 1660 quibus-

465 1682 601 1714 cumque
628 1671 798 1703 mundanis
828 1670 1019 1707 affectibus,
1045 1669 1203 1713 respecti-

464 1726 524 1757 bus
550 1735 585 1756 ae
616 1723 831 1756 saecularium
857 1723 1205 1763 commendationibus,

465 1779 530 1811 imo
558 1783 589 1810 et
614 1777 782 1821 quibusvis
809 1778 857 1809 rel
882 1777 913 1809 in
935 1776 1055 1809 Ordine
1082 1778 1132 1809 vel
1154 1771 1230 1809 eii-l

466 1838 514 1864 tra
528 1831 681 1864 Ordinem
698 1830 879 1873 impetratis
894 1829 1206 1872 dispensationibus,

465 1896 578 1918 omncs
617 1883 900 1916 indiscriminatim
936 1883 1108 1925 religiosos
1145 1883 1206 1916 sibi

467 1939 633 1970 subiectos
661 1938 697 1969 ad
725 1942 896 1969 consuetas
922 1936 954 1968 in
991 1936 1207 1979 hospitalibus

466 1997 642 2023 nocturnas
669 1990 793 2032 vigilias
829 2000 887 2022 seu
910 1989 1062 2021 excubias
1089 1989 1208 2021 sacien-

467 2044 540 2076 das²
555 2048 688 2086 cogant,
704 2049 744 2082 ct,
766 2048 925 2085 quatenus
939 2041 1056 2084 aliquis
1072 2042 1208 2084 impedi-

466 2103 586 2134 mento,
609 2108 673 2139 quo
699 2096 738 2127 ab
765 2095 832 2127 istis
857 2095 1026 2127 nocturnis
1051 2095 1207 2128 custodiis
1229 2110 1230 2113 ¹

466 2150 704 2182 rationabiliter
729 2154 907 2187 excusetur,
943 2147 1136 2187 detineatur,
1159 2158 1208 2181 re·
1229 2166 1231 2194 ι,

466 2203 549 2235 iecto
583 2213 790 2245 quocumque
825 2207 1009 2244 praetextu,
1044 2212 1117 2234 eum
1151 2212 1209 2244 per

467 2262 564 2287 totam
592 2255 676 2287 diem
698 2255 909 2298 hospitalium
939 2261 969 2287 et
1002 2260 1231 2304 aegrotorum,

465 2306 596 2341 servitio
615 2309 766 2341 addicere
794 2314 825 2340 et
850 2318 1054 2351 quocumque
1079 2308 1141 2341 alio
1163 2308 1209 2341 of-

466 2361 515 2394 cio
534 2361 674 2394 eximere
701 2362 854 2394 debeant.

511 2415 526 2456 ξ
551 2414 582 2446 o.
610 2415 698 2446 Licet
730 2420 836 2446 autem
871 2425 907 2447 ex
935 2413 1091 2447 laudabili
1128 2414 1209 2447 eius-

505 2494 511 2518 1
539 2492 652 2519 Prorsus
668 2493 725 2527 lege
746 2494 955 2528 hospitalitatis
974 2480 1075 2528 officiis
1088 2501 1208 2521 ...ester-

467 2537 564 2563 ceadis
585 2542 620 2562 ui.
639 2538 688 2567 r.).

502 2582 516 2607 ⁵.)
539 2581 586 2607 tid.
604 2580 683 2607 Μαίη.
701 2581 766 2616 legit
784 2582 925 2615 faciendis
946 2585 982 2615 (R.
1003 2583 1051 2616 T.).

1246 186 1401 209 noussen
1987 188 2034 215 An.
2057 189 2084 216 C.
2106 192 2170 220 1725

1243 234 1314 267 dem
1339 233 1466 267 Ordinis
1493 246 1551 267 usu
1584 235 1615 267 in
1642 236 1778 278 singulis
1816 236 2064 279 conventi-messe
2091 252 2170 275 auom

1242 287 1301 319 bus
1328 297 1390 320 non
1417 288 1515 321 modo
1531 285 1663 331 ¹regula,
1690 299 1786 331 quam
1807 289 1882 321 dieti
1912 278 2170 333 reti-{Stltlllflil‘llt

1243 339 1325 382 giosi
1351 339 1552 382 profitentur,
1579 341 1635 374 sed
1657 340 1753 373 etiarn
1771 341 1914 374 adiectae
1935 335 2033 374 imnis.

1243 393 1491 427 constitutiones
1524 394 1697 437 legantur;
1730 397 1763 427 ut
1798 393 1831 427 id
1870 394 1983 427 maiori

1244 457 1314 479 cum
1339 447 1481 480 utilitate
1507 452 1538 480 et
1565 447 1669 479 t'ruetu
1702 447 1740 479 de
1775 451 1881 479 cetero
1917 446 1984 487 siat,

1244 499 1366 532 eisdem
1403 500 1567 543 prioribus
1603 500 1761 533 localibus
1790 500 1850 533 sub
1886 499 1984 533 simili

1245 555 1350 595 poena
1375 552 1602 595 suspensionis
1621 552 1850 596 praecipimus,
1875 557 1907 584 ut
1924 563 1985 596 per

1245 604 1436 647 religiosum
1461 605 1616 637 idoneum
1645 604 1764 648 exponi
1789 609 1903 637 curent
1936 605 1985 638 bis

1246 658 1394 701 quolibet
1417 668 1528 690 mense
1562 658 1626 691 duo
1663 658 1804 701 capitula
1835 657 1986 690 constitu·

1247 711 1370 744 tionum
1398 711 1643 754 praedictarum,
1670 721 1733 754 quo
1760 711 1913 744 nimirum
1938 721 1987 744 re-

1246 764 1353 806 ligiosi
1380 765 1419 797 de
1442 763 1699 806 obligationibus
1716 763 1775 797 sibi
1797 764 1987 797 incumben-

1249 818 1331 849 tibus
1367 817 1485 850 melius
1522 817 1748 858 instruantur,
1784 817 1873 861 ipsos
1909 827 1985 851 vero

1247 870 1431 912 religiosos,
1448 870 1590 913 exceptis
1604 870 1898 913 quaestuatoribuS,
1916 881 1989 914 pro-

1247 928 1423 963 curatore,
1462 923 1683 963 obsonatore‚
1722 933 1738 955 e
1776 923 1988 957 conventibus

1248 978 1369 1020 absque
1396 976 1486 1010 socio
1513 976 1624 1020 egredi
1650 987 1716 1010 non
1738 977 1854 1009 sinant.

1292 1030 1306 1073 ξ
1332 1030 1362 1063 7.
1391 1030 1436 1063 Ad
1464 1030 1544 1063 haec
1570 1036 1688 1071 autem,
1715 1030 1816 1074 priori
1843 1023 1987 1074 generali
2015 1044 2170 1076 ⁵001201111012·

1249 1083 1351 1126 ipsius
1376 1083 1516 1123 Ordinis,
1542 1084 1591 1116 cui
1618 1094 1731 1116 omnes
1757 1084 1872 1117 domus
1897 1070 2170 1128 novi-Stflltlssssl‘ll'l

1249 1136 1338 1168 tiatui
1364 1137 1543 1170 destinatae
1569 1136 1735 1170 subiectae
1762 1138 1915 1177 existunt,
1941 1125 2170 1182 1·e-ssii⁰e‘s⁸q·-fl“;fi'i²f²ti

1249 1190 1397 1231 tigiosos‚
1421 1190 1515 1222 etiam
1535 1190 1701 1232 officiales,
1723 1191 1989 1235 quandocumque
2000 1177 2170 1236 llilssi‘sssil‘ssae*

1250 1243 1315 1276 sive
1354 1243 1391 1276 ad
1434 1243 1569 1276 alterius
1604 1243 1839 1287 cuiuscumque
1874 1231 2170 1279 domus'llffsstuae'sslli

1249 1296 1315 1329 sive
1340 1297 1380 1329 ad
1406 1296 1554 1329 eiusdem
1581 1296 1675 1329 etiam
1712 1297 1825 1330 domus
1862 1285 2064 1330 ordiiia-¹'¹'¹¹⁵'

1252 1349 1312 1380 tius
1352 1350 1496 1391 regimen
1537 1359 1596 1392 pro
1628 1349 1677 1381 sui
1710 1349 1802 1383 libito
1843 1350 1990 1384 mutandi

1250 1408 1491 1445 competentem
1518 1401 1762 1443 confirmantes,
1801 1413 1836 1436 ac
1861 1414 1992 1446 gravem

1251 1456 1387 1488 abusum
1426 1456 1582 1488 radicitus
1619 1457 1761 1489 evellere
1801 1457 1990 1500 cupientes,

1250 1509 1351 1552 priori
1378 1509 1472 1542 locali
1499 1509 1557 1541 sub
1583 1509 1652 1552 pari
1678 1509 1869 1553 privationis
1905 1510 1992 1544 vocis

1251 1563 1370 1595 activae
1389 1568 1421 1596 et
1438 1563 1583 1606 passivae
1602 1565 1719 1607 poena,
1734 1573 1861 1596 necnon
1879 1573 1992 1607 perpe-

1253 1621 1324 1648 tuae
1344 1616 1559 1649 inhabilitatis
1584 1616 1623 1649 ad
1645 1626 1868 1659 quaecumque
1887 1616 1993 1650 officia

1251 1669 1380 1702 Ordinis
1397 1669 1588 1710 obtinenda,
1608 1669 1848 1709 interdicimus,
1869 1679 1910 1702 ne
1927 1680 1994 1703 mu-

1228 1733 1230 1767 j
1252 1722 1387 1755 tationes
1408 1722 1596 1755 huiusmodi
1623 1722 1744 1755 directe
1766 1722 1816 1755 vel
1836 1722 1993 1756 indirecte

1251 1775 1410 1819 impedire
1433 1781 1488 1808 aut
1508 1775 1540 1807 in
1557 1776 1812 1808 controversiam
1832 1786 1993 1817 revocare,

1252 1828 1333 1860 sicut
1351 1829 1469 1861 ceteris
1486 1829 1662 1871 religiosis,
1677 1829 1738 1861 sub
1752 1829 1862 1861 eadem
1880 1832 1995 1872 poena,

1252 1892 1291 1914 ne
1313 1881 1437 1914 litteras
1456 1881 1693 1914 obedientiales
1712 1881 1787 1914 dicti
1806 1882 1924 1925 prioris
1940 1893 1995 1925 ge-

1251 1934 1371 1968 neralis
1390 1945 1448 1967 seu
1468 1934 1669 1967 visitatorum
1691 1938 1743 1967 aut
1763 1934 1909 1978 priorum
1925 1946 1996 1979 pro-

1251 1987 1434 2021 vincialium
1457 1998 1586 2031 quoquo
1605 1987 1701 2020 modo
1728 1987 1922 2031 impugnare
1940 1994 1996 2022 aut

1251 2041 1330 2073 alias
1356 2051 1420 2073 non
1446 2041 1561 2084 exequi
1588 2047 1810 2084 praesumant.

1297 2095 1311 2137 ξ,
1337 2092 1367 2126 8.
1397 2094 1500 2126 Alium
1526 2105 1659 2137 quoque
1685 2095 1820 2126 abusum
1857 2105 1994 2138 praece·
2031 2103 2170 2134 pqr-sima

1252 2147 1339 2179 denti
1367 2158 1430 2180 non
1457 2147 1639 2180 absimilem
1663 2148 1856 2181 submovere
1882 2150 1993 2182 volen-
2004 2130 2170 2204 {Ziiffivmffiffi

1253 2208 1308 2241 tes,
1337 2201 1422 2245 quod
1442 2201 1566 2233 scilieet
1584 2201 1854 2243 quemadmodum
1877 2201 1993 2236 fratres
2004 2209 2170 2257 333⁶·ggssfflffi

1252 2256 1291 2289 eo
1316 2265 1413 2298 saepe
1438 2255 1485 2287 ire
1512 2260 1675 2294 recusent,
1696 2255 1761 2298 quo
1780 2266 1796 2287 a
1815 2255 1881 2288 suis
1898 2263 2170 2310 supe-ggssgfflffigffi:

1253 2308 1392 2341 rioribus
1415 2307 1632 2346 destinantur,
1646 2307 1688 2339 ita
1703 2318 1831 2351 quoque
1849 2308 1921 2341 illos
1935 2319 1993 2352 per
2003 2305 2055 2337 sitiri·
2070 2315 2170 2337 faveram-

1251 2361 1463 2404 interpositos
1499 2361 1623 2393 favores
1657 2370 1694 2393 ac
1725 2360 1829 2394 officia
1863 2371 1993 2403 magna-

1253 2419 1316 2446 tum
1344 2420 1374 2446 ct
1400 2424 1570 2456 procerum
1597 2419 1714 2446 vexent
1739 2413 1776 2445 ad
1805 2413 1867 2445 hoc
1895 2419 1928 2445 ut
1952 2414 1992 2446 ab

1252 2477 1316 2498 uno
1343 2472 1499 2498 conventu
1527 2467 1564 2498 ad
1592 2467 1689 2498 alium
1715 2466 1775 2498 sibi
1801 2465 1992 2499 benevisum

1251 2525 1510 2559 commutentur,
1536 2519 1683 2562 quinimo
1720 2528 1784 2551 non
1821 2528 1895 2551 raro
1920 2529 1993 2552 eve-

1251 2573 1326 2613 niat,
1353 2572 1507 2616 ipsosmet
1525 2572 1650 2616 priores
1670 2577 1731 2605 tam
1750 2571 1870 2605 locales
1897 2582 1993 2619 quam
