2170 3147
252 165 301 191 An.
320 165 349 191 C.
375 163 442 191 1722ss

287 2085 352 2108 Nemo
363 2087 395 2107 his
412 2087 444 2107 lit-

261 2115 312 2134 teris
339 2114 444 2134 ronti-aili-

261 2146 310 2162 cere
331 2141 417 2161 audeat.

488 155 552 189 380

447 213 545 246 dultis
572 219 602 247 ct
619 213 734 247 litteris
756 212 951 258 apostolicis,
970 212 1188 251 libertatibus,

447 267 705 300 immunitatibus
744 272 775 300 ct
800 267 1083 310 exemptionibus,
1111 266 1189 299 Urbi

448 328 479 354 et
505 322 563 354 arti
591 321 777 364 praedictis,
804 331 840 354 ac
864 321 959 353 Urbis
983 320 1120 364 populo,
1140 330 1191 353 se-

448 374 553 407 natori
581 384 616 406 ac
641 373 936 414 conservatoribus,
963 384 1090 407 necnon
1115 373 1192 405 artis

448 428 591 461 eiusdem
630 428 831 469 consulibus,
871 434 1042 471 artemque
1079 427 1192 460 huius-

447 481 537 514 modi
556 481 792 520 exercentibus,
811 485 843 514 et
858 481 1123 524 quibuscumque
1142 490 1193 513 ec-

448 534 557 567 clesiis
581 539 611 566 et
637 533 780 567 basilicis
806 534 903 567 etiam
930 533 1190 577 parochialibus,

448 593 501 620 aut
519 587 659 619 cuiusvis
676 587 806 620 Ordinis
824 592 856 620 et
873 586 1010 619 instituti
1036 591 1193 620 monaste·

448 640 505 672 riis
527 651 563 673 ac
584 640 747 682 religiosis
773 640 933 681 domibus,
956 639 1053 672 etiam
1077 639 1193 672 Mendi-

448 693 603 733 cantium‚
627 693 896 736 Congrcgationi,
917 692 1014 725 etiam
1040 692 1192 724 undecim

449 745 743 788 Congregationum
783 751 1008 788 nuncupatae,
1041 744 1192 777 Socictuti

449 799 546 832 etiam
584 799 676 839 lesu,
704 798 828 832 militiis
864 799 961 831 etiam
998 798 1034 830 B.
1061 797 1192 830 Ioannis

448 853 744 897 Hierosolymitani,
772 863 808 886 ac
835 852 1055 895 hospitalibus
1094 850 1193 884 etiam

449 907 670 939 nationalibus
682 912 736 939 aut
749 906 953 949 regularibus
968 905 1063 938 etiam
1078 904 1110 937 S.
1127 903 1194 947 Spi-

449 960 531 992 ritus
558 960 589 992 in
615 960 726 999 Saxia,
761 960 796 992 Β.
824 958 956 992 Antonii
980 957 1192 996 Viennensis,

451 1018 482 1046 ct
506 1013 688 1055 generatim
714 1013 978 1056 quibuscumque
1018 1011 1099 1043 locis
1131 1010 1194 1054 piis

451 1066 701 1109 quomodolibet
725 1065 920 1108 nuncupatis
937 1092 944 1105 ,
972 1069 1003 1098 et
1029 1064 1194 1108 quibusvis

451 1119 523 1152 aliis
540 1119 690 1162 personis
705 1118 955 1162 quomodolibet
972 1117 1095 1161 pariter
1113 1127 1195 1149 nun-

451 1172 586 1215 cupidis,
613 1173 846 1215 cuiuscumque
873 1171 993 1214 gradus
1027 1175 1057 1204 et
1088 1170 1196 1203 condi-

450 1227 567 1266 tionis,
594 1228 691 1259 etiam
716 1221 851 1270 speciali
878 1225 1044 1258 mentione
1071 1224 1195 1267 dignis,

452 1279 498 1312 eis
526 1290 705 1322 eorumque
742 1279 887 1322 praediis
921 1288 958 1310 ac
991 1277 1110 1317 bonis,
1137 1277 1195 1309 sub

453 1334 709 1376 quibuscumque
746 1333 916 1366 tenoribus
943 1337 974 1365 et
1001 1331 1133 1370 formis,
1160 1341 1196 1363 ac

452 1397 524 1419 cum
542 1386 710 1429 quibusvis
728 1386 824 1419 etiam
844 1384 1123 1427 derogatoriarum
1143 1384 1197 1416 de-

452 1439 641 1481 rogatoriis,
669 1439 804 1482 aliisque
823 1438 1070 1478 efficacioribus,
1092 1436 1197 1470 effica-

453 1492 590 1525 cissimis
611 1498 643 1525 et
663 1492 802 1526 insolitis
829 1503 865 1525 ac
890 1491 1092 1524 irritantibus
1114 1491 1198 1522 clau-

454 1546 531 1578 sulis
567 1550 599 1578 et
631 1545 702 1578 aliis
733 1545 892 1583 decretis,
926 1545 957 1577 in
997 1543 1196 1577 contrarium

453 1599 713 1643 praemissorum
740 1598 987 1642 quomodolibet
1008 1597 1104 1630 ctiam
1126 1597 1198 1640 plu-

453 1654 517 1685 ries
546 1653 721 1692 concessis,
747 1652 936 1696 approbatis
962 1656 993 1683 et
1019 1650 1196 1690 innovatis,

454 1707 571 1750 quibus
603 1707 756 1739 omnibus
786 1711 817 1739 et
845 1704 998 1748 singulis,
1028 1714 1139 1737 eorum
1165 1714 1198 1736 0-

453 1761 577 1792 mnium
601 1765 633 1792 et
650 1759 851 1802 singulorum
871 1764 1003 1791 tenores
1018 1757 1198 1800 praesenti-

452 1812 514 1845 bus
530 1824 589 1856 pro
606 1814 703 1856 plene
720 1818 751 1845 et
767 1812 967 1845 sufficienter
984 1811 1145 1854 expressis
1161 1820 1197 1842 ac

454 1866 494 1899 de
524 1868 623 1900 verbo
645 1867 683 1900 ad
705 1867 838 1899 verbum
873 1865 1005 1898 insertis
1027 1864 1198 1902 habentes,

455 1919 516 1952 hac
552 1920 620 1952 vice
661 1920 841 1959 dumtaxat,
868 1918 1059 1962 specialiter
1089 1922 1120 1950 et
1145 1927 1199 1950 ex-

454 1983 571 2016 presse
587 1973 797 2015 derogamus,
820 1972 1003 2015 ceterisque
1025 1969 1197 2004 contrariis

456 2026 711 2070 quibuscumqe.

500 2079 514 2122 g
540 2078 570 2112 8.
599 2079 682 2112 Nulli
708 2089 787 2122 ergo
807 2078 941 2112 omnino
967 2077 1137 2110 hominum
1163 2078 1198 2110 li-

457 2139 526 2166 ceat
552 2133 635 2165 lianc
656 2133 807 2176 paginam
833 2137 963 2165 nostrae
991 2131 1198 2164 constitutio-

457 2187 519 2227 nis,
537 2186 803 2225 confirmationis,
818 2185 1047 2225 innovationis,
1062 2186 1199 2218 sanctio-

456 2240 520 2278 nis,
541 2240 785 2279 declarationis,
807 2239 996 2283 praecepti,
1023 2238 1147 2271 decreti
1169 2244 1200 2270 et

456 2293 632 2325 voluntatis
664 2293 859 2335 infringere,
899 2293 947 2325 vel
982 2291 1011 2324 ei
1048 2302 1125 2324 ausu
1154 2297 1199 2323 te-

457 2346 597 2378 merario
623 2346 809 2386 contraire3
844 2345 870 2378 si
900 2345 973 2388 quis
1004 2350 1111 2377 autem
1138 2345 1200 2377 lioc

458 2405 617 2431 attentare
644 2400 915 2442 praesumpserit,
941 2398 1197 2440 indignationem

458 2453 693 2494 omnipotentis
718 2453 772 2484 Dei
798 2463 834 2484 ac
859 2453 1029 2484 beatorum
1057 2451 1141 2484 Petri
1168 2456 1199 2484 et

458 2505 546 2537 Pauli
566 2507 787 2548 apostolorum
804 2505 873 2538 eins
891 2515 924 2538 se
943 2506 1071 2538 noverit
1093 2505 1199 2538 incur-

459 2568 581 2590 surum.

1032 163 1215 189 BULLJtntUM
1240 163 1396 188 ROMANUM

1277 212 1390 245 Datum
1416 212 1560 254 Romae,
1588 212 1674 255 apud
1700 212 1729 247 S.
1754 212 1886 246 Mariam
1912 212 1976 246 Ma-

1237 267 1362 306 iorem,
1400 277 1484 300 anno
1520 267 1756 300 incarnationis
1793 266 1977 300 dominicae

1235 330 1414 361 nnccxxw,
1438 331 1495 354 xiu
1522 321 1676 353 kalendas
1702 325 1871 363 augustaS,
1899 330 1979 364 pou-

1237 373 1376 406 titicatus
1401 374 1501 406 nostri
1528 385 1613 407 anno
1640 384 1688 407 111.

1274 436 1330 464 Dat.
1355 436 1397 463 die
1418 436 1452 463 20
1472 436 1531 463 iulii
1556 435 1635 469 1726,
1657 435 1752 471 pontif.
1776 444 1845 463 anno
1866 442 1893 463 111

1534 578 1676 612 CXXXV.

1239 659 1458 701 Confirmatio·
1481 658 1642 691 decretum
1658 657 1820 700 yeneralis
1843 656 1979 691 Ordinis

1282 713 1323 745 Β.
1362 713 1489 745 Mariae
1522 712 1560 744 de
1597 712 1707 744 Monte
1741 711 1905 751 Carmelo,
1940 721 1980 744 ne

1282 767 1526 800 commissarius
1554 766 1657 798 Tertii
1677 765 1811 799 Ordinis
1835 764 1980 798 eiusdem

1281 821 1317 853 in
1338 820 1509 863 provincio
1533 819 1702 852 Fluminis
1731 818 1897 857 Ianuarii,
1928 818 1980 850 in—

1280 873 1425 906 consulto
1450 874 1519 916 ipso
1543 873 1702 915 qenerali,
1729 872 1887 906 removeri
1908 882 1981 916 pos-

1281 926 1322 958 sit
1337 926 1357 958 ¹.

1416 1000 1602 1028 Benedictus
1622 1001 1703 1034 Papa
1722 1000 1805 1032 xm,

1379 1046 1416 1073 ad
1436 1046 1570 1073 futuram
1589 1046 1634 1072 rei
1654 1045 1839 1072 memoriam.

1282 1117 1297 1160 ἓ
1321 1116 1352 1149 1.
1380 1116 1503 1159 Exponi
1530 1116 1625 1149 nobis
1645 1126 1751 1159 nuper
1769 1116 1914 1148 fecerunt
1934 1115 1979 1148 di-

1239 1170 1314 1203 lecti
1353 1170 1408 1203 filii
1447 1170 1563 1202 fratres
1600 1169 1786 1212 provinciae
1822 1168 1980 1202 Fluminis

1239 1223 1379 1255 ianuarii
1423 1222 1521 1255 Tertii
1558 1222 1687 1255 Ordinis
1721 1222 1754 1254 B.
1790 1221 1907 1255 Mariae
1940 1222 1981 1255 de

1239 1276 1348 1309 Monte
1388 1275 1549 1315 Carmelo,
1585 1275 1671 1318 quod
1714 1275 1852 1308 dilectus
1896 1274 1981 1308 silius

1239 1329 1360 1372 Caspai·
1386 1329 1559 1362 Pizzolanti
1585 1329 1675 1371 prior
1701 1329 1867 1371 generalis
1906 1327 1982 1361 dicti

1240 1383 1381 1422 Ordinis,
1408 1393 1448 1415 ne
1472 1382 1673 1425 ,quicumque
1695 1382 1838 1424 legitime
1855 1382 1983 1415 electus

1241 1437 1306 1469 sive
1338 1436 1504 1468 institutus
1538 1441 1569 1468 et
1598 1441 1785 1479 acceptatus
1816 1435 1914 1467 suerit
1949 1435 1982 1467 in

1241 1489 1500 1522 commissarium
1537 1489 1684 1522 eiusdem
1721 1488 1820 1522 Tertii
1852 1487 1983 1521 Ordinis

1241 1543 1272 1575 in
1298 1543 1463 1585 praedicta
1489 1542 1670 1586 provincia,
1696 1542 1802 1575 donec
1834 1537 1982 1575 eiusdem

1242 1597 1395 1629 fratribus
1419 1602 1570 1639 acceptus
1597 1596 1703 1635 suerit,
1721 1593 1866 1639 possint⁹
1883 1595 1923 1628 ab
1942 1605 1981 1628 eo

1241 1650 1364 1690 officio,
1402 1650 1474 1693 ipso
1507 1649 1650 1693 Gaspare
1688 1650 1800 1693 priore
1836 1649 1982 1692 generali

1242 1703 1377 1747 eiusque
1399 1704 1643 1736 successoribus
1660 1702 1864 1742 inconsultis,
1880 1713 1983 1736 remo-

1242 1758 1320 1796 veri,
1354 1757 1450 1789 etiam
1485 1757 1660 1789 occasione
1693 1755 1910 1800 promotionis
1944 1755 1984 1788 ad

1242 1810 1516 1853 provincialatum
1552 1816 1608 1842 aut
1645 1811 1875 1853 quodcumque
1896 1808 1984 1842 aliud

1242 1863 1383 1896 officium
1408 1874 1468 1906 pro
1494 1868 1640 1906 tempore
1665 1862 1811 1895 exercitii
1830 1873 1904 1895 cum
1924 1861 1982 1895 illo

1242 1916 1512 1960 incompatibile³‚
1527 1916 1715 1960 probibuit;
1735 1921 1767 1949 et
1781 1915 1868 1955 alias,
1886 1919 1984 1959 prout

1242 1970 1375 2003 uberius
1400 1970 1588 2003 continetur
1612 1970 1646 2002 in
1671 1969 1741 2002 eius
1768 1969 1901 2002 decreto
1928 1969 1984 2001 de-

1241 2034 1340 2066 super
1373 2028 1524 2056 emanato
1557 2022 1681 2056 tenoris
1721 2022 1774 2065 qui
1812 2021 1981 2066 sequitur,

1243 2076 1414 2109 videlicet:

1282 2146 1331 2176 Die
1363 2155 1391 2176 v1
1422 2146 1487 2176 iulii
1517 2153 1663 2183 nncxxv1,
1698 2143 1759 2174 viso
1791 2143 1982 2183 retroscripto

1989 164 2036 192 An.
2048 164 2079 192 C.
2103 164 2166 195 ¹⁷26

1999 1124 2108 1152 Expositio
2115 1126 2170 1151 sacti.

2063 2157 2170 2181 Deci-olum

1242 2196 1341 2226 libello
1380 2199 1408 2225 et
1440 2195 1626 2224 attestatione
1663 2202 1715 2223 seu
1753 2193 1897 2223 relatione
1934 2184 2132 2224 ad·¹'‘³⁰‘¹i⁰²¹¹¹¹²'

1243 2245 1359 2275 modum
1383 2244 1537 2274 reverendi
1563 2243 1652 2282 patris
1676 2242 1874 2282 procuratoris
1896 2251 1983 2281 gene-

1242 2295 1312 2324 ralis
1335 2294 1480 2331 hodierni,
1506 2294 1670 2333 cupientes,
1694 2292 1882 2332 quantumin
1898 2291 1983 2321 nobis

1279 2389 1289 2414 1
1313 2387 1371 2414 Atia
1391 2387 1471 2413 buius
1488 2386 1629 2413 Pontificis
1644 2388 1731 2412 const.
1747 2384 1812 2412 edit.
1828 2389 1982 2417 mnccxxvn,

1243 2432 1287 2458 die
1300 2434 1333 2457 :to
1345 2432 1463 2464 augusti,
1481 2430 1576 2465 pontis.
1589 2437 1624 2461 tv,
1642 2429 1754 2456 tertiarii
1772 2429 1891 2455 eiusdem
1908 2427 1984 2454 Ordi-

1243 2477 1284 2503 nis
1304 2475 1486 2502 subiicinntur
1506 2474 1684 2501 iurisdictioni
1701 2473 1818 2500 ministri
1837 2471 1982 2508 generalis.

1277 2520 1293 2546 2
1315 2520 1408 2554 Aptius
1428 2520 1486 2554 lege
1504 2520 1594 2554 possit
1614 2520 1641 2552 (R
1666 2518 1715 2549 T.).

1277 2564 1294 2592 3
1313 2564 1384 2592 Edit.
1405 2564 1484 2591 lllain.
1505 2563 1571 2598 legit
1589 2561 1805 2597 incompatibili
1822 2561 1864 2597 (R.
1886 2561 1936 2596 Tu).
