2170 3147
222 209 268 234 Λη.
292 208 320 236 c.
346 208 410 235 17⁴2t
456 200 497 232 OQ

253 2125 332 2147 Deinde
352 2126 410 2147 sim'-

226 2154 250 2172 liN
288 2162 292 2170 ι
351 2159 408 2173 (ηυι-Υ

275 2186 280 2198 i
381 2180 385 2199 l
403 2190 409 2194 -

374 2209 376 2216 .

358 2213 376 2225 ai
388 2212 393 2225 i
405 2222 409 2231 ,

307 2246 310 2251 .
360 2233 409 2252 l'utl:

226 2264 295 2285 eaqun
315 2258 410 2279 comunis-

226 2291 250 2305 ιιι
265 2286 349 2306 cuidam
361 2292 410 2306 con-

227 2316 343 2337 git-galluni
363 2319 410 2336 piu·-

227 2340 326 2362 tuvulari,
342 2340 368 2358 al·
386 2340 409 2359 νὴ

226 2371 318 2390 sequens
357 2372 375 2384 uu
387 2366 410 2384 li-

226 2392 281 2411 cium
306 2392 409 2417 prnlatttm

226 2421 265 2442 est,
280 2418 336 2444 quud
353 2421 372 2439 et
384 2419 410 2438 ab

226 2450 301 2464 eun-³111
319 2447 409 2465 tjleinnn*

226 2474 246 2490 b-
263 2471 289 2491 M
304 2472 411 2498 approba-

226 2500 277 2520 lum.

415 258 527 299 quavis
565 258 812 291 concertatione
849 268 905 291 seu
943 257 1009 290 litis
1050 257 1158 301 specie

415 320 549 354 prorsus
574 310 767 351 abstinere;
794 311 966 355 adeoque,
993 311 1076 344 datis
1096 310 1160 354 pri-

416 375 501 396 iuum
528 364 566 397 ad
593 364 743 397 eumdem
770 365 1062 407 praedecessorem
1096 375 1157 397 no-

416 424 517 449 strum
544 419 659 451 litteris
685 429 721 451 ex
739 418 928 451 suburbano
946 429 1073 451 secessu
1093 428 1162 450 san-

416 471 456 502 cti
475 471 629 511 Pastoris,
649 477 680 504 et
700 482 771 504 mox
791 471 887 504 etiam
910 471 1030 515 apertis
1055 471 1160 504 verbis

417 524 464 557 illi
490 535 601 557 coram
628 525 859 567 explicavimus
885 530 981 568 atque
1008 525 1159 557 obtestati

418 576 536 609 suimus
554 604 561 616 ‚
588 582 645 617 ut,
672 588 878 621 quacumque
905 577 1007 610 nostri
1035 577 1159 610 ratione

416 630 606 672 posthabita
626 657 633 670 ‚
661 630 851 673 dignitatem
878 631 1054 663 decanatus
1086 640 1158 662 car-

417 683 517 716 dinali
544 683 699 726 episcopo
726 694 761 716 ex
789 683 1012 715 residentibus
1036 682 1069 714 in
1099 682 1162 714 tto-

416 739 510 768 mana
534 736 628 769 Curia
655 736 832 779 antiquiori
871 736 1000 769 deferre
1036 736 1160 774 vellet,

416 789 588 832 eidemque
616 789 827 822 ecclesiarum
853 788 1009 821 Ostiensis
1043 794 1074 821 et
1105 788 1162 820 Ve-

416 842 608 875 liternensis
647 842 815 885 optionem
856 842 1086 885 permitteret,
1125 843 1162 873 ea

418 900 527 928 tamen
553 895 679 928 adiecta
712 896 956 936 declaratione,
985 900 1036 935 ut,
1063 894 1160 928 simili

418 948 450 980 iu
476 953 642 992 posterum
664 955 858 983 occurrente
877 950 1052 982 decanatus
1069 959 1162 981 vaca-

419 1001 505 1034 tione
526 1028 533 1042 ,
559 1003 647 1035 salva
673 1008 704 1035 et
729 1001 843 1035 illaesa
864 1005 1072 1035 remanerent
1092 1001 1161 1034 iura

419 1055 632 1088 cardinalium
658 1055 903 1099 episcoporum,
929 1055 985 1098 qui
1011 1054 1162 1088 cardina-

418 1109 487 1140 latu
522 1108 653 1151 quidem
697 1114 809 1141 essent
844 1107 1069 1151 antiquiores,
1104 1108 1160 1140 sed

419 1167 507 1193 extra
534 1161 710 1194 Romanam
737 1161 865 1194 Curiam
884 1162 915 1193 in
934 1161 1076 1205 propriis
1094 1161 1160 1193 suis

419 1214 663 1257 episcopatibus
692 1220 767 1246 tunc
799 1214 994 1247 residerent.
1031 1215 1162 1247 Attenta

419 1268 528 1311 itaque
566 1268 751 1301 huiusmodi
791 1270 900 1301 nostra
942 1269 1161 1301 obtestatione

419 1325 516 1360 atque
551 1319 725 1357 cessione,
757 1329 873 1352 vacans
910 1319 992 1352 sacri
1030 1318 1160 1361 collegii

419 1371 598 1403 decanatus
624 1372 687 1403 una
711 1383 783 1404 cum
809 1371 950 1404 Ostiensi
978 1371 1163 1404 etVeliter-

418 1425 512 1457 nensi
539 1425 689 1457 ecclesiis
715 1437 731 1458 a
757 1431 936 1458 memorato
956 1425 1111 1458 Pontiffice
1130 1425 1162 1457 in

419 1478 612 1509 consistorio
638 1484 764 1510 secreto
790 1478 901 1510 habito
939 1478 990 1511 die
1023 1489 1094 1512 xxxft
1131 1489 1162 1510 a-

419 1530 511 1572 prilis
538 1540 677 1563 MDCCth
703 1531 809 1564 bonae
835 1531 1013 1564 memoriae
1050 1530 1161 1563 Fulvio

421 1589 550 1615 sauctae
595 1583 757 1616 Romanae
797 1584 962 1617 Ecclesiae
1004 1584 1160 1616 cardinali

421 1637 573 1675 Astallio⁷
602 1642 677 1669 tunc
702 1637 859 1680 episcopo
886 1637 1079 1677 Sabinensi,
1106 1637 1160 1680 qui

421 1700 457 1721 cx
484 1690 650 1732 episropis
677 1690 901 1723 cardinalibus
928 1691 959 1723 in
986 1690 1081 1724 Curia
1107 1691 1161 1723 de-

421 1743 574 1783 gentibus
600 1743 765 1786 antiquior
790 1749 880 1784 erat,
917 1754 989 1777 eum
1027 1744 1160 1787 speciali

421 1802 526 1828 tamen
554 1795 672 1828 iuriuui
699 1807 980 1840 quorumcumque
1009 1802 1071 1829 lani
1095 1797 1162 1840 epi-

421 1860 597 1892 scoporum
639 1850 855 1883 cardinalium
903 1856 992 1883 extra
1035 1850 1162 1883 Curiam

420 1904 505 1946 apud
522 1903 648 1946 priores
665 1913 739 1935 suas
762 1903 917 1936 ecclesias
936 1903 1160 1941 residentium,

421 1968 516 1999 quani
543 1957 681 1989 aliorum
703 1957 930 2000 episcoporum
946 1956 1161 1991 cardinalium

421 2010 452 2041 in
479 2009 592 2042 eadem
618 2009 711 2042 Curia
737 2010 1035 2051 commorantium,
1067 2020 1162 2054 prae-

421 2063 622 2103 servadone,
650 2063 775 2096 delatus
802 2063 870 2095 suit.

464 2117 479 2159 ἓ
503 2116 534 2150 3.
564 2116 688 2149 Deinde
708 2126 795 2156 vero,
814 2127 885 2149 cum
913 2117 1078 2160 praefatus
1096 2128 1163 2149 car-

374 2186 399 2198 ·s·
421 2170 539 2203 ‹linalis
571 2170 723 2203 Astallius
755 2170 922 2210 decanus,
960 2170 1163 2203 inscrutabili

422 2223 550 2256 <livinae
585 2223 812 2267 providentiae
849 2223 1089 2267 dispositione,
1124 2223 1163 2256 ab

423 2277 640 2319 huiusmodi',
668 2277 812 2310 omnium
835 2277 991 2320 opinione
1011 2276 1161 2317 celerius,

422 2330 630 2369 decessisset,
651 2335 681 2362 et
699 2330 761 2362 alia
778 2340 844 2362 non
863 2329 1018 2362 adsimilis
1033 2335 1163 2362 contro-

421 2384 526 2417 versia
553 2384 636 2416 inter
667 2383 869 2416 venerabiles
896 2383 1012 2416 fratres
1036 2390 1164 2416 nostros

422 2437 527 2470 bonae
562 2436 736 2468 memoriae
768 2436 968 2469 cardinalem
1003 2436 1165 2469 Sebastia-

422 2501 496 2522 num
509 2489 683 2522 Antonium
695 2489 875 2528 Tauarium‚
887 2495 962 2521 tunc
977 2489 1164 2532 episcopum

460 2563 470 2587 t
494 2560 590 2588 Deesse
612 2559 716 2586 iidetur
736 2560 812 2593 vita,
842 2560 881 2588 rel
905 2559 1164 2595 subintelligendum

422 2607 564 2633 decanatu
586 2610 629 2632 aut
651 2604 793 2639 (Iiyut'lalc
813 2610 849 2639 (n.
867 2605 912 2638 Τ,),

998 209 1178 233 titilianum
1206 209 1359 233 notamini

1203 256 1434 299 Tusculanum,
1460 263 1492 292 et
1515 258 1716 292 cardinalem
1738 257 1945 292 Franciscum

1204 309 1363 351 Iudicem,
1393 315 1466 344 tunc
1491 311 1612 354 pariter
1637 311 1827 355 episcopum
1853 311 1946 345 Prae-

1204 363 1365 397 nestinum
1396 364 1428 396 in
1456 364 1598 397 Romana
1627 364 1721 398 Curia
1753 369 1946 408 praesentes

1206 417 1323 460 (nobis
1342 418 1473 451 omniuo
1492 418 1667 451 silentibus
1694 423 1726 450 et
1756 428 1773 449 a
1791 428 1946 461 quacum-

1206 481 1267 514 que
1293 471 1450 514 petitione
1466 482 1600 515 prorsus
1618 471 1878 514 abstinentibus)
1897 481 1946 504 ex-

1205 524 1300 557 citata
1327 524 1450 565 suisset,
1470 529 1668 557 memoratus
1686 524 1836 558 Clemens
1852 534 1947 568 prae-

1206 577 1354 610 decessor
1369 582 1497 620 septem
1516 576 1662 610 eiusdem
1680 576 1796 610 Curiae
1814 587 1947 620 praesu-

1207 630 1251 661 les
1276 630 1424 662 doctrina
1450 634 1482 662 et
1514 629 1702 672 integritate
1739 634 1946 673 praestantes

1206 682 1389 725 deputavit,
1417 681 1546 725 illisque
1571 681 1750 723 commisit,
1768 687 1818 722 ut,
1842 683 1946 726 probe

1206 744 1241 766 ac
1256 740 1379 768 mature
1397 736 1571 778 perpensis
1582 735 1747 768 rationum
1760 735 1945 774 momentis,

1206 787 1260 830 qui
1287 788 1363 821 ltine
1390 787 1465 820 inde
1492 787 1597 821 afferri
1628 793 1810 831 poterant,
1846 793 1878 821 et
1907 788 1946 821 de

1207 839 1324 882 quibus
1342 850 1396 873 eos
1421 841 1517 883 plene
1543 840 1657 874 instrui
1683 841 1826 882 curavit,
1853 851 1946 874 suum

1206 892 1292 926 circa
1317 904 1426 926 verum
1453 904 1584 926 sensum
1611 894 1794 927 antedictae
1827 894 1949 927 consti-

1207 946 1338 980 tutionis
1365 947 1453 980 Pauli
1480 947 1516 980 lv
1545 947 1701 981 iudicium
1733 948 1922 991 proferrent
1942 975 1949 988 ,

1206 1000 1292 1042 quod
1319 1005 1435 1043 postea
1460 1000 1492 1032 in
1519 1000 1607 1033 bunc
1632 1001 1686 1045 qui
1711 999 1859 1044 sequitur
1879 1011 1948 1033 mo-

1207 1053 1282 1086 dum
1308 1054 1540 1097 protulerunt:

1245 1133 1295 1163 Die
1324 1142 1412 1163 xxvm
1440 1133 1580 1164 februarii
1606 1142 1736 1164 mnecxxi
1767 1133 1865 1163 habita
1895 1134 1949 1164 fuit

1205 1182 1394 1220 congregatio
1417 1182 1602 1221 particularis
1624 1183 1655 1212 in
1678 1182 1882 1212 mansionibus
1903 1192 1949 1212 re-

1206 1231 1327 1261 verendi
1351 1231 1442 1270 patris
1466 1231 1577 1260 domini
1599 1231 1741 1261 auditoris
1763 1230 1949 1261 Sanctissimi

1206 1288 1295 1318 super
1316 1281 1407 1309 causa
1428 1280 1588 1310 decanatus
1611 1279 1687 1309 sacri
1715 1279 1832 1318 collegii
1854 1280 1950 1310 cardi-

1206 1330 1330 1367 nalium,
1350 1331 1397 1360 cui
1429 1330 1631 1360 interfuerunt
1654 1330 1715 1360 RR.
1739 1330 1795 1360 PP.
1818 1329 1873 1359 DD.
1898 1330 1951 1360 Pe-

1208 1383 1261 1415 tra,
1297 1379 1477 1408 Maresuscns
1509 1378 1626 1408 auditor
1648 1378 1844 1416 Sanctissimi,
1878 1379 1950 1408 Lan-

1207 1431 1296 1466 cetta,
1319 1427 1454 1466 Cerreus,
1479 1427 1617 1464 Hei-rora,
1641 1427 1787 1458 Ansideus
1817 1431 1845 1457 et
1867 1427 1951 1457 Lam-

1207 1475 1341 1506 bertinus
1359 1476 1489 1506 eiusdem
1507 1475 1694 1515 particularis
1709 1475 1950 1515 Congregationis

1207 1525 1409 1559 secretarium
1434 1534 1594 1564 omnesque
1617 1524 1799 1554 unanimiter
1827 1533 1951 1564 respon-

1206 1574 1312 1603 derunt
1332 1574 1544 1604 consulendum
1569 1583 1633 1603 esse
1656 1573 1860 1612 Sanctissimo,
1874 1574 1950 1612 quod

1207 1622 1356 1652 declarare
1379 1623 1518 1661 dignetur
1537 1622 1714 1652 decanatum
1733 1622 1810 1651 sacri
1834 1622 1950 1660 collegii

1207 1671 1401 1700 cardinalium
1425 1671 1578 1700 devenisse
1596 1671 1697 1709 vigore
1714 1670 1814 1700 Bullae
1829 1670 1950 1709 quintae

1207 1724 1324 1749 sanctae
1347 1720 1507 1749 memoriae
1530 1719 1613 1749 Pauli
1630 1719 1666 1749 lv
1690 1719 1725 1748 ad
1749 1718 1952 1748 eminentissi-

1208 1777 1287 1797 mum
1320 1768 1471 1797 dominum
1504 1768 1683 1797 cardinalem
1706 1767 1878 1804 Tanarium,
1907 1767 1951 1797 uti

1207 1817 1378 1856 episcopum
1401 1816 1582 1846 cardinalem
1599 1816 1796 1855 antiquiorem
1819 1816 1849 1845 in
1865 1815 1951 1846 Curia

1209 1870 1394 1905 praesentem
1419 1870 1550 1904 tempore
1578 1865 1741 1895 vacationis
1768 1865 1838 1895 dicti
1867 1865 1952 1895 deca-

1208 1919 1294 1944 natus
1317 1918 1460 1953 sequutae
1477 1923 1527 1953 per
1544 1913 1656 1943 obitum
1679 1913 1838 1943 cardinalis
1856 1913 1951 1943 Fulvii

1208 1963 1335 2001 itstattii,
1360 1963 1488 1993 exclusis
1510 1962 1656 2002 episcopis
1678 1961 1879 1992 cardinalibus
1901 1971 1953 1992 an-

1208 2011 1385 2051 tiquioribus
1419 2015 1499 2041 extra
1535 2011 1655 2041 Curiam
1692 2015 1822 2050 tempore
1855 2010 1951 2041 dictae

1209 2061 1369 2090 vacationis
1396 2059 1647 2090 commorantibus
1678 2068 1736 2089 non
1767 2068 1801 2088 ex
1833 2058 1951 2099 publica

1207 2110 1293 2139 causa
1327 2113 1355 2139 et
1387 2107 1584 2138 destinatione
1618 2107 1743 2138 Romani
1775 2107 1950 2144 Pontifieis,

1207 2158 1322 2187 etiamsi
1345 2157 1508 2187 residerent
1530 2157 1559 2186 in
1584 2156 1729 2193 eeclesiis,
1754 2165 1878 2195 quarum
1901 2156 1952 2186 ad-

1208 2206 1456 2236 ministrationem
1486 2214 1522 2234 ex
1548 2205 1767 2244 dispensatione
1790 2204 1953 2244 apostolica

1208 2256 1348 2292 retinent,
1372 2260 1401 2285 et
1424 2255 1463 2285 ita
1496 2254 1673 2284 servandum
1706 2263 1770 2284 esse
1803 2253 1952 2293 perpetuis

1208 2304 1356 2334 futuribus
1391 2303 1604 2333 vacationibus.
1632 2302 1732 2338 Quoad
1764 2302 1851 2332 aliam
1884 2311 1952 2332 vero

1208 2353 1439 2383 controversiam
1455 2353 1531 2382 inter
1548 2351 1797 2382 eminentissimos
1820 2351 1953 2380 dominos

1208 2403 1389 2433 cardinalem
1411 2401 1588 2438 Tanarium,
1617 2400 1814 2440 antiquiorem
1838 2399 1867 2429 in
1890 2399 1952 2439 epi-

1209 2455 1329 2491 scopatu
1351 2455 1379 2481 et
1402 2451 1547 2480 iuniorem
1570 2450 1601 2479 in
1623 2448 1819 2486 cardinalatu,
1839 2452 1868 2478 et
1889 2457 1952 2478 car-

1208 2501 1336 2530 dinalem
1359 2499 1510 2537 Iudicem,
1536 2498 1681 2529 iuniorem
1715 2498 1744 2528 in
1778 2497 1950 2537 episcopatu

1208 2549 1259 2579 sed
1283 2549 1479 2588 antiquiorem
1504 2547 1532 2577 in
1556 2546 1750 2585 cardinalatu,
1774 2555 1860 2576 causa
1892 2555 1949 2576 non

1208 2598 1261 2628 suit
1296 2597 1459 2637 proposita,
1494 2597 1604 2627 attenta
1638 2595 1770 2626 cessione
1806 2604 1858 2626 suo
1891 2594 1950 2628 iuri

1946 211 1995 236 An.
2016 209 2046 236 C.
2071 211 2137 240 ¹724

2016 1137 2138 1160 Praedicta·

1964 1165 2133 1190 (Iouigrefaiiunlt

1961 1192 2068 1212 iudicium.
