2170 3147
0 215 47 246 .C.
68 216 136 244 ¹729

713 215 910 240 BENEDICTUS
934 214 953 239 X
959 215 994 238 ttt
1019 215 1035 239 P
1041 215 1069 239 P.

143 273 199 303 que
221 263 258 293 sit
281 262 397 293 vivendi
423 263 525 294 modus
549 273 562 293 a
587 263 693 294 ceteris
717 264 884 303 provinciae

143 311 272 342 eiusdem
305 312 496 342 conventibus
529 322 584 342 non
622 313 693 342 satis
728 312 882 349 absimilis,

143 370 200 400 quo
223 359 381 390 subsistere
409 361 500 399 possit
529 362 656 400 praelixa
685 362 830 401 separatio
857 365 883 391 ct

143 409 266 439 duorum
290 409 475 448 superiorum
499 410 543 439 vel
566 411 693 449 capitum
725 410 881 447 institutio,

142 457 267 486 maxime
299 466 363 486 eum
400 467 433 487 ex
468 458 612 496 praefatae
644 458 883 496 Congregationis

142 505 293 535 institutae
318 506 424 535 litteris
454 507 620 545 patentibus
646 516 781 546 expresse
802 510 883 535 note-

142 557 188 582 tur
210 554 256 583 die
279 562 324 583 xlx
348 554 412 583 iulii
435 562 561 584 ametxtv
593 554 648 593 ipsi
678 563 815 584 concessa
839 560 882 590 vel

141 603 328 633 concedenda
353 603 504 641 privilegia
529 605 564 632 ea
589 603 739 633 dumtaxat
767 603 832 641 lege
856 606 883 631 et

141 651 306 681 conditione
331 651 426 681 valere
457 652 501 681 vel
526 652 670 689 valitura,
695 656 722 681 et.
745 661 802 681 non
831 651 880 680 ali-

140 703 194 737 ter,
213 704 244 730 ut
266 700 295 729 in
319 700 383 729 eius
399 701 592 730 conventibus
621 701 766 738 regularis
784 699 882 729 obser-

140 748 236 778 vantia
273 749 434 778 secundum
470 753 600 778 tenorem
637 748 879 778 constitutionum

139 801 305 826 nostrarum
323 802 423 827 exacte
440 801 467 827 et
483 802 620 827 accurate
642 802 787 835 serretur,
811 797 880 826 adeo

139 849 170 874 nt
193 854 207 874 a
232 845 389 884 praedictis
406 846 579 884 privilegiis,
597 845 834 875 concessionibus
854 849 881 874 et

138 894 239 931 gratiis
262 895 375 924 excidat
397 896 460 934 ipso
484 896 558 925 facto
581 900 607 924 et
635 894 793 924 excessisse
816 903 879 923 cen-

138 946 237 972 seatur
271 943 366 972 statim
390 948 474 982 atque
497 953 511 973 a
533 943 662 981 regulari
696 942 880 972 observantia

138 991 297 1021 excessisse
326 992 507 1022 constiterit:
538 993 584 1021 his
610 992 732 1030 aliisque
762 990 878 1020 adducti

138 1040 304 1076 momentis,
320 1040 464 1079 votisque,
481 1040 612 1079 petitioni
625 1049 657 1069 ac
671 1039 805 1079 precibus
819 1043 878 1069 tum

137 1097 239 1118 recens
262 1088 347 1118 electi
376 1089 405 1118 in
429 1089 569 1118 vicarium
594 1093 653 1118 tum
679 1088 817 1117 exvicarii
846 1097 878 1117 ac

138 1137 264 1177 plurium
281 1137 409 1167 eiusdem
427 1137 669 1176 Congregationis
691 1137 876 1166 alumnorum

137 1185 283 1222 inclinati,
301 1186 404 1215 harum
427 1186 514 1222 serie,
532 1185 683 1224 nostrique
705 1185 877 1214 auctoritate

138 1235 237 1272 officii,
255 1245 287 1264 ac
310 1235 344 1265 de
367 1235 523 1264 mandato¹
545 1234 629 1264 nobis
647 1244 660 1263 a
681 1235 809 1273 praefato
830 1243 875 1263 ca-

137 1284 229 1322 pitulo
261 1284 389 1322 generali
413 1284 569 1320 facultate,
597 1283 776 1323 praedictam
804 1282 875 1313 Con-

136 1333 334 1371 gregationem
357 1333 533 1371 Angelorum
557 1332 743 1362 dissolvimus
772 1335 799 1361 et
827 1341 877 1361 an-

136 1382 295 1419 nullamus,
312 1387 340 1412 et
357 1386 456 1412 tenore
474 1382 670 1421 praesentium
689 1390 874 1421 suppressam

136 1439 169 1460 ae
191 1431 314 1461 solutam
338 1432 537 1469 declaramus,
562 1440 720 1470 omnesque
750 1440 876 1460 conven-

138 1484 182 1510 tus
205 1479 285 1510 illius
311 1480 549 1518 Congregationis
581 1479 700 1509 unimus
732 1483 760 1509 et
791 1479 876 1509 resti-

137 1529 246 1559 tuimus
278 1529 445 1568 provinciae
476 1533 592 1559 nostrae
625 1528 875 1567 Galloprovinciae

136 1577 293 1617 unitasque
309 1578 530 1607 denunciamus.
546 1577 619 1607 lIinc
636 1581 798 1606 annuentes
814 1586 877 1615 pre-

137 1624 220 1655 cibus
252 1626 407 1656 admodum
440 1626 594 1656 reverendi
625 1625 715 1665 patris
747 1625 876 1663 magistri

137 1673 273 1704 Ludovici
296 1675 415 1704 Mauche
437 1674 467 1704 in
491 1674 631 1704 vicarium
654 1683 747 1713 nuper
779 1673 875 1710 electi,

136 1725 164 1752 et
186 1733 201 1752 a
230 1723 316 1753 nohis
348 1724 382 1753 ad
415 1728 557 1753 maturam
588 1723 631 1752 rei
664 1721 875 1752 discussionem

136 1772 311 1810 confirmati,
335 1772 431 1811 ipsum
455 1771 489 1801 ab
512 1781 598 1801 onere
615 1771 717 1801 vicarii
733 1771 877 1809 generalis

136 1821 302 1858 eximimus,
326 1826 353 1851 et
375 1824 554 1860 exemptum,
578 1822 727 1860 acceptata
749 1821 811 1850 eius
833 1830 877 1851 re-

136 1870 335 1905 nuneiatione,
347 1870 540 1907 declaramus,
551 1870 653 1900 dautes
666 1870 819 1900 admodum
833 1880 877 1901 re-

138 1918 264 1948 verendo
288 1918 363 1958 patri
380 1919 518 1956 magistro
541 1918 712 1957 provinciali
739 1919 877 1948 moderno

137 1967 258 2006 eiusque
291 1967 511 1997 successoribus
543 1976 657 1997 omnem
688 1967 717 1997 in
740 1972 768 1997 et
789 1977 877 2007 super

137 2016 230 2046 dictos
253 2019 414 2046 conventus
438 2025 636 2055 personasque
652 2017 687 2046 ad
709 2016 787 2055 ipsos
808 2025 877 2055 quo-

137 2064 298 2095 modolibet
324 2068 489 2103 spectantes
520 2065 725 2094 auctoritatem
748 2069 775 2094 et
797 2069 877 2104 pote-

137 2117 255 2151 statem,
280 2122 366 2152 quam
389 2122 456 2151 erga
480 2117 590 2143 ceteros
613 2113 741 2143 eiusdem
761 2114 877 2152 provin-

137 2162 198 2192 ciae
217 2166 377 2192 conventus
401 2166 428 2192 et
450 2171 589 2201 personas
610 2171 746 2192 exercere
761 2163 835 2192 solet
850 2167 878 2193 et

136 2211 224 2241 debet
246 2220 279 2241 ex
296 2211 340 2240 sui
357 2210 445 2240 officii
464 2211 652 2249 provincialis
674 2214 701 2240 et
723 2211 876 2241 confirma-

137 2259 225 2290 tionis
247 2268 261 2289 a
285 2258 368 2289 nobis
391 2263 539 2289 emanatae
561 2259 607 2289 die
629 2268 677 2289 xxi
700 2260 767 2289 maii
785 2263 877 2290 trans-

136 2309 193 2338 acti
208 2319 215 2346 3
239 2308 451 2348 praecipientes
467 2308 497 2338 in
514 2308 619 2338 virtute
637 2308 763 2347 Spiritus
779 2309 875 2339 Sancti

136 2361 165 2387 et
186 2362 305 2387 sanctae
327 2355 527 2395 obedientiae,
551 2366 664 2387 necnon
687 2357 740 2387 suh
763 2358 875 2387 formali

136 2411 301 2446 praecepte,
319 2405 454 2436 omnibus
474 2406 613 2436 fratribus
634 2406 668 2436 ad
684 2406 791 2436 dictam
806 2406 875 2437 Con-

134 2456 332 2494 gregationem
349 2459 431 2485 antea
449 2455 659 2494 spectantibuS,
677 2459 708 2485 ut
728 2455 875 2494 praedicto

135 2504 294 2535 reverendo
311 2504 386 2543 patri
409 2504 547 2542 magistro
570 2503 741 2543 provinciali
757 2504 875 2543 provin-

134 2553 196 2585 ctae
217 2557 333 2584 nostrae
357 2552 609 2592 Galloprovinciae
632 2552 746 2582 subsint
775 2557 803 2583 et
826 2562 875 2593 pa-

170 2607 181 2636 t
204 2606 316 2635 Videtur
335 2605 481 2642 legendum
500 2606 645 2634 mandata
667 2606 702 2642 (a.
719 2606 767 2639 ³2).

1392 174 1400 189 t

927 267 1021 301 reant,
1045 264 1200 303 ipsumque
1227 263 1306 294 velet
1333 263 1497 303 legitimum
1527 268 1615 302 caput
1643 266 1670 292 et

928 313 1046 343 unicum
1070 313 1249 352 superiorem
1273 313 1415 349 habeant,
1445 317 1621 343 venerentur
1643 316 1671 342 et

927 366 1103 399 agnoscant3
1121 371 1206 401 quem
1224 362 1311 391 etiam
1329 361 1484 400 plurimum
1502 361 1531 390 iu
1548 361 1670 391 Domino

927 415 955 440 et
978 411 1106 449 paternis
1129 411 1291 440 visceribus
1319 411 1471 440 hortamur
1494 420 1529 440 ne
1551 410 1669 449 quidam

928 459 1013 488 detur
1035 459 1078 488 vel
1102 460 1295 489 contendatur
1311 460 1345 489 ad
1363 459 1524 489 molliorem
1542 459 1673 498 discipli—

928 517 993 536 nam
1017 508 1129 545 aditus,
1153 513 1181 538 et
1203 508 1325 546 singulis
1348 508 1377 537 in
1408 508 1554 537 coenobiis
1577 508 1670 537 dictae

929 556 1095 594 provinciae
1117 557 1205 586 vitam
1227 556 1389 594 regularem
1408 556 1594 586 uniformiter
1613 556 1668 586 eri-

927 607 985 641 gat,
1020 604 1130 643 lapsam
1163 605 1310 639 restituat,
1334 609 1362 634 et
1385 604 1561 644 ubicumque
1594 604 1670 642 viget

927 653 1064 682 intactam
1097 657 1260 683 conservet.
1295 654 1325 683 ln
1358 654 1475 683 nomine
1509 653 1616 691 Patris,
1640 657 1667 683 et

928 702 1005 739 Filii,
1023 706 1051 731 et
1074 702 1201 741 Spiritus
1224 702 1334 732 Sancti.
1353 702 1414 732 Non
1438 702 1621 732 obstantibus
1638 702 1667 732 in

926 750 1104 780 contrarium
1138 750 1382 790 quibuscumque.
1415 751 1517 780 Datum
1546 751 1666 788 Romae,

926 798 954 827 in
979 803 1122 828 conventu
1145 804 1243 829 nostro
1274 799 1303 829 S.
1327 799 1434 829 Mariae
1456 808 1544 839 super
1565 799 1669 829 Miner-

926 856 1001 881 vam,
1025 847 1070 876 die
1094 856 1109 875 v
1132 848 1204 877 iunii
1227 848 1296 877 anui
1319 856 1488 877 atncnxxvu.
1509 865 1541 869 —
1567 848 1667 877 Frater

925 896 1046 925 Tutoris
1070 896 1191 933 Rwom,
1216 896 1355 934 magister
1378 895 1507 925 Ordinis.
1533 914 1568 918 -—
1600 896 1667 925 Fra-

926 947 968 973 ter
990 943 1114 973 loaxxes
1130 944 1251 979 Sutrino,
1271 944 1407 981 magister
1430 949 1458 973 et
1481 944 1666 974 secretarius.

925 991 991 1021 Loco
1013 993 1030 1028 †
1051 992 1150 1030 ssyilli.
1174 1008 1211 1013 —
1234 991 1352 1030 Itr‘yistr.
1377 992 1427 1031 fol.
1452 992 1500 1022 90.

968 1060 982 1103 ξ
1007 1060 1038 1093 lt.
1066 1060 1141 1093 Cum
1163 1065 1280 1093 autem.
1300 1061 1383 1093 sicut
1404 1060 1515 1094 eadem
1538 1062 1665 1104 exposi-

925 1114 967 1147 tio
994 1114 1222 1156 subiungebat‚
1250 1114 1325 1147 lieet
1350 1114 1538 1157 suppressio
1561 1115 1664 1148 dictae

923 1166 1216 1209 Congregationis,
1254 1167 1407 1209 illiusque
1446 1173 1664 1201 conventuum

923 1220 1085 1253 restitutio
1101 1221 1287 1263 provinciae
1302 1220 1477 1263 praefatae,
1491 1221 1536 1254 sic
1552 1221 1663 1269 sactae,

921 1278 1066 1317 optatum
1083 1273 1227 1306 habeant
1240 1284 1435 1312 successum,
1451 1274 1661 1317 ipsorumque

921 1331 1135 1359 conventuum
1163 1327 1277 1359 fratres
1303 1327 1361 1359 snb
1386 1337 1450 1360 uno
1480 1328 1663 1371 eodemque

922 1379 1107 1423 provinciae
1136 1381 1299 1423 praefatae
1336 1381 1440 1423 capite
1467 1381 1605 1424 quietius
1632 1386 1663 1413 et

922 1433 1047 1466 felicius
1074 1433 1216 1475 regulari
1243 1433 1471 1466 observantiae
1497 1433 1660 1472 insistant,

921 1486 1100 1529 maiorique
1119 1486 1301 1518 animorum
1317 1486 1489 1519 eoncordia
1506 1481 1662 1519 Altissirni

922 1539 1086 1582 obsequiits
1112 1539 1323 1579 famulentur;
1343 1539 1569 1579 nihilominus,
1589 1539 1663 1582 quia

922 1591 1005 1624 dicta
1028 1591 1241 1635 Congregatio
1261 1592 1353 1624 etiam
1373 1593 1563 1624 auctoritate
1586 1602 1663 1634 apo-

922 1645 1035 1677 stolica
1060 1649 1169 1677 erecta
1195 1649 1223 1677 et
1252 1645 1442 1687 praesertim
1468 1655 1527 1687 per
1552 1654 1663 1686 supra-

923 1697 1023 1730 dictas
1049 1697 1223 1730 Alexandri
1249 1697 1514 1740 praedecessoris
1540 1697 1662 1730 litteras

922 1751 1112 1783 contirmata
1131 1751 1243 1790 fuerat,
1265 1751 1334 1794 ipse
1350 1751 1484 1783 loannes
1503 1750 1661 1794 Iosephus

923 1804 1012 1846 prior
1037 1803 1244 1847 provincialis
1271 1809 1435 1842 vereatur,
1462 1814 1500 1836 ne
1526 1804 1558 1836 id
1583 1804 1662 1836 vali-

923 1857 1013 1889 ditati
1050 1856 1290 1900 suppressionis
1327 1862 1357 1889 et
1382 1856 1511 1889 unionis
1549 1856 1661 1889 huius-

923 1909 1007 1942 modi
1034 1909 1151 1949 obstet,
1179 1910 1317 1952 illasque
1345 1909 1520 1953 aliquando
1546 1909 1577 1941 in
1604 1910 1662 1941 du-

922 1963 1009 1994 bium
1035 1962 1177 1994 revocari
1203 1962 1384 2004 contingat:
1411 1972 1509 2004 quare
1535 1962 1660 2005 praefa-

924 2021 971 2047 tus
987 2015 1124 2048 Ioannes
1143 2025 1309 2058 exponens
1331 2015 1508 2057 supradicti
1530 2015 1660 2047 Ioannis

922 2068 1051 2111 losephi
1076 2068 1196 2111 prioris
1222 2068 1427 2111 provincialis
1452 2068 1585 2101 nomine
1607 2079 1659 2101 no-

921 2121 969 2153 his
989 2121 1158 2154 humiliter
1175 2121 1350 2164 supplicari
1371 2121 1446 2154 fecit
1466 2127 1500 2153 ut
1520 2121 1550 2154 in
1570 2131 1660 2164 prae-

921 2174 1024 2207 missis
1049 2178 1237 2218 opportune
1262 2174 1435 2217 providere
1462 2179 1493 2207 et
1517 2180 1552 2207 ut
1576 2175 1660 2207 iufra

921 2227 1088 2269 indulgere
1114 2227 1153 2259 de
1178 2227 1380 2269 benignitate
1405 2227 1587 2270 apostolica
1613 2227 1659 2259 di-

920 2290 1102 2322 gnaremur.
1129 2279 1191 2313 Nos
1218 2280 1331 2322 igitur,
1359 2280 1502 2323 ipsorum
1528 2280 1658 2313 loannis

920 2333 1112 2375 exponentis
1146 2343 1181 2365 ac
1212 2332 1341 2366 loannis
1378 2333 1506 2377 losephi
1539 2333 1658 2376 prioris

920 2386 1128 2428 provincialis
1164 2386 1245 2418 votis
1282 2386 1342 2418 hac
1375 2386 1466 2418 inre
1503 2390 1657 2429 quantum

919 2449 989 2472 eum
1008 2439 1144 2472 Domino
1161 2449 1333 2482 possumus
1363 2439 1585 2472 favorabiliter
1609 2449 1658 2472 an-

918 2502 1017 2525 nuere
1057 2493 1223 2532 volentes,
1258 2502 1436 2535 eorumque
1475 2492 1655 2534 singulares

917 2555 1072 2588 personas
1099 2556 1115 2578 a
1144 2544 1312 2588 quibusvis
1344 2546 1658 2578 excommunicatio-

917 2597 980 2639 nis,
1003 2597 1227 2641 suspensionis
1252 2603 1283 2631 et
1307 2597 1492 2640 interdicti,
1515 2598 1655 2641 aliisque

1566 205 1631 239 813
1678 214 1726 242 An.
1744 215 1772 242 c.
1797 215 1863 243 1729

1724 1068 1788 1087 (inrisit
1795 1069 1858 1088 matt-1

1676 1099 1691 1113 r.
1701 1094 1737 1114 tan
1753 1095 1840 1115 decreti.
