2170 3147
205 220 253 243 An.
269 217 295 243 Γ.
323 214 388 241 1725

212 960 317 986 Equus-utu
331 960 387 979 terti.

435 203 498 236 4⁹2ss

394 261 525 303 vigilet,
552 269 657 302 quove
683 258 790 290 studio
816 261 908 289 curet
934 260 965 288 et
991 255 1134 293 nitatur,

393 318 428 345 ut
451 313 604 345 adversus
632 310 767 343 insidias
789 308 910 342 diaboli
938 308 1026 340 nulla
1044 305 1135 338 robis

394 364 502 398 desint
527 374 624 396 sanae
650 362 835 402 doctrinae,
863 359 1016 394 salutaris
1042 358 1135 392 disci-

393 418 504 461 plinae
530 422 561 450 et
586 416 774 459 vigilantiae
808 413 978 458 pastoralis
1009 411 1136 455 praesi-

395 470 468 508 dia,
496 470 559 502 iam
585 469 725 501 assiduis
753 468 911 500 hactenus
932 464 1136 508 argumentis

395 525 601 566 exploratum
627 521 718 555 vobis
744 531 815 554 esse
842 530 907 552 non
938 518 1135 551 dubitamus.

395 577 483 609 llaec
509 576 578 620 ipsa
605 580 711 607 tamen
738 573 861 606 doloris
886 571 1054 611 acerbitas,
1076 581 1138 614 qua

396 629 534 671 gemitus
561 634 690 661 nostros
716 627 754 659 ad
780 637 837 658 vos
862 625 990 658 deferre
1012 651 1019 664 ,
1054 633 1138 656 moe-

397 683 548 726 rorisque
584 692 696 714 causas
729 679 856 713 iteratis
883 679 1063 722 questubus
1090 688 1139 710 re-

398 736 520 779 plicare
546 740 577 768 et
601 734 790 767 recentibus
817 732 980 766 scandalis
1010 731 1138 764 obviam

398 790 444 822 ire
471 788 724 831 compellimur,
752 796 868 819 novum
894 784 986 818 vobis
1012 794 1071 817 nec
1088 784 1140 817 ol)-

399 852 530 875 scurum
568 851 638 874 esse
676 841 774 873 debet
810 844 967 882 pateruae
1007 843 1139 871 nostrae

399 895 568 928 charitatis
593 893 826 927 testimonium.

444 948 458 991 g
483 948 513 980 1.
535 947 640 980 Nostis
659 951 778 985 autem,
800 944 910 978 dilecti
934 944 1001 984 filii,
1023 943 1141 987 quibus

400 1001 525 1034 artibus
551 1010 669 1043 pravae
694 999 862 1032 doctrinae
889 997 1013 1030 semina
1050 1007 1142 1040 spar-

401 1065 476 1098 gere
501 1054 674 1087 molientes
707 1051 921 1085 dissensionis
954 1051 1010 1083 tilii
1031 1077 1038 1091 ,
1075 1060 1139 1082 non

400 1108 503 1140 solum
518 1106 681 1139 catholico
699 1105 841 1143 nomine,
855 1104 911 1137 sed
927 1103 1139 1146 pastoralium

401 1160 496 1192 etiam
510 1169 680 1192 munerum
699 1158 831 1190 inducta
843 1157 940 1195 larva,
953 1154 1142 1189 etconiictis

401 1211 611 1246 ecclesiastici
637 1210 809 1244 ministerii
837 1210 938 1243 titulis
956 1210 1138 1249 abutentes,

402 1267 439 1299 ad
465 1266 647 1298 animarum
672 1275 781 1297 curam
808 1269 840 1297 et
871 1268 1072 1296 sacramenta
1092 1262 1143 1295 ad-

402 1319 618 1352 ministranda
638 1319 799 1361 obrepere
813 1323 867 1350 aut
882 1318 1064 1360 irrumpere
1078 1321 1143 1349 ten-

405 1372 551 1405 taverint.
590 1372 651 1405 Sed
690 1371 845 1415 superbia
885 1381 999 1404 eorum
1016 1397 1023 1410 ,
1061 1380 1143 1413 quae

403 1427 548 1460 ascendit
572 1436 713 1470 semper,
739 1436 777 1459 eo
804 1426 935 1459 demum
953 1424 1143 1458 temeritatis

403 1480 519 1519 evasit,
548 1486 594 1520 ut,
621 1484 797 1523 postquam
816 1489 832 1511 a
850 1483 977 1522 septem
1004 1477 1141 1516 clericis,

404 1533 459 1575 qui
483 1533 712 1566 canonicorum
733 1542 849 1565 nomeu
869 1530 1144 1564 iactabautUltra-

405 1586 513 1618 iectini
541 1586 697 1629 capituli,
722 1586 808 1629 quod
834 1585 896 1618 iam
929 1590 1004 1617 ante
1042 1594 1143 1616 annos

405 1640 444 1672 ab
464 1639 540 1672 ltine
558 1639 667 1683 plures
685 1649 783 1682 supra
800 1644 930 1672 centum
946 1637 1143 1678 intercedit¹‚

405 1703 580 1736 perperam
601 1703 636 1725 ac
655 1698 776 1725 temere
795 1693 875 1725 facta
893 1697 978 1725 esset
1004 1692 1054 1725 die
1083 1701 1144 1725 xxu

406 1746 528 1778 mensis
561 1745 674 1788 aprilis
709 1757 792 1778 auno
829 1755 996 1779 niuccxxtu
1029 1745 1145 1777 electio

405 1798 546 1832 Cornelii
569 1798 752 1831 Steenoren
773 1799 973 1831 turbolentae
995 1797 1144 1830 factionis

406 1851 611 1894 antesignani
630 1857 660 1884 et
679 1851 911 1885 ecclesiasticis
928 1851 1076 1884 censuris
1090 1851 1145 1883 ob-

407 1905 508 1937 stricti
525 1905 555 1937 in
575 1905 859 1948 archiepiscopum
885 1904 1143 1944 Ultraiectinum‚

408 1968 599 2001 quamquam
626 1959 665 1990 ab
692 1958 750 1990 hac
768 1960 877 1990 sancta
894 1958 977 1991 Sede
992 1958 1145 1991 reiectam

408 2011 569 2043 eiusmodi
596 2011 790 2044 electionem
817 2016 906 2043 certo
926 2016 957 2043 et
976 2011 1083 2054 palam
1100 2021 1146 2043 re-

408 2064 596 2105 scivissent,
623 2071 777 2097 curarunt
803 2071 911 2098 tamen
944 2070 1039 2108 atque
1073 2064 1147 2097 eile-

409 2124 524 2151 cerunt
548 2124 582 2151 ut
604 2119 719 2162 eidemj
736 2119 883 2152 Cornelio
901 2119 952 2152 die
970 2129 1007 2151 xv
1025 2118 1147 2151 mensis

410 2172 552 2205 octobris
578 2183 663 2205 anno
688 2182 867 2213 mnecxxw,
892 2172 1068 2215 apostolica
1094 2182 1148 2204 au-

411 2225 537 2258 toritate
553 2231 582 2258 et
596 2236 762 2259 sacrorum
777 2236 935 2259 canonum
954 2226 1148 2269 contemptis

411 2278 542 2320 regulis,
566 2289 625 2322 per
651 2279 876 2312 detestabilem
901 2290 937 2312 ac
958 2279 1148 2321 sacrilegam

411 2341 566 2362 manuum
593 2331 836 2375 impositionem
863 2331 1057 2375 episcopalis
1077 2342 1150 2363 con-

412 2383 603 2416 secrationis
628 2395 742 2417 munus
769 2385 966 2417 traderetur.
986 2384 1030 2417 Ne
1043 2390 1148 2417 autem

413 2435 622 2469 factiosorum
647 2443 781 2470 conatus
806 2438 870 2470 ulla
907 2438 1062 2481 pravitate
1100 2449 1150 2470 ra-

413 2495 552 2529 carent,
579 2490 785 2522 consecratio
811 2497 939 2533 peracta
965 2496 1011 2521 cst
1038 2502 1053 2521 a
1091 2491 1150 2522 lto-

452 2606 461 2631 1
485 2604 585 2631 Forsan
603 2605 752 2632 intercidit
767 2606 805 2639 (u.
823 2606 870 2638 T.).

979 205 1160 230 uri.1,tntmt
1186 204 1342 229 ROMANUM

1179 253 1298 285 minico
1309 252 1405 285 Maria
1419 253 1526 286 Varlet
1535 252 1692 296 episcopo
1702 250 1920 295 Babylonensi

1179 305 1240 337 iam
1267 305 1307 338 ab
1325 304 1480 338 exercitio
1500 305 1696 349 episcopalis
1713 304 1838 338 ordinis
1858 313 1923 336 sus-

1179 368 1306 401 penso,
1345 358 1414 392 eius
1450 358 1666 402 suspensione
1702 368 1762 401 per
1797 357 1922 391 litteras

1180 411 1261 443 sacri
1277 411 1493 444 cardinalium
1509 411 1639 454 collegii
1658 411 1746 455 apud
1765 421 1820 444 vos
1839 409 1922 454 typis

1180 464 1355 507 impressas
1381 465 1513 508 publice
1547 464 1753 498 denunciata.
1786 463 1850 497 Sed
1884 462 1925 496 ad

1181 519 1264 551 haec
1289 517 1365 552 inde
1391 518 1488 551 etiam
1514 518 1662 551 cumulus
1698 510 1924 561 perversitatis

1181 572 1344 613 accessit,
1385 572 1473 615 quod
1517 575 1715 605 memoratus
1748 570 1925 614 episcopus

1182 624 1417 668 Babylonensis
1434 652 1441 665 ‚
1468 624 1602 658 minime
1627 623 1855 658 assistentibus
1887 633 1925 656 ex

1181 677 1386 721 praescripto
1412 688 1581 711 sacrorum
1607 687 1771 710 canonum
1797 676 1925 710 duobus

1183 730 1252 763 aliis
1278 731 1458 774 episcopis,
1479 732 1634 774 nullaque
1661 730 1840 774 apostolica
1863 729 1927 763 dis-

1183 784 1380 827 pensatione
1412 783 1580 824 sutl'ultus,
1607 784 1694 817 solus
1728 783 1928 829 antedictum

1183 837 1370 870 Cornelium
1398 847 1588 870 consecrare
1613 847 1710 869 ausus
1736 836 1844 869 suerit.

1228 890 1242 933 ἓ
1268 890 1298 922 2.
1326 889 1363 922 Ut
1391 889 1487 932 igitur
1513 900 1572 933 pro
1599 895 1730 923 nostrae
1762 889 1928 922 servitutis

1185 943 1290 976 officio
1316 948 1500 986 opportuna
1526 943 1669 976 remedia
1705 942 1800 977 tantis
1837 953 1926 975 scan-

1185 996 1266 1029 dalis
1293 996 1533 1036 adhibeamus,
1568 995 1759 1029 auctoritate
1799 1000 1930 1039 aposto-

1186 1050 1255 1089 lica,
1284 1054 1394 1083 tenore
1416 1049 1648 1093 praesentium,
1666 1048 1873 1082 decernimus
1898 1053 1930 1081 et

1185 1104 1390 1136 declaramus
1415 1130 1422 1143 ‚
1451 1107 1514 1134 tam
1553 1102 1744 1135 electionem
1781 1101 1928 1135 eiusdem

1185 1155 1328 1189 Cornelii
1342 1156 1374 1188 in
1386 1155 1669 1199 archiepiscopum
1680 1154 1929 1188 llltraiectinum

1186 1209 1284 1242 fuisse
1310 1209 1431 1242 irritam
1459 1220 1495 1242 ac
1520 1220 1654 1252 prorsus
1680 1209 1813 1248 nullam,
1833 1219 1928 1252 quam

1186 1263 1254 1296 eius
1279 1263 1562 1296 consecrationem
1590 1263 1686 1296 suis-se
1712 1263 1845 1295 omnino
1872 1261 1931 1296 illi-

1186 1316 1282 1349 citam
1308 1320 1339 1348 et
1363 1315 1587 1355 execrandam,
1614 1326 1650 1348 ac
1666 1315 1803 1358 proinde
1823 1315 1930 1358 ipsum

1187 1375 1307 1402 temere
1347 1370 1505 1412 nulloque
1538 1368 1608 1401 iure
1641 1369 1778 1401 electum
1812 1367 1931 1401 Corne-

1186 1423 1262 1456 lium
1288 1422 1376 1456 omni
1402 1422 1624 1456 ecclesiastica
1649 1427 1680 1455 et
1705 1421 1863 1465 spirituali
1884 1421 1930 1453 iu-

1187 1476 1376 1509 risdictione
1402 1486 1461 1519 pro
1487 1475 1668 1508 animarum
1695 1473 1856 1517 regimine
1881 1484 1932 1507 ca-

1186 1541 1269 1570 rere,
1295 1535 1390 1573 atque
1409 1529 1521 1562 illicite
1539 1534 1762 1562 consecratum
1781 1528 1820 1561 ab
1842 1528 1930 1561 omni

1187 1583 1342 1617 exercitio
1368 1582 1565 1626 episcopalis
1595 1581 1718 1616 ordinis
1755 1591 1826 1615 esse
1863 1591 1932 1614 sus-

1187 1648 1338 1681 pensum.
1380 1637 1567 1670 Mandamus
1607 1640 1785 1679 propterea
1822 1635 1931 1668 distri-

1189 1696 1306 1735 cteque
1324 1691 1550 1724 interdicimus
1569 1695 1748 1723 memorato
1767 1688 1931 1729 CorneliO,

1188 1746 1248 1779 sub
1275 1747 1381 1789 poena
1403 1744 1743 1778 excommunicationis
1760 1743 1832 1787 ipso
1847 1743 1931 1776 sacto

1189 1800 1260 1833 sine
1286 1799 1346 1833 alia
1374 1799 1595 1832 declaratione
1621 1797 1837 1830 incurrendae
1854 1825 1861 1837 ,
1891 1806 1932 1828 ne

1189 1853 1307 1886 audeat
1327 1858 1486 1896 pastores,
1503 1851 1738 1891 missionarios,
1755 1850 1932 1890 ministros,

1189 1912 1243 1940 aut
1264 1907 1345 1940 alios
1363 1917 1566 1950 quocumque
1587 1906 1719 1939 nomine
1738 1915 1933 1948 nuncupen-

1190 1966 1252 2000 tur,
1277 1961 1316 1993 ad
1343 1961 1524 1992 animarum
1550 1969 1660 1992 curam
1692 1963 1723 1991 et
1748 1967 1933 1991 sacramen-

1191 2018 1296 2046 torum
1322 2012 1642 2045 administrationem
1681 2011 1795 2054 quovis
1834 2009 1933 2043 etiam

1190 2066 1396 2100 necessitatis
1415 2071 1586 2109 praetextu
1601 2064 1804 2098 constituere
1824 2074 1860 2096 ac
1878 2063 1933 2096 de-

1191 2126 1317 2163 putare.
1345 2119 1445 2152 Simul
1472 2119 1566 2152 etiam
1592 2119 1700 2162 palam
1727 2117 1884 2150 edicimus
1903 2122 1934 2149 et

1190 2174 1393 2206 declaramus
1423 2182 1537 2205 omnes
1576 2177 1608 2204 et
1632 2171 1779 2214 singulas
1804 2169 1933 2214 praedi-

1191 2230 1314 2260 ctorum
1335 2226 1516 2259 officiorum
1536 2224 1769 2268 deputationes
1788 2234 1847 2267 pro
1865 2222 1934 2256 ani-

1191 2291 1316 2312 marum
1356 2279 1515 2322 regimine
1556 2288 1764 2321 quocumque
1802 2277 1934 2310 nomine

1194 2334 1291 2366 saetas
1311 2338 1365 2366 aut
1383 2333 1517 2366 sortasse
1536 2331 1718 2372 faciendas,
1744 2341 1816 2364 cum
1835 2329 1935 2363 omni-

1193 2387 1252 2419 bus
1286 2387 1361 2419 inde
1393 2386 1528 2425 secutis,
1559 2395 1694 2429 prorsus
1725 2384 1833 2417 irritas
1865 2393 1936 2416 esse

1193 2450 1229 2472 ac
1255 2439 1375 2472 nullius
1402 2439 1531 2472 roboris
1558 2444 1588 2471 et
1614 2438 1784 2470 momenti.
1812 2437 1936 2470 Rursus

1194 2492 1301 2525 eidem
1326 2492 1478 2525 Cornelio
1505 2491 1727 2535 praecipimus
1753 2496 1784 2523 et
1809 2489 1936 2523 inhibe-

1194 2555 1278 2585 mus,
1305 2555 1355 2585 ne,
1382 2546 1443 2577 sul)
1463 2544 1561 2577 simili
1589 2542 1936 2576 excommunicationis

1194 2599 1309 2640 poena,
1329 2598 1441 2631 audeat
1464 2597 1573 2630 illicite
1601 2601 1838 2630 sacramentum
1856 2595 1937 2630 Con-

1934 202 1983 229 Λη.
1997 202 2026 230 C.
2050 202 2114 231 ¹725

1999 898 2119 919 Det-lanitio

1939 925 2050 950 praedicta
2077 924 2122 945 irri-

1940 954 1974 972 tae
2010 951 2121 972 electionis

1939 983 1986 998 cum
1996 977 2121 998 inhibitione

1940 1004 2008 1026 eidem
2025 1004 2121 1025 Cornelio
2147 1025 2150 1029 ,

1939 1033 1961 1052 ut
1975 1031 2082 1051 abstineat
2095 1030 2121 1052 ab

1939 1057 2040 1078 exercitio
2066 1057 2122 1078 ordi-

1939 1084 1971 1104 nis
1986 1084 2120 1110 episcopatus.
