2170 3147
6 216 56 244 An.
77 216 106 243 C.
127 215 192 243 1726

49 694 188 717 Committitm·

6 723 107 749 opiscnpn
120 723 188 743 Luca-

5 755 33 770 no
74 753 188 775 exequuti:-

5 775 169 804 praedit-torum.

776 220 970 243 BENEDICTUS
996 220 1052 242 xltt
1077 220 1126 242 ΓΡ.

199 264 309 307 quavis
335 265 431 297 aliter
455 265 615 297 iudicandi
643 272 674 298 et
698 266 936 309 interpretandi

198 317 349 349 facultate
376 323 408 350 et
433 318 639 355 auctoritate,
665 318 695 350 in
731 331 936 362 quocumque

197 369 316 402 iudicio
343 376 374 402 et
398 380 601 413 quacumque
623 371 775 403 instantia
802 372 935 404 iudicari

198 427 230 454 et
255 422 382 454 deffiniri
409 422 548 461 debere,
569 423 760 465 irritumque
786 429 817 456 et
843 425 936 456 inane

197 474 222 507 si
249 485 343 508 secus
378 486 476 518 super
502 476 551 508 liis
575 487 591 508 a
616 487 796 518 quoquam,
827 477 936 520 quavis

197 528 403 569 auctoritate,
423 529 562 561 scienter
585 530 633 561 vel
654 529 850 571 ignoranter,
866 540 937 562 con·
957 569 959 577 Ι

198 580 310 621 tigerit
329 581 493 620 attentari,
519 582 605 614 dicta
631 582 809 625 apostoliea
829 588 937 615 aucto-

198 632 293 665 ritate
319 633 535 667 decernimus.

242 686 257 729 ᾗ
281 686 313 718 4.
339 686 497 725 Quocirca
518 688 697 721 venerabili
718 688 805 721 fratri
821 693 935 721 nostro

200 738 356 782 episcopo
382 739 510 772 Lucano
537 746 626 773 motu
651 741 748 773 simili
776 751 834 784 per
858 752 936 784 apo-

198 791 313 824 stolica
327 793 447 835 scripta
462 793 662 833 mandamus,
676 800 838 837 quatenns
857 794 934 837 ipse,

198 856 258 889 per
274 856 318 886 se,
337 847 384 879 vel
411 847 520 887 alium,
541 849 672 880 easdem
700 855 887 891 praesentes
905 855 937 881 et

198 899 231 932 in
257 900 303 932 eis
327 906 481 933 contenta
514 912 770 944 quaecumque,
810 901 864 934 ubi
906 908 935 934 et

199 953 330 996 quando
348 964 429 996 opus
447 954 551 993 suerit,
571 965 607 987 ac
625 955 752 997 quoties
770 965 829 997 pro
844 961 935 998 parte

197 1016 284 1038 nunc
309 1011 340 1039 et
365 1017 423 1049 pro
449 1013 595 1049 ternpore
619 1007 827 1040 existentium
845 1017 937 1050 prae·

198 1058 336 1092 sat-frum
362 1060 521 1102 capituli,
554 1060 747 1102 dignitatum
778 1066 810 1093 et
840 1071 935 1092 cano-

196 1110 343 1144 nicorum
371 1113 474 1144 dictae
500 1112 657 1144 ecclesiae
675 1113 822 1146 Lucanae
841 1113 932 1145 suerit

196 1164 384 1207 requisitus,
410 1165 601 1198 solemniter
622 1166 803 1208 publicans,
824 1166 933 1208 eisque

1617 210 1675 243 331

1024 268 1038 310 ξ
1063 268 1093 300 5.
1120 269 1189 300 Non
1216 267 1420 300 obstantibus
1446 267 1614 311 quibusvis
1636 269 1718 311 legi-

982 320 1063 358 bus,
1091 320 1239 358 statutis,
1266 321 1556 353 consuetudinibus
1581 324 1612 353 et
1644 330 1719 363 pro-

983 372 1210 411 hibitionibus,
1238 374 1261 405 si
1289 384 1372 417 quae
1400 374 1507 406 forsan
1534 373 1651 413 adsint,
1678 374 1718 406 de

957 453 959 467 ᾗ,
980 425 1090 465 gratiis
1115 426 1154 457 ad
1181 425 1282 457 instar
1307 436 1371 458 non
1398 426 1619 458 concedendis
1639 452 1646 464 ,
1682 436 1719 459 ae

981 477 1076 509 etiam
1104 478 1134 509 in
1160 479 1371 520 synodalibus
1390 505 1397 517 ,
1435 479 1718 521 provincialibus,

981 529 1208 570 generalibus,
1236 531 1540 573 universalibusque
1570 531 1718 564 conciliis

980 583 1072 615 editis
1099 588 1130 615 et
1155 583 1291 615 edendis
1313 611 1319 622 ,
1346 584 1543 626 specialibus
1570 585 1619 617 vel
1657 595 1718 627 ge-

980 635 1156 674 neralibus,
1182 636 1469 669 constitutionibus
1494 637 1720 670 etordinatio-

981 688 1073 720 nibus
1105 689 1314 732 apostolicis,
1349 700 1385 721 ac
1418 690 1522 722 dictae
1559 690 1718 723 ecclesiae

980 742 1152 782 Lucanae,
1188 742 1285 775 etiam
1321 742 1513 782 iuramento,
1545 744 1718 776 confirma-

981 795 1068 828 tione
1090 796 1278 838 apostolica,
1293 796 1341 828 vel
1360 796 1473 838 quavis
1487 795 1637 828 firmitate
1656 796 1719 828 alia

979 849 1166 888 roboratis,
1192 849 1322 880 statutis
1346 854 1377 880 et
1402 849 1716 885 consuetudinibus,

979 901 1161 943 privilegiis
1186 911 1341 943 quoque,
1369 901 1506 934 indultis
1538 907 1570 933 et
1602 900 1716 933 litteris

979 954 1186 997 apostolicis,
1212 948 1376 996 quibusvis
1402 955 1550 998 personis
1582 965 1718 997 quomo-

979 1006 1103 1038 dolibet
1124 1008 1300 1046 concessis,
1327 1007 1516 1050 approbatis
1538 1013 1569 1039 et
1590 1007 1719 1039 innova—

980 1059 1039 1098 tis;
1066 1060 1182 1101 quibus
1205 1060 1356 1092 omnibus
1378 1066 1406 1092 et
1423 1060 1570 1102 singulis,
1589 1059 1717 1092 etiamsi

979 1112 1018 1144 de
1044 1112 1107 1144 illis
1134 1123 1312 1155 eorumque
1338 1113 1410 1145 totis
1437 1120 1468 1145 et
1504 1112 1637 1154 siugulis
1674 1118 1719 1145 te-

979 1165 1134 1203 noribus,
1159 1176 1196 1198 ac
1221 1166 1259 1198 de
1286 1166 1382 1198 verbo
1408 1167 1446 1198 ad
1472 1167 1625 1205 verbum,
1653 1176 1717 1198 non

196 1216 229 1249 in
255 1218 440 1260 praemissis
465 1218 603 1250 efficacis
629 1219 827 1251 detensionis
849 1219 935 1251 auxi-
956 1243 957 1255 l

195 1269 241 1302 lio
268 1270 439 1309 assistens,
465 1271 559 1304 saciat
595 1272 787 1304 auctoritate
824 1275 932 1304 nosti-a

197 1322 250 1356 illa
277 1323 385 1356 omnia
412 1324 614 1365 integraliter
639 1331 671 1357 et
703 1325 935 1358 inviolabiliter

196 1378 371 1416 observari,
397 1388 434 1410 ac
459 1389 544 1411 nunc
570 1384 602 1411 et
626 1389 683 1420 pro
703 1384 847 1421 tempore
869 1380 935 1411 exi·
955 1407 956 1415 ,

197 1435 318 1463 stentes
344 1432 549 1473 capitulum,
575 1432 750 1474 dignitates
777 1438 807 1464 et
839 1443 956 1465 cano-¹

195 1486 288 1517 nicos
315 1485 477 1526 praefatos
502 1485 649 1523 indulto,
674 1485 930 1525 confirmatione,
954 1479 956 1528 i

954 1531 1063 1568 'motu
1090 1538 1158 1580 pari
1186 1538 1404 1580 derogamus3
1431 1539 1614 1581 ceterisque
1641 1548 1716 1571 con-

196 1537 429 1580 approbatione
453 1564 460 1577 ,
487 1538 672 1570 defectuum
697 1540 907 1582 suppletione
925 1567 932 1574 ,

196 1591 325 1623 roboris
350 1591 555 1631 adiectione,
583 1593 768 1624 extentione
803 1599 835 1626 et
867 1604 933 1626 am-

195 1643 354 1686 pliatione
373 1671 381 1683 ‚
409 1654 445 1676 ae
470 1644 562 1677 novis
588 1646 800 1678 concessione
827 1652 858 1678 et
888 1647 933 1679 in-

196 1697 297 1738 dulto,
312 1697 462 1730 licentiae
477 1704 508 1729 et
522 1698 684 1731 facultatis
703 1699 931 1742 impartitione,

195 1759 232 1782 ac
257 1749 400 1789 decreto,
423 1750 561 1793 aliisque
580 1752 781 1794 praemissis,
800 1753 932 1796 pacitice
954 1753 955 1785 ζ

196 1802 257 1835 frui
284 1808 316 1835 et
339 1803 480 1845 gaudere
506 1803 592 1837 iuxta
617 1805 806 1838 earumdem
839 1817 932 1849 prae·
954 1801 955 1834 ἶ

196 1855 337 1888 sentium
363 1856 598 1889 continentiam
626 1863 657 1890 et
686 1864 845 1898 tenorem,
868 1870 931 1892 non

195 1909 388 1951 permittens
415 1920 609 1952 quemquam
630 1921 741 1943 eorum
759 1922 819 1954 per
836 1923 933 1955 quos·
953 1919 955 1939 1

196 1972 332 2005 eumque
347 1963 932 2006 desuperquomodolibetmolestari,
954 1986 955 2005 ;

195 2013 348 2058 impediri
374 2017 423 2048 vel
449 2017 652 2059 perturbari,
679 2019 932 2052 contradictores

196 2068 360 2111 quoslibet
385 2073 415 2102 et
444 2069 583 2102 rebelles
619 2080 677 2113 per
713 2081 865 2104 censuras
902 2077 955 2104 ct*

195 2131 318 2164 poenas
348 2123 606 2163 ecclesiasticas,
644 2129 817 2167 ceteraque
853 2124 955 2157 iuris:

954 2184 955 2187 ’
977 2176 1134 2209 tensionis
1160 2181 1191 2209 et
1216 2176 1458 2218 ampliationis,
1485 2187 1521 2209 ac
1556 2187 1716 2210 novorum

196 2178 227 2208 et
246 2174 318 2207 facti
337 2175 481 2208 remedia
495 2181 692 2218 opportuna,
710 2177 931 2220 appellatione

195 2225 402 2270 postposita,
428 2228 686 2270 compescendo,
713 2229 933 2272 legitimisque

197 2280 339 2323 desuper
365 2280 414 2313 bis
447 2281 607 2314 habendis
641 2282 772 2315 servatis
805 2293 934 2325 proces-

197 2333 306 2373 sibus,
333 2344 486 2366 censuras
513 2339 545 2366 et
569 2344 692 2377 poenas
724 2335 810 2378 ipsas
837 2335 933 2368 etiam

198 2386 328 2429 saepius
353 2391 386 2419 et
416 2386 544 2429 quoties
570 2387 747 2429 expediens
771 2387 933 2420 videbitur

198 2439 405 2481 aggravando
432 2444 463 2472 et
501 2440 744 2482 reaggravando
765 2467 772 2479 ,
809 2442 933 2473 servata

199 2496 306 2525 tamen
332 2492 436 2525 forma
461 2491 594 2525 Concilii
620 2492 819 2533 Tridentini,
845 2493 934 2527 invo-

199 2550 270 2578 cato
295 2545 392 2578 etiam
418 2546 456 2578 ad
482 2545 564 2586 hoc,
592 2545 617 2577 si
643 2555 725 2589 opus
751 2545 934 2588 ftte1·it‚au·

193 2597 276 2647 ..xilio
301 2597 427 2633 brachii
453 2598 638 2634 saecularis.

1728 220 1776 245 Au.
1797 219 1826 246 C.
1843 220 1912 247 '1726

1800 283 1912 304 Ctauzutae

1730 311 1848 334 ηοω-ηιμ.

979 1225 1083 1250 autem
1110 1229 1167 1261 per
1193 1220 1351 1252 clausulas
1369 1221 1539 1261 generales
1557 1220 1642 1251 idem
1660 1219 1718 1251 im·
1739 1251 1743 1253 .

979 1278 1156 1314 portantes
1183 1272 1331 1305 habenda
1354 1273 1394 1304 sit
1412 1274 1443 1305 in
1463 1273 1582 1305 nostris
1603 1272 1718 1305 litteris

979 1325 1099 1357 mentio
1126 1326 1289 1369 specialis,
1317 1326 1446 1358 illorum
1474 1332 1603 1358 tenores
1630 1336 1718 1369 prae-

976 1379 1120 1410 sentibus
1146 1389 1204 1422 pro
1234 1380 1397 1422 expressis
1436 1380 1620 1419 habentes,
1651 1379 1716 1412 illis

977 1431 1056 1462 alias
1082 1431 1113 1463 in
1140 1442 1198 1464 suo
1232 1434 1351 1465 robore
1378 1433 1598 1475 permansuris
1615 1459 1622 1471 ‚
1657 1433 1717 1464 bac

977 1483 1044 1516 viee
1070 1484 1258 1523 dumtaxat,
1289 1485 1476 1528 specialiter
1501 1492 1531 1517 et
1561 1495 1714 1528 expresse

976 1590 1082 1623 trariis
1109 1591 1392 1634 quibuscumque3
1420 1597 1474 1624 aut
1498 1592 1523 1624 si
1553 1592 1716 1634 aliquibus

976 1645 1193 1677 communiter
1219 1651 1271 1677 aut
1296 1645 1422 1677 divisim
1453 1646 1492 1677 ab
1524 1645 1637 1678 cadem
1676 1645 1717 1677 sit

975 1697 1057 1730 Sede
1083 1697 1243 1730 indultum
1264 1699 1349 1741 quod
1368 1698 1535 1738 interdici,
1558 1699 1716 1741 suspendi

976 1752 1025 1783 vel
1051 1752 1325 1784 excommunicari
1351 1762 1416 1784 non
1442 1750 1567 1795 possint
1592 1763 1651 1795 per
1670 1752 1716 1785 lit-

976 1807 1060 1837 teras
1087 1804 1283 1846 apostolicas
1312 1815 1377 1837 non
1405 1804 1558 1837 facientes
1582 1805 1713 1847 plenam

976 1861 1008 1888 ct
1033 1867 1221 1899 expressam
1248 1867 1283 1888 ac
1309 1857 1347 1889 de
1375 1857 1474 1890 verbo
1504 1857 1543 1890 ad
1578 1858 1715 1890 verbum

977 1910 1015 1942 de
1041 1908 1167 1942 indulto
1194 1909 1380 1942 huiusmodi
1407 1909 1618 1942 mentionem.

1019 1963 1033 2005 ξ
1059 1962 1089 1995 6.
1120 1963 1203 1995 Nulli
1231 1973 1309 2005 ergo
1332 1964 1465 1996 omnino
1490 1964 1662 1996 hominum
1682 1963 1716 1995 li-

976 2023 1047 2050 reat
1076 2017 1159 2049 lianc
1173 2018 1324 2059 paginam
1341 2023 1471 2050 nostrae
1490 2017 1714 2057 absolutionis,

976 2070 1239 2110 confirmationis,
1264 2071 1516 2113 approbationis,
1532 2071 1715 2105 defectuum

976 2123 1218 2166 suppletionis,
1244 2124 1370 2156 roboris
1409 2124 1602 2157 adiectionis
1619 2151 1626 2163 ,
1663 2135 1715 2157 ex-

976 2229 1200 2262 concessionis
1227 2234 1258 2261 et
1281 2229 1411 2268 indulti,
1439 2229 1589 2262 licentiae
1615 2235 1646 2262 ct
1671 2229 1715 2262 sa-

976 2282 1102 2315 cultatis
1129 2281 1375 2324 impartitionis‚
1402 2282 1541 2323 decreti,
1572 2282 1714 2315 mandati

976 2340 1008 2368 ct
1033 2335 1258 2378 derogationis
1283 2335 1475 2378 infringere,
1503 2337 1552 2369 vel
1579 2335 1607 2368 ei
1635 2346 1715 2368 ausu

976 2388 1147 2421 temerario
1172 2387 1350 2427 contrairc;
1383 2388 1408 2420 si
1435 2389 1507 2430 quis
1528 2394 1635 2421 autem
1653 2389 1715 2421 hoc

975 2446 1134 2474 attentare
1156 2441 1428 2484 praesumpserit,
1455 2441 1715 2484 indignationem

975 2493 1209 2537 omnipotentis
1233 2494 1289 2527 Dei
1316 2505 1352 2528 ac
1376 2494 1547 2527 beatorum
1573 2494 1658 2527 Petri
1683 2499 1715 2527 et

975 2546 1063 2580 Pauli
1089 2547 1314 2591 apostolorum
1340 2547 1409 2582 eius
1434 2558 1468 2583 se
1502 2547 1629 2582 noverit
1664 2547 1712 2580 in-

975 2611 1159 2635 cursurum.

1753 1974 1840 1994 Sanctio
1860 1980 1911 2001 poe·

1728 2000 1790 2022 natis.
