2170 3147
12 205 60 230 Αιι.
79 205 107 229 C.
130 204 196 230 :7¹24

788 202 980 226 BENEDICTL'S
1006 203 1061 226 xm
1086 204 1134 227 Pr.

199 253 266 294 pitu
294 257 326 285 et
349 251 450 294 figura
477 251 606 291 iudicii,
634 251 850 287 terminandi.
885 249 932 284 et¹

198 309 296 348 prout
321 303 416 337 latius
442 304 473 335 in
500 302 622 335 eisdem
656 303 772 335 litteris
798 302 855 335 suh
882 304 933 335 da-

199 362 263 388 tum
284 355 342 388 sub
363 356 482 388 annulo
502 354 672 387 Piscatoris
698 355 749 387 die
775 366 824 387 xix
851 355 931 386 iunii

197 418 291 447 Mum,
318 407 523 451 pontificatus
566 407 614 439 sui
641 417 726 439 anno
751 417 773 445 1,
799 408 931 449 plenius

196 462 447 500 continebatur3
475 466 505 493 et
537 460 664 500 deinde,
693 459 775 492 sicut
799 470 931 502 accepe-

197 519 263 553 rat,
290 514 375 556 quod
411 513 553 546 omnium
591 518 621 545 et
652 522 952 555 quarumcumque

195 577 364 600 causarum
392 571 454 598 tam
480 565 618 598 civilium
655 575 748 608 quam
785 564 930 596 crimina-

194 619 272 651 lium
299 624 330 650 et
364 618 534 650 mixtarum
571 627 677 650 eoram
713 616 951 659 gubernatore:

193 681 248 703 seu
274 671 510 703 locumtenentc
530 680 565 702 ac
582 669 702 702 vicario
724 668 830 702 curiae
857 673 930 701 tem-

194 722 324 766 porali57
344 728 375 756 et
399 721 469 755 aliis
494 721 748 764 magistratibus,
769 720 929 753 iudicibus

193 780 223 806 et
247 774 436 808 officialibus
469 773 724 817 quibuscumque
758 773 859 805 dictae
890 772 949 805 cim

192 827 295 860 vitatis
320 837 379 870 pro
406 831 549 869 tempore
574 831 734 859 motarum
757 831 787 858 et
804 830 927 858 verten-

192 879 268 912 tium
282 907 289 920 ,
309 879 339 912 in
359 879 498 912 secunda
516 878 681 918 instantia,
700 888 759 921 per
784 878 929 921 appella-

193 932 313 965 tionem
333 932 371 964 ad
390 932 539 964 eumdem
563 931 710 964 Iacobum
732 930 926 963 cardinalem
946 946 948 971 ι

192 985 244 1028 (ιυί
272 984 426 1018 ecelesiae
453 984 698 1017 Beneventanae
725 994 761 1016 cx
787 983 927 1026 disposi-

193 1037 278 1069 tione
299 1037 474 1079 apostolica
499 1042 657 1078 praeerat,
677 1046 730 1068 seu
754 1036 791 1068 ad
811 1036 926 1068 officia-
945 1058 947 1063 »

192 1092 238 1122 les
262 1095 293 1122 et
314 1090 351 1122 ad
378 1089 528 1122 vicarium
555 1099 645 1121 suum
667 1089 869 1130 generalem,
888 1100 922 1121 ex
945 1094 946 1128 ζ

191 1142 322 1184 antiqui}
360 1142 538 1184 approbata
579 1141 825 1180 consuetudine,
867 1142 924 1174 sub

191 1194 430 1238 privilegiorum
456 1194 595 1236 desuper
631 1203 860 1226 concessorum
886 1194 926 1226 vi·

192 1257 282 1289 gere,
301 1251 353 1278 aut
371 1246 448 1278 alias
469 1245 724 1289 quomodolibet,
741 1245 925 1278 omnimoda

193 1298 373 1332 iurisdictio
399 1303 429 1331 et
454 1298 595 1340 cognitio
620 1297 785 1340 spectabat
802 1302 833 1330 et
852 1308 926 1340 per·
944 1297 946 1306 '

193 1351 327 1393 tinebat)
354 1351 536 1390 declaravit,
554 1355 585 1383 et
601 1360 660 1394 per
685 1350 814 1383 easdem
840 1350 925 1383 litte-

193 1414 244 1436 ras
269 1408 438 1437 attestatus
457 1403 525 1444 suit,
545 1414 619 1435 suae
645 1403 834 1435 intentionis
860 1413 923 1436 non

194 1455 288 1488 fnisse
324 1465 384 1488 nec
420 1465 491 1488 esse
517 1455 753 1498 praescriptum
790 1450 945 1494 Paulum]

192 1507 346 1540 nuncium
389 1513 419 1540 et
463 1507 785 1550 superintendentem
831 1519 922 1540 suum
944 1504 945 1543 i

190 1559 408 1602 praescriptos
434 1559 581 1593 Iacobum
606 1559 801 1593 cardinalem
824 1566 854 1593 et
875 1571 922 1592 ar·
943 1547 945 1616 i

191 1612 434 1655 chiepiscopum
450 1623 486 1645 ac
505 1612 676 1645 officialem
695 1623 750 1645 seu
768 1613 921 1645 vicarium

190 1675 289 1705 suum,
315 1665 423 1707 vigore
449 1665 508 1697 sibi
534 1666 704 1697 attributae
736 1671 766 1697 et
791 1676 923 1698 conces-
942 1661 944 1719 ι’

190 1728 242 1750 sae
257 1717 487 1750 iurisdictionis
505 1722 535 1749 et
552 1717 686 1750 commi
692 1718 804 1756 sionis,
819 1719 922 1751 molc-
942 1721 943 1754 l
965 1728 1062 1754 stram
1088 1722 1126 1754 ad
1145 1732 1332 1764 suplcmuni
1352 1723 1552 1764 apostolatus
1578 1710 1772 1775 ιιιιίυοιιιῐιῐυν

190 1775 283 1809 stare,
306 1769 484 1813 inquietare
510 1781 544 1802 ac
570 1771 759 1812 pertuibare
786 1782 922 1813 quomo-

190 1823 314 1856 dolibct
338 1823 480 1866 potuisse
510 1833 564 1855 scu
597 1834 705 1866 posse,
732 1825 943 1867 nullumque

190 1885 247 1933 per
260 1875 382 1907 littelas
399 1885 471 1907 suas
489 1876 706 1918 praescriptas
725 1875 803 1908 iuris
808 1877 943 1911 dictio-

190 1927 220 1959 ni
247 1932 277 1960 et
301 1927 477 1969 cognitioni
503 1927 606 1961 eidem
628 1928 743 1961 Iacobo
763 1940 788 1961 c
783 1929 883 1962 udin
879 1930 943 1962 111
941 1952 943 1966 ι

190 1984 221 2012 et
245 1980 501 2023 archiepiscopo,
537 1986 572 2012 ut
606 1981 817 2024 praecipitur,
842 1993 917 2025 spe·
941 1980 943 1999 ”

191 2033 285 2066 ctanti
310 2039 341 2066 et
365 2033 541 2076 pertinenti
566 2034 682 2066 sactum
703 2034 801 2067 fuisse
828 2045 862 2067 ac
888 2035 920 2067 in

191 2087 330 2118 futurum
359 2086 427 2119 fieri
452 2097 546 2129 posse
572 2087 620 2119 vel
646 2087 765 2120 debere
791 2088 921 2131 praeiu-

192 2138 329 2179 dicium,
360 2139 532 2182 quominus
561 2139 649 2172 illam
674 2150 822 2173 exercere
849 2152 920 2184 pos-

190 2197 239 2224 set
263 2191 384 2224 eisdem
410 2191 505 2224 modo
531 2196 562 2224 et
585 2192 688 2224 forma
708 2192 823 2234 quibus
847 2198 920 2225 ante

190 2244 294 2277 datam
314 2243 470 2276 dictarum
488 2244 667 2276 litterarum
685 2245 768 2277 idem
787 2245 921 2278 Iacobus

189 2296 363 2329 cardinalis
401 2300 432 2328 et
467 2295 731 2339 archiepiscopus
767 2303 821 2329 aut
853 2297 921 2330 eius

187 2348 322 2381 vicarius
348 2357 498 2381 exercere
516 2354 759 2388 consueverant,
779 2359 814 2381 ac
829 2360 922 2393 prae-

187 2400 315 2443 scriptis
334 2399 448 2433 Iacobo
469 2400 625 2433 cardinali
652 2406 684 2433 et
708 2401 922 2445 archiepisco-

186 2463 229 2497 po
242 2452 428 2496 vicarioque
443 2452 625 2486 facultatem
640 2458 671 2486 et
688 2455 920 2494 auctoritatem,

187 2511 249 2538 tam
276 2505 380 2538 eidem
405 2505 542 2546 nuncio,
569 2516 664 2549 quam
689 2506 758 2539 aliis
788 2507 921 2550 quibus-

222 2568 231 2592 1
246 2565 302 2593 Vox
312 2569 338 2594 el
354 2566 478 2601 delenda,
492 2566 531 2593 vel
543 2566 687 2601 legendum
698 2570 724 2596 el
735 2568 810 2596 αῐίίιε
820 2569 856 2604 (n.
869 2571 918 2605 n).

270 2618 349 2647 Ball.
372 2619 455 2647 Rom.
487 2638 490 2639 ν
536 2620 593 2648 Ιύί.
615 2621 707 2648 XXII.
853 2623 884 2649 12

940 2063 943 2082 l

942 1617 1006 1653 jsis
1033 1618 1145 1650 liaheii
1172 1618 1331 1655 volumus,

976 262 1123 294 cumque,
1150 257 1310 294 quatenus
1337 257 1368 285 et
1393 253 1507 295 quibus
1529 263 1610 296 opus
1636 253 1712 285 suis-

976 309 1045 343 set,
1069 304 1150 336 sieut
1175 311 1249 337 ante
1283 316 1436 338 exercere
1475 312 1710 344 consueverat,

976 356 1156 396 inhibendi,
1176 357 1251 390 nec*
1272 358 1303 390 in
1326 358 1465 390 futurum
1487 359 1518 390 in
1538 358 1643 391 causis
1661 370 1698 390 co

976 420 1042 442 ram
1070 410 1184 442 eodem
1209 411 1322 443 Iacobo
1354 411 1511 444 cardinali
1545 418 1575 444 et
1608 411 1712 444 archi-

974 462 1128 504 episcopo
1150 473 1206 494 seu
1235 463 1301 494 eius
1328 463 1446 495 vicario
1472 464 1626 504 generali,
1648 470 1709 496 tam

974 515 1005 546 in
1042 515 1143 556 prima
1179 526 1272 558 quam
1305 516 1336 547 in
1373 517 1513 548 secunda
1538 516 1709 553 instantia,

973 566 1099 599 ratione
1126 567 1343 599 devolutionis
1372 573 1405 599 ut
1430 578 1527 610 supra
1563 575 1711 610 spectan-

974 619 1058 652 tibus
1084 625 1115 652 et
1140 620 1388 662 pertinentibus,
1415 622 1528 662 quovis
1553 622 1649 653 modo
1679 627 1709 653 et

972 672 1118 714 quaesito
1150 673 1257 705 colore
1290 683 1323 705 sc
1355 672 1615 713 intromittei·e⁹‚
1651 673 1709 705 sub

972 724 1087 766 poenis
1113 729 1145 756 et
1169 724 1312 756 censuris
1335 725 1571 764 ecclesiasticis,
1591 731 1621 758 et
1639 725 1709 758 aliis

971 776 1095 818 poenis,
1123 777 1228 819 quoad
1258 777 1362 819 ipsum
1390 777 1551 816 nuncium,
1574 777 1708 810 arbitrio

971 829 1117 862 eiusdem
1143 829 1188 861 Pii
1214 829 1471 872 praedecessori,
1490 841 1554 872 qno
1574 841 1651 863 vero
1670 831 1708 863 ad

970 880 1076 921 alias³,
1095 881 1229 914 arbitrio
1249 881 1395 914 eiusdem
1410 881 1516 914 Iacolii
1536 882 1708 915 cardinalis

971 939 1002 967 et
1019 933 1259 976 archicpiscopi
1286 935 1334 966 vel
1357 934 1502 966 eiusdem
1528 933 1637 966 vicarii
1660 934 1707 966 sui

970 986 1186 1028 imponendis,
1205 985 1394 1018 auctoritate
1413 985 1614 1028 praescripta
1632 996 1709 1018 con-

969 1038 1065 1071 cessit
1082 1043 1113 1071 et
1131 1038 1310 1080 impertitus
1329 1038 1399 1077 suit,
1418 1043 1516 1081 prout
1534 1037 1619 1070 idem
1635 1038 1706 1070 Pius

968 1091 1201 1134 praedeeessor
1220 1091 1325 1123 eidem
1343 1091 1460 1123 nuncio
1479 1096 1510 1124 et
1528 1092 1599 1124 aliis
1617 1101 1707 1134 prae—

968 1145 1098 1188 scriptis
1131 1144 1273 1176 inhibuit
1301 1144 1360 1176 suh
1390 1144 1504 1177 iisdem
1536 1145 1651 1187 poenis
1677 1150 1709 1177 et

967 1198 1110 1230 censuris
1137 1197 1362 1230 ecclesiasticis
1394 1197 1609 1235 incurrendis,
1638 1198 1707 1230 irri-

969 1257 1032 1283 tum
1051 1261 1180 1293 quoqne
1206 1256 1237 1283 et
1258 1250 1364 1289 inane,
1383 1250 1407 1282 si
1427 1260 1519 1283 secus
1539 1261 1638 1292 super
1656 1251 1706 1283 his

967 1314 984 1335 ιι
1002 1313 1178 1345 quoquam,
1206 1302 1315 1345 (piaris
1338 1302 1539 1341 auctoritate,
1567 1301 1708 1334 scienter

944 1385 945 1391 ,
967 1356 1014 1387 rel
1041 1355 1238 1396 ignoranter,
1258 1354 1447 1396 contigisset
1472 1354 1635 1393 attentari,
1654 1354 1706 1387 de-

967 1407 1085 1446 crevit;
1111 1413 1142 1440 et
1166 1408 1253 1447 alliis,
1280 1412 1377 1450 prout
1395 1407 1426 1439 in
1446 1407 1637 1439 corumdem
1664 1407 1707 1439 In-

966 1460 1119 1500 nocentii,
1146 1460 1236 1493 Pauli
1275 1466 1307 1493 et
1337 1460 1382 1492 Pii
1417 1459 1705 1502 praedeeessorum

966 1518 1150 1545 nostrorum
1176 1512 1292 1545 litteris
1322 1511 1500 1554 respective
1527 1511 1703 1554 expeditis,

967 1575 1102 1607 quarum
1120 1569 1246 1598 tenores
1264 1564 1488 1622 praesentibus
1503 1575 1562 1607 pro
1581 1574 1704 1606 expres

1360 1618 1407 1649 lus
1396 1617 1461 1649 ius
1488 1617 1686 1650 continetur.

966 1936 1080 1964 tentau
1087 1942 1123 1963 ae
1143 1942 1191 1974 ι;·ιιι
1185 1932 1351 1970 noluimus,
1369 1930 1549 1963 huiusmodi
1571 1942 1703 1963 consue

967 1984 1110 2016 tudinem
1139 1983 1168 2015 in
1194 1983 1287 2015 viridi
1316 1983 1521 2016 observantia
1549 1984 1644 2016 l'uissc
1671 1989 1703 2016 et

965 2048 1036 2070 csse
1063 2037 1280 2079 comperimus
1307 2042 1337 2069 et
1362 2036 1483 2079 experti
1503 2047 1621 2075 sumus,
1641 2047 1701 2079 pro

964 2089 1074 2123 debito
1093 2089 1264 2132 pastoralis
1282 2089 1376 2121 officii
1398 2090 1559 2131 praefatas
1578 2089 1701 2122 litteras

964 2143 1060 2174 etiam
1086 2142 1118 2174 in
1144 2147 1310 2184 posterum
1336 2141 1502 2174 observari
1528 2143 1674 2174 volentes
1693 2169 1700 2181 ‚

963 2200 1052 2227 motu
1077 2194 1229 2237 proprio,
1256 2204 1292 2226 ae
1318 2204 1352 2226 ex
1380 2196 1466 2226 certa
1501 2194 1635 2227 scicntia
1671 2201 1702 2227 et

964 2249 1086 2279 matura
1126 2246 1363 2280 deliberatione
1403 2246 1523 2279 nostris
1547 2274 1554 2286 ‚
1597 2247 1700 2290 deque

964 2299 1160 2340 apostolicae
1187 2299 1356 2341 potcstatis
1389 2299 1610 2341 plenitudine,
1635 2310 1702 2332 eas-

964 2351 1036 2383 dem
1062 2351 1184 2384 litteras
1210 2351 1370 2383 dictorum
1396 2351 1587 2391 Innocenhi,
1611 2351 1701 2384 Pauli

964 2408 995 2436 ct
1018 2403 1062 2435 Pii
1089 2404 1401 2446 praedecessorum,
1433 2414 1545 2436 omncs
1572 2409 1603 2436 et
1639 2404 1702 2436 sin-

1000 2484 1009 2508 1
1034 2481 1187 2515 tegendum
1206 2490 1242 2508 ne
1263 2489 1309 2516 pro
1329 2490 1380 2508 nec
1400 2484 1440 2515 (n.
1457 2483 1506 2516 T.).

998 2527 1013 2552 2
1033 2525 1187 2559 Legendum
1207 2526 1435 2554 intromitterent
1453 2527 1491 2561 (n.
1509 2528 1558 2559 T.).

997 2571 1012 2599 3
1035 2570 1146 2598 Videtur
1166 2569 1313 2606 legendum
1332 2571 1407 2600 alios
1427 2578 1475 2606 pro
1496 2571 1570 2599 alias
1589 2572 1627 2606 (ιι.
1650 2572 1698 2605 L).

1721 206 1768 228 Anv
1788 205 1804 228 (2
1841 204 1906 231 1724

1009 1670 1023 1712 ᾖ
1049 1670 1079 1702 ἶ.)
1107 1670 1196 1702 Nune
1222 1675 1327 1702 autem
1354 1680 1429 1709 nos,
1461 1670 1514 1712 qui
1541 1676 1614 1703 ante
1646 1677 1784 1728 110·th¹
1847 1680 1884 1724 ιιῗηῡι

1856 1734 1881 1751 'At

942 1776 1219 1818 {assumptionem
1247 1775 1306 1817 [rig
1304 1776 1377 1807 inta
1395 1786 1432 1807 οι
1438 1781 1468 1808 to
1488 1786 1647 1808 annorum
1674 1782 1751 1808 etum
1851 1765 1888 1802 ιζ’-ἶ

965 1826 1149 1867 aliquoium
1176 1826 1334 1857 mensium
1361 1826 1479 1868 spatio,
1515 1836 1577 1867 quo
1615 1831 1703 1858 ante-
1714 1816 1750 1854 Ἣ
1849 1817 1883 1866 3¹]

965 1878 1068 1911 dittae
1105 1878 1369 1920 metrzopolitiznte
1407 1879 1565 1910 ee‹·:l‹siae
1602 1868 1750 1911 nene-¹3
1768 1869 1898 1936 =.·.1.p.‚r.¹i=ii³

1715 1915 1853 1934 Ηωὶοιιιωῑ
