2170 3147
0 204 40 232 ln.
59 203 88 230 C.
105 201 172 230 ¹728

753 201 946 225 BENEDICTUS
969 201 1024 225 xm
1050 202 1097 225 PF.

179 249 334 279 relevando
350 253 437 288 atque
454 248 488 278 ab
505 249 640 279 omnibus
656 249 773 287 damnO,
787 251 916 289 expensa

179 302 207 327 et
228 297 368 327 interesse
390 297 551 335 liberando,
572 297 748 335 obligatione
772 298 798 327 in
824 298 914 327 forma

178 346 358 385 amplissima
380 345 542 375 faciendum
566 350 593 375 et
615 346 818 382 emittendum,
843 350 914 383 etc.;

178 398 205 424 et
233 394 459 433 praemissorum
485 395 574 424 causa
596 398 624 423 et
653 394 805 423 occasione
827 394 916 432 quod-

178 451 302 481 cumque
326 442 552 472 instrumentum
576 447 603 472 ct
623 443 826 479 instrumenta,
851 451 915 476 cum

177 490 329 530 quibusvis
345 491 436 530 pactis
452 495 480 521 ct
497 491 645 530 capitulis,
659 491 915 529 conditionalibus,

178 539 434 578 promissionibus,
459 539 598 569 clausulis
620 544 647 569 et
670 539 791 569 cautelis
819 539 846 568 in
879 539 918 568 si-

177 587 294 618 milibus
310 589 416 628 apponi
432 588 524 618 solitis
539 592 567 618 et
583 588 740 624 consuetis,
764 587 917 626 eidemque

177 637 423 667 reverendissimo
453 636 528 676 patri
560 637 740 676 procuratori
768 640 799 665 ut
831 645 916 675 supra

177 685 334 715 constituto
351 685 456 715 melius
477 685 591 724 placitis
607 690 634 714 et
657 684 814 722 benevisis,
831 688 918 723 atque

178 742 230 772 per
248 742 313 763 eum
337 733 530 771 arbitrandis,
555 742 605 772 per
627 738 689 763 acta
713 732 843 762 cuiusvis
867 742 918 771 pu-

177 780 246 811 blici
269 782 375 811 notarii
399 782 478 818 ficri,
496 782 605 821 recipi,
622 781 718 820 rogari
738 786 765 811 et
784 779 917 819 stipulari

178 830 355 867 faciendum,
380 830 517 869 illiusque
533 835 676 860 eteorum
698 829 918 868 adstipulationi

177 878 443 915 interveniemlum,
468 883 537 916 eto,
566 882 594 908 et
619 888 671 918 pro
699 879 815 908 illorum
839 882 867 907 et
890 877 917 907 in

177 926 219 956 eis
241 927 468 966 promittemlnn]
501 926 685 956 observantia
708 931 737 956 et
758 924 917 956 inviolabili

176 975 402 1014 adiniplemento
425 975 498 1004 bona
522 975 618 1005 onmia
635 980 662 1005 et
684 976 746 1005 iura
765 983 919 1014 quaecum-

177 1033 233 1062 que
255 1024 324 1053 dicti
347 1033 447 1053 corum
483 1024 657 1054 venerabilis
691 1024 859 1054 monasterii
888 1023 918 1052 in

177 1072 280 1111 quavis
302 1072 435 1102 validiori
458 1077 484 1101 et
507 1072 542 1102 de
570 1073 633 1101 iure
660 1072 802 1102 strictiori
831 1071 917 1101 etiam

176 1120 211 1150 R.
237 1120 267 1149 Ε.
292 1121 326 1150 Α.
355 1121 446 1150 sorni]
470 1121 564 1150 solitis
586 1130 652 1150 cum
675 1120 824 1157 clausulis,
849 1125 917 1157 etc„

177 1169 382 1208 obligandum,
411 1174 480 1207 etc„
504 1174 533 1199 et
555 1169 825 1208 hypothecandum,
848 1173 917 1206 etc.,

177 1217 429 1257 obligationesque
462 1219 656 1247 instrumento
678 1223 706 1248 et
728 1218 785 1247 alio
817 1218 919 1257 quovis

177 1266 283 1296 robore
317 1267 482 1303 valenduin,
516 1271 591 1304 etc.,
624 1271 652 1296 et
682 1266 857 1305 generaliter
889 1267 918 1295 in

177 1315 346 1354 praemissis
361 1315 497 1345 omnibus
513 1320 540 1345 et
558 1315 681 1353 singulis
704 1315 864 1353 gerendum
887 1324 918 1344 ea

177 1364 273 1394 omnia
306 1369 335 1394 et
369 1364 494 1402 singula,
529 1373 601 1403 quae
634 1364 727 1393 facere
760 1367 788 1393 et
819 1373 920 1402 gerere

178 1417 295 1452 possent
318 1413 373 1452 ipsi
397 1413 660 1442 reverendissimus
677 1416 757 1451 pater
780 1412 869 1441 abbas
891 1413 919 1441 et

177 1462 331 1492 reverendi
354 1462 486 1491 monaclii
505 1462 528 1491 si
545 1466 711 1500 praesentes
734 1465 759 1490 et
784 1470 920 1500 persona-

177 1510 245 1540 liter
267 1510 461 1546 interessent,
485 1510 600 1540 etiamsi
629 1510 695 1539 talia
722 1511 817 1539 forent
846 1520 919 1549 quae

179 1559 268 1597 magis
284 1559 411 1598 speciale
433 1564 461 1588 et
483 1558 664 1588 individuum
682 1567 823 1597 procurae
838 1567 919 1587 man-

178 1607 293 1644 datum,
325 1616 410 1646 quam
442 1606 645 1645 praesentibus
667 1611 710 1636 est
733 1616 917 1645 expressum,

178 1656 375 1695 requirerent,
399 1665 464 1685 cum
487 1655 563 1684 dicta
586 1655 659 1684 alter
680 1664 750 1692 ego,
775 1656 847 1685 itaut
869 1656 918 1685 de-

179 1706 270 1735 sectus
294 1705 419 1734 mandati
453 1713 595 1743 procurae
629 1704 789 1743 praetendi,
813 1707 918 1743 opponi

179 1758 207 1784 et
229 1754 349 1792 allegari
373 1757 509 1792 nequeat,
534 1762 590 1782 non
614 1753 705 1782 solum
730 1754 796 1791 isto,
819 1754 869 1783 sed
891 1759 918 1784 et

179 1802 347 1840 omni,etc.,
361 1802 652 1841 promittentes,etc.,
668 1803 917 1841 relevantes,etc.,

179 1859 268 1889 super
278 1850 396 1889 quibus,
409 1855 478 1888 etc.,
492 1850 626 1880 omnibus
638 1851 836 1887 observandis,
848 1856 917 1885 etc.‚

181 1903 209 1928 et
231 1903 272 1935 ut,
296 1903 365 1936 etc.‚
390 1899 531 1937 praedicti
565 1899 777 1928 constituentes
809 1899 919 1938 obliga-

181 1950 250 1975 runt
280 1946 402 1984 seipsos,
437 1950 567 1985 posteros
597 1951 625 1976 et
657 1956 851 1985 successores,
885 1958 918 1977 ac

182 1993 256 2022 bona
285 1993 380 2022 omnia
412 1993 529 2023 mobilia
553 1998 581 2023 et
602 1994 728 2030 stabilia7
757 1997 917 2034 praesentia

183 2047 210 2071 et
234 2042 341 2080 sutura,
366 2046 435 2080 etc.‚
459 2051 524 2072 cum
549 2047 701 2081 potestate,
722 2048 789 2078 etc„
813 2045 919 2074 consti-

183 2094 306 2124 tuentes,
323 2095 394 2128 etc.,
411 2095 438 2120 ct
460 2092 718 2127 renunciaverunt,
735 2097 804 2129 eto,
827 2097 854 2122 et
877 2094 920 2122 iu-

182 2143 333 2175 raverunt,
356 2143 425 2175 etc.,
458 2140 547 2175 unde,
571 2144 640 2178 etc.,
665 2140 736 2169 Laus
758 2141 830 2177 Deo,
853 2146 917 2177 ele„

184 2187 385 2227 praesentibus
395 2189 577 2227 opportunis,
586 2193 640 2218 etc.
653 2189 784 2218 E.1·lraeta
792 2195 830 2219 es!
840 2200 919 2228 prae-

183 2247 244 2267 seus
257 2238 337 2275 copia
351 2237 383 2265 ab
398 2238 466 2266 actis
481 2239 534 2266 mei
549 2237 630 2267 Pauli
650 2238 688 2266 De
701 2239 805 2267 Amicis
818 2250 832 2267 a
850 2239 918 2267 Prn-

183 2285 258 2319 tulis,
275 2286 422 2322 apostolice
437 2296 486 2324 per
496 2290 579 2314 lotum
592 2286 681 2315 orbem
696 2288 857 2317 auctoritate
873 2298 919 2316 110—

185 2335 287 2369 tarius,
312 2335 396 2363 iudea.-
424 2334 580 2364 ordinarius
601 2335 631 2364 in
648 2335 768 2364 archivio
782 2335 919 2365 Romanae

186 2382 286 2413 Curiae
299 2382 461 2421 descriptus,
478 2387 502 2412 el
515 2392 571 2413 meo
582 2382 659 2412 solito
671 2383 760 2421 sigillo
772 2385 920 2422 requisitus

184 2432 305 2469 signavi,
318 2434 368 2460 ete.
383 2448 416 2451 ——
431 2430 503 2459 Laus
515 2432 584 2465 Deo,
598 2436 650 2461 ele.
665 2431 732 2461 Loco
743 2433 760 2468 †
772 2432 868 2470 sigilli.
882 2451 920 2454 —

185 2480 225 2509 DF,
238 2480 350 2509 Aiacis.
367 2497 406 2502 —
420 2479 521 2510 Testor
533 2489 586 2518 ego
602 2480 806 2520 infrascriptus
819 2491 919 2520 supra-

184 2529 272 2558 satum
289 2528 410 2557 Paulum
422 2528 456 2558 de
472 2528 581 2558 Amicis
593 2538 607 2558 a
621 2528 745 2558 I‘ratulis
758 2538 819 2558 esse
833 2530 918 2559 taleni

222 2585 232 2610 1
256 2582 383 2618 Legerem
400 2583 668 2617 prommendorum
688 2585 724 2618 (n,
742 2585 789 2617 11).

1592 193 1650 226 69¹1

958 250 1072 289 qualem
1094 259 1124 280 se
1147 250 1228 287 facit,
1248 250 1369 290 eiusque
1385 250 1506 289 privatis
1523 259 1555 279 ac
1573 250 1697 289 publicis

958 299 1110 338 scripturis
1123 308 1236 329 omnem
1250 309 1313 329 esse
1330 299 1415 329 fidem
1433 299 1606 333 babendum,
1625 303 1694 328 etc.:

959 345 986 374 in
997 346 1080 374 euius
1092 346 1133 374 rei
1147 345 1358 383 testimonium,
1370 349 1438 382 etc.,
1450 345 1548 374 datum
1560 354 1593 373 ex
1607 345 1697 382 regali

959 392 1074 422 abbatia
1092 394 1272 423 Mnrronensi
1290 403 1377 433 prope
1395 394 1562 423 Sulmonem
1582 394 1632 422 bac
1649 393 1697 422 die

960 450 1008 470 xin
1023 442 1148 471 ianuarii
1167 451 1349 471 unccxxvln.
1368 442 1505 472 {lominus
1520 442 1697 471 'summanus

960 490 1058 525 Canu,
1076 490 1165 519 abbas
1187 491 1333 528 generalis
1349 490 1580 520 Caelestinorum
1598 499 1629 519 ac
1648 489 1700 519 Or-

961 538 1093 568 dinarius
1125 543 1217 568 terrae
1247 539 1442 568 Pratularum,
1478 538 1535 575 Ego
1564 538 1698 567 dominns

962 587 1132 616 Fnlonucrs
1154 596 1189 615 DE
1209 587 1308 616 lumea
1326 586 1530 616 cancellarius.
1549 586 1616 615 Loco
1631 588 1647 623 †
1663 587 1700 615 si-

959 636 1034 673 gsllz'.
1069 636 1109 665 lta
1132 640 1176 665 est
1206 646 1256 675 pro
1279 636 1395 666 domino
1418 636 1503 665 Petro
1526 635 1643 664 Nicolao
1665 635 1700 664 de

962 684 1132 714 Canterellis
1154 686 1252 715 curiae
1275 685 1406 724 Capitolii
1428 684 1541 714 notario
1563 684 1597 713 de
1621 693 1701 723 prae-

962 733 1039 763 dicto
1071 734 1265 763 instrumento
1296 738 1414 771 rogatus
1444 733 1495 763 sui.
1527 733 1584 770 Ego
1613 733 1700 762 Sana-

963 790 1083 811 s‘rmxrs
1107 790 1142 810 nn
1165 782 1362 811 Benxannlivls
1380 782 1527 811 Romanus
1543 781 1631 819 civis,
1651 780 1700 810 Dei

963 830 1057 867 gratia
1075 835 1103 860 et
1122 830 1278 869 apostolica
1301 831 1474 860 auctoritate
1497 829 1628 859 notarius
1651 839 1702 868 pu-

964 878 1057 908 blicus
1089 879 1217 908 eiusdem
1250 879 1348 908 curiae
1381 879 1531 918 Capitolii,
1564 887 1702 917 praesens

964 927 1169 956 istrninentum
1186 926 1344 965 subscripsi
1360 931 1385 956 et
1404 926 1561 965 publicavi,
1579 934 1701 964 meoque

962 976 1047 1005 solito
1069 976 1153 1013 signo
1175 976 1286 1013 signavi
1310 975 1481 1014 requisitus,
1505 980 1560 1004 etc.
1585 975 1669 1004 Locus
1684 975 1702 1010 †

961 1026 1032 1063 slyni
1048 1037 1073 1053 ».

1002 1074 1128 1103 Alterius·
1146 1083 1227 1103 vero:
1255 1086 1267 1102 e
1286 1073 1316 1102 ln
1333 1073 1382 1102 Dei
1405 1073 1533 1106 nomine,
1550 1073 1648 1101 Amen.
1665 1089 1700 1093 —

964 1123 1012 1152 Die
1035 1131 1081 1151 vin
1102 1123 1209 1152 mensis
1233 1122 1300 1151 maii
1318 1132 1393 1151 anno
1416 1130 1594 1158 Mnccxxxin,
1612 1121 1640 1150 in
1659 1130 1704 1150 rc-

962 1171 1019 1209 gali
1052 1181 1084 1200 ac
1116 1171 1274 1200 venerabili
1308 1170 1423 1200 abbatia
1454 1170 1483 1200 S.
1507 1170 1635 1208 Spiritus
1667 1169 1702 1198 de

963 1220 1110 1257 Murrone,
1127 1224 1155 1249 et
1172 1228 1273 1258 prope,
1291 1224 1359 1255 etc.,
1374 1220 1458 1257 lleg„
1471 1223 1539 1255 etc.,
1553 1228 1617 1256 nos,
1632 1223 1700 1253 ctc.,

962 1268 1162 1308 capitulariter
1184 1268 1365 1306 congregati,
1390 1272 1417 1297 et
1438 1267 1468 1297 in
1492 1277 1581 1297 unum
1600 1268 1634 1297 ad
1657 1277 1703 1296 so-

963 1327 1031 1347 num
1055 1326 1229 1356 campanae,
1253 1322 1281 1346 et
1304 1317 1471 1356 praemissis
1492 1316 1584 1346 solitis
1605 1326 1703 1346 caere-

963 1366 1079 1403 moniis,
1103 1371 1134 1396 ut
1157 1366 1256 1404 moris,
1283 1366 1312 1395 in
1335 1366 1462 1405 capitulo
1484 1366 1613 1404 generali
1636 1376 1701 1396 coa—

962 1415 1064 1445 dunati
1104 1424 1205 1445 omnes
1245 1414 1427 1453 infrascripti
1465 1415 1702 1444 reveremlissimi

963 1468 1058 1503 patres
1077 1463 1245 1503 praesidens
1267 1463 1423 1501 generalis,
1455 1463 1572 1493 abbates
1602 1468 1630 1493 et
1658 1473 1703 1492 vo-

962 1513 1037 1542 cales
1066 1512 1239 1542 venerabilis
1263 1512 1506 1550 Congregationis
1528 1512 1704 1542 Caelestino-

963 1571 1026 1591 rum
1049 1561 1166 1591 Ordinis
1188 1560 1217 1590 S.
1242 1561 1389 1590 Benedicti
1415 1561 1444 1589 in
1467 1561 1529 1590 loco
1552 1561 1704 1590 infrascri-

963 1615 1020 1649 pto,
1052 1610 1100 1639 ubi
1135 1620 1185 1649 pro
1220 1609 1353 1639 habendo
1376 1614 1400 1639 et
1427 1611 1551 1639 tenendo
1574 1610 1702 1649 capitulo

961 1659 1090 1697 generali
1124 1658 1296 1696 congregari
1333 1663 1361 1687 et
1394 1659 1552 1688 coadunari
1585 1659 1700 1694 solent,

962 1707 1117 1737 videlicet:
1158 1706 1420 1736 revereiulissimus
1454 1711 1535 1745 pater
1567 1707 1703 1736 dominus

961 1757 1129 1786 Theodorus
1152 1756 1244 1793 Carli,
1278 1755 1365 1785 abbas
1388 1755 1475 1785 liuius
1508 1755 1640 1785 abbatiae
1670 1766 1703 1785 ac

963 1805 1130 1844 praesidens
1162 1804 1307 1843 generalis
1342 1804 1431 1833 totius
1462 1804 1702 1842 Congregationis

961 1854 1217 1891 Caelestiimrum,
1245 1853 1425 1883 reverendus
1461 1856 1542 1891 pater
1577 1853 1703 1883 coabbas

961 1903 1096 1932 dominus
1124 1902 1290 1932 Bernardus
1317 1901 1459 1939 Paglioni,
1488 1901 1577 1931 abbas
1599 1902 1628 1931 S.
1650 1902 1703 1932 Eu-

961 1951 1033 1981 sebii
1055 1952 1089 1981 de
1116 1951 1191 1980 Urbe
1214 1960 1246 1979 ac
1276 1950 1402 1980 vicarius
1427 1950 1593 1988 generalis,
1622 1960 1704 1980 reve-

961 2000 1068 2029 rendus
1106 2003 1187 2038 pater
1219 1998 1343 2028 coabbas
1375 1999 1510 2028 dominus
1541 1999 1703 2029 Matthaeus

963 2048 1078 2086 Vecclii,
1103 2047 1191 2077 abbas
1215 2049 1245 2076 S.
1262 2047 1368 2077 Mariae
1384 2048 1418 2076 de
1436 2047 1578 2077 Casaluce
1594 2072 1600 2085 ,
1621 2053 1704 2087 pater

961 2097 1096 2127 (lominus
1116 2096 1294 2135 llyacintbus
1309 2096 1454 2133 Cotinelli,
1471 2096 1560 2126 abbas
1575 2097 1604 2125 S.
1622 2097 1703 2126 loan-

962 2145 1006 2173 nis
1034 2145 1062 2174 in
1090 2145 1178 2174 Plano
1207 2149 1235 2174 et
1265 2144 1345 2183 prior
1367 2144 1452 2174 buius
1480 2145 1586 2182 regalis
1615 2145 1704 2174 abba-

962 2193 1028 2230 tiae,
1046 2197 1126 2231 pater
1144 2193 1280 2222 dominus
1301 2193 1455 2232 Dionysius
1474 2193 1596 2223 Cimboli
1613 2193 1702 2223 abbas

962 2242 992 2269 S.
1010 2241 1158 2270 Benedicti
1181 2241 1214 2270 de
1236 2241 1338 2270 Nursia
1362 2250 1394 2269 ac
1417 2241 1550 2270 visitator
1574 2242 1700 2280 primus,

963 2295 1042 2328 pater
1076 2290 1212 2319 dominus
1249 2290 1442 2328 Hieronymus
1474 2290 1577 2320 Marini
1614 2291 1702 2321 abbas

961 2338 990 2367 S.
1014 2337 1121 2367 Mariae
1154 2338 1188 2368 de
1218 2338 1404 2368 Pcdemoutio
1436 2348 1469 2368 ac
1499 2339 1631 2370 visitator
1659 2350 1703 2369 se-

961 2386 1074 2416 cundus
1088 2410 1095 2423 ,
1120 2391 1202 2425 pater
1225 2387 1361 2416 dominus
1382 2387 1563 2418 Caelestinus
1586 2389 1701 2419 Cortese

962 2434 1050 2464 abbas
1071 2435 1119 2465 SS.
1145 2435 1339 2466 Annuntiatae
1368 2436 1403 2466 de
1431 2436 1556 2467 Tarento
1578 2447 1611 2467 ac
1635 2438 1703 2467 visi-

963 2487 1039 2513 tator
1062 2483 1165 2513 tertius
1179 2508 1186 2520 ,
1211 2488 1292 2523 pater
1314 2484 1449 2514 dominus
1464 2485 1637 2515 Franciscus
1654 2486 1702 2516 lli-

962 2531 1025 2569 ghi,
1050 2531 1138 2561 abbas
1160 2531 1209 2562 SS.
1226 2532 1378 2563 Trinitatis
1399 2533 1433 2563 de
1457 2534 1592 2564 Faventia
1611 2544 1643 2564 ac
1661 2535 1702 2564 vi-

962 2581 1063 2611 sitator
1082 2585 1213 2621 quartus,
1240 2585 1321 2621 pater
1339 2582 1473 2613 dominus
1502 2583 1618 2614 Maurus
1633 2584 1701 2614 Tor-

1702 202 1750 228 An.
1773 201 1802 228 C.
1820 202 1886 229 1728

1736 1092 1894 1111 instrumentum

1713 1119 1731 1137 al
1745 1124 1800 1137 vinni
1841 1119 1895 1137 cius·

1713 1144 1732 1163 d·
1742 1151 1759 1163 ni
1776 1147 1863 1164 triinris.
