2170 3147
17 184 69 209 Λη.
86 183 112 208 Γ..
137 181 204 207 «725
794 182 989 205 nazarenas
1016 183 1071 204 xm
1096 183 1144 205 re.
1622 171 1685 204 262³>
1735 183 1780 205 An.
1799 181 1823 204 c,
1851 180 1918 206 1755

206 231 310 262 xitatis
328 230 445 262 nubilis
470 235 501 262 et
526 230 675 272 autiquae
701 236 881 262 structurae
906 240 941 261 ae
961 232 963 244 ¹
983 232 1166 273 episcopus7
1183 231 1234 273 qui
1250 231 1398 262 interfuit
1412 230 1555 263 Concilio
1575 230 1721 262 Romano

206 282 407 315 beatissimae
426 282 564 324 Virginis
582 282 696 313 Mariae
716 282 856 314 dieatae‘
877 293 941 314 ma-
983 292 1067 314 anno
1093 283 1236 314 eiusdem
1263 282 1387 315 Domini
1414 292 1507 315 MLxri
1534 282 1592 313 sub
1619 282 1722 314 Bene-

206 335 313 373 iosias,
330 334 596 367 etministrorum
614 334 693 366 inibi
714 335 822 367 divino
841 335 938 366 cultui
984 333 1070 366 dieto
1112 334 1194 376 Papa
1220 334 1279 373 tx,
1307 335 1426 376 pariter
1466 334 1721 377 praedecessore

206 386 462 419 incumbentium
489 386 603 429 pietas,
623 397 659 418 ae
677 396 838 418 sacrarum
866 387 940 418 reli-
983 392 1102 426 nostro,
1129 387 1275 419 similiter
1293 387 1484 429 celebrato);
1513 387 1721 429 postmodum

205 439 354 483 quiarum
381 449 416 471 ac
442 449 548 471 rerum
572 438 713 471 omnium
741 449 798 481 pro
825 439 940 470 divinis
984 449 1058 470 vero
1086 441 1228 481 praefata
1259 441 1395 472 eeclesia
1427 440 1649 473 Priveruensis
1676 451 1723 472 ec-

206 491 319 523 officiis
345 491 504 523 obeundis
526 491 606 522 inibi
625 491 830 523 existentium
849 491 941 522 uber·
984 490 1099 522 etesiae
1119 491 1340 523 Terracinensi
1360 492 1399 524 ab
1419 492 1562 525 [lonorio
1582 493 1667 535 Papa
1684 493 1721 525 ltt

207 549 261 583 tas,
283 554 407 576 necnon
433 554 492 586 pro
518 543 748 576 ecclesiasticis
775 543 942 575 functioni·
984 543 1079 575 etiam
1114 544 1367 585 praedecessore
1400 551 1508 577 nostro
1534 545 1623 576 uuita
1650 546 1719 581 fuit.

206 597 264 629 bus
283 597 438 629 decenter
456 597 644 628 exercendis
663 596 829 639 sacrisque
850 601 941 628 uten-
984 605 1039 633 ac,
1069 601 1173 627 stante
1200 596 1320 628 unione
1347 597 1556 636 huiusmodi,
1585 597 1723 629 decursu

205 650 318 682 sitibus
335 650 507 693 opulenter
524 655 645 690 ornata,
659 650 787 692 egregia
805 649 939 690 iusigrh
985 648 1139 690 temporis
1166 648 1302 689 qualitas
1328 649 1583 681 cathedralitatis
1620 649 1722 681 dictae

205 702 278 734 tatis
305 703 397 735 laude
421 703 626 745 perfulgens,
651 703 737 735 illius
764 703 938 745 capitutum
983 701 1142 733 ecclesiae
1170 700 1388 733 Privernensis
1414 701 1443 732 in
1471 701 1722 734 desuetudinem

204 755 497 799 archipresbytero,
514 756 671 798 dignitate
690 755 794 794 unica,
814 761 841 787 et
863 766 940 798 qua-
983 752 1097 785 abiisse
1124 752 1256 790 dicitur,
1283 759 1314 784 et
1346 763 1443 795 super
1476 754 1723 786 cathedralitate

205 808 384 841 tuordeeim
410 809 574 841 canonicis
601 809 781 847 decoratur,
802 809 871 851 qui,
891 820 941 841 ee,-
983 806 1168 838 huiusmoli
1189 806 1272 838 inter
1285 806 1564 845 'l'erraeinensem‚
1580 807 1723 839 Setinam

204 861 392 894 clesiasticis
418 862 631 894 caeremoniis
653 862 940 901 instructi,.cac1·is-
983 864 1013 890 et
1039 859 1286 891 Privernensem
1320 859 1475 891 ecclesias
1508 860 1618 902 plures
1652 859 1724 892 lites

204 925 265 957 que
297 915 422 947 actibus
444 915 579 953 imbuti,
604 915 675 955 itta,
702 927 796 958 quam
824 916 938 948 domus
982 918 1014 945 et
1038 911 1278 944 controversiae
1304 912 1486 951 extiterunt,
1514 922 1595 954 quae
1617 918 1723 945 tamen

205 966 258 999 Dei
277 967 434 1010 exposcit,
451 968 619 1000 maiestate
634 973 664 1000 et
680 968 823 1000 decentia
841 968 939 1000 saeris
982 966 1068 997 inter
1093 966 1253 1008 praefatas
1279 966 1431 998 ecelesias
1456 965 1723 998 Terracinensem

204 1019 353 1052 laudibus
389 1026 516 1057 vacant,
549 1026 580 1053 et
617 1021 742 1053 divinae
777 1021 939 1053 servitutis
970 1024 1013 1066 ‘et
1037 1018 1178 1051 Setinam
1217 1029 1274 1061 per
1300 1029 1357 1051 nos
1383 1018 1541 1051 extinctae
1568 1019 1718 1056 fuerunt,

204 1072 363 1115 obsequio
391 1072 485 1105 horas
511 1074 683 1105 canonicas
710 1075 916 1116 persolvunt:
983 1082 1080 1115 super
1123 1072 1368 1105 cathedralitate
1411 1077 1518 1104 tamen
1567 1072 1723 1104 ecelesiae

35 1134 192 1154 nemonnnmr
247 1127 261 1168 ξ
285 1125 316 1157 2.
344 1126 390 1158 Ob
411 1126 569 1168 praefatas
595 1127 736 1168 aliasque
758 1127 890 1158 civitatis
911 1133 942 1160 et
983 1124 1206 1157 Privernensis
1237 1124 1346 1157 forsan
1379 1125 1485 1156 adhuc
1510 1124 1656 1167 pendent
1675 1124 1722 1156 in-

11 1160 124 1180 ecctesiam
149 1161 191 1181 Pri*

11 1187 191 1207 v.-rner.=2m01:n=
203 1178 330 1212 maioris
364 1178 520 1211 ecelesiae
553 1178 739 1210 huiusmodi
767 1190 940 1221 praeroga·
961 1199 962 1210 2
983 1177 1130 1210 decisae:

10 1213 295 1268 iffiffif'Z'i‘iiflq‘Jff'tivas,
322 1231 418 1263 etiam
444 1231 585 1274 antiquis
613 1232 812 1274 temporibus
838 1233 867 1264 in
896 1233 940 1264 eis
1027 1231 1041 1273 ἓ
1065 1230 1097 1262 3.
1125 1229 1204 1270 Nos,
1230 1230 1476 1263 considerantes
1509 1231 1594 1273 quod
1629 1240 1723 1273 prae·
1763 1237 1918 1284 ‘³·¹⁰⁸³·2.„”.[;†5,

1735 1267 1799 1284 sentis

985 1283 1047 1315 fata
1072 1283 1172 1316 maior
1197 1284 1335 1316 ecclesia
1360 1283 1501 1316 Priverni
1533 1283 1573 1316 ob
1598 1283 1846 1326 praesa-gruum.

10 1265 103 1291 episcopi
141 1273 191 1287 „nn-

9 1294 122 1313 namnmr.
202 1284 460 1327 praefulgentes,
487 1285 631 1327 praefata
671 1285 772 1317 maior
808 1286 941 1318 eeclesia

201 1336 232 1369 S.
255 1335 371 1368 Mariae
397 1337 532 1369 eeclesia
557 1338 753 1370 cathedralis
775 1338 887 1377 extitit,
906 1349 941 1371 ac

202 1389 344 1432 quinque
369 1399 444 1432 prae
471 1390 585 1421 ceteris
618 1390 848 1423 Privernenses
874 1391 942 1434 epi-

200 1441 289 1485 scopi
315 1441 346 1474 in
373 1444 410 1474 ea
435 1442 606 1475 extiterunt
638 1444 790 1486 (quorum
818 1444 940 1487 primus

201 1494 405 1527 Eleutherius
446 1495 618 1537 episcopus
658 1495 846 1534 Privernas,
888 1497 941 1539 qui

201 1558 285 1580 anno
309 1547 435 1580 Domini
460 1557 616 1581 ncccxxtv
642 1549 787 1582 interfuit
817 1551 940 1593 synodo

201 1601 369 1643 sexaginta
395 1601 489 1633 trium
514 1602 742 1644 episcoporum
775 1604 814 1635 ab
841 1604 941 1645 Euge-

203 1655 258 1686 nio
283 1654 368 1697 Papa
394 1655 431 1687 111
456 1656 713 1698 praedecessore
741 1663 851 1689 nostro
880 1657 941 1690 Ro-

202 1718 274 1740 mae
300 1708 504 1747 celebratae,
531 1709 560 1740 in
583 1719 645 1752 qua
671 1710 873 1752 subscriptus
899 1712 941 1744 le·

199 1759 286 1803 gitur
308 1760 518 1793 Eleutherius
544 1762 712 1804 episcopus
742 1762 939 1803 Privernas,-

200 1813 364 1845 secundus
391 1813 448 1845 fuit
480 1814 576 1846 Maius
609 1815 800 1857 episeopus,
828 1816 880 1858 qui
908 1816 937 1848 in

199 1866 261 1898 alia
287 1866 409 1909 synodo
435 1867 594 1899 celebrata
621 1867 678 1899 sub
705 1868 810 1901 Leone
839 1869 874 1900 tv
896 1876 940 1901 et-

200 1917 262 1950 iam
297 1919 551 1961 praedecessore
588 1925 717 1958 nostro,
745 1931 828 1953 auno
856 1921 940 1953 eius-

200 1971 285 2004 ldem
312 1971 438 2003 Domini
467 1981 608 2005 DCCCLttt
636 1973 666 2004 in
693 1973 823 2005 basilica
849 1974 938 2006 Prin-

199 2023 280 2066 cipis
307 2024 536 2066 Apostolorum
569 2026 606 2056 de
637 2025 719 2057 Urbe
752 2036 821 2057 cum
846 2026 940 2058 inter-

199 2081 294 2108 ventu
320 2076 485 2118 sexaginta
506 2077 601 2109 trium
620 2078 845 2120 episcoporum
865 2080 940 2111 sub-

199 2128 336 2171 scriptus
362 2130 480 2170 legitur
497 2130 607 2161 Maius
629 2131 794 2174 episeopus
821 2131 939 2164 Priver-

199 2192 277 2220 nas‚·
305 2182 417 2214 tertius
444 2183 501 2214 fuit
532 2183 726 2216 Benedictus
752 2185 936 2227 episcopus,

199 2234 253 2277 qui
279 2235 426 2267 interfuit
451 2236 575 2278 synodo
602 2237 720 2269 Romae
754 2238 937 2270 celebratae

199 2297 285 2320 anno
303 2288 447 2320 eiusdem
462 2289 585 2320 Domini
607 2298 789 2329 occccxcu;
806 2296 937 2332 quartus

199 2340 258 2372 suit
283 2340 436 2372 Martinus
458 2341 645 2383 episeopus,
673 2342 724 2384 qui
752 2343 870 2384 legitur
894 2343 937 2374 vi-

198 2393 282 2425 xisse
307 2398 380 2426 ante
405 2403 525 2425 annum
545 2393 690 2426 eiusdem
715 2394 838 2426 Domini
865 2396 936 2428 mil-

198 2445 364 2486 lesimum;
401 2456 438 2479 ac
478 2446 610 2488 quintus
648 2446 789 2489 denique
826 2446 936 2480 Petrus

234 2515 244 2540 1
268 2514 339 2542 Male
360 2514 430 2542 Edit.
452 2514 532 2541 tttain.
555 2515 618 2549 legit
638 2515 732 2542 dictae
754 2524 801 2550 pro
821 2516 935 2544 dicatae

195 2559 233 2594 (n.
255 2559 305 2594 ¹12).

986 1341 1031 1367 tas
1050 1336 1221 1378 qualitates
1248 1342 1277 1368 et
1303 1336 1543 1379 praerogativas
1569 1336 1666 1378 digna
1685 1336 1725 1367 vi-

985 1388 1079 1420 detur
1097 1394 1129 1420 ut
1147 1389 1185 1420 ad
1212 1388 1382 1431 pristinam
1400 1389 1588 1431 qualitatem
1614 1390 1724 1422 cathe-

985 1442 1083 1474 dralis
1109 1442 1429 1482 restituatursmotu
1456 1442 1610 1485 proprie,
1636 1448 1667 1476 et
1684 1453 1722 1475 ex

983 1490 1070 1526 certa
1107 1494 1265 1534 scientia,
1293 1504 1329 1526 ac
1366 1495 1404 1527 de
1437 1495 1636 1538 apostolicae
1671 1506 1724 1538 po·

985 1547 1109 1579 testatis
1155 1547 1360 1589 plenitudiue
1407 1550 1558 1590 moraque
1600 1548 1725 1580 delibe-

984 1600 1109 1632 ratione
1148 1600 1285 1639 nosti-is,
1313 1599 1384 1633 lites
1418 1606 1448 1632 et
1482 1611 1596 1633 causas
1628 1611 1726 1644 super

984 1652 1228 1685 cathedralitate
1258 1653 1361 1684 dictae
1400 1653 1529 1685 maioris
1565 1654 1724 1686 ecelesiae

984 1706 1204 1737 Privernensis
1238 1706 1324 1737 inter
1358 1706 1532 1748 praefatam
1567 1706 1724 1739 maiorem

984 1759 1156 1792 ecclesiam
1193 1759 1444 1791 Privernensem
1484 1765 1513 1791 et
1551 1760 1721 1792 ecelesiam

982 1812 1250 1845 Terracinensem
1277 1813 1382 1845 adhuc
1409 1813 1517 1845 forsan
1543 1814 1724 1856 pendentes

982 1865 1144 1898 indecisas
1170 1866 1207 1897 ad
1234 1876 1290 1898 nos
1316 1876 1496 1905 avocamus,
1523 1876 1643 1909 easque
1664 1877 1722 1909 pe-

982 1918 1067 1950 nitus
1093 1924 1124 1950 et
1149 1918 1281 1951 omnino
1307 1919 1541 1960 extinguimus,
1558 1930 1595 1951 ac
1620 1920 1723 1952 omni·

983 1972 1041 2004 bus
1059 1977 1089 2004 et
1106 1972 1242 2013 singulis
1264 1972 1413 2014 personis
1431 1971 1464 2003 in
1483 1972 1589 2004 causis
1612 1978 1643 2005 et
1660 1973 1723 2006 liti-

982 2025 1040 2057 bus
1067 2025 1253 2057 huiusmodi
1281 2025 1492 2058 existentibus
1522 2036 1558 2058 ae
1588 2025 1722 2059 interes-

982 2088 1014 2110 se
1041 2078 1288 2120 quomodolibet
1307 2077 1502 2110 habentibus
1522 2089 1578 2111 seu
1598 2079 1721 2112 habere

982 2131 1270 2173 praetendentibus
1284 2137 1475 2174 perpetuum
1489 2131 1653 2165 silentium
1668 2132 1721 2165 im-

980 2184 1154 2227 ponimus;
1182 2190 1212 2216 et
1233 2184 1402 2217 ecelesiam
1421 2185 1598 2227 praefatam
1615 2185 1644 2218 S.
1662 2186 1722 2219 Ma-

981 2236 1047 2269 riae
1084 2237 1227 2269 Priverni
1253 2238 1291 2269 ad
1318 2237 1597 2270 cathedralitatem
1635 2238 1722 2271 rein-

980 2295 1152 2331 tegramus,
1170 2295 1209 2329 et,
1226 2295 1386 2333 quatenus
1405 2300 1486 2332 opus
1509 2290 1558 2330 sit,
1581 2291 1619 2323 de
1637 2301 1720 2324 novo

980 2342 1012 2373 in
1038 2342 1258 2374 cathedralem
1285 2342 1453 2384 erigimus,
1480 2348 1512 2375 et
1537 2343 1642 2377 dictae
1667 2355 1720 2377 ec-

979 2394 1096 2427 clesiae
1123 2394 1357 2434 Terracinensi,
1374 2397 1437 2427 una
1462 2405 1533 2429 cum
1560 2396 1645 2429 dieta
1669 2408 1721 2431 ec-

978 2447 1076 2479 clesia
1099 2447 1220 2485 Setina,
1242 2457 1343 2491 aeque
1368 2449 1597 2492 principaliter
1622 2450 1718 2483 etiam

955 2525 957 2530 .
978 2499 1017 2531 de
1043 2509 1124 2532 novo
1149 2500 1289 2539 unimus,
1318 2501 1396 2533 itaut
1420 2502 1452 2533 in
1477 2508 1647 2545 posterum
1669 2513 1719 2536 ec-

954 2537 957 2587 i
977 2553 1074 2587 elesia
1092 2552 1323 2594 Privernensis,
1338 2553 1447 2587 Setina
1465 2560 1496 2587 et
1513 2554 1718 2590 Terracinen-
