2170 3147
0 248 35 271 tn.
56 240 85 269 C.
102 240 169 269 ¹729

13 1830 169 1852 vernantia-nur

2 1858 97 1878 rae-licta
147 1862 169 1875 0-

1 1890 42 1904 lnla
53 1899 57 1908 ,
73 1889 127 1909 quae
149 1889 168 1903 ln

762 237 959 263 BENEDICTUS
985 237 1042 262 xm
1067 237 1115 261 PP.

178 289 234 323 Pio
248 289 286 322 lv
303 293 412 322 nostro
431 287 663 332 predecessore
680 287 726 321 De
743 287 917 330 reyz‘slran-

178 342 250 383 dis,
274 343 305 375 la
329 341 440 384 regola
465 341 548 374 della
580 347 691 375 nostra
720 340 918 374 Cancelleria

177 395 223 428 De
247 396 319 428 iure
342 396 488 438 quaesito
513 405 573 427 uon
601 393 762 433 tollendo,
790 404 805 426 e
831 392 916 436 quali

177 448 202 480 si
223 447 316 481 siano
334 447 414 480 altre
434 446 638 480 costituzioni
657 447 695 479 ed
715 445 916 479 ordinazioni

177 500 396 544 aposteliche‚
421 505 529 534 nostre
560 511 576 533 e
609 499 660 532 de'
677 499 775 532 nostri
802 498 918 542 prede-

177 553 308 592 cessori,
324 553 534 586 concernenti
553 551 788 596 speciahnente
806 552 918 583 l'eser-

177 605 258 639 cizio
284 606 366 638 della
391 615 468 639 cura
489 605 571 638 delle
597 604 705 638 anime
735 614 751 637 e
785 604 814 636 la
846 613 918 636 con-

177 658 324 692 cessione
350 658 381 691 di
408 668 478 691 esse
504 657 532 690 ai
559 657 712 699 regelari,
732 658 761 690 la
780 655 918 698 disposi-

177 711 271 744 zione
304 711 355 744 del
381 710 524 744 Concilio
549 710 739 743 Tridentino
773 709 812 742 ed
845 709 917 741 altri

177 764 291 797 concili
317 764 459 807 generali
486 774 502 797 e
527 762 729 807 provinciali,
757 761 841 804 leggi
867 761 915 793 ci-

177 816 229 849 vili
256 827 271 850 e
298 817 488 857 canonicae,
514 816 637 856 statuti,
669 815 811 855 risorme,
837 813 915 853 stili,

176 870 235 911 usi,
254 870 493 909 consuetudini,
513 880 529 902 e
547 869 730 913 qualunque
749 868 827 900 altra
845 877 918 900 cosa

177 923 235 956 che
262 924 381 956 facesse
405 933 423 956 ο
449 927 579 966 potesse
601 922 665 954 sare
684 921 716 953 iu
742 920 916 959 contrario,

177 977 237 1010 alle
263 976 348 1020 quali
383 982 463 1009 tutte
489 987 506 1009 e
531 975 674 1017 singem,
702 974 869 1007 avendone
896 973 917 1005 il

179 1035 294 1062 tenore
321 1029 374 1072 qui
401 1040 461 1072 per
486 1038 637 1071 espresso
663 1037 679 1059 e
705 1027 734 1059 di
758 1026 868 1069 parola
886 1025 917 1057 in

177 1082 290 1126 parola
326 1082 469 1120 inserto,
496 1091 512 1114 e
542 1079 726 1124 supplendo
751 1079 804 1111 noi
837 1078 919 1111 colla

176 1136 330 1179 pienezza
355 1134 439 1167 della
457 1139 567 1167 nostra
588 1133 716 1176 potesta
741 1131 918 1175 apostolica

177 1189 215 1222 ad
240 1189 316 1231 ogni
342 1188 423 1221 vizio
449 1198 465 1220 e
492 1187 606 1220 dil'etto
633 1191 849 1230 quantunque
873 1195 920 1217 so-

177 1242 332 1276 stanziale
365 1252 381 1274 e
413 1241 550 1274 formale
576 1240 636 1272 che
661 1240 689 1271 vi
714 1245 844 1283 potesse
869 1239 918 1271 in-

178 1295 354 1335 tervenire,
381 1305 441 1338 per
466 1299 580 1337 questa
603 1293 687 1326 volta
712 1293 790 1333 sola,
820 1303 835 1324 e
862 1302 919 1335 per

177 1349 207 1381 la
231 1348 328 1392 piena
355 1359 370 1381 e
398 1348 497 1381 totale
523 1347 716 1380 esecuzione
745 1346 782 1379 ed
809 1345 918 1378 ell'etto

178 1402 208 1434 di
236 1406 355 1444 quanto
383 1401 408 1432 si
435 1400 577 1443 esprime
604 1400 657 1432 nel
687 1404 837 1442 presente
863 1408 919 1430 no-

178 1459 245 1488 stro
270 1453 467 1496 chirografo,
486 1452 704 1496 ampiamente
730 1452 768 1484 ed
796 1462 919 1495 esprcs—

178 1511 322 1540 samente
361 1506 595 1549 deroghiamo,
621 1505 724 1538 anche
758 1515 819 1538 con
845 1516 919 1548 spc-

178 1560 350 1594 cialissima
375 1559 582 1602 derogatoria
608 1559 689 1591 delle
716 1558 917 1600 derogatorie

179 1613 235 1656 pisi
262 1612 411 1653 insolite,
436 1611 558 1645 efficaci
586 1612 624 1644 ed
650 1611 816 1644 ell'renate.

224 1666 303 1699 Dato
337 1666 388 1698 dal
425 1670 537 1697 nostre
571 1665 703 1707 palazzo
741 1663 917 1706 apostolico

179 1719 345 1758 Vaticano,
371 1723 488 1761 questo
515 1718 546 1749 di
568 1716 588 1749 9
613 1727 718 1749 marzo
756 1716 851 1749 1720.
877 1735 919 1738 Α

181 1772 386 1805 BENEnrcTes
410 1771 493 1803 Pam
519 1770 598 1802 Xlll.

224 1826 238 1867 ᾗ
263 1824 314 1857 10.
343 1825 493 1858 Volentes
519 1824 627 1866 itaque
653 1824 798 1856 iniuncta
826 1823 919 1856 nobis

181 1878 220 1910 ab
249 1878 363 1911 eodem
400 1877 604 1910 sanctissimo
642 1877 772 1910 domiuo
807 1884 918 1910 nostro

960 286 1023 319 side
1048 284 1171 319 domini
1203 282 1505 327 supraintendentis
1538 280 1698 325 generalis

960 338 1207 372 secretariarum
1244 337 1386 370 locorum
1422 334 1580 369 montium
1605 333 1699 366 nobis

962 391 1102 424 exhibita
1138 390 1259 423 tenoris
1296 394 1393 433 prout
1427 389 1460 421 in
1486 390 1543 427 ea,
1572 387 1700 431 praedi-

961 451 1028 478 ctos
1064 444 1282 478 venerabilem
1320 448 1515 476 conventum
1550 446 1581 474 et
1613 451 1700 474 reve-

961 499 1079 531 rendos
1104 503 1212 541 patres
1236 497 1267 530 S.
1293 496 1431 529 Marcelli
1458 495 1551 528 Urbis
1570 494 1699 527 Ordinis

961 552 1131 584 Servorum
1157 551 1192 583 B.
1219 550 1336 583 Mariae
1362 549 1501 592 Virginis
1528 548 1567 581 ad
1593 547 1701 591 pristi-

961 615 1034 637 nam
1067 609 1097 636 et
1129 603 1296 646 antiquam
1328 602 1570 645 possessionen]
1602 609 1699 633 curae

961 657 1095 689 actualis
1116 656 1302 699 praedictae
1323 654 1480 688 ecclesiae
1502 652 1700 697 parochialis

961 710 992 743 S.
1019 709 1141 742 Nicolai
1167 708 1200 741 in
1225 708 1372 749 Armene,
1399 707 1543 741 eiusdem
1569 705 1701 739 sanctis-

961 763 1033 796 simi
1058 761 1181 795 domini
1206 761 1306 794 nostri
1332 761 1435 804 Papae
1454 759 1598 799 nomine,
1619 758 1701 791 rein-

962 821 1126 858 tegramus
1144 820 1176 847 et
1192 814 1385 857 reintegrari
1400 813 1602 851 mandamus,
1620 821 1701 844 eam-

962 869 1103 912 demque
1130 866 1300 901 ecclesiam
1327 865 1545 909 parochialem
1574 864 1613 897 ad
1639 869 1701 896 sta-

963 927 1029 954 tum
1048 919 1199 964 parochi*
1219 919 1378 962 regularis
1401 918 1546 951 eiusdem
1570 916 1700 950 Ordinis

962 975 1080 1007 iterum
1098 971 1496 1014 reducimus,eisde1nque
1515 968 1701 1003 reverendis

962 1027 1109 1070 patribus
1134 1030 1312 1059 conventus
1338 1024 1370 1057 S.
1391 1023 1533 1056 Marcelli
1563 1022 1702 1065 amplam

963 1086 993 1114 et
1018 1079 1199 1113 absolutam
1225 1078 1410 1111 facultatem
1437 1077 1552 1116 libere,
1580 1081 1611 1108 et
1636 1085 1702 1107 non

962 1133 1164 1167 obstantibus
1179 1131 1393 1175 dispositione
1408 1129 1530 1163 decreti
1546 1128 1624 1162 editi
1642 1138 1703 1171 per

962 1197 1084 1220 sacram
1102 1184 1393 1228 Congregationem
1411 1181 1604 1216 visitationis
1629 1192 1704 1224 apo·

963 1239 1095 1273 stolicae
1114 1239 1165 1271 die
1181 1247 1257 1271 ›tx111
1276 1236 1428 1270 februarii
1443 1245 1573 1275 ninchi,
1589 1239 1618 1267 et
1633 1234 1703 1267 Bre-

963 1293 1009 1326 vis
1038 1291 1219 1335 respective
1250 1295 1380 1323 sanctae
1405 1288 1585 1322 memoriae
1612 1287 1704 1320 Inno-

963 1345 1059 1378 centii
1075 1345 1099 1377 X
1119 1343 1260 1386 expediti
1279 1343 1330 1375 die
1349 1353 1387 1375 xx
1401 1341 1507 1374 martii
1526 1349 1702 1381 MDchviu,

963 1398 994 1430 in
1013 1403 1206 1441 perpetuum
1226 1395 1472 1428 administrandi
1500 1399 1530 1426 et
1551 1403 1704 1427 exercen-

963 1452 993 1484 di
1020 1462 1128 1483 curam
1164 1449 1345 1483 animarum
1374 1448 1518 1481 eiusdem
1543 1446 1702 1480 ecclcsiae

963 1503 1184 1548 parochialis,
1209 1513 1245 1535 ac
1279 1501 1431 1541 fruendi,
1464 1499 1642 1543 gaudendi,
1671 1504 1703 1531 ct

963 1557 994 1590 in
1020 1556 1169 1600 proprios
1204 1565 1281 1587 usus
1305 1565 1340 1587 ac
1364 1554 1396 1586 in
1421 1552 1702 1586 manutentionem

963 1610 1108 1643 ciusdem
1131 1608 1290 1641 ecclesiae
1316 1606 1530 1640 convertendi
1560 1612 1624 1638 tam
1650 1605 1703 1637 do—

963 1674 1048 1696 mum
1075 1662 1298 1707 parochialem
1325 1671 1420 1704 quam
1445 1670 1557 1693 omnes
1583 1665 1614 1692 et
1639 1659 1703 1690 sin-

963 1718 1056 1760 gulos
1083 1725 1234 1754 canonesy
1261 1714 1406 1757 aliosque
1437 1714 1569 1751 fructus,
1596 1710 1704 1744 reddi-

912 1797 917 1803 .
962 1776 1011 1803 tus
1049 1775 1080 1802 et
1116 1773 1294 1812 proventus
1329 1766 1468 1800 cuiusvis
1505 1764 1634 1808 generis
1673 1769 1704 1796 et

963 1823 1083 1867 speciei
1109 1822 1148 1855 ad
1174 1821 1343 1854 ecclesiam
1366 1819 1565 1863 praedictam
1591 1817 1703 1860 quavis

964 1876 1001 1908 de
1028 1876 1140 1916 causa,
1166 1874 1237 1906 iure
1262 1884 1297 1906 ae
1331 1873 1424 1905 titulo
1459 1870 1705 1915 quomodolibet

1597 223 1660 258 795
1709 233 1756 258 An.
1779 232 1807 259 c.
1826 231 1892 259 1729

0 1911 54 1930 elato
63 1910 169 1933 chiragra-

963 1933 1148 1972 spectanles
1174 1932 1205 1959 et
1221 1926 1436 1969 pertinentes,
1458 1930 1487 1957 ct
1503 1924 1583 1957 alios
1605 1933 1703 1966 quos-

963 1991 1101 2023 cumque
1128 1979 1286 2018 redditus,
1306 1977 1399 2010 utilia
1423 1983 1455 2010 et
1480 1978 1703 2010 emolumenta

963 2040 1050 2067 certa
1075 2039 1103 2066 et
1130 2033 1264 2071 incerta,
1283 2031 1448 2064 ordinaria
1473 2036 1505 2063 et
1529 2030 1705 2063 extraordi-

964 2087 1072 2125 naria,
1104 2097 1140 2118 ex
1166 2085 1353 2117 huiusmodi
1389 2094 1484 2117 curae
1521 2084 1703 2116 animarum

964 2139 1119 2173 exercitio
1161 2138 1410 2182 quomodolibet
1449 2137 1680 2182 provenientes
1696 2164 1703 2176 ,

963 2203 1035 2225 cum
1073 2202 1173 2225 onere
1211 2196 1317 2224 tamen
1354 2190 1554 2234 adimplendi
1595 2190 1704 2224 omnia

964 2255 1064 2278 onera
1089 2243 1231 2277 cuiusvis
1257 2244 1387 2286 generis
1417 2243 1564 2278 eiusdem
1597 2243 1703 2276 eccle-

963 2299 1039 2337 siae,
1059 2297 1189 2341 pracvia
1211 2296 1393 2330 remotione
1415 2296 1574 2340 praedicti
1593 2297 1704 2329 admo-

964 2351 1040 2383 dum
1059 2349 1231 2383 reverendi
1250 2349 1371 2383 domini
1390 2349 1580 2393 Hieronymi
1598 2349 1703 2382 Amati

963 2403 1099 2444 Calbini,
1118 2414 1153 2436 ac
1172 2402 1262 2436 firma
1280 2403 1368 2435 illius
1387 2402 1493 2436 favore
1512 2407 1703 2436 remanente

964 2455 1186 2499 assignatione
1222 2466 1406 2489 annuorum
1442 2460 1608 2489 scutorum
1641 2460 1703 2488 ter-

963 2509 1312 2552 centumquadraginta
1336 2509 1513 2542 liberorum
1543 2514 1574 2542 et
1599 2519 1705 2542 exem-

964 2567 1093 2606 ptorum
1134 2573 1151 2594 a
1186 2572 1390 2605 quacumque
1431 2562 1633 2605 obligatione
1673 2567 1704 2594 et

1001 2627 1010 2652 1
1035 2624 1148 2653 Videtur
1167 2624 1314 2660 legendum
1330 2625 1487 2660 parochiae
1509 2625 1549 2660 (a.
1565 2626 1614 2660 r).

0 1936 40 1985 pro,
60 1930 266 1981 cogjffipgl'apa
302 1930 428 1962 debitae
465 1930 673 1972 exequutioni
701 1931 917 1969 demandare,

0 1989 170 2040 {gaggssltgsspgffi
181 1981 300 2015 utendo
319 1982 522 2014 facultatibus
542 1982 638 2015 nobis
659 1983 691 2014 in
711 1983 826 2015 eodem
852 1983 920 2015 chi-

0 2041 80 2061 7ῆείιιιτι-
182 2034 348 2078 rographo
380 2034 525 2074 tributis,
556 2037 677 2067 attenta
701 2035 919 2077 assignatione

181 2099 367 2122 annuorum
392 2094 557 2121 scutorum
586 2094 764 2121 tercentum
784 2089 920 2131 quadra-

182 2142 271 2184 ginta
302 2152 360 2185 pro
392 2143 534 2184 congrua
568 2146 602 2173 ut
639 2142 721 2174 infra
758 2144 919 2175 reservata

182 2194 292 2228 favore
312 2194 484 2228 admodum
510 2195 680 2227 reverendi
708 2195 832 2227 domini
849 2195 921 2228 Ilie-

183 2247 308 2290 ronymi
334 2247 437 2279 Amati
463 2246 604 2287 Calbim,
629 2247 776 2280 moderni
810 2248 919 2280 vicarii

182 2300 284 2332 curati
309 2299 502 2333 venerabilis
532 2300 687 2333 ecclesiae
722 2300 919 2343 parochialis

182 2353 213 2386 S.
233 2353 354 2386 Nicolai
380 2354 412 2386 in
438 2353 589 2394 Arcione,
613 2354 682 2386 eius
699 2353 762 2386 vita
780 2354 918 2387 naturali

183 2407 333 2448 durante,
361 2416 421 2450 per
446 2406 565 2439 dictum
597 2406 817 2440 venerabilem
848 2418 920 2440 con-

183 2465 316 2493 ventum
353 2465 384 2492 et
409 2465 516 2503 patres
552 2459 583 2492 S.
617 2459 757 2493 Marcelli
793 2460 921 2493 Ordinis

182 2511 353 2544 Servorum
397 2510 429 2542 in
476 2510 731 2554 exequutionem
776 2511 919 2544 eiusdem

183 2563 393 2606 chirographi
420 2563 563 2606 expleta,
590 2564 753 2597 mediante
780 2569 920 2607 atterga-

183 2616 271 2650 tione
306 2621 352 2649 tot
382 2617 528 2651 locorum
561 2616 729 2659 montium,
755 2622 852 2660 prout
884 2628 921 2651 ex
