2170 3147
0 255 40 283 tn.
56 253 84 281 C.
105 253 172 280 1728

183 301 374 345 piscatorum
412 307 442 334 et
481 301 659 344 respective
699 302 919 341 venditorum,

182 354 326 387 excitatis
353 354 647 396 praetensiouibus,
674 364 838 387 recursum
866 355 920 386 ba-

181 407 305 445 buerit;
333 417 427 438 causa
446 417 519 438 vero
540 407 727 439 huiusmodi
747 407 861 438 iterum
881 406 917 438 ad

182 460 326 491 eamdem
361 459 652 501 Congregationem
685 459 918 491 venerabilium

183 511 314 543 fratrum
343 518 531 543 nostrorum
557 511 684 543 S.R.E.
706 511 916 543 cardinalium

181 564 344 607 negociis,
370 564 663 596 consultationibus
691 564 916 606 episcoporum

181 620 211 650 el
231 617 425 657 regularium
452 617 712 659 praepositorum
732 616 848 654 delata,
868 627 918 648 ea-

181 680 242 712 que
279 670 318 701 ab
354 670 465 701 eadem
502 669 773 711 Congregatione,
807 669 917 700 audito

180 721 268 763 prius
300 721 475 753 venerabili
514 721 610 753 fratre
648 721 804 764 episcopo
831 721 917 753 Mile-

181 774 275 813 tensi,
310 774 391 806 iutra
424 773 512 806 cuius
546 773 703 806 dioecesis
729 773 808 805 fines
835 773 918 805 dieta

182 832 265 859 terra
291 837 360 859 eum
387 838 446 859 suo
474 826 637 859 territorio
664 826 799 859 existere
825 837 918 868 prae-

183 880 389 918 tendebatur,
416 879 534 912 dilecto
560 879 624 912 silio
650 884 760 911 nostro
786 878 914 911 S.P..E.

181 932 334 965 cardinali
356 932 489 975 Spinula
515 937 699 975 nuncupato
725 931 860 964 videnda
887 937 918 964 et

181 985 352 1018 reserenda
387 985 557 1017 commissa
589 985 757 1023 exstiterit,
789 994 919 1017 concor-

181 1037 329 1080 datisque
348 1047 454 1069 coram
473 1048 510 1069 eo
532 1037 701 1079 vigintisex
727 1037 810 1070 eirca
828 1047 919 1080 prae-

181 1091 277 1123 missa
295 1091 414 1130 dubiis,
438 1097 469 1122 et.
493 1090 658 1132 signanter
675 1090 792 1133 primo,
810 1090 920 1122 videli-

181 1149 253 1176 cet:
279 1145 329 1176 An
356 1148 473 1175 constet
499 1143 536 1175 de
562 1144 726 1175 territorio
751 1147 918 1186 separato,

181 1197 268 1229 itaut
293 1196 397 1229 clerus
428 1201 456 1228 et
487 1196 627 1239 populus
659 1196 847 1229 Balnearia}
877 1196 919 1228 sil

181 1249 356 1281 sublieclus
378 1249 487 1292 priori
508 1260 567 1292 pro
594 1254 731 1292 [empore
752 1249 789 1281 B.
811 1249 920 1281 Domi-

182 1302 250 1335 m'ci
274 1301 368 1335 dicim
394 1307 504 1335 terrm:
533 1312 637 1345 eoque
665 1304 727 1334 una
752 1312 822 1334 cum
850 1301 920 1334 aliis

183 1360 255 1388 octo
276 1366 311 1388 ex
330 1355 505 1398 praedictis
531 1355 701 1397 vigintisex
725 1354 830 1387 dubiis
848 1365 920 1397 pro-

183 1408 291 1451 posito
310 1409 370 1441 sub
390 1408 441 1441 die
466 1417 529 1441 xxu
555 1408 674 1441 mensis
701 1407 826 1450 augusti
846 1407 919 1439 anni

182 1461 326 1504 proxime
345 1462 522 1504 praeteriti,
533 1461 693 1504 prodierit
707 1471 920 1504 responsum:

181 1513 315 1554 Dilata,
339 1518 366 1546 el
391 1513 623 1546 coadiurencur
646 1513 858 1556 probationes,
876 1514 922 1546 ci-

184 1568 259 1600 tatis
287 1567 443 1610 episcopis
474 1567 695 1607 νιέἰηῖονίύιιε,
729 1571 756 1599 el
789 1567 922 1599 interim

180 1620 273 1664 prior
295 1620 463 1660 concedat,
487 1631 557 1652 cum
578 1620 790 1662 simultatibus
813 1631 923 1653 sacrae

183 1673 460 1715 Conyreyationis,
477 1673 643 1705 licentiam
663 1673 878 1705 concionandi
894 1678 922 1706 el

182 1725 342 1758 audiendi
365 1726 593 1767 confessiones,
624 1725 677 1758 sed
705 1736 736 1758 se
764 1725 922 1758 abstineat

182 1788 203 1810 a
226 1777 431 1810 concedendis
455 1777 650 1810 dimissoriis
665 1805 674 1817 ,
706 1783 734 1811 et
763 1778 805 1811 ad
830 1789 918 1811 men--

186 1835 268 1871 tem,
300 1841 337 1863 ac
365 1830 408 1863 ad
431 1832 599 1874 sequentia
635 1831 753 1871 (lubia,
789 1831 919 1864 dilata:

185 1893 338 1925 cumque,
357 1884 440 1916 sicut
464 1883 584 1926 pariter
608 1883 808 1926 accepimus,
832 1883 922 1926 prior

187 1941 218 1968 et
248 1936 360 1968 fratres
391 1937 568 1979 praedICti,
602 1937 677 1969 licet
708 1947 768 1980 pro
805 1937 922 1969 tuenda

185 1988 355 2029 plusquam
381 1987 569 2020 centenaria
594 1988 797 2030 possessione
833 1999 922 2022 excr-

187 2040 253 2072 citii
279 2040 511 2074 iurisdictionis
538 2041 739 2082 huiusmodi,
765 2048 832 2074 tum
867 2053 923 2075 an-

188 2092 284 2135 tiquis
328 2098 392 2125 tum
425 2093 589 2126 modernis
625 2094 830 2127 validissimis
867 2095 923 2127 do-

187 2146 344 2179 cumentis
377 2146 489 2179 muniti
521 2147 597 2186 sint,
621 2147 833 2181 nibilominus
865 2148 923 2180 bu-

187 2200 327 2233 iusmodi
352 2200 581 2242 probationum
606 2201 818 2239 coadiuvatio,
844 2201 922 2234 litis-

187 2263 250 2296 que
276 2253 508 2296 prosequutio,
533 2252 635 2285 citatis
661 2253 822 2296 episcopis
849 2254 924 2286 vici-

187 2306 345 2346 nioribus,
371 2305 593 2348 gravissimum
624 2305 688 2338 illis
722 2305 851 2338 atl'erret
876 2306 923 2338 in-

748 251 945 277 BENEDICTUS
969 251 1028 275 xm
1053 251 1101 275 Pr.

965 300 1100 343 illasque
1137 299 1249 333 l‘uturIs
1287 299 1487 342 temporibus
1535 307 1699 340 nunquam

963 354 1101 396 amplius
1127 353 1284 392 suscitari,
1306 353 1493 395 magistrum
1513 352 1698 394 generalem

962 406 1089 439 Ordinis
1125 406 1256 438 trau-um
1293 405 1554 438 Praedimtorum
1590 404 1700 436 buius-

963 459 1058 497 modi,
1085 464 1115 492 et
1141 469 1225 491 nuue
1251 464 1281 490 et
1307 469 1363 500 pro
1391 464 1536 500 tempore
1562 457 1700 489 existen-

964 517 1010 543 tes
1048 510 1188 553 priorem
1227 516 1257 542 et
1295 510 1408 542 fratres
1445 510 1548 542 dietae
1585 510 1699 542 domus

961 563 1154 606 specialibus
1174 563 1335 596 favoribus
1361 568 1392 595 et
1417 562 1528 605 gratiis
1546 563 1700 605 prosequi

960 617 1115 654 volentes,
1138 626 1258 658 eosque
1285 620 1317 648 et
1341 625 1451 648 eorum
1478 615 1659 658 quemlibet
1684 626 1701 646 a

962 668 1126 710 quibusvis
1146 668 1497 707 excommunicationis,
1515 666 1701 710 suspensio-

962 720 1010 752 nis
1037 726 1068 752 et
1092 720 1268 758 interdicti,
1303 720 1439 762 aliisque
1474 719 1701 752 ecclesiasticis

961 772 1141 810 sententiis,
1169 771 1311 804 censuris
1337 778 1368 804 et
1393 771 1518 814 poenis,
1533 771 1556 803 si
1584 770 1700 813 quibus

962 824 1210 867 quomodolibet
1234 823 1379 856 innodati
1407 825 1561 862 existant,
1594 824 1631 856 ad
1659 823 1702 855 es-

963 878 1079 910 t‘ectum
1107 876 1324 919 praesentium
1351 882 1473 909 tautum
1500 886 1704 918 consequen·

962 931 1047 970 dum,
1075 930 1188 962 barum
1215 930 1300 962 serlo
1327 931 1531 962 absolventes
1552 935 1584 962 et
1609 930 1703 962 abso-

962 983 1047 1015 lutos
1066 983 1135 1015 sore
1158 988 1340 1022 censentes,
1367 994 1403 1015 ae
1427 982 1612 1021 Caelestini,
1629 981 1702 1014 Gre-

961 1036 1043 1077 gorii
1082 1041 1111 1067 et
1137 1035 1223 1077 Xysti
1256 1035 1548 1078 praedecessorum
1582 1034 1704 1077 praesa-

963 1095 1068 1121 torum
1108 1088 1284 1120 litterarum
1319 1088 1537 1130 praefatarum
1575 1093 1703 1120 tenores

963 1142 1060 1174 etiam
1100 1141 1244 1173 veriores
1282 1152 1315 1173 ac
1353 1141 1442 1173 datas
1475 1140 1701 1184 praesentibus

965 1205 1025 1237 pro
1053 1194 1214 1237 expressi<
1240 1194 1409 1233 babentes,
1439 1199 1528 1226 motu
1560 1193 1701 1236 proprio,

963 1257 1026 1280 nou
1053 1247 1091 1279 ad
1118 1246 1254 1278 alicuius
1280 1246 1375 1279 nobis
1406 1257 1506 1289 super
1530 1246 1590 1279 boc
1616 1247 1704 1279 obla-

964 1306 1013 1332 tae
1034 1299 1203 1342 petitionis
1229 1299 1423 1338 instantiam,
1450 1299 1504 1331 sed
1540 1310 1574 1331 ex
1614 1300 1704 1331 certa

964 1353 1100 1385 scientia
1127 1354 1280 1395 moraque
1307 1352 1540 1385 deliberatione
1572 1352 1702 1389 nostris,

965 1407 1070 1449 deque
1089 1405 1284 1449 apostolieae
1303 1406 1473 1449 potestatis
1491 1405 1702 1449 plenitudine,

965 1459 1146 1492 universam
1178 1469 1306 1491 causam
1342 1458 1528 1492 huiusmodi
1554 1459 1586 1490 in
1611 1468 1705 1501 prae-

966 1511 1048 1544 dicta
1068 1511 1326 1554 Congregatione
1351 1518 1385 1543 ut
1409 1512 1591 1555 praefertur
1608 1511 1706 1545 intro-

966 1566 1103 1605 ductam,
1123 1571 1154 1598 et
1172 1566 1279 1597 adbuc
1297 1565 1492 1607 pendentem
1517 1565 1703 1604 indecisam,

966 1619 1004 1651 ad
1035 1628 1095 1651 uos
1123 1628 1305 1656 avocamus,
1332 1619 1487 1660 litemque
1518 1617 1704 1651 huiusmodi

966 1672 1094 1714 penitus
1114 1677 1144 1704 et
1162 1671 1294 1704 omuino
1313 1671 1542 1713 extinguimus,
1563 1681 1599 1703 ac
1616 1671 1705 1704 clero

966 1724 1112 1767 praefato
1145 1733 1271 1756 necnon
1310 1725 1432 1766 populo
1466 1723 1568 1756 dictae
1602 1728 1705 1756 terrae

966 1776 1101 1819 aliisque
1135 1776 1389 1819 quibuscumque
1415 1775 1562 1818 personis
1590 1786 1706 1819 perpe—

967 1836 1054 1862 tuum
1096 1829 1260 1861 silentium
1302 1828 1445 1870 desuper
1484 1829 1704 1870 imponimus·,

966 1892 1093 1916 necnon
1112 1882 1219 1914 onmia
1245 1887 1274 1914 et
1299 1881 1425 1923 singula
1440 1880 1617 1924 privilegia,
1636 1891 1706 1923 gra-

967 1936 1035 1976 tias,
1064 1935 1292 1973 immunitates,
1312 1934 1444 1974 favores,
1469 1934 1703 1978 exemptiones,

966 1989 1145 2027 libertates,
1174 1986 1414 2020 iurisdictiones
1432 1993 1463 2019 et
1481 1988 1706 2030 praeeminen-

967 2041 1025 2073 tias
1052 2040 1155 2073 eidem
1181 2039 1361 2083 parochiali
1389 2039 1545 2073 ecclesiae
1570 2039 1705 2083 eiusque

967 2093 1108 2136 grangiis
1134 2102 1285 2132 annexas,
1313 2098 1374 2125 tam
1399 2092 1431 2124 in
1458 2092 1562 2125 insula
1579 2092 1705 2126 Siciliae

967 2157 1062 2188 quam
1099 2145 1131 2178 in
1168 2145 1333 2188 provincia
1364 2145 1553 2185 Calabriae,
1581 2151 1613 2178 et
1648 2156 1706 2188 per

967 2197 1182 2231 Caelestinum
1219 2208 1255 2230 ae
1292 2196 1482 2239 Gregorium
1519 2203 1551 2230 et
1574 2198 1704 2241 Xystum

967 2250 1130 2292 praefatos
1157 2250 1303 2292 aliosque
1336 2249 1498 2282 Romanos
1534 2250 1706 2283 Pontifices

967 2303 1233 2345 praedecessores
1255 2307 1383 2335 nostros
1407 2303 1561 2335 hactenus
1579 2312 1705 2335 conces-

966 2366 1000 2389 sa
1018 2362 1050 2388 et
1074 2357 1253 2399 approbata
1279 2366 1315 2388 ac
1340 2355 1537 2395 confirmata,
1556 2366 1592 2388 ac
1609 2356 1704 2388 etiam

1599 238 1661 272 7117
1710 247 1758 274 An.
1775 247 1804 273 c.
1830 246 1897 273 1728

187 2358 386 2392 commodum
412 2363 509 2400 atque
534 2358 761 2401 dispendium:

0 2417 177 2466 -md‘l'31÷“³¹‘fiff
230 2412 245 2454 ἓ
261 2411 292 2444 5.
311 2411 374 2444 Nos
399 2412 515 2454 igitur,
530 2416 683 2454 paternae
698 2410 923 2444 sollicitudinis

0 2465 294 2522 lggsffss'jffissffssssssjsffldiO
311 2464 449 2504 excitati,
469 2464 584 2507 prioris
600 2470 632 2496 et
649 2464 780 2496 fratrum
798 2464 923 2506 praedi-

0 2524 125 2571 [fgggfiffiff
145 2523 311 2551 estctorum
327 2518 482 2550 ulteriora
493 2517 699 2550 incommoda
712 2516 922 2560 etdispendia

187 2571 363 2616 prohibere
381 2570 559 2613 cupientes,
584 2570 721 2613 litesque
740 2569 921 2603 huiusmodi

187 2624 319 2658 omnino
356 2623 537 2657 submoveri
576 2633 609 2656 ac
643 2633 774 2665 prorsus
808 2623 919 2665 evelli,

966 2409 1132 2447 innovata,
1150 2409 1328 2452 apostolica
1353 2408 1557 2449 auctoritate,
1576 2419 1703 2441 earum-

966 2463 1038 2495 dem
1065 2469 1175 2495 tenore
1201 2461 1440 2504 praesentium,
1465 2466 1623 2504 perpetuo
1649 2472 1704 2505 ap·

966 2515 1140 2558 probamus
1158 2519 1188 2547 et
1213 2514 1453 2555 confirmamus,
1478 2514 1606 2557 illisque
1632 2525 1703 2558 per-

965 2573 1082 2611 petuae
1107 2574 1139 2600 et
1164 2567 1358 2600 inviolabilis
1384 2568 1580 2610 apostolieae
1607 2566 1703 2599 firmin

967 2621 1037 2655 tatis
1064 2621 1164 2654 robur
1190 2620 1372 2661 tubicinum,
1391 2630 1532 2661 necnon,
1549 2625 1583 2652 ut
1608 2620 1702 2662 prior
