2170 3147
222 207 271 229 Aa.
295 205 323 230 e.
342 203 410 230 1708
456 194 519 228 7:50

263 1430 406 1452 cnmmtunrit

222 1459 326 1486 praedicti
362 1458 407 1477 aui-

326 1492 336 1504 n
341 1490 379 1503 ¹¹¹¹¹
383 1487 407 1502 lrt

224 1512 314 1539 praetavi
348 1518 381 1530 aiu
402 1520 408 1524 ·

224 1543 283 1561 tui-ue,
301 1539 363 1559 huuu
380 1544 383 1556 ι

223 1565 342 1585 imbuent-ni
360 1564 409 1585 snb-

224 1592 333 1613 ficiuntur.

416 253 518 286 dictae
556 252 700 297 generali
726 246 825 284 ‘nunc
859 255 890 282 ct
923 260 984 293 pro
1011 255 1158 292 tempore

415 305 578 345 existenti,
604 309 634 336 ut
664 305 731 348 ipse
757 314 856 335 unum
883 304 1051 336 dumtaxat
1075 312 1157 335 com-

415 358 596 391 missarium
616 358 674 390 sibi
695 368 754 400 pro
773 357 885 399 quavis
901 356 1054 395 dioecesi,
1069 354 1161 388 Ordi-

415 412 580 444 nariorum
602 408 859 450 iurisdictione⁴,
881 410 919 442 ad
947 408 1162 442 assumendas

415 464 664 497 informationes
697 473 937 507 processusque
967 469 1162 496 construen-

416 518 494 558 dos,
522 518 650 560 aliaque
676 516 761 549 circa
798 526 912 549 causas
945 520 976 548 et
1009 515 1162 548 materias

416 572 446 602 in
473 571 663 603 eorumdem
701 569 746 601 Pii
781 569 817 601 lv
852 574 883 602 et
915 569 992 601 sixti
1024 568 1160 611 praede-

416 633 588 655 cessorum
616 622 800 665 respective
834 622 951 655 litteris
983 621 1162 665 praedictis

416 685 585 718 expressas
612 680 643 707 et
668 680 836 708 contentas
863 674 924 708 sibi
947 674 1103 707 benevisa
1121 674 1163 706 sa-

416 728 533 761 cienda
560 733 591 759 et
616 728 777 769 gerenda,
808 738 868 771 per
905 737 980 760 suas
1013 731 1162 771 patentes

416 783 541 815 litteras
568 781 667 823 gratis
693 786 725 813 et
749 781 872 824 absque
905 782 972 813 ulla
997 779 1161 813 solutione

418 836 539 877 eligere
566 839 597 866 et
622 835 841 874 constituere,
875 834 1047 877 eidemque
1074 844 1163 866 com-

417 888 581 928 missario,
601 887 648 920 sic
665 888 704 920 ab
731 898 769 920 eo
795 893 831 919 ut
856 887 1040 930 praefertur
1058 887 1161 919 electo

419 946 450 973 et
476 940 669 979 constituto,
695 940 882 973 facultatem
913 940 1076 973 notarium
1101 940 1160 971 sibi

417 994 610 1026 benevisum
630 993 826 1033 assumendi,
855 999 885 1025 et
910 998 1160 1036 procuratorem

417 1047 575 1087 fiscalem,
602 1046 726 1080 etiamsi
754 1047 793 1079 de
819 1047 926 1079 aliena
952 1045 1091 1079 dioecesi
1112 1056 1163 1077 cx-

418 1100 562 1141 titerint,
589 1100 832 1139 constituendi,
859 1100 891 1132 in
916 1100 1019 1132 causis
1053 1104 1161 1131 tamen

417 1153 669 1197 particularibus
705 1153 996 1195 contingentibus,
1030 1152 1164 1185 faculta-

418 1212 483 1240 tem
517 1207 698 1240 concedere
734 1216 852 1250 posse,
890 1206 1070 1249 apostolica
1107 1215 1164 1238 au-

418 1261 569 1294 ctoritate
596 1260 760 1303 praedicta
789 1266 950 1303 perpetuo
975 1259 1162 1292 earumdem

418 1314 637 1357 praesentium
664 1313 770 1346 edicto
789 1312 1008 1357 praecipimus
1026 1317 1057 1345 et
1074 1322 1164 1344 man-

420 1367 543 1399 damus.

464 1420 478 1462 ξ
503 1419 556 1453 tt.
583 1419 623 1452 Ut
648 1425 753 1453 autern
781 1419 1015 1459 commissarii,
1042 1418 1163 1462 aliique

420 1472 559 1515 ministrj
587 1478 619 1505 et
643 1473 809 1512 officiales,
827 1486 843 1505 a
865 1483 1036 1505 causarum
1055 1472 1163 1505 curiae

388 1525 573 1559 wCamerae
614 1532 745 1559 nostrae
787 1526 974 1559 huiusmodi
1015 1526 1163 1558 auditore

421 1580 566 1622 generali
587 1590 672 1612 nunc
697 1586 729 1613 et
752 1591 811 1624 pro
833 1584 980 1623 tempore.
1007 1579 1163 1613 existente

419 1633 587 1677 praedicto
619 1634 657 1666 ad
691 1644 806 1666 causas
832 1633 1081 1667 confidentiales
1107 1634 1165 1666 Ιιιιν

418 1687 559 1720 iusmodi
587 1686 808 1720 conficiendas
833 1687 959 1729 aliaque
985 1686 1164 1730 praemissa

419 1739 609 1783 exequenda
647 1745 679 1771 ut
722 1739 910 1783 praefertur
949 1740 1092 1782 eligendi
1135 1746 1165 1771 et

419 1793 656 1833 constituendi,
683 1799 751 1826 tuto
782 1804 818 1826 ae
849 1793 953 1826 libere
980 1803 1091 1826 eorum
1119 1804 1164 1825 re·

420 1847 565 1889 spective
591 1846 800 1888 ministeriis,
828 1847 874 1880 eis
901 1855 933 1893 et
958 1857 1070 1879 eorum
1098 1846 1164 1879 cui-

419 1899 500 1932 libet
535 1900 795 1941 demandandiS,
821 1901 1011 1933 incumbere
1038 1900 1186 1942 possint*

420 1957 451 1984 et
476 1954 620 1993 valeant,
639 1954 881 1987 commissarios
900 1953 1050 1987 videlicet
1070 1963 1164 1996 prae-

420 2004 523 2038 dictos
557 2017 574 2038 a
605 2016 885 2049 quorumcumque
916 2005 1162 2038 Ordinariorum

420 2063 452 2089 et
476 2057 620 2091 iudicum
646 2060 795 2102 plenarie
827 2064 858 2091 et
887 2065 1068 2102 perpetuo,
1098 2068 1162 2101 quo

419 2121 495 2143 vcro
514 2111 552 2143 ad
572 2111 716 2144 notarios
738 2117 768 2144 et
786 2118 1018 2156 procuratores
1038 2111 1163 2144 fiscales

420 2174 436 2195 a
462 2165 692 2197 commissoriis
720 2166 799 2209 ipsis
831 2166 863 2198 in
896 2165 1033 2208 singulis
1060 2165 1164 2198 causis

420 2217 670 2259 particularibus
707 2224 741 2250 ut
780 2219 963 2262 praefertur
1003 2219 1163 2259 deputan-

422 2272 494 2310 dos,
518 2271 642 2304 eisdem
667 2277 794 2304 tantum
820 2274 924 2305 causis
959 2273 1162 2313 durantibus,

421 2330 582 2365 quatenus
618 2330 734 2357 contra
770 2325 959 2358 Ordinarios
996 2326 1083 2369 ipsos
1116 2326 1164 2358 in—

421 2377 504 2418 quiri
523 2381 551 2410 et
569 2379 703 2420 procedi
726 2379 912 2421 contigerit,
932 2384 959 2412 et
986 2390 1050 2412 non
1072 2379 1162 2419 alias,

423 2429 461 2460 ab
487 2430 678 2463 eorumdem
698 2430 946 2465 Ordinariorum
968 2433 1164 2466 iurisdictio-

422 2491 462 2513 ne
488 2484 668 2525 respective
695 2484 879 2525 eximimus,
906 2495 1027 2529 eosque
1054 2496 1164 2519 causa-

460 2554 470 2578 t
493 2552 593 2579 Forsan
609 2553 753 2587 legendum
769 2556 804 2581 ab
822 2556 1053 2585 Orcliuariorum
1076 2558 1163 2586 iuris-

423 2597 547 2624 dictione
568 2601 735 2633 eaeemplum
757 2603 794 2633 (R,
811 2600 860 2635 T.).

999 199 1180 224 DL'LLAtttt'M
1206 199 1363 224 Romamn

1205 259 1275 281 rum
1302 249 1411 282 euriae
1438 250 1589 284 Gamerae
1611 255 1740 284 nostrae
1760 249 1947 294 praedictae

1204 295 1361 335 auditoris
1384 304 1551 345 generalis
1569 314 1656 337 nunc
1673 309 1700 337 et
1722 314 1781 347 pro
1799 308 1948 346 tempore

1205 356 1375 389 existentis
1391 357 1608 390 iurisdietioni
1627 357 1817 390 subiicimus
1833 362 1863 391 et
1878 367 1950 400 sup-

1204 409 1368 452 ponimus.
1402 410 1556 443 Yolumus
1589 415 1712 449 autem,
1744 411 1829 454 quod
1861 421 1950 444 com-

1205 464 1346 496 missarii
1395 474 1454 506 pro
1501 469 1648 507 tempore
1691 469 1725 497 ut
1764 464 1950 507 praefertur

1206 518 1347 560 eligendi
1375 523 1407 550 et
1433 518 1655 551 constituendi
1682 517 1869 551 huiusmodi
1900 528 1951 550 ec-

1205 571 1409 604 clesiasticae
1435 581 1611 614 personae,
1630 572 1724 611 vitae,
1743 582 1868 604 morum
1893 571 1951 604 ho-

1206 629 1350 661 nestate,
1375 624 1567 667 prudentia,
1593 634 1701 657 rerum
1729 623 1949 668 experientia,

1206 677 1333 719 aliaque
1352 677 1438 709 omni
1459 676 1567 709 debita
1585 677 1624 709 ad
1644 687 1756 710 eorum
1772 676 1952 710 ministeria

1206 731 1397 774 exequenda
1424 730 1602 762 idoneitate
1627 730 1768 772 praediti
1795 730 1951 770 existant,

1206 789 1237 817 et,
1255 784 1359 827 quoad
1380 793 1435 816 cos
1455 782 1563 815 omnia
1583 788 1612 815 et
1631 783 1761 824 singula
1782 788 1953 816 serventur

1207 847 1286 880 quae
1306 837 1337 868 in
1357 836 1503 888 Concilio
1524 835 1669 868 Romano
1688 835 1738 868 tit.
1759 845 1951 881 1x‚cap‚.t11,

1207 891 1237 923 in
1263 890 1363 922 verbo
1390 888 1654 929 Subcolleclores,
1681 888 1802 921 servari
1829 888 1952 922 debere

1205 943 1384 977 Concilium
1411 943 1515 985 ipsum
1543 942 1729 975 demandat.

1206 1109 1240 1136 et
1263 1103 1410 1146 integros
1438 1101 1569 1135 effectus
1591 1102 1701 1135 sortiri
1728 1107 1760 1135 et
1786 1103 1948 1142 obtinere,

1206 1166 1242 1189 ac
1266 1157 1306 1189 ab
1330 1155 1481 1189 omnibus
1500 1161 1531 1188 et
1552 1155 1689 1198 singulis
1706 1155 1872 1189 observari
1896 1156 1952 1189 de-

1208 1210 1295 1248 bere,
1311 1220 1418 1253 neque
1438 1209 1497 1241 sub
1516 1208 1777 1253 quibuscumque
1798 1208 1951 1242 similium

1206 1263 1255 1296 vel
1283 1262 1489 1296 dissimilium
1523 1261 1700 1304 gratiarum
1735 1261 1953 1295 revocationi-

1206 1316 1276 1355 bus,
1304 1314 1590 1358 suspensionibus,
1617 1314 1876 1353 limitationibus‚
1898 1314 1952 1347 de-

1207 1367 1432 1411 rogationibus
1468 1373 1499 1400 et
1528 1367 1600 1400 aliis
1637 1367 1811 1401 contrariis
1842 1367 1952 1411 dispo-

1207 1421 1393 1462 sitionibus,
1412 1421 1507 1453 etiam
1534 1431 1594 1464 per
1618 1431 1678 1453 nos
1696 1426 1727 1453 et
1744 1430 1953 1454 successores

1207 1480 1338 1508 nostros
1353 1474 1518 1507 Romanos
1532 1473 1706 1506 Pontifices
1725 1484 1785 1517 pro
1804 1478 1952 1517 tempore

1207 1530 1397 1567 existentes,
1423 1528 1482 1561 sub
1497 1527 1757 1571 quibuscumque
1778 1527 1951 1560 verborum

1208 1582 1474 1626 expressionibus
1502 1588 1534 1614 et
1559 1581 1689 1619 formis,
1723 1593 1759 1614 ae
1784 1581 1952 1625 quibusvis

1207 1636 1363 1669 clausulis
1383 1641 1413 1668 et
1433 1635 1582 1676 decretis,
1602 1646 1661 1679 pro
1683 1640 1830 1679 tempore
1849 1633 1950 1674 sactis,

1207 1689 1445 1733 comprehendi
1470 1690 1519 1722 vel
1544 1689 1711 1728 contundi,
1740 1688 1797 1721 sed
1823 1697 1954 1731 semper

1207 1747 1237 1775 et
1262 1748 1423 1785 perpetuo
1450 1742 1489 1773 ab
1515 1742 1580 1775 illis
1608 1741 1730 1784 excipi,
1757 1747 1802 1781 et,
1825 1740 1952 1784 quoties

1208 1795 1283 1828 illae
1311 1796 1527 1834 emanabunt,
1554 1795 1650 1827 toties
1672 1794 1704 1826 in
1722 1794 1895 1837 pristinum
1921 1798 1953 1826 et

1207 1848 1441 1881 validissimum
1461 1853 1576 1880 statum
1595 1847 1772 1887 restituta«,
1789 1846 1953 1890 repositas

1208 1907 1238 1934 et
1263 1902 1411 1944 plenarie
1449 1901 1689 1943 reintegratus,
1729 1911 1764 1933 ac
1798 1900 1837 1933 de
1870 1910 1953 1933 novo

1208 1965 1382 1988 concessas
1409 1965 1480 1987 csse
1508 1960 1539 1987 et
1564 1955 1655 1995 sore,
1691 1953 1802 1998 sicque
1829 1958 1861 1987 et
1885 1964 1952 1987 non

1207 2008 1286 2041 alias
1323 2019 1383 2052 per
1419 2017 1643 2051 quoscumque
1682 2007 1830 2047 iudices,
1857 2005 1953 2039 etiam

1207 2072 1375 2095 causarum
1402 2062 1512 2105 palatii
1531 2061 1704 2105 apostolici
1723 2060 1902 2101 auditores,
1922 2064 1954 2092 et

1206 2115 1236 2148 S.
1266 2115 1302 2148 P..
1330 2115 1365 2147 E.
1394 2115 1599 2155 cardinales,
1634 2115 1729 2148 etiam
1769 2114 1809 2147 de
1845 2114 1952 2147 latere

1207 2170 1353 2211 legatos,
1391 2168 1611 2211 vicelegatos,
1645 2168 1816 2210 dictaeque
1860 2165 1952 2200 Sedis

1207 2223 1359 2263 nuncios,
1385 2221 1524 2254 iudicari
1550 2227 1582 2255 et
1608 2220 1736 2254 definiri
1764 2220 1895 2261 debere,
1912 2219 1953 2252 ir-

1208 2277 1370 2319 ritumque
1398 2280 1430 2308 et
1455 2275 1551 2308 inane
1577 2274 1792 2314 decernimus,
1812 2274 1838 2306 si
1860 2283 1953 2307 secus

1184 2330 1186 2348 ¹
1207 2339 1305 2372 super
1325 2329 1375 2361 liis
1394 2339 1410 2361 a
1429 2339 1608 2371 quoquam,
1626 2328 1738 2371 quavis
1756 2327 1951 2360 auctoritate

1207 2383 1351 2416 scienter
1381 2383 1430 2415 vel
1465 2382 1677 2425 ignoranter,
1707 2380 1882 2423 contigerit
1906 2385 1952 2414 at-

1208 2435 1337 2469 tentari.

1207 2542 1399 2575 dentialium
1416 2542 1657 2585 praedictarum
1673 2542 1879 2575 auditoratus
1896 2551 1951 2584 ge-

1182 2595 1325 2629 rneralis
1351 2595 1428 2628 alias
1454 2606 1471 2628 a
1497 2593 1552 2628 Pio
1579 2595 1614 2626 lv
1640 2600 1670 2627 et
1694 2594 1782 2628 Sixto
1809 2594 1831 2627 V
1856 2604 1950 2638 prae-

1955 199 2006 226 Λη.
2029 199 2056 227 c.
2076 190 2143 228 ¹728

1250 995 1342 1039 51⁶2.
1380 996 1571 1028 praesentes
1607 1005 1739 1038 quoque
1771 995 1894 1028 validas
1921 1000 1953 1029 et
1990 1003 2148 1024 manvu-moir-

1964 1031 2050 1052 ritantes
2067 1033 2149 1057 specla-

1206 1050 1354 1083 efficaces
1382 1059 1451 1082 esse
1472 1053 1504 1081 et
1522 1049 1599 1088 sore,
1622 1059 1764 1092 suosque
1783 1049 1948 1092 plenarios
1964 1058 2002 1078 tes.

1250 2490 1264 2533 g
1290 2489 1343 2523 113.
1371 2489 1440 2522 Nou
1467 2489 1615 2522 obstante
1643 2499 1814 2523 causarum
1848 2487 1948 2521 conss-
1990 2492 2144 2516 Contrariorum

1961 2520 2082 2547 derogatio.
