<?xml version="1.0" encoding="UTF-8"?>
<!DOCTYPE html PUBLIC "-//W3C//DTD XHTML 1.0 Transitional//EN"
    "http://www.w3.org/TR/xhtml1/DTD/xhtml1-transitional.dtd">
<html xmlns="http://www.w3.org/1999/xhtml" xml:lang="en" lang="en">
 <head>
  <title>
</title>
<meta http-equiv="Content-Type" content="text/html;charset=utf-8" />
  <meta name='ocr-system' content='tesseract 3.04.00' />
  <meta name='ocr-capabilities' content='ocr_page ocr_carea ocr_par ocr_line ocrx_word'/>
</head>
<body>
  <div class='ocr_page' id='page_1' title='image "./bullarumdiplomat22cath_0313.png"; bbox 0 0 2170 3147; ppageno 0'>
   <div class='ocr_carea' id='block_1_1' title="bbox 50 202 234 230">
    <p class='ocr_par' dir='ltr' id='par_1_1' title="bbox 50 202 234 230">
     <span class='ocr_line' id='line_1_1' title="bbox 50 202 234 230; baseline 0.011 -2"><span class='ocrx_word' id='word_1_1' title='bbox 50 204 96 228; x_wconf 68' lang='lat' dir='ltr'>An.</span> <span class='ocrx_word' id='word_1_2' title='bbox 119 202 147 229; x_wconf 88' lang='lat' dir='ltr'>C.</span> <span class='ocrx_word' id='word_1_3' title='bbox 168 202 234 230; x_wconf 71' lang='lat'>1725</span> 
     </span>
    </p>
   </div>
   <div class='ocr_carea' id='block_1_2' title="bbox 844 203 1192 228">
    <p class='ocr_par' dir='ltr' id='par_1_2' title="bbox 844 203 1192 228">
     <span class='ocr_line' id='line_1_2' title="bbox 844 203 1192 228; baseline 0 -1"><span class='ocrx_word' id='word_1_4' title='bbox 844 203 1035 228; x_wconf 62' lang='lat' dir='ltr'>EENEDtCTtJS</span> <span class='ocrx_word' id='word_1_5' title='bbox 1063 204 1117 227; x_wconf 64' lang='lat' dir='ltr'>xm</span> <span class='ocrx_word' id='word_1_6' title='bbox 1143 204 1192 227; x_wconf 74' lang='lat' dir='ltr'>Pr.</span> 
     </span>
    </p>
   </div>
   <div class='ocr_carea' id='block_1_3' title="bbox 232 251 1008 2672">
    <p class='ocr_par' dir='ltr' id='par_1_3' title="bbox 232 251 1008 2672">
     <span class='ocr_line' id='line_1_3' title="bbox 244 251 1008 293; baseline -0.003 -9"><span class='ocrx_word' id='word_1_7' title='bbox 244 252 338 284; x_wconf 85' lang='lat' dir='ltr'>sitnm</span> <span class='ocrx_word' id='word_1_8' title='bbox 361 252 547 293; x_wconf 72' lang='lat' dir='ltr'>generalem</span> <span class='ocrx_word' id='word_1_9' title='bbox 573 261 633 293; x_wconf 78' lang='lat' dir='ltr'>pro</span> <span class='ocrx_word' id='word_1_10' title='bbox 669 255 815 293; x_wconf 80' lang='lat' dir='ltr'>tempore</span> <span class='ocrx_word' id='word_1_11' title='bbox 843 251 1008 284; x_wconf 80' lang='lat' dir='ltr'>existen-f</span> 
     </span>
     <span class='ocr_line' id='line_1_4' title="bbox 246 303 981 342; baseline 0 -7"><span class='ocrx_word' id='word_1_12' title='bbox 246 310 308 336; x_wconf 85' lang='lat' dir='ltr'>tem</span> <span class='ocrx_word' id='word_1_13' title='bbox 327 304 465 337; x_wconf 78' lang='lat' dir='ltr'>discrete</span> <span class='ocrx_word' id='word_1_14' title='bbox 483 314 516 335; x_wconf 83' lang='lat' dir='ltr'>ac</span> <span class='ocrx_word' id='word_1_15' title='bbox 536 303 775 335; x_wconf 63' lang='lat' dir='ltr'>rationabiliter</span> <span class='ocrx_word' id='word_1_16' title='bbox 792 304 981 342; x_wconf 82' lang='lat' dir='ltr'>indicendis,</span> 
     </span>
     <span class='ocr_line' id='line_1_5' title="bbox 243 355 983 398; baseline -0.003 -9"><span class='ocrx_word' id='word_1_17' title='bbox 243 357 462 389; x_wconf 80' lang='lat' dir='ltr'>celebrentur.</span> <span class='ocrx_word' id='word_1_18' title='bbox 492 355 535 387; x_wconf 57' lang='lat' dir='ltr'>Ad</span> <span class='ocrx_word' id='word_1_19' title='bbox 553 355 751 398; x_wconf 76' lang='lat' dir='ltr'>parcendum</span> <span class='ocrx_word' id='word_1_20' title='bbox 771 362 876 387; x_wconf 81' lang='lat' dir='ltr'>antem</span> <span class='ocrx_word' id='word_1_21' title='bbox 896 366 983 387; x_wconf 86' lang='lat' dir='ltr'>snm·</span> 
     </span>
     <span class='ocr_line' id='line_1_6' title="bbox 244 408 982 452; baseline -0.001 -11"><span class='ocrx_word' id='word_1_22' title='bbox 244 409 363 452; x_wconf 88' lang='lat' dir='ltr'>ptibus,</span> <span class='ocrx_word' id='word_1_23' title='bbox 401 409 517 451; x_wconf 84' lang='lat' dir='ltr'>quibus</span> <span class='ocrx_word' id='word_1_24' title='bbox 552 409 696 451; x_wconf 76' lang='lat' dir='ltr'>praefata</span> <span class='ocrx_word' id='word_1_25' title='bbox 728 408 895 450; x_wconf 75' lang='lat' dir='ltr'>provincia</span> <span class='ocrx_word' id='word_1_26' title='bbox 921 408 982 440; x_wconf 74' lang='lat' dir='ltr'>lto-</span> 
     </span>
     <span class='ocr_line' id='line_1_7' title="bbox 243 460 981 504; baseline -0.004 -10"><span class='ocrx_word' id='word_1_27' title='bbox 243 472 336 502; x_wconf 70' lang='lat' dir='ltr'>mana</span> <span class='ocrx_word' id='word_1_28' title='bbox 354 462 449 495; x_wconf 81' lang='lat' dir='ltr'>niodo</span> <span class='ocrx_word' id='word_1_29' title='bbox 469 462 571 504; x_wconf 89' lang='lat' dir='ltr'>impar</span> <span class='ocrx_word' id='word_1_30' title='bbox 590 471 658 493; x_wconf 83' lang='lat' dir='ltr'>esse</span> <span class='ocrx_word' id='word_1_31' title='bbox 679 460 831 499; x_wconf 73' lang='lat' dir='ltr'>nost-itur,</span> <span class='ocrx_word' id='word_1_32' title='bbox 847 461 981 493; x_wconf 76' lang='lat' dir='ltr'>dilectos</span> 
     </span>
     <span class='ocr_line' id='line_1_8' title="bbox 243 512 981 554; baseline -0.001 -9"><span class='ocrx_word' id='word_1_33' title='bbox 243 513 326 547; x_wconf 79' lang='lat' dir='ltr'>filios</span> <span class='ocrx_word' id='word_1_34' title='bbox 351 513 536 547; x_wconf 79' lang='lat' dir='ltr'>Caietanum</span> <span class='ocrx_word' id='word_1_35' title='bbox 558 512 704 551; x_wconf 79' lang='lat' dir='ltr'>Cioffnm,</span> <span class='ocrx_word' id='word_1_36' title='bbox 723 512 776 554; x_wconf 77' lang='lat' dir='ltr'>qni</span> <span class='ocrx_word' id='word_1_37' title='bbox 796 512 981 554; x_wconf 83' lang='lat' dir='ltr'>praedictae</span> 
     </span>
     <span class='ocr_line' id='line_1_9' title="bbox 242 565 1004 608; baseline -0.003 -9"><span class='ocrx_word' id='word_1_38' title='bbox 242 565 510 608; x_wconf 58' lang='lat' dir='ltr'>Congregationis</span> <span class='ocrx_word' id='word_1_39' title='bbox 546 565 638 607; x_wconf 70' lang='lat' dir='ltr'>regui</span> <span class='ocrx_word' id='word_1_40' title='bbox 663 565 813 607; x_wconf 81' lang='lat' dir='ltr'>Neapolis</span> <span class='ocrx_word' id='word_1_41' title='bbox 846 575 1004 608; x_wconf 51' lang='lat' dir='ltr'>praepo—¹</span> 
     </span>
     <span class='ocr_line' id='line_1_10' title="bbox 242 618 979 661; baseline -0.004 -9"><span class='ocrx_word' id='word_1_42' title='bbox 242 620 322 652; x_wconf 84' lang='lat' dir='ltr'>situs</span> <span class='ocrx_word' id='word_1_43' title='bbox 359 619 519 661; x_wconf 79' lang='lat' dir='ltr'>generalis</span> <span class='ocrx_word' id='word_1_44' title='bbox 558 618 725 656; x_wconf 61' lang='lat' dir='ltr'>existebat,</span> <span class='ocrx_word' id='word_1_45' title='bbox 758 618 788 650; x_wconf 90' lang='lat' dir='ltr'>in</span> <span class='ocrx_word' id='word_1_46' title='bbox 827 618 979 650; x_wconf 73' lang='lat' dir='ltr'>ricarium</span> 
     </span>
     <span class='ocr_line' id='line_1_11' title="bbox 242 670 977 715; baseline -0.004 -10"><span class='ocrx_word' id='word_1_47' title='bbox 242 673 428 714; x_wconf 73' lang='lat' dir='ltr'>generalem</span> <span class='ocrx_word' id='word_1_48' title='bbox 456 672 559 704; x_wconf 86' lang='lat' dir='ltr'>dictae</span> <span class='ocrx_word' id='word_1_49' title='bbox 587 671 772 715; x_wconf 78' lang='lat' dir='ltr'>provinciae</span> <span class='ocrx_word' id='word_1_50' title='bbox 799 670 977 710; x_wconf 77' lang='lat' dir='ltr'>Romanae,</span> 
     </span>
     <span class='ocr_line' id='line_1_12' title="bbox 241 724 978 765; baseline -0.003 -8"><span class='ocrx_word' id='word_1_51' title='bbox 241 736 277 757; x_wconf 86' lang='lat' dir='ltr'>ac</span> <span class='ocrx_word' id='word_1_52' title='bbox 300 724 502 758; x_wconf 74' lang='lat' dir='ltr'>Doxninicum</span> <span class='ocrx_word' id='word_1_53' title='bbox 525 725 759 765; x_wconf 64' lang='lat' dir='ltr'>Boriglionum,</span> <span class='ocrx_word' id='word_1_54' title='bbox 787 724 978 756; x_wconf 89' lang='lat' dir='ltr'>modernum</span> 
     </span>
     <span class='ocr_line' id='line_1_13' title="bbox 240 777 976 821; baseline -0.001 -11"><span class='ocrx_word' id='word_1_55' title='bbox 240 777 417 821; x_wconf 73' lang='lat' dir='ltr'>supradicti</span> <span class='ocrx_word' id='word_1_56' title='bbox 445 778 572 820; x_wconf 75' lang='lat' dir='ltr'>collegii</span> <span class='ocrx_word' id='word_1_57' title='bbox 606 777 768 820; x_wconf 83' lang='lat' dir='ltr'>Sospitclli</span> <span class='ocrx_word' id='word_1_58' title='bbox 806 782 976 816; x_wconf 86' lang='lat' dir='ltr'>rectorem,</span> 
     </span>
     <span class='ocr_line' id='line_1_14' title="bbox 240 830 980 874; baseline -0.001 -11"><span class='ocrx_word' id='word_1_59' title='bbox 240 831 271 863; x_wconf 92' lang='lat' dir='ltr'>in</span> <span class='ocrx_word' id='word_1_60' title='bbox 292 831 493 864; x_wconf 75' lang='lat' dir='ltr'>assistentem</span> <span class='ocrx_word' id='word_1_61' title='bbox 513 831 698 873; x_wconf 70' lang='lat' dir='ltr'>generalem</span> <span class='ocrx_word' id='word_1_62' title='bbox 717 831 818 874; x_wconf 85' lang='lat' dir='ltr'>ipsius</span> <span class='ocrx_word' id='word_1_63' title='bbox 839 830 980 872; x_wconf 81' lang='lat' dir='ltr'>Congre-</span> 
     </span>
     <span class='ocr_line' id='line_1_15' title="bbox 240 883 977 927; baseline 0 -12"><span class='ocrx_word' id='word_1_64' title='bbox 240 883 380 926; x_wconf 81' lang='lat' dir='ltr'>gationis</span> <span class='ocrx_word' id='word_1_65' title='bbox 399 884 634 916; x_wconf 82' lang='lat' dir='ltr'>Avenionensis</span> <span class='ocrx_word' id='word_1_66' title='bbox 661 895 760 927; x_wconf 89' lang='lat' dir='ltr'>usqne</span> <span class='ocrx_word' id='word_1_67' title='bbox 778 884 816 916; x_wconf 85' lang='lat' dir='ltr'>ad</span> <span class='ocrx_word' id='word_1_68' title='bbox 835 894 977 916; x_wconf 83' lang='lat' dir='ltr'>mensem</span> 
     </span>
     <span class='ocr_line' id='line_1_16' title="bbox 240 936 977 978; baseline 0 -10"><span class='ocrx_word' id='word_1_69' title='bbox 240 936 358 969; x_wconf 82' lang='lat' dir='ltr'>maium</span> <span class='ocrx_word' id='word_1_70' title='bbox 385 941 439 968; x_wconf 85' lang='lat' dir='ltr'>aut</span> <span class='ocrx_word' id='word_1_71' title='bbox 462 936 586 969; x_wconf 87' lang='lat' dir='ltr'>iunium</span> <span class='ocrx_word' id='word_1_72' title='bbox 612 936 687 969; x_wconf 84' lang='lat' dir='ltr'>anni</span> <span class='ocrx_word' id='word_1_73' title='bbox 720 946 888 975; x_wconf 74' lang='lat' dir='ltr'>nnccxxix,</span> <span class='ocrx_word' id='word_1_74' title='bbox 914 946 977 978; x_wconf 89' lang='lat' dir='ltr'>quo</span> 
     </span>
     <span class='ocr_line' id='line_1_17' title="bbox 239 988 977 1032; baseline -0.003 -10"><span class='ocrx_word' id='word_1_75' title='bbox 239 989 417 1032; x_wconf 87' lang='lat' dir='ltr'>capitulum</span> <span class='ocrx_word' id='word_1_76' title='bbox 451 989 603 1031; x_wconf 81' lang='lat' dir='ltr'>generale</span> <span class='ocrx_word' id='word_1_77' title='bbox 640 988 796 1021; x_wconf 81' lang='lat' dir='ltr'>celebrari</span> <span class='ocrx_word' id='word_1_78' title='bbox 832 988 977 1028; x_wconf 89' lang='lat' dir='ltr'>debebit,</span> 
     </span>
     <span class='ocr_line' id='line_1_18' title="bbox 238 1036 976 1084; baseline -0.003 -10"><span class='ocrx_word' id='word_1_79' title='bbox 238 1052 365 1074; x_wconf 85' lang='lat' dir='ltr'>necnon</span> <span class='ocrx_word' id='word_1_80' title='bbox 380 1036 533 1074; x_wconf 87' lang='lat' dir='ltr'>Ioannem</span> <span class='ocrx_word' id='word_1_81' title='bbox 554 1041 750 1081; x_wconf 80' lang='lat' dir='ltr'>Massieram,</span> <span class='ocrx_word' id='word_1_82' title='bbox 769 1041 823 1084; x_wconf 90' lang='lat' dir='ltr'>qui</span> <span class='ocrx_word' id='word_1_83' title='bbox 843 1051 976 1074; x_wconf 85' lang='lat' dir='ltr'>munere</span> 
     </span>
     <span class='ocr_line' id='line_1_19' title="bbox 237 1093 978 1138; baseline 0.001 -12"><span class='ocrx_word' id='word_1_84' title='bbox 237 1094 457 1138; x_wconf 78' lang='lat' dir='ltr'>procuratoris</span> <span class='ocrx_word' id='word_1_85' title='bbox 474 1095 637 1136; x_wconf 75' lang='lat' dir='ltr'>generalis</span> <span class='ocrx_word' id='word_1_86' title='bbox 655 1095 817 1137; x_wconf 72' lang='lat' dir='ltr'>praefatae</span> <span class='ocrx_word' id='word_1_87' title='bbox 836 1093 978 1136; x_wconf 79' lang='lat' dir='ltr'>Congre-</span> 
     </span>
     <span class='ocr_line' id='line_1_20' title="bbox 237 1148 977 1190; baseline -0.003 -10"><span class='ocrx_word' id='word_1_88' title='bbox 237 1148 376 1190; x_wconf 74' lang='lat' dir='ltr'>gationis</span> <span class='ocrx_word' id='word_1_89' title='bbox 401 1148 432 1180; x_wconf 89' lang='lat' dir='ltr'>in</span> <span class='ocrx_word' id='word_1_90' title='bbox 458 1148 587 1180; x_wconf 73' lang='lat' dir='ltr'>civitate</span> <span class='ocrx_word' id='word_1_91' title='bbox 607 1148 825 1180; x_wconf 80' lang='lat' dir='ltr'>Avenionensi</span> <span class='ocrx_word' id='word_1_92' title='bbox 852 1148 977 1180; x_wconf 87' lang='lat' dir='ltr'>institu-</span> 
     </span>
     <span class='ocr_line' id='line_1_21' title="bbox 238 1200 976 1244; baseline 0.001 -12"><span class='ocrx_word' id='word_1_93' title='bbox 238 1206 286 1234; x_wconf 85' lang='lat' dir='ltr'>tae</span> <span class='ocrx_word' id='word_1_94' title='bbox 307 1201 463 1234; x_wconf 81' lang='lat' dir='ltr'>hactenus</span> <span class='ocrx_word' id='word_1_95' title='bbox 481 1200 607 1233; x_wconf 88' lang='lat' dir='ltr'>sunctns</span> <span class='ocrx_word' id='word_1_96' title='bbox 626 1201 696 1241; x_wconf 86' lang='lat' dir='ltr'>suit,</span> <span class='ocrx_word' id='word_1_97' title='bbox 725 1201 755 1233; x_wconf 90' lang='lat' dir='ltr'>in</span> <span class='ocrx_word' id='word_1_98' title='bbox 774 1201 976 1244; x_wconf 84' lang='lat' dir='ltr'>superiorem</span> 
     </span>
     <span class='ocr_line' id='line_1_22' title="bbox 237 1254 977 1297; baseline 0.001 -12"><span class='ocrx_word' id='word_1_99' title='bbox 237 1254 468 1297; x_wconf 75' lang='lat' dir='ltr'>provincialem</span> <span class='ocrx_word' id='word_1_100' title='bbox 494 1254 638 1287; x_wconf 80' lang='lat' dir='ltr'>eiusdem</span> <span class='ocrx_word' id='word_1_101' title='bbox 659 1254 844 1296; x_wconf 79' lang='lat' dir='ltr'>provinciae</span> <span class='ocrx_word' id='word_1_102' title='bbox 867 1254 977 1286; x_wconf 81' lang='lat' dir='ltr'>Roma-</span> 
     </span>
     <span class='ocr_line' id='line_1_23' title="bbox 237 1307 976 1350; baseline 0 -10"><span class='ocrx_word' id='word_1_103' title='bbox 237 1318 297 1340; x_wconf 88' lang='lat' dir='ltr'>nae</span> <span class='ocrx_word' id='word_1_104' title='bbox 322 1317 421 1350; x_wconf 87' lang='lat' dir='ltr'>usqne</span> <span class='ocrx_word' id='word_1_105' title='bbox 447 1307 485 1339; x_wconf 89' lang='lat' dir='ltr'>ad</span> <span class='ocrx_word' id='word_1_106' title='bbox 512 1318 656 1339; x_wconf 82' lang='lat' dir='ltr'>mensem</span> <span class='ocrx_word' id='word_1_107' title='bbox 682 1307 899 1349; x_wconf 80' lang='lat' dir='ltr'>septembrem</span> <span class='ocrx_word' id='word_1_108' title='bbox 928 1308 976 1340; x_wconf 81' lang='lat' dir='ltr'>vel</span> 
     </span>
     <span class='ocr_line' id='line_1_24' title="bbox 237 1359 975 1403; baseline 0 -10"><span class='ocrx_word' id='word_1_109' title='bbox 237 1361 404 1393; x_wconf 78' lang='lat' dir='ltr'>octobrem</span> <span class='ocrx_word' id='word_1_110' title='bbox 430 1359 589 1403; x_wconf 79' lang='lat' dir='ltr'>praedicti</span> <span class='ocrx_word' id='word_1_111' title='bbox 616 1360 690 1392; x_wconf 89' lang='lat' dir='ltr'>anni</span> <span class='ocrx_word' id='word_1_112' title='bbox 717 1370 885 1400; x_wconf 61' lang='lat' dir='ltr'>iinccxxix,</span> <span class='ocrx_word' id='word_1_113' title='bbox 911 1371 975 1403; x_wconf 84' lang='lat' dir='ltr'>quo</span> 
     </span>
     <span class='ocr_line' id='line_1_25' title="bbox 237 1412 976 1456; baseline 0.001 -12"><span class='ocrx_word' id='word_1_114' title='bbox 237 1420 382 1456; x_wconf 88' lang='lat' dir='ltr'>tempore</span> <span class='ocrx_word' id='word_1_115' title='bbox 400 1412 576 1455; x_wconf 83' lang='lat' dir='ltr'>capitulum</span> <span class='ocrx_word' id='word_1_116' title='bbox 596 1413 791 1455; x_wconf 73' lang='lat' dir='ltr'>provinciale</span> <span class='ocrx_word' id='word_1_117' title='bbox 811 1414 976 1446; x_wconf 82' lang='lat' dir='ltr'>celebran-</span> 
     </span>
     <span class='ocr_line' id='line_1_26' title="bbox 237 1465 999 1505; baseline 0.001 -6"><span class='ocrx_word' id='word_1_118' title='bbox 237 1467 313 1499; x_wconf 87' lang='lat' dir='ltr'>dum</span> <span class='ocrx_word' id='word_1_119' title='bbox 338 1465 410 1505; x_wconf 88' lang='lat' dir='ltr'>erit,</span> <span class='ocrx_word' id='word_1_120' title='bbox 435 1476 470 1498; x_wconf 80' lang='lat' dir='ltr'>ex</span> <span class='ocrx_word' id='word_1_121' title='bbox 498 1476 582 1497; x_wconf 88' lang='lat' dir='ltr'>nnnc</span> <span class='ocrx_word' id='word_1_122' title='bbox 609 1465 835 1498; x_wconf 86' lang='lat' dir='ltr'>constituimus</span> <span class='ocrx_word' id='word_1_123' title='bbox 863 1477 897 1498; x_wconf 91' lang='lat' dir='ltr'>ac</span> <span class='ocrx_word' id='word_1_124' title='bbox 923 1467 976 1499; x_wconf 91' lang='lat' dir='ltr'>de-</span> <span class='ocrx_word' id='word_1_125' title='bbox 998 1472 999 1500; x_wconf 75' lang='lat'>1</span> 
     </span>
     <span class='ocr_line' id='line_1_27' title="bbox 235 1518 974 1563; baseline 0.003 -13"><span class='ocrx_word' id='word_1_126' title='bbox 235 1525 397 1563; x_wconf 83' lang='lat' dir='ltr'>putamus.</span> <span class='ocrx_word' id='word_1_127' title='bbox 425 1519 567 1562; x_wconf 77' lang='lat' dir='ltr'>Ipsisqne</span> <span class='ocrx_word' id='word_1_128' title='bbox 604 1518 756 1552; x_wconf 88' lang='lat' dir='ltr'>Caietano</span> <span class='ocrx_word' id='word_1_129' title='bbox 789 1526 820 1552; x_wconf 87' lang='lat' dir='ltr'>et</span> <span class='ocrx_word' id='word_1_130' title='bbox 851 1520 974 1561; x_wconf 86' lang='lat' dir='ltr'>Ioanni,</span> 
     </span>
     <span class='ocr_line' id='line_1_28' title="bbox 235 1572 974 1616; baseline 0.001 -11"><span class='ocrx_word' id='word_1_131' title='bbox 235 1582 410 1615; x_wconf 83' lang='lat' dir='ltr'>eorumque</span> <span class='ocrx_word' id='word_1_132' title='bbox 437 1572 467 1604; x_wconf 89' lang='lat' dir='ltr'>in</span> <span class='ocrx_word' id='word_1_133' title='bbox 495 1572 645 1604; x_wconf 76' lang='lat' dir='ltr'>vicariatu</span> <span class='ocrx_word' id='word_1_134' title='bbox 679 1573 822 1614; x_wconf 71' lang='lat' dir='ltr'>generali</span> <span class='ocrx_word' id='word_1_135' title='bbox 851 1579 880 1605; x_wconf 74' lang='lat' dir='ltr'>et</span> <span class='ocrx_word' id='word_1_136' title='bbox 902 1584 974 1616; x_wconf 90' lang='lat' dir='ltr'>pro-</span> 
     </span>
     <span class='ocr_line' id='line_1_29' title="bbox 235 1625 999 1664; baseline 0 -6"><span class='ocrx_word' id='word_1_137' title='bbox 235 1625 407 1658; x_wconf 66' lang='lat' dir='ltr'>xincialatu</span> <span class='ocrx_word' id='word_1_138' title='bbox 434 1625 620 1657; x_wconf 77' lang='lat' dir='ltr'>huiusmodi</span> <span class='ocrx_word' id='word_1_139' title='bbox 647 1625 904 1664; x_wconf 67' lang='lat' dir='ltr'>successoriImS,</span> <span class='ocrx_word' id='word_1_140' title='bbox 923 1627 977 1659; x_wconf 91' lang='lat' dir='ltr'>dn-</span> <span class='ocrx_word' id='word_1_141' title='bbox 997 1638 999 1644; x_wconf 46' lang='lat'>⁸</span> 
     </span>
     <span class='ocr_line' id='line_1_30' title="bbox 234 1677 975 1721; baseline 0 -10"><span class='ocrx_word' id='word_1_142' title='bbox 234 1679 307 1721; x_wconf 85' lang='lat' dir='ltr'>plex</span> <span class='ocrx_word' id='word_1_143' title='bbox 334 1683 444 1711; x_wconf 84' lang='lat' dir='ltr'>votnm</span> <span class='ocrx_word' id='word_1_144' title='bbox 471 1688 526 1710; x_wconf 86' lang='lat' dir='ltr'>sen</span> <span class='ocrx_word' id='word_1_145' title='bbox 554 1677 741 1720; x_wconf 66' lang='lat' dir='ltr'>suffragium</span> <span class='ocrx_word' id='word_1_146' title='bbox 768 1679 798 1710; x_wconf 88' lang='lat' dir='ltr'>in</span> <span class='ocrx_word' id='word_1_147' title='bbox 826 1679 975 1721; x_wconf 82' lang='lat' dir='ltr'>capitulis</span> 
     </span>
     <span class='ocr_line' id='line_1_31' title="bbox 234 1730 973 1773; baseline 0 -10"><span class='ocrx_word' id='word_1_148' title='bbox 234 1731 441 1773; x_wconf 74' lang='lat' dir='ltr'>generalibus</span> <span class='ocrx_word' id='word_1_149' title='bbox 475 1730 693 1769; x_wconf 84' lang='lat' dir='ltr'>concedimus,</span> <span class='ocrx_word' id='word_1_150' title='bbox 723 1731 827 1764; x_wconf 85' lang='lat' dir='ltr'>donec</span> <span class='ocrx_word' id='word_1_151' title='bbox 867 1737 973 1764; x_wconf 84' lang='lat' dir='ltr'>tamen</span> 
     </span>
     <span class='ocr_line' id='line_1_32' title="bbox 235 1783 974 1827; baseline 0.001 -11"><span class='ocrx_word' id='word_1_152' title='bbox 235 1783 320 1816; x_wconf 85' lang='lat' dir='ltr'>dicta</span> <span class='ocrx_word' id='word_1_153' title='bbox 351 1783 517 1826; x_wconf 83' lang='lat' dir='ltr'>provincia</span> <span class='ocrx_word' id='word_1_154' title='bbox 545 1783 688 1816; x_wconf 80' lang='lat' dir='ltr'>Romana</span> <span class='ocrx_word' id='word_1_155' title='bbox 721 1794 878 1826; x_wconf 62' lang='lat' dir='ltr'>expensas</span> <span class='ocrx_word' id='word_1_156' title='bbox 916 1795 974 1827; x_wconf 87' lang='lat' dir='ltr'>pro</span> 
     </span>
     <span class='ocr_line' id='line_1_33' title="bbox 234 1836 974 1880; baseline 0.001 -11"><span class='ocrx_word' id='word_1_157' title='bbox 234 1836 383 1869; x_wconf 81' lang='lat' dir='ltr'>discretis</span> <span class='ocrx_word' id='word_1_158' title='bbox 410 1836 449 1869; x_wconf 85' lang='lat' dir='ltr'>ad</span> <span class='ocrx_word' id='word_1_159' title='bbox 477 1836 661 1869; x_wconf 86' lang='lat' dir='ltr'>huiusmodi</span> <span class='ocrx_word' id='word_1_160' title='bbox 685 1838 824 1880; x_wconf 84' lang='lat' dir='ltr'>capitula</span> <span class='ocrx_word' id='word_1_161' title='bbox 844 1837 974 1870; x_wconf 89' lang='lat' dir='ltr'>mitten·</span> 
     </span>
     <span class='ocr_line' id='line_1_34' title="bbox 234 1889 973 1933; baseline 0.003 -11"><span class='ocrx_word' id='word_1_162' title='bbox 234 1890 281 1923; x_wconf 88' lang='lat' dir='ltr'>dis</span> <span class='ocrx_word' id='word_1_163' title='bbox 300 1889 403 1923; x_wconf 83' lang='lat' dir='ltr'>facere</span> <span class='ocrx_word' id='word_1_164' title='bbox 421 1889 535 1932; x_wconf 88' lang='lat' dir='ltr'>possit,</span> <span class='ocrx_word' id='word_1_165' title='bbox 555 1890 586 1921; x_wconf 90' lang='lat' dir='ltr'>in</span> <span class='ocrx_word' id='word_1_166' title='bbox 605 1889 721 1933; x_wconf 79' lang='lat' dir='ltr'>quibus</span> <span class='ocrx_word' id='word_1_167' title='bbox 743 1896 815 1922; x_wconf 88' lang='lat' dir='ltr'>tunc</span> <span class='ocrx_word' id='word_1_168' title='bbox 835 1891 973 1924; x_wconf 80' lang='lat' dir='ltr'>vicarius</span> 
     </span>
     <span class='ocr_line' id='line_1_35' title="bbox 234 1942 997 1985; baseline 0.001 -10"><span class='ocrx_word' id='word_1_169' title='bbox 234 1942 397 1985; x_wconf 80' lang='lat' dir='ltr'>generalis</span> <span class='ocrx_word' id='word_1_170' title='bbox 432 1948 461 1975; x_wconf 80' lang='lat' dir='ltr'>ct</span> <span class='ocrx_word' id='word_1_171' title='bbox 494 1942 645 1985; x_wconf 79' lang='lat' dir='ltr'>superior</span> <span class='ocrx_word' id='word_1_172' title='bbox 669 1943 876 1985; x_wconf 82' lang='lat' dir='ltr'>provincialis</span> <span class='ocrx_word' id='word_1_173' title='bbox 903 1945 973 1976; x_wconf 86' lang='lat' dir='ltr'>nni-</span> <span class='ocrx_word' id='word_1_174' title='bbox 995 1946 997 1966; x_wconf 73' lang='lat'>&#39;¹</span> 
     </span>
     <span class='ocr_line' id='line_1_36' title="bbox 233 1994 973 2038; baseline 0.003 -10"><span class='ocrx_word' id='word_1_175' title='bbox 233 2006 306 2029; x_wconf 89' lang='lat' dir='ltr'>cum</span> <span class='ocrx_word' id='word_1_176' title='bbox 333 1994 519 2038; x_wconf 71' lang='lat' dir='ltr'>suffragium</span> <span class='ocrx_word' id='word_1_177' title='bbox 545 1996 672 2035; x_wconf 71' lang='lat' dir='ltr'>serent,</span> <span class='ocrx_word' id='word_1_178' title='bbox 700 2008 734 2029; x_wconf 90' lang='lat' dir='ltr'>ac</span> <span class='ocrx_word' id='word_1_179' title='bbox 763 1997 846 2030; x_wconf 87' lang='lat' dir='ltr'>dicto</span> <span class='ocrx_word' id='word_1_180' title='bbox 866 1997 973 2030; x_wconf 83' lang='lat' dir='ltr'>Domi-</span> 
     </span>
     <span class='ocr_line' id='line_1_37' title="bbox 234 2049 973 2092; baseline 0.003 -10"><span class='ocrx_word' id='word_1_181' title='bbox 234 2049 306 2082; x_wconf 89' lang='lat' dir='ltr'>nieo</span> <span class='ocrx_word' id='word_1_182' title='bbox 332 2049 480 2082; x_wconf 81' lang='lat' dir='ltr'>similiter</span> <span class='ocrx_word' id='word_1_183' title='bbox 506 2055 613 2081; x_wconf 88' lang='lat' dir='ltr'>votnm</span> <span class='ocrx_word' id='word_1_184' title='bbox 640 2049 670 2081; x_wconf 87' lang='lat' dir='ltr'>in</span> <span class='ocrx_word' id='word_1_185' title='bbox 698 2050 841 2092; x_wconf 65' lang='lat' dir='ltr'>proxime</span> <span class='ocrx_word' id='word_1_186' title='bbox 866 2051 973 2084; x_wconf 83' lang='lat' dir='ltr'>futuro</span> 
     </span>
     <span class='ocr_line' id='line_1_38' title="bbox 234 2102 974 2145; baseline 0.001 -10"><span class='ocrx_word' id='word_1_187' title='bbox 234 2102 372 2145; x_wconf 83' lang='lat' dir='ltr'>capitulo</span> <span class='ocrx_word' id='word_1_188' title='bbox 397 2103 554 2145; x_wconf 80' lang='lat' dir='ltr'>generali,</span> <span class='ocrx_word' id='word_1_189' title='bbox 573 2103 610 2134; x_wconf 65' lang='lat' dir='ltr'>acl</span> <span class='ocrx_word' id='word_1_190' title='bbox 639 2103 740 2135; x_wconf 84' lang='lat' dir='ltr'>instar</span> <span class='ocrx_word' id='word_1_191' title='bbox 764 2103 900 2137; x_wconf 88' lang='lat' dir='ltr'>aliorum</span> <span class='ocrx_word' id='word_1_192' title='bbox 927 2105 974 2137; x_wconf 74' lang='lat' dir='ltr'>‹li-</span> 
     </span>
     <span class='ocr_line' id='line_1_39' title="bbox 233 2150 997 2197; baseline 0.003 -10"><span class='ocrx_word' id='word_1_193' title='bbox 233 2160 303 2188; x_wconf 89' lang='lat' dir='ltr'>ctae</span> <span class='ocrx_word' id='word_1_194' title='bbox 329 2154 598 2197; x_wconf 69' lang='lat' dir='ltr'>Congrcgationis</span> <span class='ocrx_word' id='word_1_195' title='bbox 623 2156 855 2189; x_wconf 74' lang='lat' dir='ltr'>Arenioncnsis</span> <span class='ocrx_word' id='word_1_196' title='bbox 888 2157 969 2189; x_wconf 84' lang='lat' dir='ltr'>assi-</span> <span class='ocrx_word' id='word_1_197' title='bbox 994 2150 997 2183; x_wconf 71' lang='lat' dir='ltr'>i</span> 
     </span>
     <span class='ocr_line' id='line_1_40' title="bbox 233 2208 996 2251; baseline 0.004 -12"><span class='ocrx_word' id='word_1_198' title='bbox 233 2208 386 2241; x_wconf 79' lang='lat' dir='ltr'>stentinrn</span> <span class='ocrx_word' id='word_1_199' title='bbox 413 2208 625 2250; x_wconf 80' lang='lat' dir='ltr'>generalium,</span> <span class='ocrx_word' id='word_1_200' title='bbox 650 2215 824 2251; x_wconf 83' lang='lat' dir='ltr'>competat.</span> <span class='ocrx_word' id='word_1_201' title='bbox 846 2210 973 2242; x_wconf 74' lang='lat' dir='ltr'>Manda-</span> <span class='ocrx_word' id='word_1_202' title='bbox 995 2214 996 2225; x_wconf 67' lang='lat'>¹</span> 
     </span>
     <span class='ocr_line' id='line_1_41' title="bbox 233 2261 996 2304; baseline 0.003 -10"><span class='ocrx_word' id='word_1_203' title='bbox 233 2272 302 2294; x_wconf 79' lang='lat' dir='ltr'>mus</span> <span class='ocrx_word' id='word_1_204' title='bbox 339 2271 469 2304; x_wconf 81' lang='lat' dir='ltr'>quoqne</span> <span class='ocrx_word' id='word_1_205' title='bbox 507 2261 630 2294; x_wconf 73' lang='lat' dir='ltr'>eisdem</span> <span class='ocrx_word' id='word_1_206' title='bbox 658 2261 834 2302; x_wconf 80' lang='lat' dir='ltr'>Caietano,</span> <span class='ocrx_word' id='word_1_207' title='bbox 864 2263 971 2296; x_wconf 86' lang='lat' dir='ltr'>loanni</span> <span class='ocrx_word' id='word_1_208' title='bbox 994 2280 996 2289; x_wconf 83' lang='lat'><em>=</em></span> 
     </span>
     <span class='ocr_line' id='line_1_42' title="bbox 233 2314 972 2357; baseline 0.001 -9"><span class='ocrx_word' id='word_1_209' title='bbox 233 2322 264 2349; x_wconf 86' lang='lat' dir='ltr'>et</span> <span class='ocrx_word' id='word_1_210' title='bbox 290 2314 478 2352; x_wconf 85' lang='lat' dir='ltr'>Dominico,</span> <span class='ocrx_word' id='word_1_211' title='bbox 506 2320 662 2357; x_wconf 79' lang='lat' dir='ltr'>quatenns</span> <span class='ocrx_word' id='word_1_212' title='bbox 689 2315 764 2357; x_wconf 71' lang='lat' dir='ltr'>ipsi,</span> <span class='ocrx_word' id='word_1_213' title='bbox 792 2321 843 2354; x_wconf 84' lang='lat' dir='ltr'>ct,</span> <span class='ocrx_word' id='word_1_214' title='bbox 871 2317 972 2349; x_wconf 82' lang='lat' dir='ltr'>altero</span> 
     </span>
     <span class='ocr_line' id='line_1_43' title="bbox 234 2366 973 2411; baseline -0.001 -9"><span class='ocrx_word' id='word_1_215' title='bbox 234 2375 346 2402; x_wconf 75' lang='lat' dir='ltr'>corum</span> <span class='ocrx_word' id='word_1_216' title='bbox 384 2366 556 2400; x_wconf 72' lang='lat' dir='ltr'>deficiente</span> <span class='ocrx_word' id='word_1_217' title='bbox 594 2369 641 2400; x_wconf 85' lang='lat' dir='ltr'>vel</span> <span class='ocrx_word' id='word_1_218' title='bbox 679 2367 856 2411; x_wconf 81' lang='lat' dir='ltr'>impedito,</span> <span class='ocrx_word' id='word_1_219' title='bbox 894 2369 973 2402; x_wconf 83' lang='lat' dir='ltr'>alins</span> 
     </span>
     <span class='ocr_line' id='line_1_44' title="bbox 233 2421 972 2464; baseline 0 -9"><span class='ocrx_word' id='word_1_220' title='bbox 233 2422 371 2455; x_wconf 79' lang='lat' dir='ltr'>clericus</span> <span class='ocrx_word' id='word_1_221' title='bbox 398 2421 573 2453; x_wconf 77' lang='lat' dir='ltr'>saecularis</span> <span class='ocrx_word' id='word_1_222' title='bbox 607 2421 751 2454; x_wconf 82' lang='lat' dir='ltr'>eiusdem</span> <span class='ocrx_word' id='word_1_223' title='bbox 786 2422 972 2464; x_wconf 86' lang='lat' dir='ltr'>provinciae</span> 
     </span>
     <span class='ocr_line' id='line_1_45' title="bbox 232 2474 974 2517; baseline 0 -9"><span class='ocrx_word' id='word_1_224' title='bbox 232 2475 407 2515; x_wconf 77' lang='lat' dir='ltr'>Romanae,</span> <span class='ocrx_word' id='word_1_225' title='bbox 441 2485 502 2517; x_wconf 84' lang='lat' dir='ltr'>per</span> <span class='ocrx_word' id='word_1_226' title='bbox 533 2474 722 2517; x_wconf 72' lang='lat' dir='ltr'>superstites</span> <span class='ocrx_word' id='word_1_227' title='bbox 759 2485 795 2507; x_wconf 81' lang='lat' dir='ltr'>ex</span> <span class='ocrx_word' id='word_1_228' title='bbox 833 2475 887 2515; x_wconf 87' lang='lat' dir='ltr'>cis,</span> <span class='ocrx_word' id='word_1_229' title='bbox 920 2481 974 2508; x_wconf 85' lang='lat' dir='ltr'>aut</span> 
     </span>
     <span class='ocr_line' id='line_1_46' title="bbox 232 2527 973 2570; baseline 0.003 -10"><span class='ocrx_word' id='word_1_230' title='bbox 232 2527 363 2560; x_wconf 88' lang='lat' dir='ltr'>minime</span> <span class='ocrx_word' id='word_1_231' title='bbox 391 2527 574 2570; x_wconf 59' lang='lat' dir='ltr'>impeditos,</span> <span class='ocrx_word' id='word_1_232' title='bbox 602 2527 632 2559; x_wconf 91' lang='lat' dir='ltr'>iu</span> <span class='ocrx_word' id='word_1_233' title='bbox 659 2527 746 2560; x_wconf 85' lang='lat' dir='ltr'>illius</span> <span class='ocrx_word' id='word_1_234' title='bbox 770 2529 874 2561; x_wconf 86' lang='lat' dir='ltr'>locum</span> <span class='ocrx_word' id='word_1_235' title='bbox 900 2530 973 2562; x_wconf 87' lang='lat' dir='ltr'>sub-</span> 
     </span>
     <span class='ocr_line' id='line_1_47' title="bbox 233 2580 996 2623; baseline 0.003 -10"><span class='ocrx_word' id='word_1_236' title='bbox 233 2580 417 2623; x_wconf 79' lang='lat' dir='ltr'>rogandus,</span> <span class='ocrx_word' id='word_1_237' title='bbox 444 2591 479 2612; x_wconf 87' lang='lat' dir='ltr'>ac</span> <span class='ocrx_word' id='word_1_238' title='bbox 511 2580 573 2612; x_wconf 88' lang='lat' dir='ltr'>dno</span> <span class='ocrx_word' id='word_1_239' title='bbox 599 2580 796 2621; x_wconf 85' lang='lat' dir='ltr'>consiliarii,</span> <span class='ocrx_word' id='word_1_240' title='bbox 825 2582 862 2613; x_wconf 87' lang='lat' dir='ltr'>de</span> <span class='ocrx_word' id='word_1_241' title='bbox 889 2582 971 2615; x_wconf 74' lang='lat' dir='ltr'>dicta</span> <span class='ocrx_word' id='word_1_242' title='bbox 994 2615 996 2618; x_wconf 83' lang='grc'><em>,</em></span> 
     </span>
     <span class='ocr_line' id='line_1_48' title="bbox 326 2643 938 2672; baseline 0.002 -3"><span class='ocrx_word' id='word_1_243' title='bbox 326 2643 402 2670; x_wconf 74' lang='lat' dir='ltr'>null.</span> <span class='ocrx_word' id='word_1_244' title='bbox 427 2643 510 2670; x_wconf 77' lang='lat' dir='ltr'>Rom.</span> <span class='ocrx_word' id='word_1_245' title='bbox 529 2658 560 2663; x_wconf 85' lang='lat'>-</span> <span class='ocrx_word' id='word_1_246' title='bbox 583 2643 641 2669; x_wconf 66' lang='grc' dir='ltr'>ἶόἷΔ</span> <span class='ocrx_word' id='word_1_247' title='bbox 668 2643 758 2672; x_wconf 81' lang='lat' dir='ltr'><em>XXII.</em></span> <span class='ocrx_word' id='word_1_248' title='bbox 904 2643 938 2670; x_wconf 89' lang='lat'>35</span> 
     </span>
    </p>
   </div>
   <div class='ocr_carea' id='block_1_4' title="bbox 994 281 1007 2611">
    <p class='ocr_par' dir='ltr' id='par_1_4' title="bbox 994 281 1007 2611">
     <span class='ocr_line' id='line_1_49' title="bbox 994 281 1007 2611; baseline 0 0"><span class='ocrx_word' id='word_1_249' title='bbox 994 281 1007 2611; x_wconf 95' lang='lat' dir='ltr'> </span> 
     </span>
    </p>
   </div>
   <div class='ocr_carea' id='block_1_5' title="bbox 1659 182 1728 224">
    <p class='ocr_par' dir='ltr' id='par_1_5' title="bbox 1659 182 1728 224">
     <span class='ocr_line' id='line_1_50' title="bbox 1659 182 1728 224; baseline 0 0"><span class='ocrx_word' id='word_1_250' title='bbox 1659 182 1728 224; x_wconf 67' lang='lat'>‘273</span> 
     </span>
    </p>
   </div>
   <div class='ocr_carea' id='block_1_6' title="bbox 1027 248 1764 294">
    <p class='ocr_par' dir='ltr' id='par_1_6' title="bbox 1027 248 1764 294">
     <span class='ocr_line' id='line_1_51' title="bbox 1027 248 1764 294; baseline -0.004 -11"><span class='ocrx_word' id='word_1_251' title='bbox 1027 251 1194 294; x_wconf 77' lang='lat' dir='ltr'>provincia</span> <span class='ocrx_word' id='word_1_252' title='bbox 1212 261 1272 294; x_wconf 86' lang='lat' dir='ltr'>per</span> <span class='ocrx_word' id='word_1_253' title='bbox 1290 261 1344 283; x_wconf 85' lang='lat' dir='ltr'>eos</span> <span class='ocrx_word' id='word_1_254' title='bbox 1364 249 1559 289; x_wconf 87' lang='lat' dir='ltr'>assumendi,</span> <span class='ocrx_word' id='word_1_255' title='bbox 1576 248 1658 281; x_wconf 80' lang='lat' dir='ltr'>infra</span> <span class='ocrx_word' id='word_1_256' title='bbox 1675 248 1764 281; x_wconf 88' lang='lat' dir='ltr'>bien-</span> 
     </span>
    </p>
   </div>
   <div class='ocr_carea' id='block_1_7' title="bbox 1005 302 1762 344">
    <p class='ocr_par' dir='ltr' id='par_1_7' title="bbox 1005 302 1762 344">
     <span class='ocr_line' id='line_1_52' title="bbox 1005 302 1762 344; baseline -0.004 -9"><span class='ocrx_word' id='word_1_257' title='bbox 1005 319 1006 326; x_wconf 50' lang='lat'><em>*</em></span> <span class='ocrx_word' id='word_1_258' title='bbox 1028 304 1115 335; x_wconf 86' lang='lat' dir='ltr'>nium</span> <span class='ocrx_word' id='word_1_259' title='bbox 1143 303 1270 336; x_wconf 79' lang='lat' dir='ltr'>insimul</span> <span class='ocrx_word' id='word_1_260' title='bbox 1297 302 1502 342; x_wconf 82' lang='lat' dir='ltr'>conveniant,</span> <span class='ocrx_word' id='word_1_261' title='bbox 1520 308 1550 334; x_wconf 84' lang='lat' dir='ltr'>et</span> <span class='ocrx_word' id='word_1_262' title='bbox 1568 312 1624 344; x_wconf 83' lang='lat' dir='ltr'>per</span> <span class='ocrx_word' id='word_1_263' title='bbox 1641 306 1762 334; x_wconf 80' lang='lat' dir='ltr'>secreta</span> 
     </span>
    </p>
   </div>
   <div class='ocr_carea' id='block_1_8' title="bbox 1026 354 1765 398">
    <p class='ocr_par' dir='ltr' id='par_1_8' title="bbox 1026 354 1765 398">
     <span class='ocr_line' id='line_1_53' title="bbox 1026 354 1765 398; baseline -0.001 -11"><span class='ocrx_word' id='word_1_264' title='bbox 1026 354 1176 397; x_wconf 73' lang='lat' dir='ltr'>suffragia</span> <span class='ocrx_word' id='word_1_265' title='bbox 1189 355 1310 397; x_wconf 81' lang='lat' dir='ltr'>eligant</span> <span class='ocrx_word' id='word_1_266' title='bbox 1324 355 1510 398; x_wconf 75' lang='lat' dir='ltr'>superiores</span> <span class='ocrx_word' id='word_1_267' title='bbox 1530 356 1651 388; x_wconf 76' lang='lat' dir='ltr'>locales</span> <span class='ocrx_word' id='word_1_268' title='bbox 1668 355 1765 388; x_wconf 43' lang='lat' dir='ltr'>collem</span> 
     </span>
    </p>
   </div>
   <div class='ocr_carea' id='block_1_9' title="bbox 1004 407 1762 503">
    <p class='ocr_par' dir='ltr' id='par_1_9' title="bbox 1004 407 1762 503">
     <span class='ocr_line' id='line_1_54' title="bbox 1004 407 1761 450; baseline 0 -11"><span class='ocrx_word' id='word_1_269' title='bbox 1004 416 1005 443; x_wconf 61' lang='lat' dir='ltr'>t</span> <span class='ocrx_word' id='word_1_270' title='bbox 1026 407 1151 448; x_wconf 72' lang='lat' dir='ltr'>giorum</span> <span class='ocrx_word' id='word_1_271' title='bbox 1180 407 1285 440; x_wconf 84' lang='lat' dir='ltr'>dictae</span> <span class='ocrx_word' id='word_1_272' title='bbox 1307 408 1501 450; x_wconf 83' lang='lat' dir='ltr'>provinciae,</span> <span class='ocrx_word' id='word_1_273' title='bbox 1518 413 1663 440; x_wconf 86' lang='lat' dir='ltr'>rectores</span> <span class='ocrx_word' id='word_1_274' title='bbox 1684 418 1761 439; x_wconf 90' lang='lat' dir='ltr'>nnn-</span> 
     </span>
     <span class='ocr_line' id='line_1_55' title="bbox 1004 459 1762 503; baseline 0.001 -12"><span class='ocrx_word' id='word_1_275' title='bbox 1004 460 1201 503; x_wconf 67' lang='lat' dir='ltr'>=cup.·tn‹los‚</span> <span class='ocrx_word' id='word_1_276' title='bbox 1228 460 1281 502; x_wconf 86' lang='lat' dir='ltr'>qni</span> <span class='ocrx_word' id='word_1_277' title='bbox 1312 460 1342 492; x_wconf 93' lang='lat' dir='ltr'>in</span> <span class='ocrx_word' id='word_1_278' title='bbox 1375 459 1482 492; x_wconf 81' lang='lat' dir='ltr'>officio</span> <span class='ocrx_word' id='word_1_279' title='bbox 1515 461 1632 492; x_wconf 87' lang='lat' dir='ltr'>durare</span> <span class='ocrx_word' id='word_1_280' title='bbox 1664 460 1762 492; x_wconf 85' lang='lat' dir='ltr'>debe-</span> 
     </span>
    </p>
   </div>
   <div class='ocr_carea' id='block_1_10' title="bbox 1024 512 1762 712">
    <p class='ocr_par' dir='ltr' id='par_1_10' title="bbox 1024 512 1762 712">
     <span class='ocr_line' id='line_1_56' title="bbox 1026 512 1762 556; baseline 0 -13"><span class='ocrx_word' id='word_1_281' title='bbox 1026 512 1106 544; x_wconf 88' lang='lat' dir='ltr'>bunt</span> <span class='ocrx_word' id='word_1_282' title='bbox 1127 523 1227 555; x_wconf 83' lang='lat' dir='ltr'>nsque</span> <span class='ocrx_word' id='word_1_283' title='bbox 1258 513 1296 545; x_wconf 81' lang='lat' dir='ltr'>ad</span> <span class='ocrx_word' id='word_1_284' title='bbox 1333 512 1478 555; x_wconf 77' lang='lat' dir='ltr'>proxime</span> <span class='ocrx_word' id='word_1_285' title='bbox 1511 512 1651 544; x_wconf 82' lang='lat' dir='ltr'>futurum</span> <span class='ocrx_word' id='word_1_286' title='bbox 1678 512 1762 556; x_wconf 83' lang='lat' dir='ltr'>capi-</span> 
     </span>
     <span class='ocr_line' id='line_1_57' title="bbox 1027 564 1759 607; baseline 0 -12"><span class='ocrx_word' id='word_1_287' title='bbox 1027 566 1126 596; x_wconf 82' lang='lat' dir='ltr'>tulum</span> <span class='ocrx_word' id='word_1_288' title='bbox 1154 564 1351 607; x_wconf 85' lang='lat' dir='ltr'>provinciale</span> <span class='ocrx_word' id='word_1_289' title='bbox 1377 575 1462 596; x_wconf 88' lang='lat' dir='ltr'>anno</span> <span class='ocrx_word' id='word_1_290' title='bbox 1487 574 1660 602; x_wconf 65' lang='lat' dir='ltr'>iinccxxnt,</span> <span class='ocrx_word' id='word_1_291' title='bbox 1681 565 1759 597; x_wconf 88' lang='lat' dir='ltr'>sicut</span> 
     </span>
     <span class='ocr_line' id='line_1_58' title="bbox 1025 617 1762 659; baseline 0 -10"><span class='ocrx_word' id='word_1_292' title='bbox 1025 617 1255 659; x_wconf 65' lang='lat' dir='ltr'>prat-mittitur,</span> <span class='ocrx_word' id='word_1_293' title='bbox 1274 617 1520 656; x_wconf 83' lang='lat' dir='ltr'>celebrandum,</span> <span class='ocrx_word' id='word_1_294' title='bbox 1540 618 1578 649; x_wconf 82' lang='lat' dir='ltr'>ad</span> <span class='ocrx_word' id='word_1_295' title='bbox 1604 617 1693 659; x_wconf 85' lang='lat' dir='ltr'>qnod</span> <span class='ocrx_word' id='word_1_296' title='bbox 1718 627 1762 649; x_wconf 87' lang='lat' dir='ltr'>re-</span> 
     </span>
     <span class='ocr_line' id='line_1_59' title="bbox 1024 669 1760 712; baseline -0.001 -10"><span class='ocrx_word' id='word_1_297' title='bbox 1024 676 1128 702; x_wconf 83' lang='lat' dir='ltr'>ctores</span> <span class='ocrx_word' id='word_1_298' title='bbox 1155 669 1315 702; x_wconf 80' lang='lat' dir='ltr'>dictorum</span> <span class='ocrx_word' id='word_1_299' title='bbox 1347 670 1562 712; x_wconf 70' lang='lat' dir='ltr'>collegiorum</span> <span class='ocrx_word' id='word_1_300' title='bbox 1596 669 1760 712; x_wconf 74' lang='lat' dir='ltr'>Suspitclli</span> 
     </span>
    </p>
   </div>
   <div class='ocr_carea' id='block_1_11' title="bbox 1001 722 1760 765">
    <p class='ocr_par' dir='ltr' id='par_1_11' title="bbox 1001 722 1760 765">
     <span class='ocr_line' id='line_1_60' title="bbox 1001 722 1760 765; baseline -0.003 -11"><span class='ocrx_word' id='word_1_301' title='bbox 1001 723 1054 755; x_wconf 90' lang='lat' dir='ltr'>&#39;et</span> <span class='ocrx_word' id='word_1_302' title='bbox 1080 722 1271 765; x_wconf 78' lang='lat' dir='ltr'>lppoi&#39;cgiae</span> <span class='ocrx_word' id='word_1_303' title='bbox 1289 749 1296 761; x_wconf 89' lang='lat'>,</span> <span class='ocrx_word' id='word_1_304' title='bbox 1323 727 1461 765; x_wconf 82' lang='lat' dir='ltr'>propter</span> <span class='ocrx_word' id='word_1_305' title='bbox 1490 722 1619 754; x_wconf 86' lang='lat' dir='ltr'>nimiam</span> <span class='ocrx_word' id='word_1_306' title='bbox 1650 732 1760 754; x_wconf 88' lang='lat' dir='ltr'>eorum</span> 
     </span>
    </p>
   </div>
   <div class='ocr_carea' id='block_1_12' title="bbox 1022 774 1762 1137">
    <p class='ocr_par' dir='ltr' id='par_1_12' title="bbox 1022 774 1762 1137">
     <span class='ocr_line' id='line_1_61' title="bbox 1023 774 1761 817; baseline -0.001 -11"><span class='ocrx_word' id='word_1_307' title='bbox 1023 785 1038 806; x_wconf 89' lang='lat' dir='ltr'>a</span> <span class='ocrx_word' id='word_1_308' title='bbox 1068 774 1201 817; x_wconf 79' lang='lat' dir='ltr'>reliquis</span> <span class='ocrx_word' id='word_1_309' title='bbox 1227 774 1371 806; x_wconf 85' lang='lat' dir='ltr'>eiusdem</span> <span class='ocrx_word' id='word_1_310' title='bbox 1398 774 1584 817; x_wconf 64' lang='lat' dir='ltr'>provinciae</span> <span class='ocrx_word' id='word_1_311' title='bbox 1615 775 1761 816; x_wconf 76' lang='lat' dir='ltr'>collegiis</span> 
     </span>
     <span class='ocr_line' id='line_1_62' title="bbox 1023 827 1760 866; baseline -0.001 -7"><span class='ocrx_word' id='word_1_312' title='bbox 1023 827 1219 866; x_wconf 77' lang='lat' dir='ltr'>distantiam,</span> <span class='ocrx_word' id='word_1_313' title='bbox 1238 827 1394 859; x_wconf 77' lang='lat' dir='ltr'>accedere</span> <span class='ocrx_word' id='word_1_314' title='bbox 1417 827 1548 859; x_wconf 86' lang='lat' dir='ltr'>mininie</span> <span class='ocrx_word' id='word_1_315' title='bbox 1578 831 1760 865; x_wconf 82' lang='lat' dir='ltr'>teneantur,</span> 
     </span>
     <span class='ocr_line' id='line_1_63' title="bbox 1023 879 1761 922; baseline -0.004 -9"><span class='ocrx_word' id='word_1_316' title='bbox 1023 881 1077 913; x_wconf 85' lang='lat' dir='ltr'>scd</span> <span class='ocrx_word' id='word_1_317' title='bbox 1104 890 1158 912; x_wconf 81' lang='lat' dir='ltr'>sna</span> <span class='ocrx_word' id='word_1_318' title='bbox 1184 879 1334 921; x_wconf 74' lang='lat' dir='ltr'>suffragia</span> <span class='ocrx_word' id='word_1_319' title='bbox 1361 879 1456 911; x_wconf 87' lang='lat' dir='ltr'>alieni</span> <span class='ocrx_word' id='word_1_320' title='bbox 1477 890 1512 911; x_wconf 82' lang='lat' dir='ltr'>ex</span> <span class='ocrx_word' id='word_1_321' title='bbox 1533 879 1577 911; x_wconf 80' lang='lat' dir='ltr'>eis</span> <span class='ocrx_word' id='word_1_322' title='bbox 1596 879 1648 922; x_wconf 84' lang='lat' dir='ltr'>qni</span> <span class='ocrx_word' id='word_1_323' title='bbox 1668 889 1761 921; x_wconf 75' lang='lat' dir='ltr'>prae-</span> 
     </span>
     <span class='ocr_line' id='line_1_64' title="bbox 1024 932 1760 977; baseline -0.004 -11"><span class='ocrx_word' id='word_1_324' title='bbox 1024 935 1086 966; x_wconf 76' lang='lat' dir='ltr'>fato</span> <span class='ocrx_word' id='word_1_325' title='bbox 1120 933 1263 977; x_wconf 79' lang='lat' dir='ltr'>capitulo</span> <span class='ocrx_word' id='word_1_326' title='bbox 1298 932 1488 975; x_wconf 81' lang='lat' dir='ltr'>provinciali</span> <span class='ocrx_word' id='word_1_327' title='bbox 1523 932 1760 971; x_wconf 83' lang='lat' dir='ltr'>intervenient,</span> 
     </span>
     <span class='ocr_line' id='line_1_65' title="bbox 1022 985 1762 1028; baseline -0.003 -10"><span class='ocrx_word' id='word_1_328' title='bbox 1022 986 1199 1023; x_wconf 79' lang='lat' dir='ltr'>autetiam,</span> <span class='ocrx_word' id='word_1_329' title='bbox 1219 986 1243 1018; x_wconf 88' lang='lat' dir='ltr'>si</span> <span class='ocrx_word' id='word_1_330' title='bbox 1271 985 1313 1017; x_wconf 85' lang='lat' dir='ltr'>ita</span> <span class='ocrx_word' id='word_1_331' title='bbox 1340 986 1385 1018; x_wconf 87' lang='lat' dir='ltr'>eis</span> <span class='ocrx_word' id='word_1_332' title='bbox 1412 985 1583 1025; x_wconf 87' lang='lat' dir='ltr'>videbitur,</span> <span class='ocrx_word' id='word_1_333' title='bbox 1605 995 1663 1028; x_wconf 88' lang='lat' dir='ltr'>pro</span> <span class='ocrx_word' id='word_1_334' title='bbox 1684 991 1762 1017; x_wconf 89' lang='lat' dir='ltr'>tem-</span> 
     </span>
     <span class='ocr_line' id='line_1_66' title="bbox 1022 1037 1760 1083; baseline -0.005 -9"><span class='ocrx_word' id='word_1_335' title='bbox 1022 1050 1098 1083; x_wconf 85' lang='lat' dir='ltr'>pore</span> <span class='ocrx_word' id='word_1_336' title='bbox 1125 1039 1274 1073; x_wconf 69' lang='lat' dir='ltr'>cxistenti</span> <span class='ocrx_word' id='word_1_337' title='bbox 1301 1038 1418 1071; x_wconf 81' lang='lat' dir='ltr'>vicario</span> <span class='ocrx_word' id='word_1_338' title='bbox 1438 1038 1586 1081; x_wconf 82' lang='lat' dir='ltr'>generali</span> <span class='ocrx_word' id='word_1_339' title='bbox 1614 1037 1760 1070; x_wconf 88' lang='lat' dir='ltr'>commit-</span> 
     </span>
     <span class='ocr_line' id='line_1_67' title="bbox 1022 1093 1335 1137; baseline -0.006 -10"><span class='ocrx_word' id='word_1_340' title='bbox 1022 1101 1089 1127; x_wconf 80' lang='lat' dir='ltr'>tere</span> <span class='ocrx_word' id='word_1_341' title='bbox 1116 1094 1192 1137; x_wconf 85' lang='lat' dir='ltr'>ipsis</span> <span class='ocrx_word' id='word_1_342' title='bbox 1215 1093 1335 1126; x_wconf 82' lang='lat' dir='ltr'>licebit.</span> 
     </span>
    </p>
   </div>
   <div class='ocr_carea' id='block_1_13' title="bbox 1065 1144 1761 1193">
    <p class='ocr_par' dir='ltr' id='par_1_13' title="bbox 1065 1144 1761 1193">
     <span class='ocr_line' id='line_1_68' title="bbox 1065 1144 1761 1193; baseline -0.009 -11"><span class='ocrx_word' id='word_1_343' title='bbox 1065 1150 1078 1193; x_wconf 66' lang='lat' dir='ltr'>g</span> <span class='ocrx_word' id='word_1_344' title='bbox 1103 1149 1134 1181; x_wconf 69' lang='lat'>4.</span> <span class='ocrx_word' id='word_1_345' title='bbox 1163 1148 1262 1180; x_wconf 79' lang='lat' dir='ltr'>Porro</span> <span class='ocrx_word' id='word_1_346' title='bbox 1292 1146 1396 1179; x_wconf 88' lang='lat' dir='ltr'>eidem</span> <span class='ocrx_word' id='word_1_347' title='bbox 1421 1144 1671 1187; x_wconf 72' lang='lat' dir='ltr'>Congregationi</span> <span class='ocrx_word' id='word_1_348' title='bbox 1703 1154 1761 1187; x_wconf 83' lang='lat' dir='ltr'>per</span> 
     </span>
    </p>
   </div>
   <div class='ocr_carea' id='block_1_14' title="bbox 1021 1197 1758 1246">
    <p class='ocr_par' dir='ltr' id='par_1_14' title="bbox 1021 1197 1795 1246">
     <span class='ocr_line' id='line_1_69' title="bbox 1021 1197 1758 1246; baseline -0.006 -13"><span class='ocrx_word' id='word_1_349' title='bbox 1021 1207 1229 1246; x_wconf 76' lang='lat' dir='ltr'>praesentem</span> <span class='ocrx_word' id='word_1_350' title='bbox 1244 1200 1396 1232; x_wconf 86' lang='lat' dir='ltr'>unionem</span> <span class='ocrx_word' id='word_1_351' title='bbox 1412 1209 1448 1231; x_wconf 79' lang='lat' dir='ltr'>ex</span> <span class='ocrx_word' id='word_1_352' title='bbox 1465 1198 1590 1231; x_wconf 88' lang='lat' dir='ltr'>duabus</span> <span class='ocrx_word' id='word_1_353' title='bbox 1610 1197 1641 1230; x_wconf 88' lang='lat' dir='ltr'>in</span> <span class='ocrx_word' id='word_1_354' title='bbox 1664 1208 1758 1229; x_wconf 83' lang='lat' dir='ltr'>unam</span> 
     </span>
    </p>
   </div>
   <div class='ocr_carea' id='block_1_15' title="bbox 1021 1250 1760 1349">
    <p class='ocr_par' dir='ltr' id='par_1_15' title="bbox 1021 1250 1760 1349">
     <span class='ocr_line' id='line_1_70' title="bbox 1021 1250 1759 1295; baseline -0.009 -7"><span class='ocrx_word' id='word_1_355' title='bbox 1021 1254 1225 1293; x_wconf 79' lang='lat' dir='ltr'>coalescenti,</span> <span class='ocrx_word' id='word_1_356' title='bbox 1253 1253 1389 1295; x_wconf 86' lang='lat' dir='ltr'>eiusque</span> <span class='ocrx_word' id='word_1_357' title='bbox 1425 1251 1585 1289; x_wconf 79' lang='lat' dir='ltr'>domibus,</span> <span class='ocrx_word' id='word_1_358' title='bbox 1613 1250 1759 1293; x_wconf 68' lang='lat' dir='ltr'>collegiis</span> 
     </span>
     <span class='ocr_line' id='line_1_71' title="bbox 1021 1305 1760 1349; baseline -0.008 -7"><span class='ocrx_word' id='word_1_359' title='bbox 1021 1315 1052 1342; x_wconf 91' lang='lat' dir='ltr'>et.</span> <span class='ocrx_word' id='word_1_360' title='bbox 1074 1308 1164 1348; x_wconf 65' lang='lat' dir='ltr'>locis,</span> <span class='ocrx_word' id='word_1_361' title='bbox 1187 1318 1223 1339; x_wconf 91' lang='lat' dir='ltr'>ae</span> <span class='ocrx_word' id='word_1_362' title='bbox 1244 1306 1480 1349; x_wconf 83' lang='lat' dir='ltr'>superioribus,</span> <span class='ocrx_word' id='word_1_363' title='bbox 1499 1305 1627 1338; x_wconf 74' lang='lat' dir='ltr'>clericis</span> <span class='ocrx_word' id='word_1_364' title='bbox 1650 1315 1760 1337; x_wconf 85' lang='lat' dir='ltr'>saecu-</span> 
     </span>
    </p>
   </div>
   <div class='ocr_carea' id='block_1_16' title="bbox 998 1357 1759 1454">
    <p class='ocr_par' dir='ltr' id='par_1_16' title="bbox 998 1357 1759 1454">
     <span class='ocr_line' id='line_1_72' title="bbox 998 1357 1759 1403; baseline -0.008 -9"><span class='ocrx_word' id='word_1_365' title='bbox 998 1362 1144 1394; x_wconf 60' lang='lat' dir='ltr'>2laribus</span> <span class='ocrx_word' id='word_1_366' title='bbox 1181 1366 1211 1392; x_wconf 88' lang='lat' dir='ltr'>et</span> <span class='ocrx_word' id='word_1_367' title='bbox 1249 1359 1400 1403; x_wconf 84' lang='lat' dir='ltr'>personis</span> <span class='ocrx_word' id='word_1_368' title='bbox 1428 1357 1698 1401; x_wconf 72' lang='lat' dir='ltr'>qnibnscunnpw,</span> <span class='ocrx_word' id='word_1_369' title='bbox 1726 1362 1759 1388; x_wconf 89' lang='lat' dir='ltr'>ut</span> 
     </span>
     <span class='ocr_line' id='line_1_73' title="bbox 998 1409 1756 1454; baseline -0.008 -7"><span class='ocrx_word' id='word_1_370' title='bbox 998 1419 999 1434; x_wconf 78' lang='lat'>³</span> <span class='ocrx_word' id='word_1_371' title='bbox 1021 1414 1171 1448; x_wconf 86' lang='lat' dir='ltr'>omnibns</span> <span class='ocrx_word' id='word_1_372' title='bbox 1198 1418 1229 1445; x_wconf 86' lang='lat' dir='ltr'>et</span> <span class='ocrx_word' id='word_1_373' title='bbox 1254 1412 1391 1454; x_wconf 73' lang='lat' dir='ltr'>singulis</span> <span class='ocrx_word' id='word_1_374' title='bbox 1416 1410 1604 1454; x_wconf 66' lang='lat' dir='ltr'>privilegiis,</span> <span class='ocrx_word' id='word_1_375' title='bbox 1631 1409 1756 1452; x_wconf 69' lang='lat' dir='ltr'>gratiis,</span> 
     </span>
    </p>
   </div>
   <div class='ocr_carea' id='block_1_17' title="bbox 1017 1463 1760 2625">
    <p class='ocr_par' dir='ltr' id='par_1_17' title="bbox 1017 1463 1760 2625">
     <span class='ocr_line' id='line_1_74' title="bbox 1021 1463 1758 1508; baseline -0.011 -7"><span class='ocrx_word' id='word_1_376' title='bbox 1021 1467 1292 1506; x_wconf 80' lang='lat' dir='ltr'>immunitatibus,</span> <span class='ocrx_word' id='word_1_377' title='bbox 1317 1465 1590 1508; x_wconf 75' lang='lat' dir='ltr'>exemptionibus,</span> <span class='ocrx_word' id='word_1_378' title='bbox 1618 1463 1758 1502; x_wconf 83' lang='lat' dir='ltr'>indultis,</span> 
     </span>
     <span class='ocr_line' id='line_1_75' title="bbox 1021 1516 1757 1562; baseline -0.01 -8"><span class='ocrx_word' id='word_1_379' title='bbox 1021 1528 1083 1554; x_wconf 86' lang='lat' dir='ltr'>tam</span> <span class='ocrx_word' id='word_1_380' title='bbox 1122 1519 1356 1562; x_wconf 76' lang='lat' dir='ltr'>temporalibus</span> <span class='ocrx_word' id='word_1_381' title='bbox 1394 1528 1488 1561; x_wconf 86' lang='lat' dir='ltr'>quam</span> <span class='ocrx_word' id='word_1_382' title='bbox 1524 1516 1757 1560; x_wconf 83' lang='lat' dir='ltr'>spiritualibus,</span> 
     </span>
     <span class='ocr_line' id='line_1_76' title="bbox 1022 1569 1759 1617; baseline -0.008 -11"><span class='ocrx_word' id='word_1_383' title='bbox 1022 1571 1303 1617; x_wconf 82' lang='lat' dir='ltr'>praceniincntiis,</span> <span class='ocrx_word' id='word_1_384' title='bbox 1317 1570 1564 1614; x_wconf 75' lang='lat' dir='ltr'>praerogativis,</span> <span class='ocrx_word' id='word_1_385' title='bbox 1581 1569 1759 1601; x_wconf 76' lang='lat' dir='ltr'>bonoribus</span> 
     </span>
     <span class='ocr_line' id='line_1_77' title="bbox 1021 1622 1760 1661; baseline -0.009 0"><span class='ocrx_word' id='word_1_386' title='bbox 1021 1634 1051 1661; x_wconf 87' lang='lat' dir='ltr'>et</span> <span class='ocrx_word' id='word_1_387' title='bbox 1077 1627 1239 1660; x_wconf 68' lang='lat' dir='ltr'>favoribus</span> <span class='ocrx_word' id='word_1_388' title='bbox 1266 1626 1425 1658; x_wconf 82' lang='lat' dir='ltr'>hactenus</span> <span class='ocrx_word' id='word_1_389' title='bbox 1451 1635 1467 1656; x_wconf 85' lang='lat' dir='ltr'>a</span> <span class='ocrx_word' id='word_1_390' title='bbox 1496 1622 1649 1656; x_wconf 83' lang='lat' dir='ltr'>Romanis</span> <span class='ocrx_word' id='word_1_391' title='bbox 1675 1622 1760 1655; x_wconf 81' lang='lat' dir='ltr'>Pon·</span> 
     </span>
     <span class='ocr_line' id='line_1_78' title="bbox 1020 1676 1759 1724; baseline -0.007 -11"><span class='ocrx_word' id='word_1_392' title='bbox 1020 1681 1132 1714; x_wconf 75' lang='lat' dir='ltr'>ficibus</span> <span class='ocrx_word' id='word_1_393' title='bbox 1158 1678 1470 1724; x_wconf 83' lang='lat' dir='ltr'>praedecessoribus</span> <span class='ocrx_word' id='word_1_394' title='bbox 1504 1683 1534 1710; x_wconf 83' lang='lat' dir='ltr'>et</span> <span class='ocrx_word' id='word_1_395' title='bbox 1565 1676 1648 1710; x_wconf 79' lang='lat' dir='ltr'>Sede</span> <span class='ocrx_word' id='word_1_396' title='bbox 1675 1677 1759 1720; x_wconf 80' lang='lat' dir='ltr'>Apo-</span> 
     </span>
     <span class='ocr_line' id='line_1_79' title="bbox 1019 1729 1758 1767; baseline -0.007 0"><span class='ocrx_word' id='word_1_397' title='bbox 1019 1734 1135 1767; x_wconf 71' lang='lat' dir='ltr'>stolica</span> <span class='ocrx_word' id='word_1_398' title='bbox 1170 1733 1303 1766; x_wconf 87' lang='lat' dir='ltr'>cuilibet</span> <span class='ocrx_word' id='word_1_399' title='bbox 1340 1742 1376 1764; x_wconf 84' lang='lat' dir='ltr'>ex</span> <span class='ocrx_word' id='word_1_400' title='bbox 1414 1730 1601 1764; x_wconf 88' lang='lat' dir='ltr'>memoratis</span> <span class='ocrx_word' id='word_1_401' title='bbox 1635 1729 1758 1762; x_wconf 82' lang='lat' dir='ltr'>duabus</span> 
     </span>
     <span class='ocr_line' id='line_1_80' title="bbox 1018 1783 1757 1829; baseline -0.007 -9"><span class='ocrx_word' id='word_1_402' title='bbox 1018 1785 1331 1829; x_wconf 79' lang='lat' dir='ltr'>Congregationibus</span> <span class='ocrx_word' id='word_1_403' title='bbox 1358 1784 1473 1827; x_wconf 80' lang='lat' dir='ltr'>quovis</span> <span class='ocrx_word' id='word_1_404' title='bbox 1500 1783 1597 1816; x_wconf 86' lang='lat' dir='ltr'>modo</span> <span class='ocrx_word' id='word_1_405' title='bbox 1624 1788 1655 1815; x_wconf 89' lang='lat' dir='ltr'>et</span> <span class='ocrx_word' id='word_1_406' title='bbox 1681 1792 1757 1826; x_wconf 82' lang='lat' dir='ltr'>qna-</span> 
     </span>
     <span class='ocr_line' id='line_1_81' title="bbox 1018 1837 1757 1883; baseline -0.007 -10"><span class='ocrx_word' id='word_1_407' title='bbox 1018 1841 1235 1883; x_wconf 85' lang='lat' dir='ltr'>litercnmque</span> <span class='ocrx_word' id='word_1_408' title='bbox 1271 1837 1443 1879; x_wconf 80' lang='lat' dir='ltr'>concessis,</span> <span class='ocrx_word' id='word_1_409' title='bbox 1470 1848 1561 1880; x_wconf 85' lang='lat' dir='ltr'>quae,</span> <span class='ocrx_word' id='word_1_410' title='bbox 1597 1842 1757 1879; x_wconf 80' lang='lat' dir='ltr'>qiiatenus</span> 
     </span>
     <span class='ocr_line' id='line_1_82' title="bbox 1018 1890 1756 1937; baseline -0.008 -10"><span class='ocrx_word' id='word_1_411' title='bbox 1018 1905 1100 1937; x_wconf 89' lang='lat' dir='ltr'>opus</span> <span class='ocrx_word' id='word_1_412' title='bbox 1132 1893 1189 1933; x_wconf 84' lang='lat' dir='ltr'>sit,</span> <span class='ocrx_word' id='word_1_413' title='bbox 1223 1903 1281 1936; x_wconf 87' lang='lat' dir='ltr'>per</span> <span class='ocrx_word' id='word_1_414' title='bbox 1313 1896 1504 1935; x_wconf 82' lang='lat' dir='ltr'>praesentes</span> <span class='ocrx_word' id='word_1_415' title='bbox 1537 1890 1756 1933; x_wconf 84' lang='lat' dir='ltr'>approbamus</span> 
     </span>
     <span class='ocr_line' id='line_1_83' title="bbox 1019 1942 1758 1985; baseline -0.008 -5"><span class='ocrx_word' id='word_1_416' title='bbox 1019 1953 1049 1980; x_wconf 92' lang='lat' dir='ltr'>et</span> <span class='ocrx_word' id='word_1_417' title='bbox 1074 1945 1317 1985; x_wconf 73' lang='lat' dir='ltr'>confirmamus,</span> <span class='ocrx_word' id='word_1_418' title='bbox 1341 1955 1377 1977; x_wconf 86' lang='lat' dir='ltr'>ac</span> <span class='ocrx_word' id='word_1_419' title='bbox 1401 1944 1509 1977; x_wconf 88' lang='lat' dir='ltr'>denuo</span> <span class='ocrx_word' id='word_1_420' title='bbox 1535 1942 1758 1982; x_wconf 87' lang='lat' dir='ltr'>concedimus,</span> 
     </span>
     <span class='ocr_line' id='line_1_84' title="bbox 1019 1996 1757 2042; baseline -0.007 -9"><span class='ocrx_word' id='word_1_421' title='bbox 1019 2001 1074 2041; x_wconf 90' lang='lat' dir='ltr'>uti,</span> <span class='ocrx_word' id='word_1_422' title='bbox 1100 1999 1171 2039; x_wconf 84' lang='lat' dir='ltr'>srni,</span> <span class='ocrx_word' id='word_1_423' title='bbox 1198 1998 1293 2042; x_wconf 90' lang='lat' dir='ltr'>potiri</span> <span class='ocrx_word' id='word_1_424' title='bbox 1322 2003 1353 2031; x_wconf 88' lang='lat' dir='ltr'>et</span> <span class='ocrx_word' id='word_1_425' title='bbox 1375 1997 1542 2040; x_wconf 79' lang='lat' dir='ltr'>gaudere,</span> <span class='ocrx_word' id='word_1_426' title='bbox 1571 1996 1657 2029; x_wconf 85' lang='lat' dir='ltr'>illius</span> <span class='ocrx_word' id='word_1_427' title='bbox 1682 2006 1757 2029; x_wconf 91' lang='lat' dir='ltr'>vero</span> 
     </span>
     <span class='ocr_line' id='line_1_85' title="bbox 1019 2049 1757 2094; baseline -0.008 -7"><span class='ocrx_word' id='word_1_428' title='bbox 1019 2053 1145 2087; x_wconf 84' lang='lat' dir='ltr'>clericis</span> <span class='ocrx_word' id='word_1_429' title='bbox 1180 2058 1214 2085; x_wconf 85' lang='lat' dir='ltr'>ut</span> <span class='ocrx_word' id='word_1_430' title='bbox 1250 2062 1360 2085; x_wconf 88' lang='lat' dir='ltr'>eorum</span> <span class='ocrx_word' id='word_1_431' title='bbox 1398 2051 1485 2094; x_wconf 90' lang='lat' dir='ltr'>pium</span> <span class='ocrx_word' id='word_1_432' title='bbox 1523 2061 1557 2082; x_wconf 88' lang='lat' dir='ltr'>ac</span> <span class='ocrx_word' id='word_1_433' title='bbox 1593 2049 1757 2083; x_wconf 82' lang='lat' dir='ltr'>laudabile</span> 
     </span>
     <span class='ocr_line' id='line_1_86' title="bbox 1018 2103 1757 2145; baseline -0.008 -5"><span class='ocrx_word' id='word_1_434' title='bbox 1018 2108 1198 2140; x_wconf 83' lang='lat' dir='ltr'>institutum</span> <span class='ocrx_word' id='word_1_435' title='bbox 1238 2116 1403 2145; x_wconf 75' lang='lat' dir='ltr'>exercere,</span> <span class='ocrx_word' id='word_1_436' title='bbox 1442 2115 1548 2137; x_wconf 78' lang='lat' dir='ltr'>sacras</span> <span class='ocrx_word' id='word_1_437' title='bbox 1585 2103 1757 2136; x_wconf 83' lang='lat' dir='ltr'>missiones</span> 
     </span>
     <span class='ocr_line' id='line_1_87' title="bbox 1019 2157 1759 2203; baseline -0.007 -10"><span class='ocrx_word' id='word_1_438' title='bbox 1019 2171 1194 2203; x_wconf 73' lang='lat' dir='ltr'>peragere,</span> <span class='ocrx_word' id='word_1_439' title='bbox 1234 2157 1524 2200; x_wconf 77' lang='lat' dir='ltr'>congregationes,</span> <span class='ocrx_word' id='word_1_440' title='bbox 1562 2157 1690 2189; x_wconf 80' lang='lat' dir='ltr'>scholas</span> <span class='ocrx_word' id='word_1_441' title='bbox 1727 2161 1759 2188; x_wconf 86' lang='lat' dir='ltr'>et</span> 
     </span>
     <span class='ocr_line' id='line_1_88' title="bbox 1017 2209 1758 2254; baseline -0.004 -9"><span class='ocrx_word' id='word_1_442' title='bbox 1017 2213 1198 2246; x_wconf 79' lang='lat' dir='ltr'>academias</span> <span class='ocrx_word' id='word_1_443' title='bbox 1223 2212 1364 2254; x_wconf 80' lang='lat' dir='ltr'>aperire,</span> <span class='ocrx_word' id='word_1_444' title='bbox 1391 2211 1589 2244; x_wconf 85' lang='lat' dir='ltr'>inventutem</span> <span class='ocrx_word' id='word_1_445' title='bbox 1616 2209 1646 2241; x_wconf 89' lang='lat' dir='ltr'>in</span> <span class='ocrx_word' id='word_1_446' title='bbox 1672 2209 1758 2242; x_wconf 83' lang='lat' dir='ltr'>litte-</span> 
     </span>
     <span class='ocr_line' id='line_1_89' title="bbox 1018 2262 1756 2307; baseline -0.004 -8"><span class='ocrx_word' id='word_1_447' title='bbox 1018 2277 1124 2299; x_wconf 89' lang='lat' dir='ltr'>rarum</span> <span class='ocrx_word' id='word_1_448' title='bbox 1151 2266 1266 2299; x_wconf 87' lang='lat' dir='ltr'>studiis</span> <span class='ocrx_word' id='word_1_449' title='bbox 1292 2275 1328 2297; x_wconf 91' lang='lat' dir='ltr'>ac</span> <span class='ocrx_word' id='word_1_450' title='bbox 1355 2263 1535 2307; x_wconf 83' lang='lat' dir='ltr'>disciplinis</span> <span class='ocrx_word' id='word_1_451' title='bbox 1567 2262 1756 2306; x_wconf 81' lang='lat' dir='ltr'>praesertim</span> 
     </span>
     <span class='ocr_line' id='line_1_90' title="bbox 1018 2316 1758 2362; baseline -0.004 -11"><span class='ocrx_word' id='word_1_452' title='bbox 1018 2319 1102 2351; x_wconf 75' lang='lat' dir='ltr'>iuxta</span> <span class='ocrx_word' id='word_1_453' title='bbox 1138 2319 1169 2351; x_wconf 74' lang='lat' dir='ltr'>S,</span> <span class='ocrx_word' id='word_1_454' title='bbox 1197 2319 1340 2351; x_wconf 86' lang='lat' dir='ltr'>Thomae</span> <span class='ocrx_word' id='word_1_455' title='bbox 1371 2316 1540 2360; x_wconf 84' lang='lat' dir='ltr'>Aquinatis</span> <span class='ocrx_word' id='word_1_456' title='bbox 1577 2316 1758 2362; x_wconf 79' lang='lat' dir='ltr'>doctrinam</span> 
     </span>
     <span class='ocr_line' id='line_1_91' title="bbox 1018 2369 1758 2411; baseline -0.003 -7"><span class='ocrx_word' id='word_1_457' title='bbox 1018 2372 1187 2411; x_wconf 83' lang='lat' dir='ltr'>instruere,</span> <span class='ocrx_word' id='word_1_458' title='bbox 1207 2372 1245 2404; x_wconf 86' lang='lat' dir='ltr'>de</span> <span class='ocrx_word' id='word_1_459' title='bbox 1262 2370 1505 2404; x_wconf 86' lang='lat' dir='ltr'>Ordinariorum</span> <span class='ocrx_word' id='word_1_460' title='bbox 1525 2369 1656 2402; x_wconf 76' lang='lat' dir='ltr'>licentia</span> <span class='ocrx_word' id='word_1_461' title='bbox 1674 2370 1758 2402; x_wconf 80' lang='lat' dir='ltr'>cbri-</span> 
     </span>
     <span class='ocr_line' id='line_1_92' title="bbox 1017 2423 1758 2466; baseline -0.003 -9"><span class='ocrx_word' id='word_1_462' title='bbox 1017 2423 1203 2457; x_wconf 84' lang='lat' dir='ltr'>stifidelinm</span> <span class='ocrx_word' id='word_1_463' title='bbox 1235 2423 1458 2456; x_wconf 85' lang='lat' dir='ltr'>consessiones</span> <span class='ocrx_word' id='word_1_464' title='bbox 1484 2423 1651 2466; x_wconf 85' lang='lat' dir='ltr'>excipere,</span> <span class='ocrx_word' id='word_1_465' title='bbox 1679 2423 1758 2456; x_wconf 82' lang='lat' dir='ltr'>alia-</span> 
     </span>
     <span class='ocr_line' id='line_1_93' title="bbox 1018 2476 1757 2519; baseline -0.001 -10"><span class='ocrx_word' id='word_1_466' title='bbox 1018 2487 1079 2519; x_wconf 86' lang='lat' dir='ltr'>qne</span> <span class='ocrx_word' id='word_1_467' title='bbox 1104 2476 1267 2509; x_wconf 84' lang='lat' dir='ltr'>Ecclesiae</span> <span class='ocrx_word' id='word_1_468' title='bbox 1292 2481 1494 2508; x_wconf 87' lang='lat' dir='ltr'>sacramenta</span> <span class='ocrx_word' id='word_1_469' title='bbox 1519 2476 1757 2516; x_wconf 85' lang='lat' dir='ltr'>administrare,</span> 
     </span>
     <span class='ocr_line' id='line_1_94' title="bbox 1017 2528 1757 2572; baseline 0.001 -12"><span class='ocrx_word' id='word_1_470' title='bbox 1017 2529 1151 2561; x_wconf 87' lang='lat' dir='ltr'>verbnm</span> <span class='ocrx_word' id='word_1_471' title='bbox 1189 2528 1243 2561; x_wconf 88' lang='lat' dir='ltr'>Dei</span> <span class='ocrx_word' id='word_1_472' title='bbox 1275 2528 1479 2572; x_wconf 87' lang='lat' dir='ltr'>praedicare,</span> <span class='ocrx_word' id='word_1_473' title='bbox 1506 2539 1588 2561; x_wconf 88' lang='lat' dir='ltr'>nova</span> <span class='ocrx_word' id='word_1_474' title='bbox 1617 2529 1757 2571; x_wconf 83' lang='lat' dir='ltr'>collegia</span> 
     </span>
     <span class='ocr_line' id='line_1_95' title="bbox 1017 2581 1757 2625; baseline -0.001 -11"><span class='ocrx_word' id='word_1_475' title='bbox 1017 2591 1182 2625; x_wconf 83' lang='lat' dir='ltr'>novasque</span> <span class='ocrx_word' id='word_1_476' title='bbox 1209 2581 1374 2622; x_wconf 86' lang='lat' dir='ltr'>ecclesias,</span> <span class='ocrx_word' id='word_1_477' title='bbox 1401 2581 1452 2614; x_wconf 90' lang='lat' dir='ltr'>nbi</span> <span class='ocrx_word' id='word_1_478' title='bbox 1480 2581 1628 2625; x_wconf 84' lang='lat' dir='ltr'>requisiti</span> <span class='ocrx_word' id='word_1_479' title='bbox 1652 2591 1687 2614; x_wconf 87' lang='lat' dir='ltr'>ac</span> <span class='ocrx_word' id='word_1_480' title='bbox 1709 2591 1757 2614; x_wconf 87' lang='lat' dir='ltr'>re-</span> 
     </span>
    </p>
   </div>
   <div class='ocr_carea' id='block_1_18' title="bbox 1776 200 1959 225">
    <p class='ocr_par' dir='ltr' id='par_1_18' title="bbox 1776 200 1959 225">
     <span class='ocr_line' id='line_1_96' title="bbox 1776 200 1959 225; baseline 0.005 -1"><span class='ocrx_word' id='word_1_481' title='bbox 1776 201 1821 224; x_wconf 68' lang='grc' dir='ltr'>Ᾱη,</span> <span class='ocrx_word' id='word_1_482' title='bbox 1845 200 1871 225; x_wconf 77' lang='lat' dir='ltr'>C.</span> <span class='ocrx_word' id='word_1_483' title='bbox 1893 200 1959 225; x_wconf 55' lang='lat'>¹725</span> 
     </span>
    </p>
   </div>
   <div class='ocr_carea' id='block_1_19' title="bbox 1772 1158 1956 1258">
    <p class='ocr_par' dir='ltr' id='par_1_19' title="bbox 1772 1158 1956 1258">
     <span class='ocr_line' id='line_1_97' title="bbox 1798 1158 1955 1184; baseline 0 -6"><span class='ocrx_word' id='word_1_484' title='bbox 1798 1158 1898 1179; x_wconf 66' lang='lat' dir='ltr'>Nonnulla</span> <span class='ocrx_word' id='word_1_485' title='bbox 1915 1159 1955 1184; x_wconf 77' lang='lat' dir='ltr'>pri-</span> 
     </span>
     <span class='ocr_line' id='line_1_98' title="bbox 1773 1185 1955 1210; baseline 0.011 -7"><span class='ocrx_word' id='word_1_486' title='bbox 1773 1185 1849 1210; x_wconf 50' lang='lat' dir='ltr'>uti-,gui</span> <span class='ocrx_word' id='word_1_487' title='bbox 1888 1188 1955 1205; x_wconf 72' lang='lat' dir='ltr'>ei-teiu</span> 
     </span>
     <span class='ocr_line' id='line_1_99' title="bbox 1800 1212 1956 1233; baseline 0.019 -3"><span class='ocrx_word' id='word_1_488' title='bbox 1800 1212 1921 1231; x_wconf 63' lang='lat' dir='ltr'>ntiiuiantur</span> <span class='ocrx_word' id='word_1_489' title='bbox 1935 1215 1956 1233; x_wconf 76' lang='lat' dir='ltr'>et.</span> 
     </span>
     <span class='ocr_line' id='line_1_100' title="bbox 1772 1239 1923 1258; baseline 0.007 -1"><span class='ocrx_word' id='word_1_490' title='bbox 1772 1239 1923 1258; x_wconf 59' lang='lat' dir='ltr'>contraduntur.</span> 
     </span>
    </p>
   </div>
  </div>
 </body>
</html>
