2170 3147
191 158 244 186 An.
263 157 294 186 C.
309 157 379 186 1726
424 148 490 183 438

230 1015 290 1036 Cani.
299 1015 331 1036 lae
353 1017 373 1036 ct

188 1042 304 1063 clausulae.

386 212 417 240 et
441 206 621 250 cognitioni
648 211 760 239 coetus
786 206 951 249 generalis
976 207 1129 240 consilia-

387 259 510 292 riorum
529 259 666 291 civitatis
688 259 882 292 Ravennatis
901 260 1126 293 siibiiciantiii:

385 313 443 346 Ubi
472 313 535 346 hoc
560 312 646 345 idem
673 323 788 345 munus
813 313 938 355 agentis
965 319 1036 356 post
1057 324 1129 347 exa-

385 372 471 399 ctum
498 365 704 407 decennium,
732 366 835 399 eidem
862 367 1052 410 praefixum,
1078 369 1127 400 vel

384 419 464 452 alias
489 419 797 463 quomodocumque
822 421 995 459 vacaverit,
1014 427 1127 454 coetus

384 472 645 506 consiliariorum
673 484 744 505 cum
773 474 1016 507 locumtenente
1042 474 1127 507 civili

385 531 415 559 ct
441 526 609 569 generali,
636 531 670 558 ut
696 526 816 559 dietum
850 532 919 567 est,
946 528 984 560 ad
1012 538 1127 561 novam

384 580 454 612 eius
480 579 673 612 electionem
699 580 867 623 perpetuis
901 580 1020 613 futuris
1048 587 1127 614 tem-

383 631 518 676 poribus
545 632 704 672 deveniat,
724 638 754 665 et
780 633 888 666 locum
914 643 981 666 non
1007 633 1128 666 habeat

384 691 458 718 ante
485 685 611 718 obitum
638 685 750 718 dilecti
778 686 832 719 filii
856 686 984 719 loannis
1003 687 1128 719 Franci-

383 738 428 771 sci
454 739 599 782 Fagnani
624 744 757 772 nostrae
783 739 1017 773 consistorialis
1035 741 1127 773 aulae

383 793 545 826 advocati.
572 793 602 825 Si
629 803 706 826 vero
733 799 805 836 post
824 793 1017 826 decennium
1043 804 1128 827 com-

383 846 530 889 pletum,
554 845 594 878 ob
628 856 743 879 munus
780 846 990 879 laudabiliter
1020 852 1127 879 aetum

383 899 627 932 confirmandus
653 905 756 939 esset,
784 900 810 932 is
835 900 930 933 modo
957 911 1051 944 quem
1081 900 1128 932 di-

383 951 488 984 ximus
513 952 620 985 denuo
647 953 800 995 eligatur.

428 1006 442 1048 g
478 1005 530 1038 111.
569 1006 720 1046 Demum,
757 1007 930 1049 cupientes
972 1012 1008 1039 ut
1046 1007 1127 1039 haec

383 1064 496 1092 nostra
522 1060 709 1093 constitutio
731 1061 771 1093 ab
790 1061 944 1093 omnibus
970 1061 1127 1094 inviolate

385 1114 591 1152 observetur,
618 1120 705 1146 motu
730 1114 867 1157 proprio
906 1119 937 1147 et
969 1125 1005 1147 ex
1040 1116 1127 1147 certa

383 1168 494 1198 nostra
520 1166 658 1199 scientia
683 1177 772 1206 eam,
801 1177 872 1199 cum
899 1167 1072 1208 omnibus,
1097 1173 1128 1200 et

383 1218 643 1262 quibuscumque
668 1219 701 1251 in
726 1219 781 1252 illa
808 1219 990 1262 descriptis,
1018 1225 1128 1253 aucto-

382 1272 478 1305 ritate
526 1274 636 1305 nostra
682 1278 845 1315 perpetuo
888 1272 1055 1306 firmamus
1097 1280 1127 1307 et

382 1327 647 1369 comprobamus,
675 1326 790 1370 illique
816 1332 997 1370 perpetuae
1023 1333 1055 1360 et
1080 1328 1129 1360 in-

381 1379 542 1413 violabilis
567 1380 726 1413 firmitatis
753 1380 856 1413 robur
881 1380 1068 1422 amicimus,
1097 1393 1128 1415 o-

380 1443 542 1476 mnesque
561 1438 592 1466 et
609 1433 757 1475 singulos
775 1433 856 1466 iuris
879 1438 909 1466 et
930 1434 1005 1467 faeti
1024 1440 1057 1468 et
1080 1445 1127 1468 so-

381 1486 588 1519 lemnitatum
615 1486 711 1519 etiam
733 1487 1005 1528 substantialium,
1029 1489 1059 1521 in
1082 1489 1127 1522 eis

383 1538 491 1572 forsan
518 1539 725 1579 omissarum‚
743 1540 901 1580 defectus,
919 1541 943 1573 si
972 1542 1025 1584 qui
1052 1542 1124 1582 sint,

383 1594 586 1636 supplemus,
607 1597 638 1625 et
655 1603 714 1636 pro
740 1593 870 1626 illarum
896 1594 1030 1627 firmiori
1057 1595 1127 1627 sub—

383 1645 542 1683 sistentia,
560 1656 786 1690 quaecumque
803 1647 852 1679 his
866 1649 988 1680 nostris
1007 1647 1126 1682 litteris

383 1700 614 1739 continentur,
643 1700 757 1732 eadem
784 1701 977 1734 auctoritate
1009 1712 1126 1745 perpe-

384 1758 438 1785 tuo
482 1752 676 1785 stabilimus.
715 1753 959 1794 Decernentes,
994 1755 1124 1787 easdem

383 1811 575 1850 praesentes
590 1811 720 1839 nostras
738 1806 862 1839 litteras
881 1808 971 1840 nullo
985 1818 1125 1851 unquam

384 1865 533 1903 tempore
560 1859 598 1892 de
624 1860 847 1902 subreptionis
873 1866 904 1893 et
922 1861 1126 1904 obreptionis

383 1913 473 1953 vitio,
502 1919 556 1945 aut
581 1913 773 1946 intentionis
799 1920 929 1948 nostrae
962 1916 1012 1948 vel
1046 1926 1126 1959 quo-

383 1976 521 2010 cumque
548 1968 611 2000 alio
637 1967 788 2007 defectu,
814 1978 851 2000 ex
878 1978 917 2001 eo
943 1969 1031 2011 quod
1058 1979 1125 2002 rem

382 2020 543 2053 habentes
563 2021 600 2053 ad
628 2020 659 2052 id
686 2021 789 2054 vocati
817 2031 882 2054 non
908 2022 1044 2062 suerint,
1067 2032 1124 2054 no-

384 2073 463 2113 tari,
482 2073 514 2105 in
541 2073 588 2106 ius
611 2075 663 2107 vel
689 2075 947 2108 controversiam
967 2085 1024 2108 seu
1047 2075 1126 2108 alias

384 2127 691 2170 quomodocumque
731 2128 875 2161 revocari
917 2138 1034 2172 posse,
1071 2135 1127 2162 aut

384 2186 498 2213 contra
524 2186 667 2213 mentem
694 2186 724 2213 et
743 2180 960 2214 intentionem
983 2186 1126 2215 nostram

386 2233 534 2265 obtentas
553 2233 730 2276 praesumi,
751 2238 783 2266 et
809 2235 850 2267 ob
876 2234 907 2266 id
931 2234 1053 2267 viribus
1076 2246 1127 2268 ea-

385 2294 470 2325 rere,
498 2286 671 2329 minusque
696 2287 754 2319 sub
781 2287 950 2330 quibusvis
972 2288 1126 2320 similium

386 2339 437 2370 vel
464 2338 670 2372 dissimilium
698 2341 874 2381 gratiarum
912 2341 1128 2374 revocationi-

386 2390 460 2431 bus,
488 2393 775 2434 suspensionibus,
815 2393 1064 2427 liinitationibus
1099 2401 1129 2427 ct

389 2443 458 2475 aliis
495 2445 668 2477 contrariis
704 2446 995 2489 dispositionibus,
1029 2459 1129 2491 quaii-

389 2496 505 2528 tiimvis
531 2497 738 2538 generalibus
772 2505 804 2531 et
835 2500 1017 2533 fortissimis
1044 2502 1130 2534 clau-

390 2549 465 2581 sulis
495 2556 524 2581 ct
550 2550 687 2583 decretis
714 2551 915 2585 irritantibus
951 2554 1127 2596 roboratis,

975 157 1158 183 BULLARIUM
1181 159 1335 185 ROMANUM

1173 208 1410 252 comprehendi
1449 219 1560 252 posse;
1598 209 1654 243 sed
1691 219 1821 254 semper
1855 220 1915 254 pro

1174 263 1318 305 exeeptis
1351 263 1536 303 habendas,
1564 269 1612 304 et,
1642 263 1916 307 quotiescumque

1173 314 1247 348 illae
1273 316 1483 357 einanabiint‚
1511 317 1607 349 toties
1634 316 1665 348 in
1692 316 1865 359 pristinum
1885 321 1917 349 et

1173 367 1205 400 in
1232 378 1316 409 enm,
1342 368 1373 401 in
1393 380 1457 412 quo
1480 374 1554 402 ante
1580 369 1761 412 praemissa
1784 379 1917 412 quomo·

1174 421 1298 456 dolibet
1324 427 1431 463 erant,
1464 427 1598 462 statum,
1624 421 1721 455 etiam
1752 422 1810 454 sub
1843 420 1917 455 data

1172 485 1231 518 pei·
1256 476 1432 519 collegium
1466 481 1497 509 et
1527 476 1689 509 civitatem
1723 473 1914 508 huiusmodi

1173 528 1333 571 eligenda,
1360 528 1509 571 plenarie
1535 528 1773 569 restituendas,
1805 527 1915 571 sicque

1173 587 1203 615 et
1228 593 1294 615 non
1320 583 1398 615 alias
1424 582 1462 614 ab
1489 582 1640 615 omnibus
1663 581 1802 622 censeri,
1823 585 1855 614 et
1872 580 1915 614 ita

1172 646 1230 679 per
1255 646 1480 679 quoscumque
1505 635 1630 668 iudices
1655 635 1768 678 quavis
1805 640 1917 668 aucto-

1173 689 1269 722 ritate
1296 689 1486 732 fungentes,
1513 689 1610 722 etiam
1642 689 1829 731 praedictae
1860 687 1917 722 Ca-

1172 750 1279 773 merae
1305 740 1701 783 camerarium,·illiusqiie
1719 739 1866 780 clericos,
1886 743 1918 772 et

1173 794 1268 826 etiam
1294 805 1465 827 causarum
1492 793 1603 837 palatii
1630 793 1798 838 apostolici
1826 792 1917 826 audi-

1172 854 1271 887 tores,
1298 858 1335 880 ac
1360 847 1547 891 praedictae
1574 847 1605 881 S.
1623 847 1657 880 R.
1672 847 1705 880 E.
1723 846 1915 887 cardinales,

1173 901 1269 934 etiam
1292 901 1331 934 de
1352 902 1455 934 latere
1473 901 1609 943 legatos,
1626 900 1849 944 vice-legatos,
1868 900 1916 933 di—

1173 960 1309 998 ctaeque
1328 955 1420 988 Sedis
1437 955 1586 995 nuncios,
1607 954 1654 988 et¹
1672 955 1798 988 sublata
1817 954 1863 987 eis
1884 959 1917 987 et

1173 1008 1307 1041 cuilibet
1332 1019 1445 1042 eorum
1471 1008 1583 1052 quavis
1620 1008 1715 1041 aliter
1749 1007 1915 1041 iudicandi

1173 1067 1205 1095 et
1229 1061 1406 1095 definiendi
1433 1062 1596 1101 facultate,
1621 1061 1756 1094 iudicari
1783 1065 1814 1094 et
1839 1059 1916 1093 defi-

1172 1115 1234 1148 niri
1269 1115 1410 1155 debere,
1437 1115 1565 1148 irritum
1597 1125 1727 1158 quoque
1755 1119 1786 1148 et
1817 1114 1914 1146 inane

1172 1168 1198 1200 si
1226 1179 1322 1201 secus
1348 1178 1446 1211 super
1470 1168 1521 1201 his
1550 1179 1567 1201 a
1585 1179 1769 1211 quoquam,
1803 1165 1916 1211 quavis

1172 1222 1377 1261 auctoritate,
1395 1221 1538 1255 scienter
1558 1223 1608 1255 vel
1622 1222 1824 1265 ignoranter,
1844 1230 1916 1254 con·

1172 1275 1283 1318 tigerit
1309 1275 1475 1308 attentari.

1216 1329 1231 1372 g
1250 1329 1302 1361 1⁶2.
1326 1328 1397 1362 Non
1422 1328 1627 1362 obstantibus
1645 1329 1758 1361 nostra
1783 1332 1815 1361 et
1838 1327 1915 1361 Can·

1173 1382 1329 1415 cellariae
1377 1381 1582 1424 Apostolicae
1618 1382 1729 1424 regula
1767 1381 1806 1414 de
1842 1381 1914 1414 iure

1172 1435 1320 1479 quaesito
1346 1445 1410 1468 non
1438 1435 1595 1474 tollendo,
1617 1445 1653 1467 ac
1678 1433 1781 1467 felicis
1806 1444 1915 1467 recor-

1172 1489 1313 1522 dationis
1338 1488 1384 1521 Pii
1410 1488 1517 1532 Papae
1555 1488 1591 1521 IV
1625 1488 1665 1521 de
1701 1487 1914 1530 registrandis

1171 1542 1203 1575 in
1230 1542 1363 1575 Camera
1399 1542 1570 1586 praedicta
1607 1541 1718 1584 gratiis
1753 1541 1915 1574 interesse

1171 1596 1322 1630 Gamerae
1341 1596 1486 1628 eiusdem
1509 1595 1759 1639 quomodolibet
1784 1600 1916 1638 tangen-

1173 1649 1266 1689 tibus,
1293 1659 1420 1682 necnon
1448 1649 1592 1682 eiusdesn
1613 1649 1660 1682 Pii
1681 1648 1718 1681 IV
1743 1654 1774 1681 et
1799 1648 1914 1681 similis

1171 1703 1407 1736 recordationis
1432 1703 1522 1735 Pauli
1547 1702 1570 1735 V
1596 1702 1815 1735 Romanorum
1834 1702 1916 1735 Pon-

1171 1756 1292 1789 tificum
1331 1756 1619 1799 praedecessorum
1653 1761 1839 1789 nostrorum
1875 1755 1914 1789 de

1170 1820 1235 1842 non
1255 1809 1464 1842 extrahendis
1486 1809 1668 1849 frumentis,
1686 1809 1749 1841 nisi
1769 1819 1805 1842 ex
1821 1809 1915 1842 causti

1170 1873 1247 1895 vere
1274 1864 1423 1902 onerosa,
1443 1867 1474 1895 et
1499 1862 1665 1905 quibusvis
1691 1861 1762 1895 aliis
1789 1867 1914 1905 aposto-

1171 1915 1253 1956 licis,
1281 1916 1379 1948 etiam
1404 1926 1463 1959 per
1481 1926 1548 1957 nos,
1576 1926 1703 1948 necnon
1728 1915 1761 1948 in
1786 1915 1916 1958 provin-

1170 1970 1306 2003 cialibus
1333 1975 1364 2002 et
1389 1970 1603 2013 synodalibus
1634 1969 1783 2002 conciliis
1808 1968 1913 2012 editis,

1170 2023 1366 2067 specialibus
1392 2024 1442 2056 vel
1468 2023 1691 2066 generalibus,
1710 2022 1916 2056 constitutio-

1171 2078 1276 2117 nibus,
1304 2088 1340 2110 ac
1355 2076 1521 2120 quibusvis
1539 2076 1634 2109 etiam
1653 2076 1807 2110 Gamerae
1822 2086 1915 2119 prae-

1173 2132 1279 2164 dictae
1306 2136 1337 2164 et
1364 2131 1521 2163 Annonae
1539 2135 1733 2170 nostrarum,
1757 2130 1852 2163 etiam
1870 2129 1915 2162 iu-

1172 2190 1342 2225 ramento,
1376 2183 1628 2217 confirmatione
1650 2183 1843 2227 apostolica,
1864 2183 1915 2216 vel

1172 2238 1285 2281 quavis
1313 2237 1467 2270 firmitate
1493 2237 1555 2269 alia
1586 2236 1758 2276 roboratis,
1785 2236 1913 2269 statutis

1174 2298 1206 2324 et
1230 2290 1539 2331 consuetudinibus,
1571 2289 1706 2323 indultis
1730 2294 1761 2323 et
1795 2289 1912 2323 litteris

1172 2344 1362 2387 apostolicis
1397 2342 1583 2387 quibusvis,
1616 2343 1712 2376 etiam
1744 2342 1912 2383 Gamerae,

1172 2397 1326 2440 illiusque
1352 2397 1543 2437 camerario,
1571 2396 1772 2429 thesaurario
1797 2401 1828 2429 et
1850 2396 1914 2429 cle-

1172 2450 1261 2489 ricis,
1279 2460 1408 2483 necnon
1428 2451 1585 2482 Annonae
1602 2449 1788 2493 praedictis,
1812 2448 1913 2482 illius-

1173 2513 1234 2546 que
1249 2503 1418 2546 praesecto
1444 2503 1581 2546 aliisque
1599 2502 1765 2541 ministris,
1783 2511 1912 2535 necnon

1216 2565 1225 2592 t
1249 2564 1391 2592 Coniunct.
1413 2567 1440 2594 et
1460 2564 1591 2592 redundat
1610 2566 1647 2601 (n.
1669 2564 1716 2600 T.).

1924 158 1974 188 An.
1995 159 2024 189 C.
2042 160 2109 190 1726

1946 1393 2111 1421 θοι-0531011110.
