2170 3147
7 229 57 263 λιι.
77 233 107 260 c.
126 232 194 260 1726

240 280 354 313 Datum
369 280 499 320 Romae⁷
514 279 598 322 apud
614 280 643 313 S.
655 280 797 319 Petrum,
810 282 869 313 sub
884 291 935 313 an-

196 335 274 367 nulo
293 333 479 371 piscatoris,
500 333 551 366 die
579 344 623 366 xn
649 334 730 366 iunii
756 344 932 373 unccxxw,

195 386 404 430 pontificatus
430 386 533 419 nostri
559 397 643 419 anuo
670 397 718 419 ιιι.

230 448 290 476 Dat.
307 448 353 476 die
371 449 403 476 12
417 449 485 476 iunii
502 449 585 481 1726,
607 448 712 483 pontif.
731 456 805 475 auno
825 455 864 475 111.

487 589 645 623 CXXVIII.

194 668 423 712 Supprimitur
443 669 695 711 confraternitas
715 668 769 701 SS.
789 668 931 708 Rosariz',

240 721 382 764 Cappata
406 722 502 763 rulqo
527 721 633 760 dicta,
657 722 798 754 cim'lalis
821 721 935 754 Anco-

237 775 391 815 nitanae,
414 779 442 807 et
465 774 740 807 Praeclicatornm
764 774 936 807 conventui

238 827 273 860 S.
293 827 419 860 Mariae
439 827 653 860 Incoronatae
676 838 801 860 necnon
821 838 935 870 puero-

237 889 314 911 rum
337 880 513 912 seminario
538 879 749 911 ecclesiastico
770 879 874 912 dictae
895 879 935 912 ei-

236 931 350 964 vitacis
375 932 443 964 eins
469 932 551 964 borea
576 931 819 975 applicantur&

381 1010 561 1038 Benedictus
582 1011 660 1044 Papa
679 1011 757 1043 XIII,

307 1055 344 1082 ad
362 1058 542 1089 perpetuam
562 1055 608 1082 rei
628 1056 814 1083 memoriam.

36 1137 157 1167 Exordium·
170 1141 183 1158 a
237 1124 361 1164 Quanta
373 1125 557 1159 Ecclesiae²
572 1126 629 1159 Dei
644 1127 813 1159 commoda
831 1130 861 1160 et
876 1127 934 1160 be-

2 1166 235 1212 iiiiiwm'na‘m'na
259 1179 452 1222 proveniant
478 1190 495 1212 a
520 1179 572 1223 pia
599 1180 844 1221 exercitatione,
872 1191 935 1223 qua

194 1233 418 1266 adolescentes
443 1243 460 1265 a
486 1233 608 1266 teneris
633 1244 739 1276 usque
770 1234 862 1266 annis
895 1235 933 1267 ad

193 1286 347 1329 pietatem
378 1290 409 1318 et
438 1286 633 1329 religionem
669 1287 863 1320 informandi
902 1288 933 1319 in

193 1339 424 1373 ecclesiasticis
452 1350 628 1383 puerorum
649 1340 833 1373 seminariis
855 1341 934 1374 deti-

197 1397 330 1433 nentur,
350 1393 483 1436 provide
502 1393 758 1434 considerantes
781 1394 866 1437 quod
889 1405 936 1426 se-

193 1446 339 1479 minariis
364 1447 487 1479 eisdem
524 1447 655 1480 honesti
682 1452 713 1480 et
738 1458 796 1490 pro
823 1458 935 1481 eorum

193 1499 384 1543 indigentiis
408 1499 613 1543 opportune³
632 1500 780 1534 redditus
807 1501 934 1533 abunde

192 1559 369 1597 suppetant
386 1564 423 1587 ex
442 1555 549 1587 animo
574 1554 848 1598 concupiscimus3
876 1565 935 1587 un-

193 1607 241 1648 de,
260 1606 285 1641 si
304 1607 375 1650 ipsa
400 1607 576 1651 aliquando
603 1608 794 1641 decentibus
821 1619 933 1641 carere

191 1660 345 1693 subsidiis
369 1660 626 1703 praenoscimus,
654 1661 750 1693 etiarn
775 1671 835 1704 per
859 1672 934 1704 qua-

191 1713 340 1746 rumdam
362 1714 519 1746 laicorum
538 1714 841 1747 confraternitatum
859 1724 934 1758 sup-

190 1766 397 1810 pressionem
419 1766 558 1800 sollicite
577 1767 753 1801 subvenire
775 1767 934 1801 existima-

189 1829 270 1861 mus,
284 1820 410 1864 aliaque
429 1820 570 1863 desuper
583 1820 715 1853 illorum
730 1821 838 1854 favore
856 1831 933 1854 eon-

190 1872 336 1905 cedimus
370 1883 451 1916 quae
481 1872 700 1916 conspicimus
728 1873 760 1906 in
793 1873 932 1907 Domino

191 1925 368 1959 salubriter
393 1926 559 1970 expedire.

235 1978 249 2022 ἓ
272 1978 304 2011 sl.
327 1979 417 2019 Cum,
437 1979 519 2012 sicut
543 1979 744 2023 accepimus,
765 1979 932 2024 utriusque

192 2043 286 2066 sexus
308 2032 568 2066 christifidelium
587 2033 836 2066 confraternitas
854 2033 933 2076 Cap-

190 2090 266 2130 pata
291 2092 477 2129 nuncupata
494 2087 553 2119 snb
572 2086 778 2119 invocatione
796 2086 849 2119 SS.
870 2087 933 2119 Ro-

192 2139 269 2172 sarii
295 2139 326 2171 in
353 2138 492 2172 ecclesia
516 2138 548 2171 S.
575 2138 693 2171 Mariae
719 2139 932 2172 Incoronatae

190 2197 394 2235 nuncupatae
420 2197 598 2224 conventus
630 2191 760 2225 Ordinis
796 2193 931 2225 fratrum

191 2244 223 2278 S.
250 2245 409 2278 Dominici
437 2245 699 2278 Praedicatorum
729 2251 932 2288 nuncupato-

190 2307 264 2332 rum
290 2297 428 2331 civitatis
453 2298 675 2331 Anconitanae
701 2304 807 2331 erecta
833 2302 864 2330 et
883 2298 932 2330 in-

55 1985 180 2012 suppressio

2 2013 123 2039 praedictae
131 2018 181 2034 con-

3 2037 146 2061 steintunam.

225 2404 238 2431 1
261 2404 322 2432 Alia
337 2404 417 2431 huius
431 2404 572 2432 Pontificis
587 2404 697 2431 constit.
714 2404 780 2431 edit.
795 2410 929 2437 nncexxv‚

191 2448 234 2476 die
253 2450 269 2477 5
289 2449 461 2484 septembris,
479 2448 573 2484 pontif.
591 2456 620 2482 u,
642 2452 762 2475 erectum
778 2448 930 2484 fuithospi-

192 2493 258 2520 tium
284 2493 439 2520 Matritense
463 2494 497 2520 de
524 2494 552 2520 la
575 2493 699 2520 Passion
722 2493 749 2519 in
769 2496 929 2520 conventum

191 2537 305 2565 fratrum
324 2538 558 2565 Praedicatorum.

227 2583 244 2609 2
263 2583 333 2609 Edit.
355 2583 438 2610 Main.
460 2582 526 2618 legit
544 2582 673 2610 Ecclesia
691 2584 732 2616 (R.
749 2583 800 2616 T.).

228 2627 244 2656 3
263 2627 376 2656 Videtur
394 2627 542 2664 legendum
561 2628 720 2662 opportuni
740 2628 776 2663 (a.
793 2627 841 2660 iu).

780 232 975 257 BENEDICTUS
1000 232 1055 256 xm
1078 233 1128 257 1³1³.

978 282 1091 314 stituta
1107 281 1303 324 reperiatur:
1323 291 1391 321 nos,
1407 291 1443 314 ex
1468 280 1718 314 rationabilibus

979 339 1008 366 et
1028 335 1118 366 iustis
1145 335 1250 366 causis
1276 335 1370 367 nobis
1391 334 1476 366 notis
1497 335 1639 366 aniuuun
1662 345 1718 367 no-

978 391 1078 418 strum
1105 387 1329 425 moventibus,
1357 387 1596 429 motuproprio‚
1623 392 1654 419 et
1679 398 1718 419 ex

978 440 1065 470 certa
1090 439 1246 476 scientia,
1268 440 1374 482 deque
1400 440 1598 482 apostolicae
1625 444 1719 482 pote-

979 491 1070 522 statis
1097 491 1312 533 plenitudine,
1332 492 1448 524 dictam
1474 492 1719 524 confraternita-

979 550 1054 582 tem,
1073 547 1136 576 una
1161 555 1233 576 eum
1259 544 1346 577 illius
1373 545 1648 584 denominatione,
1668 546 1719 577 in-

977 597 1158 633 vocatione,
1178 597 1430 639 nuncupatione,
1453 597 1555 636 titulo,
1578 597 1719 630 essentia

978 659 1013 681 ac
1038 649 1204 692 qualitate,
1229 651 1410 692 apostolica
1435 650 1622 683 auctoritate
1644 660 1719 692 per-

978 707 1077 744 petuo
1096 702 1327 745 supprimimus
1343 709 1373 735 et
1388 703 1617 745 extinguimus,
1633 714 1720 735 eam—

978 756 1121 798 demque
1140 756 1440 788 confraternitatem
1463 762 1625 798 pcrpetno
1648 766 1720 798 sup-

978 819 1121 852 pressam
1147 814 1178 842 et
1203 809 1376 842 extinctam
1411 820 1481 842 esse
1508 815 1539 842 et
1564 810 1632 842 fore
1666 810 1721 842 dc-

977 862 1153 895 cernimus.

1022 915 1036 957 ἓ
1062 915 1092 947 ΕΖ.
1112 915 1174 948 Nos
1194 915 1344 958 proinde,
1364 917 1558 960 infrascripti
1581 917 1720 950 semina-

979 967 1018 999 rii
1051 979 1086 1000 ac
1116 969 1253 1000 fratrum
1280 974 1457 1002 conventus
1491 969 1718 1013 infrascriptae

979 1021 1135 1053 ecclesiae
1181 1021 1451 1055 indemnitatibus
1498 1029 1595 1066 atque
1632 1035 1719 1056 com-

978 1074 1186 1107 moditatibus
1218 1075 1323 1118 aliqua
1350 1075 1383 1108 in
1408 1081 1499 1119 parte
1535 1077 1717 1120 respective

978 1129 1149 1160 consulere
1176 1129 1335 1167 volentes,
1355 1140 1391 1161 ac
1413 1130 1525 1162 fratres
1551 1131 1680 1162 cosdem
1702 1140 1719 1162 a

978 1181 1148 1224 quibusvis
1184 1183 1550 1222 excommunicationis,
1576 1194 1714 1226 suspen-

978 1234 1079 1266 sionis
1095 1240 1125 1267 et
1142 1234 1317 1275 interdicti,
1333 1236 1469 1279 aliisque
1489 1236 1717 1270 ecclesiasticis

978 1288 1158 1328 sententiis,
1185 1288 1330 1321 censuris
1348 1295 1379 1321 et
1405 1289 1531 1332 poenis,
1546 1301 1562 1322 a
1578 1290 1645 1322 iure
1668 1291 1717 1323 vel

977 1341 1016 1373 ab
1043 1341 1188 1381 homine,
1214 1341 1325 1384 quavis
1351 1341 1521 1374 occasione
1548 1343 1596 1375 vel
1623 1344 1719 1374 causa

978 1394 1072 1434 latis,
1099 1394 1124 1426 si
1150 1394 1268 1437 quibus
1301 1395 1547 1437 quomodolibet
1571 1395 1717 1427 innodati

977 1447 1128 1487 existunt,
1148 1447 1187 1479 ad
1207 1446 1354 1480 ellectum
1381 1447 1601 1490 praesentium
1629 1448 1717 1480 dum-

979 1504 1060 1534 taxat
1085 1500 1374 1543 consequendum,
1402 1501 1516 1532 harum
1551 1501 1636 1533 serie
1662 1500 1718 1533 ab·

978 1555 1138 1587 solventes
1165 1559 1195 1586 et
1230 1554 1395 1586 absolutos
1427 1554 1495 1587 fore
1521 1559 1716 1593 censentes,

977 1618 1104 1640 necnon
1136 1607 1216 1640 alias
1253 1606 1467 1639 conventibus
1499 1611 1531 1639 et
1564 1606 1718 1639 fratribus

977 1670 1012 1693 ac
1037 1660 1213 1693 seminario
1240 1659 1429 1692 huiusmodi
1457 1659 1717 1702 applicationes,

977 1713 1269 1757 incorporationes‚
1284 1712 1511 1745 concessiones
1531 1718 1561 1745 et
1577 1713 1718 1755 assigna-

977 1767 1081 1801 t10ncs
1119 1767 1367 1810 quomodolibet
1409 1767 1566 1799 hactenus
1606 1766 1716 1798 forsan

976 1822 1094 1861 factas,
1125 1820 1150 1853 si
1177 1831 1258 1863 quae
1287 1820 1370 1859 sint,
1397 1819 1623 1862 praesentibus
1654 1829 1716 1862 pro

977 1874 1138 1918 expressis
1175 1873 1333 1906 babentes
1350 1900 1357 1913 ,
1384 1878 1497 1912 motu,
1520 1872 1654 1905 scientia
1684 1876 1717 1904 et

976 1927 1146 1971 potcstatis
1174 1927 1379 1969 plenitudine
1406 1926 1566 1958 similibus
1584 1952 1591 1965 ,
1625 1925 1714 1958 eius-

977 1982 1048 2014 dem
1084 1980 1362 2013 confraternitatis
1396 1979 1441 2012 sic
1477 1990 1535 2022 per
1568 1990 1627 2012 nos
1647 2006 1654 2019 ‚
1682 1983 1717 2011 ut

976 2035 1166 2078 praefertur,
1192 2044 1385 2077 suppressae
1418 2038 1449 2065 et
1474 2032 1632 2065 extinctae
1664 2043 1716 2065 ca-

976 2089 1093 2131 pellam
1126 2098 1182 2120 seu
1220 2087 1320 2119 altare
1352 2097 1387 2118 ac
1418 2085 1616 2124 oratorium,
1643 2094 1716 2118 cum

976 2141 1171 2183 magazenis,
1186 2139 1306 2172 fabrica
1324 2150 1380 2171 seu
1398 2138 1622 2171 mansionibus
1641 2139 1717 2171 sub-

976 2193 1136 2227 terraneis
1162 2193 1220 2226 snb
1247 2193 1359 2225 eodem
1385 2191 1528 2224 oratorio
1554 2190 1717 2223 existenti-

974 2248 1044 2287 bus,
1069 2246 1156 2289 quod
1183 2250 1230 2278 est
1255 2246 1293 2278 de
1320 2245 1441 2278 directo
1467 2244 1610 2276 dominio
1638 2243 1715 2276 dicti

974 2306 1162 2339 conventus
1182 2305 1212 2332 et
1238 2309 1296 2341 per
1320 2303 1451 2341 pactum
1478 2308 1666 2341 expressum
1682 2298 1715 2329 iu

974 2353 1183 2386 concessione
1208 2352 1295 2385 illius
1320 2352 1410 2384 fundi
1433 2352 1517 2384 dicto
1539 2350 1713 2383 conventui

974 2410 1176 2439 reservatum
1200 2410 1356 2444 remanet,
1374 2415 1503 2437 necnon
1522 2403 1632 2436 omnia
1649 2414 1714 2436 mo-

973 2458 1051 2491 bilia
1069 2463 1101 2490 et
1120 2457 1361 2501 suppellectilia
1386 2457 1617 2499 cuiuscumque
1643 2466 1713 2498 spe-

973 2511 1045 2551 ciei,
1066 2510 1253 2553 quantitatis
1279 2515 1309 2542 et
1334 2509 1461 2549 valoris,
1478 2520 1514 2542 ac
1536 2508 1645 2541 omnia
1666 2518 1713 2540 or-

942 2598 945 2601 ,
973 2569 1138 2605 namenta‚
1165 2564 1362 2596 candelabra
1387 2569 1419 2596 et
1442 2574 1516 2596 vasa
1541 2573 1632 2595 sacra
1657 2573 1714 2595 au-

973 2629 1029 2652 rea
1046 2623 1077 2652 et
1094 2623 1256 2661 argentea,
1275 2617 1504 2661 cuiuscumque
1531 2616 1660 2659 generis
1681 2620 1712 2649 et

1616 223 1679 257 363
1728 234 1779 259 An.
1797 233 1824 260 c.
1844 232 1912 260 ¹726

1759 929 1849 955 Eiusque
1877 929 1914 949 bo-

1731 963 1802 977 ninum
1845 955 1914 982 appll-

1731 985 1786 1004 ratio
1818 984 1915 1009 praefato

1730 1014 1851 1032 ‹seui-entui.
