2170 3147
200 203 247 229 11η,
265 203 294 229 c.
317 201 384 228 47-25
430 193 493 226 ‘14⁶2

255 526 379 545 Praelivtus

196 556 263 572 mutus
283 558 379 578 propriu«

197 606 367 626 caesenatensis.

969 197 1148 221 nutu-inum

391 252 438 283 vel
458 249 580 283 S.R.E.
599 248 797 281 cardinalem
824 247 854 279 in
881 246 1047 290 provincia
1072 246 1134 277 Ro-

392 303 577 335 mandiolae
618 306 649 333 ct
687 299 862 332 exarchatu
894 297 1132 331 Ravennatensi

392 355 596 399 Apostolicae
615 353 706 387 Sedis
726 353 764 385 de
783 353 886 385 latere
904 352 1056 393 legatum,
1072 361 1132 393 pro

391 415 539 452 tempore
567 407 753 448 existentes,
780 405 938 449 privative
957 414 1042 437 nunc
1061 414 1134 447 spe-

391 468 477 499 ctare
504 461 722 504 dignoscitur:

435 515 448 558 §
473 514 505 547 ll.
533 514 615 547 llinc
640 518 686 547 est
712 513 797 557 quod
829 523 904 552 nos,
939 511 993 555 qui
1027 511 1066 543 ab
1093 521 1131 543 00

328 569 452 601 ..viam
479 574 638 611 tempore,
665 578 728 610 quo
754 566 785 599 in
806 565 987 598 minoribus
1012 563 1133 597 consti-

392 621 446 654 tuti
473 621 628 655 ecclesiae
654 618 881 653 Caesenatensi
911 628 1131 661 praeeramus,

390 674 491 718 ipsius
517 674 593 707 cleri
614 672 833 717 querimonias
855 670 950 704 nobis
968 670 1131 703 interdum

391 729 470 760 latas
497 727 638 770 desuper
675 725 877 765 audivimus,
905 724 1078 767 ipsumque
1115 734 1131 755 a

390 781 531 824 collegio
557 780 724 824 praedicto
750 778 868 818 arceri,
895 787 1023 811 necnon
1058 787 1132 820 per-

390 844 484 866 sonas
511 833 767 873 ecclesiasticas‚
795 842 875 876 quas
903 841 969 863 non
1002 829 1130 862 minore

389 886 569 920 litterarum
607 886 743 919 scientia
779 896 816 918 ac
849 884 999 918 doctrina
1035 894 1129 927 quam

390 940 487 974 laicos
505 942 630 984 pollere
648 940 797 979 decebat,
817 937 849 971 111
867 936 1131 970 universitatibus

389 994 572 1027 studiorum
611 992 813 1036 generalium
852 990 987 1024 ditionis
1026 991 1130 1024 eecle-

391 1047 539 1080 siasticae
551 1046 722 1080 deterioris
742 1056 810 1078 esse
824 1044 1020 1078 conditionis
1036 1055 1130 1087 quam

391 1100 422 1132 in
440 1100 597 1133 similibus
612 1098 876 1132 universitatibus
894 1097 927 1130 in
945 1097 1130 1141 principum

389 1154 604 1187 saecularium
623 1153 774 1186 dominiis
791 1151 1059 1191 consistentibus,
1076 1151 1130 1183 ubi

389 1207 530 1241 libenter
548 1207 731 1251 passimque
750 1206 976 1246 admittuntur,
997 1205 1130 1248 indigne

390 1260 586 1302 serebamus,
607 1261 754 1294 eiusdem
772 1259 850 1293 cleri
869 1259 1129 1298 Caesenatensis,

391 1325 485 1357 quem
511 1314 665 1358 peculiari
684 1319 840 1357 paternae
861 1312 1028 1346 charitatis
1053 1323 1132 1345 sem-

390 1378 448 1410 per
472 1368 634 1411 complexi
662 1367 777 1400 suimus
803 1372 834 1400 et
859 1366 966 1399 adhuc
991 1367 1132 1410 comple-

390 1421 504 1454 ctimur
528 1421 653 1462 affectu,
678 1421 760 1455 votis
775 1421 836 1454 hac
853 1421 886 1454 in
903 1431 948 1463 re,
975 1425 1131 1464 quantum

390 1484 461 1507 cum
486 1475 622 1508 Domino
646 1485 826 1519 possumus,
853 1484 1008 1515 annuere,
1033 1474 1131 1507 illius-

391 1538 453 1571 que
477 1528 606 1561 utilitati
647 1538 683 1561 ac
720 1527 831 1561 decori
871 1527 902 1560 in
942 1526 1130 1570 praemissis

391 1581 580 1625 prospicere
606 1583 776 1621 volentes,
805 1586 892 1614 motu
918 1581 1074 1624 proprio,
1101 1586 1132 1614 et

391 1645 427 1667 ex
445 1638 531 1668 certa
550 1635 682 1668 scientia
699 1641 730 1668 et
747 1637 870 1668 matura
892 1634 1130 1668 deliberatione

391 1689 520 1729 nostris,
535 1689 638 1732 deque
656 1689 854 1732 apostolicae
873 1688 1045 1732 potestatis
1063 1690 1132 1732 ple·

390 1742 555 1783 1111011100,
599 1744 710 1775 barum
751 1741 859 1776 serie⁴
892 1743 1061 1775 statuimus
1101 1748 1132 1776 et

391 1795 578 1829 ordinamus
603 1801 638 1828 ut
662 1796 816 1839 deinceps
850 1796 1019 1840 perpetuis
1050 1796 1131 1829 sutu-

391 1848 677 1893 1·is‚temp0ribus
714 1849 914 1892 praedictum
956 1849 1131 1892 collegium

391 1902 576 1935 iuristarum
613 1902 723 1946 viginti
764 1903 952 1936 doctoribus
979 1903 1131 1947 collegia-

392 1955 475 1989 libus
493 1957 531 1989 de
547 1966 684 1989 numero
698 1956 965 2000 participantibus
980 1962 1129 1990 constare

393 2008 524 2051 debeat⁷
556 2020 693 2052 quorum
721 2010 833 2043 decem
872 2020 908 2043 ex
945 2011 1034 2043 clero
1071 2021 1129 2043 seu

392 2067 484 2095 coetu
499 2062 721 2096 ecclesiastico
732 2062 978 2103 Caesenatensis
993 2063 1128 2096 civitatis

391 2115 441 2147 vel
467 2115 639 2156 dioecesis,
667 2115 734 2148 sive
767 2115 842 2149 inde
880 2115 1039 2158 originem
1075 2116 1129 2149 du-

392 2173 521 2207 centes,
548 2168 612 2201 sive
639 2169 739 2202 exteri
771 2169 825 2212 qui
863 2175 970 2202 tamen
1007 2169 1128 2202 ibidem

393 2220 590 2253 domicilium
611 2221 840 2261 contraxerint,
858 2223 907 2255 vel
927 2222 1128 2264 dignitatem,

393 2274 628 2315 canonicatum,
654 2275 782 2308 aliudve
808 2275 1001 2308 beneficium
1027 2276 1130 2308 eccle-

393 2326 555 2360 siasticum
580 2329 628 2361 rel
655 2327 797 2361 officium
824 2328 1022 2362 residentiae
1048 2329 1129 2361 inibi

393 2380 611 2421 obtinuerint,
639 2387 671 2414 et
696 2382 828 2415 totidem
856 2382 942 2424 laici,
969 2381 1130 2426 qualitati-

392 2434 451 2467 bus
468 2445 550 2477 quae
570 2435 725 2468 hactenus
744 2436 865 2479 requiri
888 2441 1131 2469 consueverunt

393 2488 553 2532 praediti,
585 2488 739 2529 existant,
774 2490 815 2521 ita
846 2495 953 2523 tamen
987 2490 1072 2533 quod
1099 2500 1132 2522 o-

431 2605 439 2629 1
464 2602 535 2630 Edit.
559 2603 637 2630 Malu.
661 2603 725 2639 tegit
746 2603 849 2631 seriem
874 2611 976 2639 ι11.τ.,,

1174 196 1329 221 neutuna

1176 255 1266 278 mnes
1292 245 1440 278 doctores
1460 243 1546 285 laici,
1564 243 1619 287 qui
1638 243 1677 276 de
1694 242 1859 287 praesenti
1884 243 1917 276 in

1177 299 1291 332 eodem
1317 298 1459 341 collegio
1485 297 1713 341 reperiuntur,
1749 297 1781 330 in
1807 307 1845 330 eo
1870 307 1918 330 re-

1176 357 1341 389 maneant,
1358 352 1471 390 donec,
1491 361 1550 394 per
1569 351 1707 391 obitum,
1724 350 1916 390 cessionem,

1176 406 1224 438 vcl
1250 405 1430 438 absentiam
1449 432 1456 444 ‚
1483 405 1522 437 ad
1550 404 1718 437 denarium
1744 414 1918 437 numerum

1176 458 1298 491 redacti
1325 458 1460 499 suerint,
1479 467 1659 501 omnesque
1676 457 1788 500 viginti
1812 456 1919 489 docto-

1176 521 1227 544 res
1263 511 1423 554 praedicti
1464 516 1529 543 tam
1566 509 1779 543 ecelesiastici
1820 519 1918 553 quam

1176 564 1248 597 laici
1275 564 1448 607 collegium
1474 564 1661 596 itu-istarum
1682 563 1768 595 inter
1793 572 1827 595 se
1846 572 1919 595 0011·

1176 618 1336 658 stituant;
1369 623 1401 651 et
1426 618 1649 651 emolumenta
1673 616 1736 660 ipsi
1773 615 1917 658 collegio

1175 671 1381 705 obvenientia
1407 671 1491 704 inter
1517 681 1552 704 se
1574 670 1687 714 aequis
1708 668 1916 713 portionibus

1174 725 1367 768 partiantur.
1874 730 1878 731 ⁷

1219 779 1233 822 g
1258 778 1289 811 5.
1316 779 1487 812 Praeterea
1523 777 1748 812 venerabilem
1783 777 1916 810 fratrem
1944 786 2111 814 nepnmuropi-

1928 819 2006 839 scnpns
2035 813 2111 834 Gaesa-

1174 832 1369 865 modernum
1396 842 1432 865 ac
1456 842 1516 876 pro
1548 836 1695 875 tempore
1722 830 1915 863 existentem
1927 840 2110 865 mamistam-

1928 872 1971 886 rcm
1995 872 2032 887 SEU
2051 872 2110 892 [Rao-

1175 886 1363 929 episcopum
1399 885 1666 918 Caesenatensem
1700 884 1732 916 in
1771 883 1995 927 prior-emmam
2018 893 2110 914 „andum

1928 920 2029 945 cotti-git.
2064 925 2109 940 eum

1175 950 1228 973 seu
1255 939 1438 983 praesidem
1458 939 1602 972 eiusdem
1633 938 1780 981 collegii,
1809 943 2111 993 motu,gffi=flg·j³ffiSOr-

1174 993 1311 1027 scientia
1342 999 1374 1026 et
1403 992 1574 1036 potestatis
1600 991 1805 1035 plenitudine
1835 990 1917 1034 pari·
2075 988 2080 995 '

1176 1048 1246 1087 bus,
1267 1052 1380 1080 tenore
1399 1045 1632 1090 praesentium,
1649 1050 1812 1088 perpetuo
1830 1045 1916 1078 simi-

1175 1100 1249 1134 liter
1282 1100 1435 1139 facimus,
1461 1100 1688 1133 constituimus
1714 1105 1745 1132 et
1783 1099 1917 1142 deputa-

1176 1164 1260 1194 mus;
1276 1155 1422 1186 volentes
1438 1163 1473 1185 ac
1486 1153 1678 1186 mandantes
1694 1157 1728 1184 ut
1743 1151 1915 1194 collegium

1175 1207 1374 1251 praedictum
1408 1206 1440 1239 in
1471 1211 1642 1249 posterum
1675 1205 1706 1238 111
1748 1204 1916 1248 episcopio

1174 1265 1368 1293 convocetur
1393 1265 1425 1293 et
1459 1259 1660 1299 celebretur,
1686 1256 1916 1292 ecclesiasticis

1174 1313 1295 1348 scilicet
1320 1325 1337 1346 a
1363 1312 1492 1354 dextris,
1517 1312 1604 1345 iuxta
1630 1312 1784 1355 cuiusque
1811 1310 1917 1354 digni-

1176 1368 1246 1401 tatis
1271 1367 1431 1408 ordinem,
1452 1372 1483 1400 et
1499 1365 1590 1399 laicis
1616 1364 1808 1399 doctoribus
1832 1374 1850 1397 a
1874 1363 1915 1396 si-

1174 1421 1283 1455 nistris
1303 1420 1406 1464 ipsius
1428 1419 1574 1464 episcopi
1596 1419 1805 1459 sedentibus,
1831 1417 1917 1451 idem

1176 1486 1252 1509 vero
1278 1474 1452 1518 episcopus
1484 1484 1599 1507 omnes
1631 1473 1704 1506 illas
1735 1471 1918 1505 functiones

1174 1534 1323 1572 peragat,
1351 1538 1434 1572 quae
1459 1539 1476 1561 a
1502 1527 1612 1571 priore
1637 1526 1721 1560 laico
1748 1525 1825 1559 dicti
1850 1526 1918 1559 col-

1174 1582 1251 1626 legii
1293 1582 1460 1624 bucusque
1501 1579 1624 1623 expleri
1657 1583 1915 1619 consueverunt,

1173 1636 1371 1679 assignando
1396 1645 1515 1678 nempe
1541 1635 1580 1667 ad
1607 1634 1810 1667 doctoratum
1841 1643 1917 1677 pro-

1174 1688 1344 1723 movendis
1363 1693 1482 1732 puncta
1499 1687 1664 1732 examinis,
1683 1697 1729 1727 ac,
1743 1691 1916 1730 postquam

1174 1753 1309 1776 examen
1335 1742 1418 1774 vitae
1444 1739 1492 1774 et¹
1511 1740 1729 1783 collegialiter
1753 1739 1916 1783 expletum

1174 1801 1206 1829 et
1241 1794 1455 1839 promovendi
1489 1804 1548 1837 per
1580 1793 1768 1837 pluritatem
1805 1791 1917 1825 suffra-

1175 1849 1302 1891 giorum
1336 1848 1509 1880 doctorum
1534 1847 1579 1879 ibi
1605 1846 1828 1890 praesentium
1853 1850 1916 1878 tam

1174 1901 1470 1936 ecclesiasticorum
1497 1911 1591 1943 quam
1617 1899 1774 1933 laicorum
1799 1909 1917 1943 appro-

1173 1957 1240 1990 bati
1267 1956 1400 1996 suerint,
1429 1955 1604 1998 episcopus
1623 1953 1820 1998 praedictus,
1841 1957 1918 1986 tam-

1173 2020 1270 2054 quam
1286 2014 1394 2053 caput,
1406 2019 1441 2041 ac
1455 2008 1589 2042 nornine
1600 2006 1731 2051 collegii
1746 2006 1915 2051 praedicti,

1172 2062 1409 2107 professionem
1440 2062 1514 2095 fidei
1540 2061 1721 2095 catholicae
1747 2071 1806 2104 per
1830 2060 1916 2104 ipsos

1172 2116 1411 2161 promovendos
1438 2113 1670 2148 emittendam²
1687 2114 1834 2159 recipiat,
1862 2114 1918 2148 de-

1172 2170 1247 2203 inde
1274 2170 1350 2202 illos
1376 2170 1488 2202 laurea
1506 2168 1664 2202 doctorali
1682 2167 1859 2211 insigniat,
1886 2173 1916 2201 01

1172 2224 1210 2257 ad
1237 2224 1428 2257 doctoratus
1454 2222 1589 2266 gradum
1614 2221 1647 2254 in
1672 2226 1811 2266 utroque
1846 2221 1916 2255 iure

1172 2281 1388 2320 promoveat,
1421 2276 1533 2320 eisque
1560 2282 1730 2310 consuetas
1767 2281 1917 2319 patentes

1173 2332 1296 2365 litteras
1334 2342 1351 2364 a
1391 2341 1424 2364 se
1464 2330 1684 2374 subscriptas,
1724 2339 1848 2374 suoque
1886 2335 1915 2362 et

1173 2384 1318 2417 ciusdem
1345 2384 1477 2427 collegii
1503 2384 1610 2427 sigillo
1636 2384 1800 2424 munitas,
1822 2384 1917 2417 desu-

1173 2450 1231 2481 per
1258 2439 1411 2482 expediat
1436 2444 1467 2471 et
1492 2440 1628 2479 relaxet,
1655 2443 1782 2472 servato
1808 2439 1840 2471 111
1867 2448 1917 2471 re·

1173 2491 1271 2534 liquis
1298 2492 1445 2534 nihilque
1472 2492 1641 2525 immutato
1667 2502 1756 2525 more
1788 2502 1824 2525 ac
1850 2492 1915 2524 ritu

1921 194 1975 222 An.
1992 194 2021 222 C.
2044 195 2110 224 1725

1211 2564 1221 2587 1
1244 2561 1383 2588 Particula
1403 2565 1429 2590 el
1449 2562 1564 2590 delenda
1585 2564 1620 2597 (11.
1637 2563 1686 2597 τ.).

1209 2606 1224 2631 ΕΞ
1246 2605 1315 2632 Edit.
1338 2606 1415 2635 Maur
1439 2607 1503 2642 legit
1524 2607 1699 2635 emittendae
1721 2609 1760 2643 (n.
1778 2608 1826 2642 Τ,).
