2170 3147
203 149 254 176 An.
272 148 299 177 c.
320 149 392 176 1726
436 139 502 173 44⁶2

989 146 1169 173 BULLARIUM
1193 147 1350 173 ROMANUM

1931 149 1985 178 An.
2001 149 2031 179 C.
2053 150 2126 180 1726-

397 199 537 230 vidimus
563 197 709 230 sedulam
743 207 824 240 quae
850 196 973 230 eisdem
1000 197 1142 240 aegrotis
1184 196 1245 241 bos
1271 196 1487 240 depellendos
1513 196 1659 230 remedia
1679 197 1928 232 subministren-

397 262 457 294 per
483 253 586 293 ipsum
614 250 776 282 ,Emilium
796 250 1049 292 impendebatur
1073 260 1143 293 ope-

397 316 478 343 ram,
507 304 554 336 vel
581 304 720 335 maxime
748 304 1027 343 commendantes,
1053 303 1141 346 quod

397 357 485 389 illam
512 358 631 388 nedum
659 356 696 388 ad
716 366 829 388 eorum
858 366 1031 399 corporum
1058 356 1143 388 sani-

398 415 508 447 tatem,
530 409 585 441 sed
613 409 709 441 etiam
735 409 775 441 ad
800 409 980 441 animarum
1006 409 1142 441 salutem

397 463 572 506 plurimum
613 461 763 494 conferre
804 461 1142 495 animadvertebamus

397 521 533 558 propter
558 516 723 558 colloquia
747 514 929 558 spiritualia
946 520 978 547 et
995 515 1058 548 alia
1078 515 1143 558 pie-

399 569 472 601 tatis
499 569 652 601 exercitia
682 568 721 600 ab
747 568 862 601 eodem
882 568 1011 601 AEmilio
1037 568 1069 600 in
1096 567 1143 601 di-

400 628 483 654 ctam
501 622 630 654 domum
651 622 781 654 inducta
797 621 906 664 peragi
923 622 1028 660 solita,
1043 632 1142 665 quan-

402 675 579 717 doquidem
607 675 712 717 (quod
743 675 835 707 valde
869 674 1049 707 dolendum
1075 674 1142 716 est)

401 727 605 769 experientia
641 727 709 770 ipsa
735 732 938 770 compertum
965 727 1014 767 sit,
1033 737 1144 760 onmes

400 790 485 823 pene
521 781 703 822 praedictas
728 780 934 813 miserabiles
959 790 1119 823 personas
1135 806 1142 819 ,

403 844 485 876 quae
506 833 582 865 inibi
610 834 814 876 recipiuntur
839 839 871 866 et
891 838 1059 872 curantur,
1078 832 1145 875 pri-

401 896 527 918 morum
569 886 749 919 catholicae
786 885 860 919 fidei
901 896 938 919 ae
978 885 1144 919 doctrinae

402 940 599 972 cluistianae
626 941 866 972 elementorum
885 941 980 982 plane
999 939 1096 972 rudes
1114 944 1146 972 et

401 993 534 1035 ignaros
561 992 637 1025 illuc
664 993 848 1031 adventare,
868 1003 904 1025 ac
924 998 1029 1026 aetate
1048 993 1145 1025 etiam

403 1046 624 1089 provectiores
653 1046 707 1078 diu
736 1046 784 1078 vel
814 1056 978 1089 nunquam
1014 1052 1147 1089 peecata

403 1110 459 1131 sua
485 1099 713 1132 sacramentali
744 1100 950 1132 consessione
975 1100 1144 1143 expiasse:

274 1160 392 1192 azimi-mu
448 1153 461 1195 g
487 1153 516 1184 4.
538 1152 753 1190 Quamobrem
774 1163 843 1191 nOS,
862 1152 1024 1185 eiusmodi
1051 1153 1148 1186 mise-

206 1189 556 1249 ii'iriiiii'iiiii'ifh'ffi}rabilium
582 1216 794 1249 personarum
819 1216 993 1239 aerumnas
1012 1208 1148 1249 paterna

208 1242 263 1261 ’Νι
313 1242 563 1291 ¹¹²⁴[3ilss3cliaritsue
593 1258 874 1299 commiserantes,
901 1269 1077 1301 earumque
1104 1260 1148 1292 le-

403 1313 522 1344 vamini
542 1314 729 1355 opportuna
747 1312 885 1352 ratione,
901 1317 1057 1354 quantum
1076 1323 1148 1344 cum

403 1366 540 1398 Domino
561 1376 742 1408 possumus,
761 1365 950 1409 prospicere
965 1365 1147 1408 cupientes,

405 1419 444 1451 de
471 1419 606 1450 consilio
629 1423 659 1450 et
684 1418 723 1450 ad
749 1418 859 1450 enixas
879 1428 1009 1461 qnoque
1035 1428 1150 1461 preces

404 1472 635 1503 nonnullorum
673 1482 709 1503 ex
748 1471 870 1503 eisdem
905 1471 1149 1504 venerabilibus

405 1525 560 1557 fratribus
587 1523 708 1557 nostris
735 1523 766 1556 S.
787 1523 823 1557 R.
851 1524 885 1556 E.
914 1524 1148 1565 cardinalibus,

406 1589 441 1610 ac
463 1577 670 1619 potissimum
697 1576 806 1609 dilecti
840 1576 896 1608 lilii
929 1577 1032 1609 nostri
1065 1577 1150 1609 Petri

406 1630 582 1663 Marcellini
610 1629 693 1662 tituli
721 1629 751 1661 S.
773 1629 902 1661 Ioannis
928 1635 1001 1662 ante
1021 1629 1150 1662 Portam

406 1683 553 1716 Latinam
579 1682 681 1725 ipsuis
708 1681 739 1714 S.
760 1682 797 1715 R.
818 1682 852 1715 E.
870 1683 1052 1725 presbyteri
1082 1694 1152 1716 car-

408 1737 524 1769 dinalis
550 1735 719 1768 Corradini
746 1736 936 1778 nuncupati,
958 1736 1151 1779 pro-datarii

407 1791 520 1829 nostri,
545 1790 598 1832 qui
636 1789 802 1823 laudabile
839 1789 920 1822 illud
958 1800 994 1822 ae
1030 1789 1152 1822 eisdem

407 1843 649 1876 mic-:rabilzbus
675 1842 824 1885 personis
854 1847 918 1875 tam
952 1843 1096 1875 salutare
1121 1847 1153 1875 et

407 1896 589 1940 prolicuurn
614 1906 708 1939 opus,
727 1907 744 1928 a
769 1901 947 1928 memorato
969 1895 1100 1929 AEn‘iilio
1118 1900 1153 1928 ut

409 1950 591 1992 praefertur
617 1949 825 1989 inchoatum,
852 1948 939 1981 omni
966 1950 1042 1981 cura
1067 1949 1153 1981 iuva-

407 2013 464 2041 re,
501 2002 654 2044 illiusque
697 2002 931 2034 incrementum
972 2001 1151 2045 impensius

408 2066 599 2098 pl'ijuilovcl'e
626 2066 690 2087 non
717 2055 852 2095 desistit,
871 2055 1027 2098 pastorali
1046 2055 1152 2088 officio

409 2114 522 2140 no<tro
561 2108 695 2150 dignum
731 2112 762 2140 et
787 2113 1044 2140 consentaneum
1081 2118 1153 2141 esse

409 2161 558 2193 duximus
585 2160 617 2192 in
643 2161 756 2193 eadem
784 2160 887 2200 Urbe,
914 2161 1042 2204 piorum
1075 2171 1154 2204 ope-

409 2223 478 2244 rum
506 2213 639 2252 alitrice,
667 2212 698 2244 in
719 2224 781 2255 qua
799 2213 870 2246 aliis
887 2213 1010 2246 morbis
1029 2225 1064 2247 ae
1083 2224 1152 2247 cor-

409 2276 525 2307 porum
561 2265 806 2298 inmanitatibus
843 2266 993 2309 oppressi
1033 2267 1154 2300 liabent

409 2317 462 2348 ubi
483 2319 627 2349 solamen
649 2318 818 2361 accipiant,
838 2318 1001 2361 publicam
1021 2319 1155 2352 domum

410 2369 596 2409 instituere,
625 2371 655 2402 in
691 2382 753 2414 qua
784 2372 886 2415 lepra,
919 2371 1040 2412 scabie,
1069 2372 1155 2406 tinea

410 2432 464 2453 seu
501 2423 668 2464 prurigine
704 2423 735 2455 iu
772 2425 878 2467 capite
919 2430 1024 2457 tamen
1057 2425 1152 2457 labo-

411 2480 518 2506 rantes
556 2475 766 2517 iccipiaritur,
803 2479 952 2517 alantur,
984 2478 1156 2510 foveantur

410 2538 445 2561 ac
472 2533 638 2570 curentur,
666 2529 777 2573 eisque
811 2531 847 2562 ad
883 2530 1044 2564 eiusmodi
1071 2540 1156 2565 mor-

207 1268 306 1287 curandis

208 1299 317 1315 structum.

1188 255 1246 289 tur,
1273 260 1309 282 ac
1333 260 1398 282 non
1425 250 1531 283 minus
1557 260 1732 294 corporum
1752 261 1846 294 quam
1865 251 1929 285 ani-

1187 313 1309 336 marum
1345 313 1479 336 suarum
1515 303 1609 337 saluti
1646 305 1857 345 consulatnr;
1894 304 1929 338 in

1187 366 1326 398 eumque
1347 355 1456 396 finem,
1482 357 1589 389 locum
1616 356 1721 389 eidem
1748 356 1856 389 domui
1882 358 1929 390 vi-

1186 409 1305 449 cinum,
1323 410 1407 442 intra
1433 409 1512 442 duos
1532 415 1651 453 pontes
1674 409 1819 448 Quatuor
1842 409 1930 454 Capi-

1187 468 1253 495 tum
1280 473 1315 495 ac
1349 462 1472 496 Sixtum
1504 468 1715 505 nuncupatos
1751 463 1870 502 situm,
1895 463 1929 498 in

1187 516 1330 558 praefata
1353 515 1488 557 regione
1513 515 1777 559 Transtyberina,
1807 517 1840 549 in
1866 527 1931 560 qua

1186 579 1221 601 ac
1236 568 1475 600 circumvicinis
1490 568 1679 611 regionibus
1690 568 1931 612 praedictarum

1187 621 1421 654 miserabilium
1431 631 1642 664 personarum
1654 621 1932 665 frequentersolet

1187 683 1258 706 esse
1296 674 1470 713 incolatus,
1495 673 1736 714 destinavimus,
1762 685 1799 708 ac
1823 674 1931 709 multis

1187 726 1342 769 coemptis
1361 726 1496 770 privatis
1521 727 1655 760 aedibus
1680 728 1824 771 amplum
1850 727 1930 761 inibi

1187 779 1372 812 aedificium
1405 790 1478 812 eum
1513 779 1662 820 ecclesia,
1690 790 1772 823 quae
1804 780 1890 814 viros
1915 791 1933 814 a

1189 831 1379 864 mulieribus
1416 837 1559 875 separet,
1584 835 1702 875 magna
1738 835 1880 876 expensa
1915 844 1933 868 a

1189 884 1409 918 fundamentis
1435 885 1609 927 ereximus,
1628 896 1665 919 ac
1683 885 1821 920 officinis
1846 886 1933 920 aliis-

1189 948 1253 981 que
1279 937 1375 971 rebus
1403 939 1597 972 necessariis
1631 939 1778 983 apprime
1814 939 1934 973 instru-

1190 992 1306 1032 ximus,
1334 996 1373 1032 et,
1401 991 1621 1024 benedicente
1648 992 1794 1033 Domino,
1820 992 1934 1026 aedifi-

1190 1045 1273 1077 cium
1294 1044 1482 1078 huiusmodi
1508 1054 1592 1088 pene
1620 1044 1771 1078 omnibus
1796 1046 1862 1079 suis
1880 1056 1936 1079 nu·
1961 1039 1964 1042 “

1191 1098 1289 1131 meris
1309 1103 1340 1131 et
1358 1099 1504 1142 partibus
1529 1098 1735 1139 absolvimus,
1756 1109 1792 1132 ac
1810 1099 1843 1132 in
1860 1110 1934 1132 eum

1191 1157 1309 1184 statum
1339 1152 1539 1192 reduximus,
1566 1157 1601 1184 ut
1627 1151 1689 1184 iam
1714 1152 1935 1195 praefatarum

1191 1204 1425 1237 miserabilium
1444 1214 1659 1247 personarum
1677 1204 1750 1237 usui
1769 1203 1934 1244 inserviat,

1193 1264 1223 1290 et
1248 1257 1452 1290 miserabiles
1477 1267 1638 1301 personae
1660 1257 1847 1290 huiusmodi
1872 1257 1936 1290 iam

1194 1311 1270 1343 illuc
1289 1310 1490 1343 introductae
1509 1311 1658 1343 existant.

1238 1365 1252 1407 g
1278 1364 1310 1397 5.
1338 1364 1421 1397 llinc
1447 1368 1496 1397 est
1521 1364 1608 1407 quod
1635 1373 1716 1405 nos,
1743 1364 1796 1407 qui
1836 1364 1936 1398 hodie
1965 1375 2132 1407 memiqhosm-

1194 1417 1379 1450 aediticium
1414 1417 1627 1457 huiusmodi,
1651 1417 1706 1457 sie,
1732 1422 1767 1449 ut
1791 1403 2133 1461 praeser-lfflssssffisl'fbssiiii

1196 1476 1258 1510 tur,
1284 1482 1300 1503 a
1325 1471 1420 1504 nobis
1445 1481 1515 1503 cum
1539 1471 1688 1514 impensa
1712 1471 1781 1504 sere
1808 1458 2106 1515 septua-⁶³⁰¹²¹¹⁸¹²⁰¹'

1195 1525 1285 1566 ginta
1323 1525 1412 1557 mille
1445 1529 1613 1557 scutorum
1648 1529 1801 1557 monetae
1832 1534 1937 1557 roma-

1195 1589 1256 1610 nae
1276 1578 1472 1618 absolutum,
1494 1580 1558 1610 una
1575 1588 1649 1610 eum
1668 1577 1755 1610 illius
1780 1578 1938 1611 ecclesiae

1195 1630 1419 1663 mansionibus
1454 1630 1589 1673 aliisque
1627 1630 1836 1673 pertinentiis
1873 1630 1939 1663 suis

1196 1683 1258 1715 ritu
1286 1683 1425 1716 solemni
1456 1683 1494 1716 ad
1522 1683 1758 1726 omnipotentis
1784 1682 1839 1715 Dei
1872 1683 1940 1725 glo-

1196 1736 1274 1768 riam
1308 1741 1340 1768 et
1372 1736 1404 1767 in
1437 1736 1596 1769 bonorem
1629 1736 1663 1768 B.
1691 1735 1808 1768 Mariae
1833 1735 1939 1778 Virgi-

1196 1788 1246 1820 nis
1272 1798 1307 1821 ac
1332 1787 1363 1821 S.
1392 1787 1548 1821 Gallicani
1578 1788 1799 1831 personaliter
1823 1798 1938 1821 eonse-

1196 1841 1368 1881 cravimus,
1387 1841 1509 1884 illaque
1531 1851 1620 1873 sacro
1646 1840 1689 1884 pii
1716 1841 1779 1874 loci
1805 1841 1938 1875 nomine

1197 1894 1415 1937 omnibusque
1448 1893 1627 1937 privilegiis
1661 1900 1692 1927 et
1727 1893 1938 1927 immunitati-

1196 1947 1255 1980 bus
1296 1947 1413 1980 eeteris
1450 1947 1513 1990 piis
1551 1947 1632 1980 locis
1677 1948 1938 1991 competentibus

1197 2001 1380 2044 debitisque
1411 2000 1592 2043 apostolica
1616 2001 1810 2034 auctoritate
1839 2001 1938 2035 dona-

1197 2054 1311 2095 vimus,
1331 2059 1362 2087 et
1387 2053 1539 2097 publicae
1565 2053 1765 2087 venerationi
1792 2055 1940 2098 exposui-

1197 2118 1276 2147 mus,
1302 2113 1389 2140 motu
1416 2106 1563 2150 proprio,
1583 2118 1618 2139 ac
1635 2117 1671 2140 ex
1698 2109 1785 2140 certa
1802 2107 1938 2141 scientia

1198 2166 1228 2195 et
1252 2162 1377 2194 matura
1399 2159 1636 2193 deliberatione
1665 2161 1803 2201 nostris,
1832 2161 1938 2205 deque

1197 2214 1397 2258 apostolicae
1414 2213 1586 2257 potestatis
1604 2214 1821 2257 plenitudine,
1838 2224 1939 2247 unum

1198 2267 1229 2300 in
1255 2268 1327 2301 loeo
1353 2277 1388 2300 ac
1414 2267 1511 2300 domo
1536 2266 1713 2310 praedietis
1740 2277 1857 2300 novum
1882 2267 1939 2301 ho-

1197 2320 1313 2364 spitale
1331 2347 1338 2360 ,
1365 2320 1424 2352 sub
1450 2319 1655 2353 invocatione
1679 2319 1711 2352 S.
1739 2319 1856 2353 Mariae
1872 2346 1880 2360 ‚
1907 2325 1938 2354 et

1198 2373 1229 2406 S.
1253 2372 1410 2406 Gallicani
1437 2373 1705 2415 nuncupandum,
1723 2383 1784 2416 pro
1809 2372 1939 2406 misera-

1199 2426 1319 2459 bilibus
1362 2426 1511 2469 personis
1553 2432 1614 2458 tam
1652 2425 1809 2458 mendicis
1841 2436 1937 2468 quam

1199 2479 1272 2511 aliis
1298 2478 1496 2521 pauperibus
1528 2477 1623 2511 Urbis
1662 2483 1694 2510 et
1726 2477 1859 2510 ditionis
1884 2488 1937 2511 ec-

1199 2531 1401 2566 clesiasticae
1434 2531 1652 2576 praefatarum
1688 2535 1783 2574 atque
1820 2530 1936 2565 exteris
