2170 3147
32 185 81 211 An.
101 181 128 209 C.
147 182 214 209 1725

39 2408 178 2430 Prooemium.

798 186 990 210 EBNEDICTL'S
1015 187 1072 211 xm
1097 189 1145 212 PP.

224 229 328 265 solitis
354 231 518 271 clausulis,
544 243 581 265 ac
605 233 808 265 irritantibus
834 239 866 266 et
890 234 960 267 aliis

224 283 375 322 decretis,
393 283 424 316 in
447 294 566 326 genere
592 286 642 317 vel
668 285 700 317 in
726 285 844 328 specie,
864 286 960 319 etiam

222 342 323 377 motu,
351 337 485 369 scicntia
512 342 539 370 et
565 337 735 381 potcstatis
756 338 960 381 plenitudine

223 389 393 429 similibus,
409 390 504 422 ctiam
518 389 799 431 consistorialiter,
814 402 850 423 ac
864 390 959 424 alias¹

222 442 471 486 quomodolibet
492 442 523 475 in
545 443 745 476 contrarium
771 444 960 486 praemisso-
981 456 982 459 ¹

221 505 291 528 rum
316 496 480 528 concessis
500 523 507 537 ,
535 496 630 529 editis
650 524 657 536 ,
695 496 892 529 confirmatis
929 502 960 530 et

220 549 417 592 approbatis,
444 559 480 582 ac
496 549 618 592 pluries
636 555 668 583 et
687 550 958 593 quantiscumque

219 601 340 635 vicibus
372 602 554 643 innovatis;
590 603 704 646 quibus
739 602 888 636 omnibus
928 608 959 635 et

223 654 373 697 singulis,
399 654 524 688 etiarnsi
551 666 610 698 pro
636 655 766 688 illorum
787 655 957 689 sufficienti

219 707 433 749 derogatione
461 707 499 740 de
526 707 589 740 illis
615 718 793 751 eorumque
820 708 892 740 totis
915 713 958 741 te-

218 759 353 792 noribus
379 759 528 802 specialis
545 786 552 799 ,
586 759 735 803 specifica
755 787 762 799 ,
802 770 958 804 expressa

218 816 252 844 et
275 810 460 852 individua,
485 822 521 845 ac
545 812 583 845 de
608 813 707 845 verbo
733 813 772 845 ad
799 812 933 845 verbum
950 839 957 851 ‚

218 874 283 897 non
302 869 411 898 autem
427 874 485 907 per
502 865 662 898 clausulas
683 866 852 908 generales
869 865 955 898 idern

216 917 446 960 importantes,
473 918 593 950 mentio
635 928 691 951 seu
724 918 857 961 quaevis
893 918 956 951 alia

216 969 381 1013 expressio
407 970 577 1011 habenda,
604 976 658 1003 aut
682 971 789 1014 aliqua
812 971 875 1004 alia
907 982 956 1004 ex-

216 1023 333 1067 quisita
358 1023 460 1056 soi-ma
485 1024 524 1056 ad
557 1025 618 1057 hoc
653 1025 810 1057 servanda
846 1025 953 1065 soret,

215 1082 345 1110 tenores
378 1076 585 1116 huiusmodi,
612 1087 648 1110 ac
673 1077 700 1110 si
726 1078 764 1111 de
791 1078 890 1111 verbo
915 1078 953 1111 ad

214 1130 360 1169 verbum,
385 1129 469 1163 nihil
494 1130 625 1174 penitus
648 1130 781 1169 omisso,
796 1142 831 1164 ae
850 1131 953 1164 forma

213 1183 246 1216 in
270 1182 335 1216 illis
361 1182 477 1215 tradita
494 1183 673 1223 observata,
693 1184 953 1227 exprimerentur

213 1243 244 1270 et
260 1237 492 1278 insererentur,
510 1237 626 1270 iisdem
643 1237 872 1280 praesentibus
891 1249 951 1282 pro

212 1291 309 1335 plene
328 1296 360 1324 et
378 1290 576 1324 sufficienter
593 1291 755 1334 expressis
773 1296 804 1324 et
822 1291 952 1325 insertis

213 1344 382 1384 habentes,
408 1344 473 1377 illis
499 1344 576 1377 alias
602 1344 636 1376 in
662 1355 718 1378 suo
745 1345 862 1378 robore
881 1357 952 1389 per-

212 1397 373 1431 mansuris
390 1425 397 1438 ,
424 1398 463 1430 ad
488 1398 739 1441 praemissorum
777 1398 925 1432 effectum
942 1426 949 1439 ‚

213 1451 327 1484 harum
347 1450 445 1491 serie,
464 1451 652 1494 specialiter
670 1457 701 1484 et
718 1462 872 1495 expresse
887 1454 950 1496 ple-

210 1504 346 1538 nissime
373 1509 405 1538 et
430 1505 630 1548 amplissime
657 1505 872 1548 derogainus;
900 1518 950 1539 ce-

212 1558 353 1601 terisque
378 1557 550 1591 contrariis
576 1558 846 1602 quibuscumque.

253 1612 369 1645 Datum
395 1611 528 1652 Itomae,
555 1613 642 1655 apud
663 1611 693 1646 S.
715 1612 865 1653 Petrum,
891 1613 949 1645 sul)

209 1666 330 1698 annulo
355 1664 546 1705 piscatoris,
575 1665 627 1698 die
653 1676 669 1698 v
695 1666 769 1698 maii
790 1676 947 1708 mcccxxv,

208 1717 415 1761 pontificatus
449 1718 578 1759 nostri,
605 1729 690 1751 anno
717 1730 737 1751 1.

243 1779 303 1807 Dat.
321 1779 367 1807 die
381 1781 398 1807 5
413 1780 476 1807 maii
492 1780 572 1813 1725,
589 1780 688 1816 pontif.
706 1789 777 1808 anno
797 1787 815 1808 1.

532 1924 618 1957 va.

206 2003 415 2047 Praecipimr
447 2005 616 2037 abbatibus
647 2006 855 2048 reqularibus
877 2016 949 2049 per-

249 2056 366 2099 petuis,
395 2062 431 2089 ut
455 2057 545 2099 infra
570 2068 693 2090 annum
718 2069 738 2090 a
761 2058 813 2091 die
837 2069 944 2091 eorum

250 2109 413 2142 electionis
446 2110 485 2142 ab
510 2111 666 2153 episcopis
697 2110 947 2144 benedictionem

249 2161 448 2205 suscipiant,
474 2162 523 2194 vel
546 2163 662 2196 saltem
683 2164 848 2206 postulent
863 2163 886 2198 ².

381 2241 560 2270 Benedictus
589 2242 768 2277 episcopus,

387 2293 494 2314 servus
515 2294 670 2314 servorum
691 2288 754 2319 Dei,

324 2331 362 2356 ad
382 2334 560 2364 perpetuam
579 2332 624 2359 rei
643 2333 825 2360 memoriam.

250 2400 416 2435 Commissi
435 2402 530 2435 nobis
547 2403 682 2436 caelitus
703 2405 874 2447 apostolici
892 2405 946 2437 mi·

205 2454 331 2487 nisterii
355 2455 545 2489 sollicitudo
570 2466 628 2489 nos
655 2457 825 2498 admonet,
854 2462 887 2492 ut
911 2469 944 2491 o-

242 2525 252 2551 1
277 2524 348 2552 Edit.
370 2525 453 2553 Main.
475 2525 541 2561 legit
560 2526 627 2553 aliis
647 2528 687 2561 (n.
705 2528 753 2562 τ.).

239 2568 256 2595 2
276 2567 360 2596 Huius
380 2569 478 2597 Pontis.
499 2573 585 2598 const.
608 2570 673 2597 edit.
695 2577 842 2607 unccxxvt,
863 2573 907 2600 die
930 2575 942 2601 7

292 2622 373 2650 Bulz.
393 2623 476 2651 Rom.
498 2639 532 2644 —
556 2624 616 2651 Vol.
640 2624 731 2654 XXII.
875 2626 909 2653 22

1005 236 1125 269 mnium
1144 237 1276 280 quiden]
1295 238 1556 272 christifidelium
1576 245 1743 283 paternam

1005 295 1152 327 geramus
1179 298 1299 328 curam,
1316 289 1374 322 sed
1396 299 1507 322 eorum
1534 291 1742 333 praesertim,

1004 338 1077 380 qui,
1105 340 1298 384 contemptis
1330 341 1493 375 illecebris
1519 344 1635 376 saeculi
1653 371 1660 385 ,
1685 345 1743 378 sul)

1004 391 1282 434 suavi·1·eligionis
1308 393 1382 436 iugo
1413 394 1526 427 divinis
1551 406 1621 429 sese
1647 398 1743 432 obse-

1004 443 1088 486 quiis
1106 445 1343 487 manciparunt,
1360 457 1518 490 prospero
1538 449 1631 482 statui
1657 452 1743 484 salu-

1003 494 1118 539 brique
1138 496 1316 538 directioni,
1335 505 1489 541 quantum
1508 501 1602 534 nohis
1620 503 1658 535 ab
1676 504 1741 537 alto

1003 548 1210 589 conceditur,
1228 551 1418 594 prospicere
1439 553 1638 594 studeamus,
1657 562 1699 594 et,
1714 557 1741 590 si

1003 600 1080 643 quid
1099 597 1130 632 iu
1149 602 1292 644 regulari
1319 602 1491 647 disciplina
1519 605 1740 642 inordinatum

1003 658 1034 684 et
1051 652 1210 686 absonum
1229 656 1278 687 vel
1296 665 1312 687 a
1331 666 1493 689 sacrarum
1512 658 1621 701 legum
1642 669 1740 694 sensu

1003 704 1144 738 alienum
1170 705 1255 739 inter
1280 718 1334 740 eos
1356 708 1527 751 irrepsisse
1545 711 1738 754 eonstiterit,

1002 757 1190 799 pontificiae
1215 759 1440 802 providentiae
1469 766 1499 795 et
1538 764 1740 797 auctoritatis

1002 819 1062 853 ope
1088 811 1280 845 submovere
1306 823 1342 846 ac
1366 823 1383 846 e
1409 814 1516 848 medio
1548 816 1661 849 tollere
1692 827 1742 850 sa-

1003 867 1157 905 tagamus,
1179 870 1338 907 quatenus
1356 866 1417 910 ipsi
1434 873 1506 900 vota
1524 878 1580 900 sua
1605 868 1739 903 Domino

1000 916 1138 949 reddere
1163 917 1194 950 in
1221 918 1390 952 sanctitate
1416 924 1448 952 et
1472 919 1616 960 iustitia,
1641 932 1678 954 ac
1706 922 1738 955 in

1000 971 1052 1010 ea,
1080 981 1175 1014 quam
1205 973 1393 1014 elegerunt,
1418 974 1547 1007 tutioris
1576 974 1658 1008 vitae
1688 986 1738 1009 ra-

1000 1023 1098 1064 tione,
1118 1025 1333 1068 amplioribus
1354 1026 1387 1059 in
1406 1027 1474 1060 dies
1500 1028 1660 1071 proficere
1686 1039 1737 1062 va-

997 1078 1086 1110 leant
1110 1077 1330 1112 incrementis.

1041 1132 1055 1175 ξ
1084 1131 1111 1164 1.
1139 1130 1216 1165 Cum
1251 1132 1359 1177 itaque
1373 1161 1380 1175 ‚
1413 1134 1497 1167 sicut
1526 1136 1709 1180 accepimus
1726 1164 1732 1177 ,
1772 1150 1852 1195 causae
1868 1156 1929 1198 ⁹3⁰¹

1746 1183 1780 1196 <eh
1795 1183 1810 1196 IS
1827 1184 1876 1198 COBS
1889 1184 1893 1198 l
1906 1184 1928 1199 u·

1156 1186 1323 1228 regulares
1341 1189 1500 1230 perpetui,
1520 1199 1584 1222 non
1603 1190 1734 1233 quidem
1747 1206 1818 1224 nouis.

997 1184 1131 1218 abbates

996 1238 1121 1271 ratione
1141 1238 1234 1279 tituli,
1254 1239 1328 1282 quia
1346 1241 1384 1273 ad
1404 1241 1590 1281 triennium,
1606 1244 1653 1277 vel
1671 1254 1737 1277 sex-

995 1291 1149 1331 ennium,
1183 1297 1236 1325 aut
1272 1293 1358 1326 aliud
1394 1294 1565 1328 limitatum
1605 1302 1734 1340 tempus

994 1345 1170 1388 eliguntur,
1195 1346 1251 1378 sed
1278 1347 1402 1380 ratione
1429 1348 1732 1390 administrationis,

993 1398 1069 1441 quia
1095 1399 1134 1432 al)
1159 1399 1255 1432 unius
1280 1402 1466 1434 monasterii
1495 1403 1662 1444 regimine,
1683 1415 1736 1437 ex-

993 1453 1080 1495 pleto
1106 1453 1244 1486 limitato
1263 1460 1421 1497 tempore,
1441 1456 1678 1489 transferuntur
1695 1459 1733 1491 ad

993 1506 1092 1546 aliud,
1116 1507 1154 1538 ab
1180 1507 1359 1550 episcopis,
1379 1508 1410 1540 in
1438 1519 1576 1551 quorun)
1603 1510 1734 1544 dioece-

992 1557 1079 1591 sibus
1106 1559 1164 1591 sita
1190 1565 1264 1591 sunt
1290 1561 1508 1601 monasteria,
1536 1563 1733 1596 benedictio-

992 1622 1065 1644 ueni
1093 1612 1252 1652 obtinere,
1272 1613 1336 1646 inno
1362 1619 1393 1646 et
1419 1621 1530 1657 petere
1549 1616 1731 1659 negligant:

992 1665 1066 1697 hinc
1084 1670 1130 1697 est
1156 1666 1241 1708 quod
1268 1676 1338 1705 nos,
1359 1667 1445 1708 gravi
1471 1668 1627 1701 eiusmodi
1655 1670 1732 1702 abu-

992 1717 1037 1749 sui
1065 1728 1123 1760 pro
1148 1719 1321 1761 pastoralis
1352 1719 1446 1752 officii
1480 1720 1588 1754 debito
1614 1732 1731 1764 oppor-

993 1776 1068 1804 tune
1093 1772 1266 1804 consulere
1289 1782 1323 1804 ac
1349 1773 1520 1815 providere
1553 1774 1731 1817 cupientes,

991 1824 1030 1856 de
1062 1825 1296 1857 nonnullorum
1333 1825 1566 1859 venerabilium
1599 1827 1731 1860 fratrum

990 1882 1176 1909 nostrorum
1200 1876 1232 1910 S.
1253 1877 1288 1910 R.
1309 1877 1342 1910 E.
1365 1878 1577 1912 cardinalium
1613 1885 1643 1912 et
1675 1881 1732 1913 ali-

990 1935 1069 1973 quot
1093 1929 1227 1973 insuper
1248 1930 1410 1963 Romanae
1431 1931 1546 1965 Curiae
1572 1934 1732 1975 praelato-

990 1994 1060 2016 rum
1086 1994 1185 2026 super
1211 1984 1271 2016 hoc
1296 1995 1313 2017 a
1338 1984 1430 2017 nobis
1465 1985 1651 2028 specialiter
1676 1987 1731 2019 de-

990 2041 1175 2079 putatorum
1201 2036 1360 2077 consilio,
1393 2037 1606 2071 suadentibus
1634 2039 1729 2071 etiam

990 2089 1149 2132 episcopis
1175 2094 1206 2122 et
1230 2089 1299 2122 aliis
1334 2090 1543 2123 ecclesiarum
1577 2091 1729 2134 praelatis

989 2142 1020 2175 in
1039 2143 1205 2185 praesenti
1223 2153 1316 2175 sacro
1342 2143 1480 2176 concilio
1507 2144 1729 2187 congregatis,

988 2204 1115 2228 necnon
1141 2200 1231 2228 motu
1258 2194 1399 2237 propio,
1421 2205 1457 2228 ex
1483 2198 1569 2228 certa
1594 2196 1729 2229 scientia

989 2257 1025 2279 ac
1050 2249 1175 2279 matura
1200 2247 1435 2280 deliberatione
1461 2248 1596 2288 nostris,
1624 2249 1728 2292 deque

988 2300 1186 2342 apostolicae
1221 2300 1391 2343 potestatis
1417 2300 1643 2343 plenitudine,
1670 2303 1730 2335 hac

988 2354 1098 2385 nostra
1122 2358 1282 2396 perpetuo
1319 2354 1457 2386 valitura
1489 2355 1727 2388 constitutione

987 2405 1194 2447 iniungimus,
1205 2405 1425 2448 praecipimus
1440 2411 1470 2439 et
1485 2406 1630 2440 districte
1646 2418 1727 2440 man-

986 2485 1084 2515 martii,
1100 2485 1195 2519 pontif.
1208 2491 1234 2519 11,
1247 2484 1432 2512 decernuntur
1447 2485 1635 2521 episcoporum
1651 2495 1728 2522 regu-

985 2528 1082 2555 larium
1098 2528 1206 2556 hahitus
1226 2532 1252 2556 et
1268 2532 1387 2561 tonsura,
1403 2529 1668 2566 determinaturque,
1686 2535 1725 2566 ut,

985 2572 1110 2601 abdicato
1131 2572 1306 2609 episcopatu,
1328 2573 1360 2602 ad
1381 2574 1500 2603 claustra
1519 2578 1701 2603 revertantur.

1647 182 1709 215 169
1756 193 1807 219 An.
1827 193 1854 219 c.
1874 193 1940 220 1725
