2170 3147
48 216 96 244 An.
117 215 146 242 C.
167 215 233 243 1725

73 1222 195 1243 Ctausulan.

75 1909 234 1931 Contrariorum

48 1936 168 1962 derogatio.

818 215 1010 238 DENEDICTUS
1036 215 1052 238 Χ
1060 215 1091 238 lIl
1117 215 1166 237 l‘i‘.

242 264 346 297 dictae
363 263 545 296 carthusiae
569 263 700 295 maioris
725 265 839 296 saltem
858 264 981 296 duabus

240 316 363 349 vicibus
389 315 535 359 quolibet.
560 325 665 354 anno,
696 321 726 347 et
750 326 809 357 per
833 313 979 348 mensem

241 368 387 411 qualibet.
403 368 483 407 vice,
499 379 534 401 ex
556 369 668 400 eadem
686 367 849 400 carthusia
866 367 978 399 maiori

242 421 365 463 egredi.
393 425 423 454 et
456 431 514 463 per
547 420 686 463 seipsum
712 425 889 452 memorata
914 429 981 451 mo-

242 473 391 512 nasteria,
413 473 444 505 in
470 473 644 516 provinciis
669 472 789 505 Galliae
817 472 981 504 dumtaxat

243 526 462 564 consistentia,
481 526 588 558 tamin
606 525 710 568 capite
725 536 819 568 quam
837 525 868 556 in
886 533 982 556 mem-

241 579 309 612 bris
334 579 472 618 visitare,
495 584 525 611 et
550 579 633 611 circa
651 589 762 611 eorum
786 578 894 616 vitam,
914 587 982 609 mo-

241 642 294 665 res
321 637 352 664 et
376 633 559 675 regularem
584 631 832 670 observantiam,
852 640 980 663 necnon

243 685 433 718 eorumdem
458 684 726 717 monasteriorum
745 688 861 716 statum
880 687 912 715 et
927 683 981 715 ad-

240 737 512 770 ministrationem
526 742 586 769 tam
599 737 629 768 in
645 735 869 779 spiritualibus
885 745 979 778 quam

242 790 275 822 in
298 791 531 833 temporalibus
553 790 726 832 diligenter
744 789 917 832 inquirere,
935 793 982 820 at-

242 853 304 886 que
339 843 446 876 omnia
471 844 510 876 ad
539 843 733 886 primaevam
767 841 905 874 instituti
932 852 982 874 ra-

241 896 363 929 tionem
380 907 415 929 ac
436 907 599 929 sacrorum
618 906 778 929 canonum
798 900 829 928 et
845 894 980 928 Concilii

240 948 418 981 Tridentini
440 949 687 993 praescriptum,
705 954 798 991 prout
823 948 855 979 in
881 947 982 980 Domi·

240 1011 283 1034 no
308 1001 461 1045 expedire
487 1000 716 1039 arbitramur⁴,
741 1001 918 1033 reformare
944 1000 981 1032 li-

240 1055 320 1087 bere
345 1060 376 1086 et
400 1054 487 1086 licite
515 1054 616 1096 possit
641 1058 672 1085 et
698 1054 821 1092 valeat,
847 1052 981 1085 auctori-

243 1111 306 1138 tate
329 1106 512 1149 apostolica,
528 1111 638 1138 tenore
653 1105 884 1148 praesentium,
906 1115 980 1138 con-

242 1158 388 1191 cedimus
414 1164 445 1191 et
468 1159 685 1200 indulgemus.

285 1211 299 1254 5
323 1211 354 1245 3.
382 1212 612 1252 Decernentes,
631 1212 762 1245 easdem
787 1216 978 1255 praesentes

242 1265 364 1297 litteras
389 1275 519 1308 semper
543 1264 660 1304 tirmas,
684 1265 804 1298 validas
822 1271 854 1298 et
874 1265 979 1298 effica-

241 1328 293 1351 ces
320 1319 456 1351 existere
483 1324 514 1351 et
543 1319 620 1357 tore,
646 1329 788 1361 suosque
814 1319 979 1361 plenarios

241 1376 273 1403 et
297 1371 440 1413 integros
466 1370 598 1404 ess'ectus
623 1371 733 1404 sortiri
761 1377 791 1404 et
817 1371 977 1410 obtinere,

242 1433 277 1456 ac
302 1424 341 1456 ab
361 1423 435 1463 illis,
452 1424 490 1457 ad
511 1435 592 1467 quos
619 1430 745 1467 spectat
762 1429 793 1457 et
812 1435 872 1468 pro
899 1430 979 1457 tem-

241 1487 320 1520 pore
338 1477 609 1521 quandocumque
627 1478 794 1521 spectabit,
814 1477 980 1510 inviolabi-

241 1531 315 1563 liter
331 1530 506 1569 observari,
523 1530 634 1574 sicque
658 1531 689 1563 in
712 1531 899 1573 praemissis
920 1541 979 1574 per

241 1593 462 1626 quoscumque
488 1583 612 1617 iudices
638 1584 820 1617 ordinarios
840 1589 872 1616 et
893 1584 980 1617 dele-

241 1641 345 1678 gatos,
363 1636 457 1669 etiam
484 1647 654 1669 causarum
674 1637 783 1680 palatii
809 1636 978 1680 apostolici

240 1689 406 1722 auditores
423 1716 430 1728 ‚
457 1688 589 1722 iudicari
616 1694 647 1722 et
673 1689 800 1722 deliniri
836 1690 953 1723 debere
971 1717 978 1730 ‚

241 1753 277 1776 ac
309 1743 433 1775 irritum
461 1749 488 1775 et
514 1743 610 1775 inane
636 1743 659 1775 si
687 1754 779 1776 secus
805 1754 905 1786 super
930 1743 980 1775 his

241 1807 258 1829 a
285 1807 456 1840 quoquam,
476 1796 586 1839 quavis
612 1797 813 1836 auctoritate,
840 1797 981 1830 scienter

242 1849 289 1882 vel
316 1849 514 1891 ignoranter,
535 1849 709 1891 contigerit
730 1850 890 1882 attentari.

287 1902 350 1946 54.
374 1901 442 1935 Non
473 1902 679 1935 obstantibus
706 1903 891 1946 praemissis
907 1930 914 1942 ,
947 1913 981 1935 ac

243 1955 534 1989 constitutionibus
548 1961 578 1988 et
589 1956 852 1989 ordinationibus
860 1961 983 1999 aposto-

244 2009 326 2048 licis,
341 2019 484 2046 necnon.
506 2014 666 2052 quatenus
681 2019 762 2052 opus
779 2009 833 2050 sit,
852 2009 982 2042 Ordinis

244 2068 273 2095 et
302 2062 574 2094 monasteriorum
602 2062 860 2105 praedictorum,
886 2063 982 2095 etiam

243 2114 434 2152 iuramento,
457 2113 702 2148 confirmatione
720 2115 907 2158 apostolica,
932 2117 982 2149 vel

244 2167 355 2211 quavis
382 2167 530 2199 firmitate
559 2167 619 2199 alia
646 2167 827 2207 roboratis,
856 2168 982 2200 statutis

245 2225 276 2253 et
299 2220 604 2258 consuetudinibus,
630 2220 810 2262 privilegiis
841 2230 984 2263 quoque,

242 2272 377 2305 indultis
403 2277 435 2305 et
460 2272 578 2305 litteris
596 2272 786 2315 apostolicis
808 2272 840 2304 in
857 2278 985 2305 contra-

243 2326 326 2359 rium
353 2326 604 2369 praemissorum
630 2325 876 2369 quomodolibet
909 2336 986 2358 eon-

244 2379 357 2418 cessis,
381 2378 582 2412 confirmatis
608 2384 640 2411 et
664 2378 843 2418 innovatis;
867 2378 984 2421 quibus

244 2432 393 2465 omnibus
430 2437 462 2464 et
497 2432 654 2473 singulis,
687 2432 818 2464 illorum
856 2436 986 2464 tenores

244 2484 475 2528 praesentibus
509 2495 569 2527 pro
602 2485 700 2527 plene
725 2489 756 2516 et
787 2483 986 2517 sufficienter

246 2537 411 2580 expressis
437 2547 473 2570 ac
497 2538 535 2570 ad
560 2538 693 2570 verbum
715 2537 846 2570 insertis
868 2536 988 2570 haben-

282 2600 294 2627 1
317 2598 409 2626 Potius
429 2599 626 2627 arbitrabitur
649 2599 688 2626 vel
709 2599 876 2627 arbitratur
891 2599 985 2634 (n.·r.).

1656 202 1719 235 ⁶209
1767 210 1949 240 An.C.1725

1023 270 1081 301 tes,
1099 263 1163 295 iltis
1184 263 1263 295 alias
1288 262 1320 294 in
1342 271 1399 295 suo
1425 263 1545 295 robore
1570 271 1761 304 permansu-

1022 316 1074 354 ris,
1094 316 1131 348 ad
1158 315 1411 358 praemissorum
1438 314 1595 354 effectum,
1614 315 1674 346 hac
1691 314 1760 345 vice

1022 368 1207 407 dumtaxat,
1234 369 1420 411 specialiter
1457 372 1489 400 et
1524 377 1676 409 expresse
1708 367 1762 398 de-

1023 430 1193 462 rogamus,
1220 421 1404 463 ceterisque
1433 420 1606 454 contrariis
1631 421 1762 463 quibus-

1023 482 1176 515 cumque.

1067 525 1179 557 Datum
1201 526 1320 558 Romae
1337 553 1344 565 ‚
1372 527 1456 569 apud
1481 526 1512 559 S.
1542 527 1673 559 Mariam
1701 526 1763 558 Ma-

1023 576 1136 616 iorem,
1165 578 1224 609 sub
1258 579 1380 610 annulo
1402 579 1587 618 piscatoris,
1614 579 1665 611 die
1691 588 1762 611 xxvt

1022 630 1215 672 septembris
1233 640 1392 671 unccxxV‚
1421 631 1633 675 pontificatus
1658 633 1761 665 nostri

1023 693 1109 715 anno
1136 693 1170 716 u.

1057 744 1120 771 Dat..
1137 743 1182 771 die
1197 745 1230 770 26
1249 745 1411 779 septembris
1428 746 1513 779 1725,
1531 746 1630 780 pontif.
1648 754 1719 772 anno
1736 752 1763 772 tt.

1341 886 1444 920 XCIV.

1023 964 1189 998 Statuitur
1213 966 1332 1009 quibus
1357 967 1496 999 ecclesiis
1520 967 1635 1000 calices
1659 972 1688 999 et
1712 978 1761 999 ce-

1066 1019 1158 1050 reia
1182 1024 1296 1051 senatu
1330 1020 1516 1063 populoque
1550 1020 1692 1053 Romano
1728 1021 1763 1052 in

1067 1071 1102 1103 in
1126 1076 1290 1114 posterum
1316 1072 1503 1114 offerantur.

1198 1152 1377 1179 Benedictus
1399 1153 1478 1185 Papa
1499 1152 1577 1185 XIII,

1152 1197 1188 1223 ad
1203 1200 1380 1230 perpetuam
1397 1196 1441 1223 rei
1458 1197 1640 1223 memoriam.

1801 1275 1922 1297 Exordium.

1066 1266 1153 1300 Licet
1178 1267 1327 1300 omnibus
1353 1267 1495 1300 universi
1514 1267 1600 1300 orbis
1617 1268 1762 1301 ecclesiis

1023 1320 1128 1353 divina
1160 1320 1372 1363 dispositione
1407 1320 1647 1363 praesidemus,
1680 1332 1759 1364 pro-

1022 1373 1111 1416 prius
1148 1379 1252 1406 tamen
1291 1374 1503 1406 ecclesiarum
1540 1375 1643 1406 almae
1670 1374 1763 1406 Urbis

1021 1432 1148 1460 nostrae
1173 1438 1249 1459 cura
1274 1437 1333 1459 nos
1360 1427 1479 1469 tangit,
1506 1438 1683 1470 earumque
1710 1427 1764 1460 de-

1023 1481 1139 1513 coriae
1163 1480 1425 1519 necessitatibus,
1447 1485 1603 1523 quantum
1622 1491 1693 1513 cum
1709 1481 1765 1513 Do-

1023 1534 1110 1566 mino
1137 1543 1319 1576 possumus,
1342 1533 1455 1565 sedulo
1482 1533 1702 1576 providemus.

1067 1586 1081 1629 ᾖ
1105 1585 1136 1618 1.
1164 1585 1240 1618 Cum
1258 1585 1376 1628 itaque,
1394 1586 1476 1618 sicut
1496 1586 1693 1628 accepimus,
1712 1586 1765 1629 pia
1804 1593 1959 1612 ueternum·-

1777 1619 1866 1639 simunt.»
1876 1621 1959 1638 senato-

1023 1649 1059 1671 ac
1083 1637 1278 1671 laudabitis*
1306 1638 1337 1670 in
1365 1638 1432 1681 ipsa
1455 1638 1539 1671 Urbe
1558 1637 1664 1680 vigeat
1689 1648 1959 1671 con-ruetvwvwa-

1778 1674 1844 1692 torum
1858 1672 1881 1692 Ui
1888 1672 1919 1691 lus
1931 1672 1959 1691 ut'-

1024 1691 1170 1730 suetudo,
1190 1692 1276 1734 quod
1297 1691 1402 1724 dilecti
1426 1691 1483 1724 filii
1510 1691 1655 1724 ciusdem
1673 1691 1856 1723 Urbisferewl·
1871 1701 1960 1724 *inomn-

1025 1750 1157 1778 senator
1177 1750 1208 1777 et
1232 1750 1477 1777 conservatores
1500 1745 1536 1778 ad
1564 1745 1707 1777 diversas
1726 1745 1764 1777 de
1777 1726 1960 1776 2J,‡„02‘¹''gs,{b„}}

1025 1799 1108 1831 dicta
1134 1797 1217 1830 Urbe
1244 1798 1406 1837 ecclesias,
1428 1797 1481 1829 ubi
1509 1798 1697 1830 festivitates
1715 1808 1766 1830 ce·
1777 1778 1824 1798 dm
1841 1778 1945 1799 “dmm

1026 1852 1205 1890 lebrautur‚
1225 1850 1363 1892 singulis
1390 1851 1481 1882 anuis
1507 1851 1698 1883 solemniter
1715 1861 1765 1883 ac-

1026 1905 1152 1942 cedant,
1179 1914 1214 1935 ac
1240 1903 1302 1936 illis
1330 1903 1445 1936 calices
1471 1908 1642 1945 argenteos
1668 1909 1699 1936 et
1715 1913 1766 1936 ce-

1026 1967 1101 1989 reos
1119 1962 1247 1989 sanctos
1260 1954 1270 1972 ⁴²
1288 1956 1463 1999 populique
1482 1956 1616 1988 Romani
1633 1957 1764 1989 nomine

1014 2009 1183 2049 offerant,
1209 2009 1301 2051 isque
1327 2019 1405 2047 mos,
1424 2009 1475 2052 qui
1503 2014 1576 2041 ante
1602 2009 1765 2041 saeculum

1027 2063 1131 2104 quoad
1147 2063 1321 2094 nonnullas
1337 2062 1488 2094 ecclesias
1504 2061 1692 2094 huiusmodi
1704 2071 1767 2093 ser-

1028 2115 1093 2147 vari
1120 2115 1241 2158 eoepit,
1265 2119 1330 2146 tum
1358 2124 1416 2156 per
1440 2114 1658 2146 Romanorum
1683 2114 1765 2146 Pon-

1028 2167 1146 2199 tificum
1183 2167 1474 2209 praedecessorum
1512 2171 1697 2199 nostrorum
1735 2167 1766 2198 in

1028 2220 1122 2252 simili
1151 2220 1252 2252 torma
1277 2218 1387 2251 Brevis
1421 2219 1546 2252 litteras
1578 2230 1633 2252 seu
1660 2219 1767 2252 chiro-

1028 2272 1151 2315 grapha
1177 2282 1287 2304 eorum
1314 2282 1409 2303 manu
1447 2271 1591 2314 signata,
1619 2277 1685 2304 tum
1711 2282 1768 2314 per

1030 2324 1243 2357 resolutiones
1269 2324 1481 2356 conciliorum
1508 2335 1562 2357 seu
1587 2325 1767 2357 sessionum

1029 2377 1187 2420 Capitolii,
1206 2383 1258 2409 aut
1274 2377 1433 2419 rescripta
1458 2377 1659 2420 supplicibus
1676 2377 1770 2410 tibet-

1029 2431 1068 2464 lis
1090 2442 1107 2463 a
1125 2431 1217 2465 dictis
1242 2431 1523 2463 conservatoribus
1550 2431 1706 2474 apposita,
1728 2430 1768 2463 ad

1030 2476 1245 2528 quadfiginta
1265 2490 1336 2517 octo
1361 2494 1447 2517 nunc
1473 2483 1566 2517 Urbis
1583 2484 1767 2527 praedictae

1069 2556 1076 2580 t
1101 2554 1172 2581 Edit.
1193 2553 1272 2581 Main.
1295 2555 1361 2589 legit
1381 2555 1524 2582 laudabili
1541 2555 1578 2590 (R.
1594 2555 1645 2590 τ.).

1066 2599 1081 2625 2
1103 2598 1183 2625 Deest
1202 2607 1252 2625 sao
1275 2602 1309 2631 (n.
1326 2599 1374 2633 T.).
