2170 3147
176 227 227 255 An.
247 228 277 254 c.
295 227 363 255 «7⁹25
409 218 472 251 1158

213 660 345 680 Prnnomiuvn
358 675 362 681 .

303 693 575 733 ‘Ji‘elineifabilem
609 695 737 727 divinae
769 694 922 727 bonitatis
949 693 1117 726 abundan-

176 742 258 759 renteni
290 740 325 759 ihil

177 767 260 786 arn—m
277 741 468 789 ⁴ia⁴‚.-¹.'›L¹itiam,
496 750 587 782 nullo
613 749 684 782 licet
711 748 902 781 meritorum
928 753 1115 780 nostrorum
1137 764 1138 776 ι

210 2044 292 2065 Causae
308 2049 369 2069 pinin-

183 2075 248 2091 mutii
266 2075 369 2091 rotantu-

183 2100 253 2118 notua.

952 226 1136 250 BULLMUFM

703 276 779 308 LXI.

371 347 572 380 Statmcnlur
589 347 754 380 uonmdla
778 347 864 379 circa
884 347 1014 379 clericos
1032 346 1117 379 bene-

414 401 539 442 ficiatos
565 401 600 433 in
626 400 742 433 habitu
764 400 878 432 laicali
900 400 1079 433 incedentes
1094 399 1114 432 ¹.

556 480 738 508 Benedictus
758 479 930 513 episcopus,

548 532 658 552 servus
688 531 845 552 servorum
874 525 938 557 Dei,

487 570 524 597 ad
546 572 724 603 perpetuam
745 569 790 596 rei
811 569 995 596 memoriam.

420 642 628 685 Apostolicae
665 640 825 674 Ecclesiae
870 639 1019 683 regimini
1056 649 1138 682 per.

374 801 542 844 suffragio,
569 801 812 845 praesidentes,
847 801 885 834 eo
911 800 1115 843 potissimum
1137 779 1138 817 i

374 856 574 899 apostolieae
600 855 787 898 vigilantiae
813 855 921 887 studia
947 854 1116 897 dirigenda
1137 870 1139 904 ¹.

376 921 448 944 esse
475 910 686 949 arbitramur,
707 915 750 949 ut,
773 909 826 952 qui
852 909 885 942 in
911 914 1029 942 sortem
1055 909 1116 941 Do·
1137 907 1139 918 '

373 965 453 998 mini
480 964 583 997 vocati
617 969 692 996 sunt
725 963 1033 1006 ecclesiasticaeque
1057 962 1115 994 mi·
1137 964 1139 989 l

374 1016 463 1049 litiae
487 1025 607 1048 nomen
634 1015 804 1054 dederunt,
832 1014 954 1057 ubique
981 1014 1139 1056 irrepre-=

374 1069 555 1103 hensibiles
594 1069 813 1102 inveniantur.
841 1068 976 1101 Maxime
1010 1067 1114 1111 siqui-

374 1123 447 1155 dem
474 1123 561 1166 ipsos
587 1123 681 1156 decet
714 1122 809 1155 vitam
844 1131 1018 1164 moresque
1045 1131 1139 1154 suos

373 1186 488 1209 omnes
514 1175 557 1208 ita
582 1185 790 1218 componere,
809 1180 844 1207 ut
862 1175 985 1215 habitu,
1012 1181 1115 1217 gestu,

374 1229 502 1262 incessu
529 1229 667 1273 aliisque
692 1229 842 1262 omnibus
870 1230 965 1262 rebus
990 1228 1035 1261 nil
1058 1228 1116 1261 nisi

375 1293 483 1326 grave,
510 1283 715 1316 moderatum
741 1293 777 1315 ac
803 1282 962 1325 religione
984 1283 1117 1325 plenum
1138 1305 1140 1312 s

374 1337 606 1381 praeseferant.
622 1336 777 1375 Quocirca
796 1336 933 1369 clericos
949 1346 1118 1379 quoscum-

375 1401 449 1434 que,
467 1390 661 1434 praesertim
680 1400 754 1423 vero
781 1389 941 1423 beneficia
965 1390 1118 1423 ecclesia-

376 1444 454 1477 stica
480 1444 680 1484 obtinentes
703 1443 807 1477 teneri
833 1448 937 1477 vestes
963 1444 1117 1477 honestas

377 1504 409 1531 et
436 1498 572 1541 proprio
598 1502 818 1541 congruentes
843 1497 948 1530 ordini
985 1498 1139 1541 semper1

377 1551 522 1590 deferre,
548 1556 596 1589 ut,
618 1561 678 1594 per
702 1551 884 1584 decentiam
911 1551 1041 1583 babitus
1067 1561 1119 1584 ex-

377 1604 520 1643 trinseci,
535 1615 662 1637 morum
684 1605 888 1637 honestatem
909 1604 1117 1637 intrinsecam
1138 1627 1139 1632 ,

377 1658 569 1697 ostendant,
596 1663 643 1697 et,
669 1658 694 1690 si
721 1668 814 1690 secus
841 1658 996 1696 fecerint,
1022 1658 1116 1690 etiam
1139 1658 1140 1691 l

377 1713 482 1754 poena
508 1710 698 1754 privationis
720 1710 955 1743 beneficiorum
974 1711 1119 1754 plecten-
1139 1720 1141 1725 ’

377 1766 435 1798 dos
461 1776 543 1803 esse,
568 1775 676 1797 sacrae
701 1764 906 1797 Tridentinae
924 1764 1043 1808 Synodi
1066 1765 1119 1797 de-
1139 1785 1141 1798 t

378 1818 475 1851 cretis
503 1818 720 1861 pluribusque
754 1817 976 1851 Romanorum
1009 1817 1120 1850 Ponti-

378 1871 472 1904 ficum
507 1871 797 1915 praedeccssorum
832 1877 1017 1904 nostrorum
1047 1874 1142 1904 san-l

378 1924 537 1957 etionibus
566 1924 701 1968 provide
727 1930 821 1968 atque
848 1925 1020 1958 salubriter
1046 1932 1142 1958 can-t

379 1984 445 2012 tum
472 1978 540 2011 sit².

423 2032 437 2076 ξ
462 2032 491 2064 1.
518 2032 593 2065 Cum
616 2032 736 2077 itaque,
763 2033 847 2066 sieut
873 2044 938 2066 non
964 2033 1033 2066 sine
1054 2043 1119 2066 ma-

379 2087 464 2120 ximo
492 2086 588 2119 animi
622 2087 725 2120 nostri
751 2097 914 2127 moerore,
936 2087 999 2120 imo
1025 2087 1120 2120 etiam

380 2141 526 2180 horrore,
546 2140 764 2185 percepimus,
784 2141 999 2184 quorumdam
1027 2140 1122 2173 cleri·
1141 2131 1143 2173 ’ἶ

379 2205 489 2228 corum
514 2194 676 2227 beneficia
713 2193 933 2227 ecclesiastica
969 2193 1121 2226 obtinen-

380 2248 459 2280 tium
485 2247 617 2282 audacia
643 2252 676 2279 et
700 2247 864 2280 temeritas
895 2247 992 2280 bodie
1019 2257 1121 2280 eous-

380 2312 443 2344 que
476 2301 696 2345 processerit,
725 2306 760 2334 ut
796 2301 828 2333 in
862 2301 1003 2334 dedecus
1034 2301 1143 2334 ordi-t

379 2354 428 2388 nis
453 2355 631 2395 clericalis,
667 2365 832 2388 sacrorum
859 2364 1018 2388 canonum
1045 2364 1122 2387 eon-

416 2454 424 2479 1
450 2452 563 2489 ςοηεῑίὶ.
586 2452 650 2479 edit.
668 2458 812 2486 noccxxw,
831 2452 874 2479 die
895 2452 929 2479 23
948 2452 1121 2486 septembris,

379 2497 475 2533 pontif.
497 2503 514 2529 t,
536 2496 697 2524 confirmata
718 2501 745 2523 et
765 2497 891 2523 innovata
910 2497 960 2523 fuit
979 2500 1065 2523 const.
1082 2497 1122 2523 ln-

380 2542 499 2568 nocentii
520 2540 575 2567 xtn
606 2549 686 2576 snper
715 2541 898 2567 ecclesiastica
926 2541 1068 2576 disciplina
1096 2541 1121 2567 in

380 2586 471 2622 regnis
492 2585 690 2621 Hispaniarum.

415 2631 432 2657 2
452 2630 547 2666 Aptius
569 2630 626 2666 lege
647 2633 686 2658 est
708 2630 745 2657 vel
768 2631 825 2664 sui(
844 2630 883 2665 (n.
906 2631 955 2664 r).

1160 225 1318 250 ROMANUM

1160 280 1328 319 temptum,
1344 285 1562 319 magnamque
1577 275 1757 308 animarum
1772 284 1903 308 suarum

1160 329 1337 372 perniciem
1364 329 1519 362 incedere
1537 328 1569 361 in
1588 328 1702 361 habitu
1721 328 1825 361 laicali
1845 328 1904 360 mi-

1159 383 1246 415 nime
1271 388 1469 416 vereantur:
1498 393 1574 420 n08‚
1602 381 1792 424 gravissimo
1825 380 1903 413 huic
1954 394 2096 424 suan-amru

1159 436 1273 468 abusui
1300 441 1332 469 et
1356 435 1617 468 cln·istitidelium
1644 434 1813 467 offensioni
1840 444 1902 477 pro
1914 420 2096 498 iiidifisc'l'konissa

1914 479 1964 499 prae
1984 479 1987 492 ι
2050 479 2074 499 pr
2089 483 2097 489 -

1908 224 1957 253 An.
1979 225 2009 254 C.
2028 226 2092 255 1725

1136 494 1138 502 ¹
1159 490 1332 533 pastoralis
1357 489 1451 522 officii
1479 488 1599 528 debito,
1627 494 1782 531 quantum
1808 487 1999 520 nobisceaant.

1160 554 1196 576 ex
1223 544 1286 576 alto
1308 542 1508 582 conceditur,
1525 547 1710 585 opportune
1729 541 1902 574 consulere

1159 596 1343 640 cupientes,
1359 597 1398 629 de
1417 596 1649 629 nonnullorum
1666 594 1904 628 venerabilium

1161 650 1294 682 fratrum
1321 654 1507 683 nostrorum
1525 649 1555 681 S.
1575 648 1610 681 R.
1631 647 1666 680 E.
1690 647 1905 681 cardinalium

1136 708 1192 737 ¹¹et
1218 703 1343 746 aliquot
1373 702 1505 744 insuper
1539 701 1731 734 dilectorum
1764 700 1904 734 tiliorum

1160 756 1324 789 Romanae
1349 755 1463 788 Curiae
1489 755 1731 799 praelatorum,
1759 764 1842 798 quos
1866 754 1905 787 ad

1161 808 1191 842 id
1218 809 1407 852 specialiter
1433 808 1671 852 deputavimus,
1698 807 1850 848 consilio,
1870 818 1906 840 ac

1161 863 1257 896 etiam
1282 868 1371 896 motu
1408 862 1567 906 proprio,
1595 872 1630 895 ex
1657 863 1746 895 certa
1770 861 1906 895 scientia

1137 945 1139 955 ,
1161 928 1196 949 ac
1221 918 1347 950 matura
1372 916 1609 949 deliberatione
1636 915 1770 955 nostris,
1798 916 1905 959 deque

1161 971 1359 1014 apostolieae
1385 970 1558 1013 potestatis
1590 969 1818 1013 plenitudine,
1846 969 1906 1002 hac

1161 1025 1271 1056 nostra
1304 1029 1465 1067 perpetuo
1497 1023 1635 1056 valitura
1671 1022 1905 1056 constitutione

1162 1077 1394 1115 decernimus,
1420 1076 1590 1109 statuimus
1627 1081 1659 1109 et
1695 1076 1905 1114 mandamus,

1162 1130 1250 1173 quod
1276 1130 1437 1163 Ordinarii
1464 1131 1611 1163 locorum
1629 1157 1636 1170 ,
1668 1129 1721 1162 ubi
1744 1129 1806 1162 sita
1831 1135 1908 1162 sunt

1162 1183 1321 1217 beneficia
1359 1183 1537 1223 eiusmodi,
1565 1183 1759 1216 clericorum
1799 1189 1906 1216 vestes

1163 1237 1297 1270 laicales
1331 1237 1548 1270 deferentium
1582 1237 1820 1280 impudentiam
1855 1247 1906 1270 ca-

1161 1290 1287 1323 nonicis
1314 1289 1465 1323 remediis
1490 1289 1624 1323 omnino
1650 1291 1847 1331 coerceant,
1875 1294 1907 1323 et.

1162 1343 1251 1375 hune
1277 1342 1308 1375 in
1336 1342 1433 1376 finem
1460 1353 1525 1376 non
1552 1343 1650 1375 modo
1683 1343 1829 1386 possint,
1851 1343 1905 1375 sed

1163 1396 1260 1428 etiam
1296 1396 1438 1429 debeant
1473 1401 1584 1428 contra
1616 1395 1701 1439 ipsos
1728 1395 1905 1439 procedere

1161 1461 1222 1494 per
1248 1450 1418 1484 citationes
1444 1450 1528 1484 domi
1557 1449 1689 1482 dimissa
1707 1449 1811 1494 copia,
1830 1460 1908 1493 qua-

1162 1510 1259 1537 tenus
1286 1503 1485 1537 domicilium
1511 1503 1655 1536 habeant
1675 1503 1706 1535 in
1726 1513 1839 1536 eorum
1860 1513 1908 1536 re-

1162 1558 1306 1601 spective
1333 1557 1538 1591 dioecesibus
1551 1583 1558 1597 ‚
1578 1556 1626 1590 sin
1645 1557 1750 1590 minus
1764 1584 1771 1597 ,
1789 1567 1848 1600 per
1863 1557 1908 1590 ci—

1162 1608 1300 1642 tationes
1323 1609 1361 1641 ad
1387 1609 1504 1649 valvas,
1527 1607 1670 1651 iurisque
1697 1607 1812 1642 ordine
1839 1618 1907 1641 ser-

1162 1667 1244 1701 vato,
1262 1661 1456 1695 sententiam
1479 1660 1727 1694 declaratoriam
1752 1660 1907 1705 privatio-

1139 1716 1211 1763 ⁸nis
1236 1715 1445 1747 obtentorum
1482 1713 1718 1747 beneficiorum
1753 1714 1785 1746 in
1817 1713 1907 1758 ipsos

1164 1769 1248 1802 ferre
1274 1773 1304 1801 et
1331 1767 1570 1811 pronunciare,
1595 1767 1640 1800 ita
1666 1773 1773 1800 tamen
1794 1772 1830 1800 ut
1855 1777 1908 1800 ea-

1164 1822 1236 1855 dem
1255 1821 1424 1861 beneficia,
1443 1822 1531 1854 iuxta
1552 1821 1817 1854 constitutionem
1843 1821 1908 1854 feli-

1140 1905 1142 1924 ἱ
1163 1876 1207 1908 eis
1233 1874 1470 1908 recordationis
1495 1874 1573 1908 Sixti
1595 1875 1617 1905 V
1642 1874 1907 1918 praedecessoris

1164 1929 1267 1962 nostri
1302 1929 1513 1972 incipientem
1543 1928 1621 1962 Cum
1647 1931 1905 1967 sacrosanctam,

1141 1987 1295 2016 {nostrae
1322 1993 1357 2015 ac
1382 1981 1517 2015 Romani
1548 1981 1714 2014 Pontificis
1740 1992 1801 2025 pro
1828 1986 1908 2014 tem-

1164 2047 1243 2080 pore
1266 2034 1437 2068 existentis
1459 2034 1638 2074 collationi,
1668 2033 1848 2078 provisioni
1869 2045 1906 2067 ae

1141 2089 1372 2129 ,omnimodae
1407 2088 1609 2132 dispositioni
1644 2093 1853 2121 reserventur
1878 2093 1908 2121 et

1165 2148 1326 2176 reservata
1351 2147 1557 2176 censeantur.

1209 2197 1222 2240 g
1248 2196 1280 2229 02.
1308 2197 1483 2229 Praeterea
1504 2197 1666 2236 volumus,
1689 2195 1859 2229 statuimus
1878 2200 2103 2250 etfflsdffiffipraiigg:

1165 2250 1370 2282 declaramus
1395 2247 1572 2292 praedictis
1590 2248 1718 2281 clericis
1736 2247 1983 2281 beneficia-teneri
1998 2255 2037 2276 sub
2050 2260 2104 2280 1³0⁰-

1917 2284 1944 2302 na
1960 2282 2044 2302 lethalis
2058 2281 2104 2302 cul·

1166 2303 1204 2335 tis
1220 2303 1251 2335 in
1269 2303 1382 2336 habitu
1401 2303 1507 2336 laicali
1525 2302 1753 2335 incedentibus
1775 2301 1907 2334 minime
1917 2308 2001 2355 {³320ss
2016 2307 2103 2355 musii:

1166 2357 1263 2390 licere
1289 2356 1458 2399 percipere
1480 2365 1540 2388 nec
1562 2355 1666 2388 facere
1689 2365 1762 2388 suos
1784 2354 2103 2414 fructusiglthiusmpgmtsstgg:

1165 2415 1194 2443 et
1212 2414 1388 2453 proventus
1408 2419 1627 2452 quoscumque
1652 2419 1783 2441 suorum
1808 2408 1969 2441 bene-rum-

1166 2463 1323 2502 ficiorum,
1343 2462 1575 2505 cuiuscumque
1599 2461 1728 2504 generis
1742 2488 1749 2502 ,
1770 2461 1904 2504 speciei,

1166 2515 1331 2559 qualitatis
1350 2521 1380 2548 et
1397 2515 1514 2548 valoris
1536 2514 1694 2547 existant:
1716 2515 1793 2557 quin
1811 2515 1906 2547 etiam

1165 2579 1317 2611 evpressc
1344 2569 1551 2601 decernimus
1574 2578 1609 2600 ac
1635 2567 1796 2600 sancimus
1822 2568 1908 2600 eius-

1166 2621 1252 2655 modi
1273 2621 1493 2663 bcncficiatoQ
1508 2631 1543 2654 ex
1559 2630 1648 2654 mero
1664 2621 1747 2654 facto
1762 2620 1907 2658 incessus
