2170 3147
33 175 86 203 An.
101 174 130 202 C.
155 173 222 201 179ss

35 1555 127 1577 Thomas
151 1554 220 1576 Seba-

36 1583 116 1603 stianus
137 1581 219 1602 Barbu-

35 1609 141 1656 Qesqtlilsm
157 1599 332 1656 tuffijlectus
357 1597 442 1631 filius
462 1598 602 1631 Thomas
620 1598 829 1631 Sebastianus
848 1598 970 1631 Barbu-

36 1667 114 1683 venms
136 1652 371 1685 ereaturcliiellus
393 1652 571 1693 Ravennas,
590 1651 840 1685 iurisconsultus
858 1652 968 1685 multis

56 1689 199 1709 locumtenens
389 1705 394 1710 .
449 1705 454 1710 .
595 1705 599 1710 .
763 1705 769 1710 .
885 1704 890 1710 .
944 1704 950 1709 .

35 1715 130 1763 ,effigffm
162 1711 263 1742 lega-et
286 1715 472 1748 praeeipuis
498 1705 676 1745 doctrinae,
698 1704 770 1737 sidet
796 1706 968 1748 probitatis

818 172 1016 197 BENEDtC'rUS
1043 172 1101 196 xm
1125 172 1173 196 rP.

226 223 356 265 gendo,
385 223 439 265 qui
466 222 508 255 sit
541 223 764 255 locumtenens
795 221 896 255 civilis
932 226 963 254 et

226 275 398 317 generalis,
419 275 636 317 assignamus,
654 275 734 307 itaut
758 275 901 318 reliquae
924 275 963 307 ci-

225 327 338 360 vitates
361 332 392 360 et
405 327 590 370 provinciae
610 326 648 359 ab
666 327 808 360 eiusdem
827 327 963 360 lionoris

226 385 258 413 et
271 380 415 412 muneris
436 380 648 423 perceptione
668 379 894 412 excludantur.
910 379 965 412 De-

226 432 388 465 claramus
414 433 521 472 etiam,
540 438 584 471 ut,
603 432 872 475 quotiescumque
898 442 963 464 mu-

226 495 286 518 nus
311 485 565 518 locumtenentis
590 485 693 517 civilis
719 485 759 517 ab
785 485 892 527 aliquo
915 495 965 517 ex-

227 543 340 571 traneo
366 538 595 571 iurisconsulto
617 538 759 571 exerceri
781 537 963 580 contigerit,

226 591 282 623 ubi
308 592 511 634 postmodum
541 591 615 624 civis
641 591 757 634 aliquis
782 591 964 630 Ravennas,

227 650 280 676 aut
306 654 342 677 ex
368 645 532 687 provincia
557 644 790 677 Romandiolae
818 649 965 686 repertus

227 697 334 737 suerit,
357 698 411 741 qui
431 698 578 731 doctrina
596 703 627 730 et
653 698 760 740 legum
787 696 914 740 peritia,
932 702 963 729 ut

227 751 377 794 superius
403 760 593 794 expressum·
616 757 683 792 est,
709 751 812 785 eidem
838 750 965 783 muneri

227 803 380 837 obeundo
406 804 543 836 idoneus
576 809 770 848 reputetur,
799 809 872 836 tunc
897 803 965 846 ipso

228 857 310 890 sacto
337 857 422 890 idem
447 859 670 890 locumtenens
695 863 726 890 et
750 857 843 890 iudex
867 862 967 890 extra-

227 920 308 943 neus
335 921 426 943 suum
453 921 569 943 munus
602 911 662 943 iam
688 910 867 944 absolvisse
893 920 966 943 cen-

228 968 347 1002 seatur,
366 963 471 995 locum
491 963 620 995 daturus
642 963 701 995 civi
718 962 895 996 Ravennati
912 967 967 995 aut

228 1025 264 1048 ex
285 1015 517 1048 Ravennatium
542 1016 707 1058 provincia
733 1021 816 1055 orto,
837 1027 855 1049 a
874 1015 967 1049 nobis

228 1072 259 1100 et
279 1068 520 1101 successoribus
542 1069 663 1101 nostris
690 1069 729 1102 de
746 1079 851 1109 more,
870 1078 966 1111 quem

229 1120 377 1159 diximus,
404 1121 567 1163 eligendo,
594 1121 647 1164 qui
674 1122 844 1154 virtutibus
861 1126 892 1154 et
912 1121 967 1154 do-

229 1172 321 1213 tibus,
346 1184 424 1216 quas
452 1174 722 1214 enumeravimus,
747 1178 879 1208 ornatus
906 1174 968 1207 exi-

227 1230 299 1259 stat.
327 1225 472 1259 Obeunte
498 1237 572 1259 vero
599 1228 855 1266 locumtenente‚
872 1228 968 1260 colle-

228 1278 314 1321 gium
348 1279 652 1312 iurisconsultorum
690 1281 966 1313 locumtenentem

229 1331 328 1375 eligat
362 1331 426 1364 hoc
458 1342 593 1365 munere
628 1332 825 1375 potiturum,
863 1333 967 1365 donec

228 1394 288 1417 nos
315 1389 368 1417 aut
393 1395 597 1418 successores
615 1385 716 1418 nostri
736 1385 872 1418 Romani
889 1385 968 1418 Pon-

229 1437 331 1471 tifices
357 1439 397 1471 ad
424 1439 492 1471 eins
529 1439 726 1472 electionem
759 1449 818 1482 per
843 1439 968 1472 litteras

230 1491 427 1535 apostolicas
447 1491 478 1523 in
497 1491 600 1524 forma
617 1491 727 1524 Brevis
746 1491 966 1524 deveniamus.

273 1545 288 1588 ξ
310 1543 341 1577 8.
361 1544 504 1584 lnterim,
524 1556 594 1577 cum
614 1544 709 1577 nobis
728 1544 906 1578 innotuerit
924 1545 970 1577 di-

229 1758 366 1802 aliisque
403 1758 533 1791 dotibus
568 1768 667 1801 supra
700 1763 837 1791 aetatem
868 1768 965 1801 prae-

229 1818 328 1852 stans,
348 1812 521 1855 eidemque
548 1812 690 1854 collegio
718 1811 891 1844 Ravennae
918 1811 970 1844 ad-

229 1870 427 1906 numeratus,
456 1865 579 1908 quique
603 1865 635 1897 in
662 1865 759 1897 curiis
784 1864 968 1897 forensibus

229 1917 325 1951 huius
350 1919 454 1951 almae
488 1917 582 1950 Urbis
619 1923 750 1950 nostrae
777 1918 968 1960 septennale

230 1971 372 2004 studium
387 1970 575 2014 complevit:
591 1976 678 2004 motu
695 1971 840 2014 proprio,
854 1981 918 2003 non
931 1970 968 2003 ad

231 2024 302 2057 eius
324 2025 371 2057 vel
391 2023 524 2058 alterius
551 2034 611 2067 pro
643 2034 682 2057 eo
708 2034 806 2066 super
828 2024 890 2057 lioc
915 2034 970 2056 no-

230 2075 280 2108 bis
297 2076 426 2109 oblatae
452 2076 621 2120 petitionis
639 2077 838 2117 instantiam,
855 2077 910 2109 sed
933 2087 968 2109 ex

231 2131 341 2162 nostra
360 2132 446 2162 mera
465 2135 496 2161 et
522 2131 609 2162 certa
633 2129 766 2162 scientia
792 2133 822 2162 et
847 2129 971 2162 delibe-

230 2187 300 2215 rato
319 2182 416 2215 animi
435 2182 575 2215 consilio
594 2183 758 2222 volumus,
776 2187 811 2214 ut
829 2182 889 2215 liae
907 2182 970 2225 pri-

230 2236 281 2268 ma
306 2236 375 2268 vice
397 2235 482 2267 idem
502 2235 641 2267 Thomas
666 2234 876 2268 Sebastianus
896 2235 970 2268 Bar-

229 2288 414 2321 buchiellus
427 2288 467 2321 sit
481 2288 602 2331 primus
620 2293 732 2321 noster
746 2290 970 2321 locumtenens

231 2341 334 2374 civilis
352 2346 383 2374 et
406 2341 568 2383 generalis
586 2341 618 2373 in
637 2340 749 2373 eadem
769 2342 877 2373 nostra
894 2351 971 2383 pro-

230 2393 336 2427 vincia
353 2399 384 2426 et
404 2393 569 2435 legatione
585 2393 733 2426 AEmiliae
758 2403 813 2426 seu
832 2393 970 2426 Roman-

231 2446 337 2480 diolae
373 2457 443 2479 cum
476 2446 624 2479 omnibus
652 2445 840 2489 praemissis
878 2450 970 2489 pote-

231 2505 322 2540 state,
338 2500 576 2541 iurisdictione‚
595 2499 785 2539 honoribus,
804 2499 968 2539 oneribus,

1642 160 1706 195 437
1755 170 1805 197 An.
1824 169 1852 197 e.
1875 169 1942 197 1726

1008 221 1229 264 buscumque;
1257 220 1397 264 ideoque
1434 220 1543 253 nostra
1575 223 1608 252 et
1643 218 1748 251 dictae

1008 273 1099 306 Sedis
1137 273 1343 316 Apostolicae
1380 272 1594 312 auctoritate,
1635 277 1749 304 tenore

1009 328 1242 369 praesentium,
1257 327 1347 360 illum
1364 326 1588 360 constituimus
1604 330 1634 358 et
1651 325 1751 368 depu-

1012 385 1113 412 tamus
1134 381 1276 423 primum
1301 386 1447 413 nostrum
1474 381 1749 412 locumtenentem

1009 433 1136 465 civilem
1163 438 1192 465 et
1218 434 1406 475 generalem
1432 432 1621 471 Ravennae,
1651 431 1749 473 inque

1011 487 1074 517 tota
1107 486 1236 527 legione
1269 485 1416 519 AEmiliae
1444 491 1476 518 et
1501 484 1748 517 Romandiolae.

1054 539 1067 581 g
1085 538 1116 571 9.
1133 538 1279 576 Quamvis
1298 539 1329 571 in
1349 539 1409 571 hac
1430 540 1514 571 alma
1539 538 1624 570 Urbe
1651 547 1748 579 agens
1804 547 1944 579 nmmum.

1009 591 1073 623 sive
1100 597 1212 634 gestor
1249 596 1280 624 et
1312 597 1508 634 procurator
1544 576 1945 633 negotiorum*uitw‘f‘riifgociss

1010 643 1145 676 civitatis
1172 644 1343 677 Ravennae
1370 644 1508 677 antehac
1529 655 1546 676 a
1564 643 1657 676 nobis
1674 643 1751 686 ipsis
1761 627 1945 679 illi'ssf⁴¹1'1?⁸p“0*ss‘i¹.33

1009 697 1058 729 vel
1085 696 1124 729 ab
1150 697 1414 730 antecessoribus
1447 697 1567 729 nostris
1597 686 1834 729 Romanisll'llt?
1853 685 1945 726 Ἧῖἶᾞὲῖἶ

1010 750 1222 783 Pontificibus
1249 751 1371 783 electus
1402 750 1512 790 suerit,
1538 732 1945 785 nihilominus{iiiimn‘ii-Jffiifi'

1009 804 1156 836 volumus
1183 808 1218 835 ut
1243 803 1398 846 deinceps
1425 803 1542 836 electio
1564 802 1750 835 huiusmodi

1010 855 1162 895 hominis,
1182 855 1234 898 qui
1256 861 1329 897 agat
1354 861 1385 888 et
1403 861 1493 888 curet
1519 855 1648 898 negotia
1666 866 1752 887 com-

1010 909 1174 941 munitatis
1196 909 1438 949 Ravennatium,
1454 909 1493 941 ad
1512 909 1657 941 eamdem
1680 907 1753 940 eiri-

1011 968 1107 995 t.atem
1123 961 1286 1004 pertineat
1301 961 1399 994 simul
1415 972 1487 994 eum
1502 966 1613 994 nostro
1632 962 1753 993 locum-

1012 1020 1142 1047 tenentc
1169 1014 1254 1047 civili
1273 1020 1305 1047 et
1329 1013 1486 1056 generali,
1507 1014 1573 1057 qui,
1591 1019 1751 1056 tamquam

1010 1067 1111 1109 civis,
1140 1068 1171 1100 in
1197 1067 1336 1100 consilio
1363 1067 1521 1107 civitatis,
1550 1067 1605 1099 ubi
1636 1066 1752 1099 electio

1011 1121 1079 1154 fieri
1107 1121 1231 1160 debet,
1266 1120 1454 1163 sum-agium
1481 1120 1624 1160 habeat,
1657 1124 1752 1162 atque

1011 1173 1136 1217 agentis
1163 1173 1304 1207 officium
1331 1179 1362 1206 et
1387 1183 1504 1206 munus
1524 1183 1588 1206 non
1614 1172 1752 1215 amplius

1012 1228 1053 1260 sit
1076 1227 1258 1267 vitalitium,
1277 1227 1333 1260 sed
1361 1232 1607 1270 temporaneum
1634 1225 1753 1258 decen-

1011 1280 1077 1313 nali
1102 1280 1206 1323 spatio
1234 1280 1487 1313 terminandum.

1055 1332 1148 1377 §¹1st
1178 1333 1210 1365 In
1243 1333 1374 1376 publico
1412 1339 1442 1365 et
1478 1332 1623 1375 generali
1656 1336 1947 1389 coetu23:3513'110115253313

1012 1385 1273 1419 consiliariorum
1293 1385 1428 1418 civitatis
1451 1385 1621 1418 Ravennae
1640 1394 1805 1439 omnesfgp
1820 1382 1947 1418 viavswbt-

1012 1449 1123 1472 eorum
1149 1439 1252 1472 libelli
1278 1439 1441 1482 supplices
1458 1439 1607 1480 legantur
1632 1437 1685 1481 qui
1713 1437 1752 1469 ad
1799 1434 1803 1438 ”

1012 1491 1074 1524 lioc
1099 1502 1213 1524 munus
1245 1492 1439 1535 captandum
1472 1500 1667 1523 concurrere
1693 1499 1749 1522 vo-

1012 1544 1156 1584 luerint,
1188 1553 1367 1586 omnesque
1395 1543 1458 1575 sint
1484 1553 1521 1575 ex
1547 1552 1684 1585 corpore
1710 1541 1753 1574 ci—

1013 1597 1098 1629 vium
1124 1601 1155 1629 et
1181 1596 1312 1639 collegii
1337 1596 1646 1628 iurisconsultorum
1674 1594 1753 1626 eius-

1013 1650 1086 1683 dem
1105 1649 1253 1689 civitatis,
1273 1659 1354 1692 quae
1372 1648 1560 1691 pluralitate
1583 1647 1754 1691 suffragio-

1014 1714 1081 1736 rum
1106 1713 1207 1735 unum
1230 1713 1266 1735 ex
1293 1701 1562 1734 concurrentibus
1577 1701 1683 1743 eligat,
1703 1700 1753 1733 eui

1014 1757 1140 1790 litterae
1177 1761 1325 1799 patentes
1361 1766 1420 1798 pro
1457 1765 1590 1787 munere
1628 1754 1753 1796 agentis

1014 1809 1150 1853 negocia
1168 1809 1304 1842 civitatis
1318 1808 1523 1848 Ravennatis,
1537 1818 1631 1840 manu
1648 1807 1751 1840 nostri

1013 1863 1260 1906 gubernatoris,
1293 1868 1389 1904 atque
1415 1862 1510 1894 etiarn
1536 1872 1631 1894 manu
1657 1860 1752 1904 primi

1014 1928 1050 1950 ex
1078 1916 1267 1959 magistratu
1293 1915 1428 1948 civitatis
1452 1914 1666 1958 subscriptae,
1689 1919 1752 1946 tra-

1014 1970 1148 2010 dantur,
1177 1971 1301 2002 remota
1327 1974 1357 2001 et
1382 1969 1510 2001 sublata
1535 1968 1682 2010 qualibet
1707 1968 1753 2000 sa-

1014 2023 1135 2055 cultate
1150 2028 1263 2056 contra
1281 2022 1424 2055 eiusdem
1443 2020 1636 2054 electionem
1656 2021 1753 2053 reela-

1013 2075 1132 2118 mandi‚
1158 2074 1345 2119 appellandi
1371 2080 1402 2107 et
1427 2084 1634 2117 quocumque
1661 2083 1754 2116 prae-

1015 2134 1099 2162 textu
1125 2129 1164 2161 ad
1201 2128 1375 2161 tribunalia
1406 2126 1605 2160 recurrendi.
1630 2126 1754 2159 Huius-

1013 2182 1100 2215 modi
1127 2191 1226 2224 agens
1245 2181 1376 2223 negotia
1400 2180 1534 2213 civitatis
1560 2179 1753 2212 Ravennatis

1014 2234 1045 2267 in
1073 2245 1217 2273 munere,
1241 2234 1278 2266 ad
1305 2233 1393 2276 quod
1411 2233 1475 2265 lioc
1492 2238 1586 2275 pacto
1605 2232 1752 2265 admotus

1015 2287 1117 2327 suerit,
1138 2293 1205 2320 teto
1231 2286 1390 2319 decennio
1416 2290 1612 2329 perseveret,
1631 2285 1754 2328 stipen-

1014 2339 1104 2372 dium'
1139 2343 1330 2372 consuetum
1364 2337 1502 2380 singulis
1535 2337 1703 2371 mensibus
1736 2348 1753 2370 a

1014 2392 1245 2425 communitate
1271 2391 1442 2424 Ravennae
1468 2391 1659 2423 solvendum
1681 2401 1754 2434 per-

1013 2445 1159 2488 cipiens,
1187 2453 1252 2476 non
1278 2449 1385 2476 tamen
1417 2443 1442 2475 si
1468 2443 1561 2476 iustis
1586 2454 1622 2476 ex
1649 2442 1753 2476 causis

1014 2498 1127 2531 eodem
1160 2507 1220 2529 suo
1253 2507 1387 2529 munere
1413 2506 1430 2529 a
1454 2495 1520 2529 suis
1556 2495 1753 2529 electoribus

231 2554 422 2595 attinentiiS‚
445 2553 675 2587 emolumentis
702 2558 733 2586 et
757 2552 873 2587 ceteris
898 2552 970 2596 qui·
1014 2556 1098 2585 esset
1130 2550 1323 2594 privandus:
1349 2560 1430 2593 quae
1464 2559 1579 2584 causae
1616 2548 1753 2583 examini
