2170 3147
42 220 90 247 nn.
106 218 134 247 C.
157 218 224 247 1725

59 910 178 931 Admonitio
189 909 216 930 ad

33 937 144 963 episcopos
153 939 173 958 et
181 941 216 962 po·

33 964 112 990 pulum.

811 218 1004 242 BENEDICTUS
1031 218 1086 242 xm
1112 217 1159 241 rP.

228 265 334 300 eidem
369 265 588 305 inhibemus,
627 276 667 299 ne
704 266 965 299 iurisdictionem

227 319 336 358 ullam,
363 329 491 362 proque
516 318 697 350 animarum
722 319 882 360 regimine
911 329 965 350 au-

227 371 410 404 ctoritatem
437 371 660 404 facultatemve
679 371 738 403 sibi
758 375 894 412 arroget,
914 376 966 402 aut

227 434 286 466 pro
313 424 533 467 suscipiendis
560 423 731 457 ordinibus
766 422 966 455 dimissorias

227 476 352 509 litteras
379 477 477 516 dare,
503 483 557 510 aut
592 482 737 520 pastores
771 486 806 508 ac
831 475 962 507 missio-

227 529 336 562 narios
373 540 431 573 pro
465 529 677 563 sacramentis
702 528 966 561 administrandis

227 583 434 626 gerendaque
474 584 652 616 animarum
697 582 773 614 cura
809 581 964 623 deputare

228 640 260 667 et
280 636 478 668 constituere
496 636 632 675 audeat;
667 644 744 678 quas
763 644 820 666 nos
838 634 964 666 litteras

228 692 260 720 et
284 687 535 731 deputationes,
561 687 586 720 si
613 697 695 731 quae
722 687 815 719 datae
852 685 967 718 sactae-

227 750 290 784 que
316 741 391 781 sint,
421 746 474 774 aut
499 741 531 774 in
556 746 725 784 posterum
744 737 812 771 dari
832 737 964 780 fierique

227 795 413 836 contingat,
451 795 556 827 nullas
599 798 629 826 et
664 793 778 825 inanes
816 801 888 824 esse
928 800 965 823 ae

226 844 296 879 fore
322 846 541 879 decernimus.

271 899 286 942 ἓ
309 899 342 932 4.
370 899 542 932 Praeterea
566 898 769 932 venerabiles
788 898 900 930 fratres
918 906 965 928 ar-

228 951 458 996 chiepiscopos
494 958 526 985 et
564 951 735 995 episcopos
771 950 962 988 universos,

228 1005 376 1049 aliosque
388 1005 596 1038 ecclesiarum
609 1004 794 1047 superiores
803 1003 964 1046 praelatos

229 1069 450 1103 quoscumque
477 1059 562 1093 serio
588 1060 826 1098 admonemus,
858 1057 963 1099 iisque

229 1112 287 1144 sub
312 1112 477 1145 canonicis
502 1112 618 1155 poenis
643 1111 831 1155 gravissime
858 1110 961 1142 inter-

230 1165 378 1206 dicimus,
405 1176 445 1198 ne
470 1165 577 1198 eidem
596 1164 823 1198 Berckmanad
839 1163 964 1206 episeo-

228 1219 334 1262 palem
353 1219 634 1252 consecrationem
652 1218 826 1259 sacrilegas
851 1226 963 1248 manus

228 1271 410 1315 imponant.
437 1271 534 1305 Vobis
560 1271 700 1315 denique
718 1298 726 1311 ‚
751 1271 860 1304 dilecti
890 1269 963 1309 nni,

229 1325 447 1369 praecipimus
473 1330 504 1358 et
529 1326 727 1364 mandamus,
755 1335 794 1357 ne
819 1325 885 1358 ulla
915 1335 965 1356 ra-

231 1378 318 1412 tione
332 1378 614 1422 pseudo-electum
638 1378 796 1411 eiusmodi
812 1388 870 1421 pro
891 1388 965 1410 vero

230 1432 479 1476 archiepiscopo
506 1438 537 1465 et
561 1432 739 1465 animarum
765 1437 896 1475 pastore
912 1431 965 1463 lia-

229 1483 358 1526 beatis,
386 1496 481 1529 quem
508 1485 614 1528 potius
641 1490 674 1517 ut
699 1485 838 1518 alienum
869 1484 967 1517 deeli-

229 1547 317 1578 nare,
354 1544 386 1571 et
422 1543 584 1581 tamquam
617 1538 694 1570 huic
727 1538 860 1571 Sanctae
892 1537 965 1570 Sodi

228 1596 454 1624 contumacem
483 1596 514 1624 et
539 1591 640 1624 sacris
675 1591 854 1624 canonibus
880 1601 967 1623 man⁴

229 1643 377 1687 datisque
402 1643 592 1687 apostolicis
625 1644 843 1686 refragantem
878 1654 968 1677 aver-

228 1697 291 1730 sari
317 1701 349 1730 et
372 1697 472 1730 vitare
498 1697 656 1730 debeatis.
676 1696 823 1730 Paternis
841 1697 966 1730 interea

228 1750 346 1783 nostris
372 1750 502 1783 monitis
527 1760 563 1782 ac
588 1750 768 1793 praeceptis
792 1760 849 1783 vos
880 1751 966 1783 ultro

229 1808 262 1836 et
286 1804 439 1837 alacriter
463 1803 631 1836 audituros
657 1814 727 1837 esse
752 1803 966 1843 confidimus,

228 1867 299 1890 cum
313 1857 493 1890 animarum
511 1862 689 1890 vestrarum
708 1857 866 1900 pericula,
886 1867 966 1900 quae

228 1919 287 1943 nos
320 1909 539 1949 discruciant,
575 1909 655 1943 nulli
691 1910 832 1943 debeant
870 1921 966 1953 quam

227 1963 320 1996 vobis
346 1963 501 1996 maiorem
528 1973 638 1996 curam
664 1968 696 1996 et
712 1963 965 1996 sollicitudinem

229 2014 357 2050 afferre.
385 2016 484 2049 Deum
511 2021 619 2049 autem
644 2022 819 2059 rogantes,
845 2019 878 2049 ut
910 2027 963 2049 re-

228 2069 345 2113 spiciat
366 2069 405 2102 de
423 2069 528 2109 caelo,
547 2074 579 2102 et
596 2069 701 2102 visitet
717 2069 844 2102 vineam
862 2069 964 2108 istam,

229 2127 325 2166 atque
351 2122 518 2166 operarios
536 2121 729 2165 iniquitatis,
748 2122 802 2166 qui
821 2133 891 2155 earn
910 2122 966 2155 de-

228 2176 338 2209 moliri
364 2176 576 2215 contendunt,
603 2182 786 2219 compescat
802 2181 833 2209 et
850 2181 967 2215 arceat,

229 2228 318 2262 vobis
335 2256 342 2269 ,
378 2229 489 2262 dilecti
519 2228 602 2267 filii,
631 2229 843 2273 apostolicam
869 2229 967 2262 bene-

229 2281 406 2315 dictionem
430 2286 642 2325 peramanter
667 2281 883 2325 impartimur.

270 2335 387 2368 Datum
422 2335 556 2375 Romae,
584 2335 671 2378 apud
693 2335 724 2368 S.
752 2335 880 2367 Mariam
905 2334 967 2366 Ma-

229 2388 345 2429 iorem,
370 2388 430 2421 sub
455 2388 578 2421 annulo
594 2387 789 2427 PiscatoriS,
813 2387 863 2419 die
888 2386 965 2419 x111¹

229 2440 353 2484 augusti
391 2450 541 2474 Moecxxv
565 2467 572 2480 ,
613 2438 823 2482 pontificatus
862 2439 965 2471 nostri

231 2503 317 2527 anno
343 2501 377 2527 11.

266 2546 327 2573 Dat.
348 2546 393 2574 die
411 2546 446 2574 13
465 2546 571 2582 augusti
594 2546 671 2580 1725,
687 2545 787 2581 pontif.
810 2553 883 2572 anno
900 2553 929 2571 11.

268 2607 279 2636 1
300 2607 368 2637 Male
387 2608 451 2637 edit.
471 2608 552 2636 Μαίη.
572 2607 637 2643 legit
656 2607 691 2635 23
709 2608 751 2642 (a.
770 2607 819 2641 r.).

1645 204 1708 238 ⁶243
1755 214 1802 240 An.
1821 213 1848 240 c.
1871 213 1938 240 1725

1302 264 1446 297 LXXXV.

1009 345 1204 377 Resliluitur
1219 344 1383 386 primaevo
1401 354 1457 375 suo
1478 342 1675 375 cathedralis
1692 342 1747 373 lio-

1052 397 1142 429 noris
1180 396 1314 438 saslz'qio
1354 396 1486 427 ecclesia
1528 394 1719 437 Cinyuimza
1737 420 1744 430 ,

1052 459 1172 481 necnon
1196 458 1296 491 aeque
1319 448 1550 490 principaliter
1573 446 1749 480 Auoei'mati

1052 501 1169 532 unitur
1192 505 1220 532 el
1241 500 1428 542 privileyi'is
1453 504 1589 532 ornatur
1613 499 1633 531 ¹.

1190 580 1367 607 Benedictus
1387 579 1547 613 Episcopus
1559 601 1565 612 ,

1199 631 1303 651 servus
1324 631 1478 651 servorum
1498 624 1560 656 Dei,

1127 669 1164 695 ad
1186 672 1360 702 perpetuam
1383 669 1427 695 rei
1451 668 1636 695 memoriam.

1053 740 1194 773 Romana
1219 739 1371 778 Ecclisia,
1399 750 1480 781 quae
1506 749 1606 781 supra
1624 743 1710 771 Cetei
1714 749 1746 771 as
1773 778 1797 793 c
1790 746 1941 794 qurlfflmea

1010 793 1106 826 totius
1132 792 1220 825 orbis
1238 802 1253 823 a
1271 792 1399 824 Christo
1418 792 1553 824 Domino
1572 791 1821 865 primatuum&
1793 833 1837 845 m
1902 800 1941 819 ue-

1889 830 1941 846 15-10

1008 845 1158 885 obtinuit,
1186 845 1359 885 interdum,
1386 845 1427 877 ol)
1453 845 1640 887 ingruentes
1667 845 1746 876 cala·
1758 853 1784 872 ιιιι
1799 854 1828 890 ¹1¹
1840 833 1906 872 cli»
1898 859 1941 873 as

1008 900 1151 939 mitates,
1178 899 1322 942 plinium
1348 899 1557 931 ερο1αείιυιιιιι]
1579 898 1747 941 episcopa·
1758 860 1802 905 &¹2¹
1806 882 1890 905 ΜΝ

1008 953 1086 986 lium
1112 953 1293 986 custodiam
1320 958 1351 985 et
1376 952 1521 995 regimen
1548 952 1642 984 unius
1668 951 1747 993 vigi-

1008 1007 1128 1040 lantiae
1153 1006 1358 1039 committere
1377 1011 1408 1037 et
1424 1005 1518 1037 simul
1538 1015 1590 1037 eas
1609 1005 1745 1047 iungere

1008 1059 1199 1099 consuevit,
1226 1070 1266 1092 ne
1293 1069 1368 1091 oves
1395 1058 1602 1098 dominicae,
1638 1062 1746 1101 pasto-

1008 1113 1097 1145 ribus
1111 1113 1176 1145 suis
1192 1112 1351 1148 viduatae,
1365 1113 1441 1154 lupo
1460 1111 1619 1150 veniente,
1634 1111 1746 1143 mortis

1009 1166 1183 1198 discrimen
1206 1166 1425 1197 incurrerent.
1443 1164 1650 1197 Cessantibus
1670 1173 1746 1196 vero

1008 1218 1230 1261 peculiaribus
1256 1217 1359 1250 causis
1385 1216 1688 1256 etnecessitatibus,
1706 1217 1747 1249 ob

1009 1282 1087 1314 quas
1102 1270 1259 1304 eiusmodi
1274 1271 1430 1303 eeclesiae
1449 1281 1519 1302 cum
1540 1270 1603 1302 suis
1620 1270 1746 1308 mensis,

1010 1326 1217 1359 dioecesibus
1242 1331 1272 1359 et
1298 1325 1473 1358 territoriis
1500 1325 1594 1357 simul
1620 1326 1749 1357 coalue-

1010 1385 1105 1419 rant,
1132 1379 1260 1422 illisque
1298 1378 1414 1410 iterum
1453 1378 1529 1410 cleri
1569 1377 1747 1420 populique

1010 1433 1193 1476 frequentia
1210 1438 1241 1465 et
1258 1432 1376 1475 pietate
1392 1431 1596 1470 florentibus,
1614 1430 1747 1463 Romani

1010 1486 1199 1526 Pontificis,
1224 1491 1259 1518 ut
1283 1485 1465 1518 communis
1491 1484 1635 1527 parentis
1662 1484 1699 1516 de
1719 1483 1749 1515 ti<

1009 1540 1125 1573 liorum
1153 1537 1268 1581 gaudio
1296 1537 1442 1577 solliciti,
1462 1537 1676 1579 providentia,
1697 1537 1749 1569 ho·

1012 1591 1100 1625 noris
1126 1591 1321 1634 episcopalis
1348 1591 1513 1633 elogium,
1541 1590 1626 1633 quod
1653 1591 1748 1632 culp-51

1010 1655 1075 1677 non
1101 1647 1155 1677 sua
1178 1644 1304 1687 pridem
1325 1643 1510 1683 amiserant,
1529 1642 1573 1675 eis
1592 1648 1666 1685 post
1683 1652 1749 1674 sae⁴

1010 1699 1155 1732 culorum
1181 1697 1368 1730 memoriam
1395 1706 1539 1729 seorsum
1576 1695 1747 1737 indulgere

1011 1757 1042 1784 et
1054 1752 1257 1827 postliminio
1274 1751 1445 1784 restituere
1460 1760 1523 1782 non
1540 1749 1744 1791 dedignatur.

1053 1804 1124 1848 gh
1151 1805 1185 1836 11
1181 1815 1236 1837 iet.
1260 1803 1367 1836 animo
1394 1804 1622 1841 rexolventcs‚
1658 1809 1942 1859 itte-anofftflrageg

1011 1858 1124 1901 pimus,
1151 1857 1331 1898 Cingulum,
1357 1855 1462 1888 Piceni
1490 1855 1663 1893 civitatem,
1695 1865 1747 1886 v-e
1758 1863 1797 1908 1ιιΙ
1799 1868 1826 1881 ι
1831 1865 1879 1908 ¹¹2⁶}
1883 1867 1941 1903 ''¹¹..01

1012 1917 1115 1943 terum
1141 1910 1272 1952 magisti
1277 1915 1385 1941 atuuni
1413 1895 1941 1962 swmpmcelthn1n‚·ie¹›'i1-¹'z''c='ir‘i1⁴s-

1010 1964 1096 1996 intei
1131 1965 1235 1996 eccles
1224 1963 1284 1995 ias
1320 1961 1453 2005 speciali
1488 1960 1655 2004 pioxincia
1687 1959 1747 1991 no-

1010 2017 1095 2049 mani
1115 2014 1505 2057 Pontificistompieliens
1512 2025 1543 2046 as
1573 2013 1708 2045 ezrillied
1711 2022 1746 2044 ae

1010 2068 1207 2112 pontificalis
1233 2068 1335 2110 gloria
1360 2067 1538 2106 claruisse,
1568 2067 1621 2098 ubi
1651 2066 1747 2098 Exsu-

1011 2121 1196 2165 perantius‚
1236 2121 1429 2164 praecipuus
1466 2120 1533 2152 eius
1567 2124 1744 2162 patronus,

1011 2175 1102 2207 euius
1127 2185 1236 2207 sacrae
1263 2174 1393 2206 exuviae
1420 2173 1539 2205 ibidem
1566 2174 1744 2211 coluntur,

1010 2227 1131 2270 aliique
1155 2227 1324 2269 Cingulani
1350 2226 1508 2258 antistites
1535 2225 1655 2258 sedisse
1681 2236 1746 2257 me-

1011 2286 1186 2319 morantur,
1213 2285 1243 2312 et
1264 2278 1453 2322 praesertim
1471 2278 1614 2310 Iulianus
1645 2278 1746 2311 felicis

1010 2332 1244 2365 recordationis
1269 2331 1375 2373 Vigilii
1401 2331 1616 2364 antecessoris
1645 2332 1746 2363 nostri

1010 2386 1157 2419 laborum
1183 2390 1214 2417 et
1240 2384 1392 2417 itinerum
1420 2394 1536 2424 comes,
1559 2395 1664 2427 quem,
1683 2382 1760 2416 unav

1047 2475 1057 2499 1
1080 2473 1171 2499 Const.
1192 2473 1236 2499 ed.
1256 2478 1389 2506 iiiimxxv,
1411 2472 1453 2499 die
1476 2473 1507 2499 16
1526 2472 1699 2507 iulii,pontif.
1715 2479 1743 2507 ιι,

1009 2518 1167 2543 confirmata
1195 2520 1222 2542 et
1249 2516 1375 2542 innovata
1407 2516 1457 2542 suit
1485 2517 1584 2543 erectio
1613 2516 1744 2542 ecclesiae

1007 2561 1112 2588 Setinae
1132 2561 1158 2587 in
1179 2560 1362 2588 cathedralem
1383 2564 1409 2588 ct
1435 2560 1493 2588 eins
1522 2561 1584 2588 nnio
1611 2569 1671 2587 cum
1700 2568 1744 2587 ec«

1008 2606 1088 2633 alesia
1107 2605 1305 2633 Terracinensi.
