2170 3147
5 239 52 266 An.
67 237 95 264 C.
121 238 186 265 172¹}

26 1836 147 1858 Clau-ulae.

187 881 256 914 ,que
282 871 381 914 ipsos,
400 872 432 904 in
456 873 622 916 plerisque
648 873 744 906 huius
771 873 931 906 Romanae

779 243 973 266 nENEcht's
999 243 1054 266 XIII
1081 244 1127 267 ΡΡ.

196 286 485 328 deliberationem,
511 299 609 320 unum
637 299 674 321 ex
700 290 849 332 pluribus
874 292 955 333 per¹

195 349 252 372 nos
278 339 456 382 putavimus
490 340 678 383 eligendum
711 341 864 374 dilectum
899 342 955 387 ΓΗ

195 391 273 424 lium
306 397 450 424 nostrum
483 393 686 426 Vincentium
713 393 744 426 S.
773 394 808 426 R.
837 394 869 427 Ε.
897 394 956 447 [ι’-ζ

196 445 252 477 tuli
277 446 308 478 S.
337 446 519 488 Ilonuphrii
547 447 772 490 presbyterum
789 448 956 480 cardina-³

193 498 258 530 lem
284 498 407 531 Petram
427 505 658 543 nuncupatum,
677 501 779 533 virum
795 503 933 544 utraque

195 550 451 594 iurisprudentia
476 553 643 593 eximium,
671 553 738 596 pari
762 553 859 586 animi
878 554 934 586 vir·
954 568 956 585 i

196 609 263 638 tute
289 610 385 649 atque
412 607 594 648 integritate
621 613 858 650 praestantem,
884 608 955 647 re-{

195 668 263 690 rum
290 659 491 701 experientia
528 665 559 692 et
595 660 731 693 consilio
767 660 852 703 apud
890 650 955 693 re-l

194 711 352 744 colendae
379 713 554 746 memoriae
581 713 853 756 praedecessores
879 724 934 746 no-

194 769 277 797 stros
299 770 473 808 utrumque
492 765 718 799 Innocentium
735 766 787 799 XII
807 772 838 799 et
856 767 933 807 XIII,
953 768 955 798 3

195 821 226 850 et
252 828 290 851 eo
316 819 455 862 amplius
473 820 558 862 apud
577 819 775 853 Clementem
794 820 842 859 XI,
862 831 933 853 nos-

193 922 284 956 Sedis
322 924 474 966 gravibus
511 926 649 968 negotiis
682 925 864 959 adhibitum
902 931 955 958 et»

193 977 364 1019 probatum
383 1005 390 1017 ‚
416 979 569 1022 quodque
596 979 656 1012 Iiac
686 979 717 1012 in
754 990 787 1012 re
824 979 931 1022 magni

194 1028 320 1070 refert,
347 1030 424 1062 olim
451 1031 482 1063 in
508 1031 596 1064 curia
627 1031 746 1064 sorensi
777 1032 929 1065 iudicem.

195 1081 253 1115 IIic
293 1094 370 1126 ergo
409 1085 603 1118 auctoritate
644 1086 755 1118 nostra
790 1084 954 1117 munitus.

194 1135 323 1169 easdem
349 1137 455 1169 curias
481 1137 631 1178 visitabit,
658 1148 806 1182 quaeque
832 1137 953 1171 c01·1·i-=

194 1189 318 1230 genda,
346 1190 549 1223 emendanda
577 1196 608 1224 et
632 1191 831 1224 moderanda
856 1195 953 1235 een-l

193 1242 289 1282 sebit,
315 1243 500 1283 emendare,
525 1245 691 1288 corrigere
716 1250 746 1278 et
769 1245 930 1278 moderari

193 1298 341 1338 sataget,
375 1301 406 1328 et
432 1296 628 1340 litigantium
665 1298 816 1337 utilitati,
844 1298 953 1331 iuxta¹

193 1347 292 1380 animi
320 1349 420 1382 nostri
447 1360 587 1391 sensum,
607 1362 871 1395 propensamque
891 1352 929 1384 ad

193 1400 410 1435 sublevandos
427 1405 565 1446 populos
580 1405 929 1445 nostrosvoluntatem,

193 1456 363 1496 consulet;
390 1458 554 1497 volentes,
573 1463 620 1498 ut,
643 1469 864 1502 quaecumque
890 1460 930 1492 ab
951 1485 953 1509 Ξ

193 1509 307 1542 eodem
335 1510 489 1544 cardinali
517 1511 679 1545 visitatore
706 1512 848 1551 decreta,
875 1512 953 1544 sta-3

193 1566 261 1595 tuta
280 1589 288 1602 ,
324 1564 494 1596 emendata
513 1591 521 1606 ‚
556 1570 706 1599 correcta
743 1565 952 1598 ordinatave³

193 1615 311 1649 suerint
335 1616 367 1648 in
393 1617 603 1660 praemissis,
630 1629 665 1651 ea
697 1619 930 1652 iuviolabiliter

190 1668 427 1710 observentur,
455 1671 607 1715 idemque
637 1672 796 1705 firmitatis
830 1672 931 1706 robur

191 1722 379 1764 obtineant,
399 1725 484 1767 quod
511 1725 574 1757 illis
595 1725 713 1758 inesset
739 1725 763 1758 si
791 1736 847 1759 nos
869 1726 928 1769 ipsi

193 1776 306 1809 eadem
333 1778 622 1812 mandavissemus.

236 1829 250 1872 ἓ
275 1829 305 1862 8.
335 1830 524 1864 Praesentes
549 1842 624 1865 vero
650 1833 844 1875 apostolicas
881 1833 931 1865 lit-

193 1887 277 1916 teras
302 1889 427 1917 nostras
453 1885 541 1918 nullo
564 1896 703 1929 unquam
724 1892 868 1929 tempore
890 1887 929 1920 de
951 1892 952 1915 1

191 1935 410 1979 subreptionis
443 1939 491 1971 vel
528 1938 729 1982 obreptionis
754 1940 850 1979 vitio,
878 1931 953 1987 aut'y

191 1987 385 2023 intentionis
409 1997 538 2024 nostrae
566 1993 614 2025 vel
641 1992 756 2035 quovis
781 1993 843 2026 alio
877 1994 952 2026 de-'

192 2042 295 2082 fectu,
328 2043 423 2077 etiam
457 2055 493 2077 ex
526 2055 564 2078 eo
600 2046 685 2087 quod
719 2045 828 2079 forsan
862 2057 929 2079 rem

192 2095 350 2129 habentes
376 2097 413 2129 ad
440 2097 470 2130 id
496 2098 596 2131 vocati
623 2109 688 2131 non
715 2099 853 2139 suerint,
881 2101 929 2133 vel

192 2159 227 2181 ex
265 2160 470 2193 quacumque
502 2151 562 2184 alia
596 2154 691 2185 causa
725 2153 952 2195 quantumvis*

190 2202 335 2245 legitima
361 2208 392 2234 et
417 2204 579 2245 iuridica,
613 2215 649 2237 ac
685 2205 782 2238 etiam
818 2216 930 2239 neces-

190 2256 275 2288 sario
301 2255 520 2299 exprimenda,
540 2259 654 2297 notari,
674 2258 857 2301 impugnari
877 2265 930 2291 aut
950 2257 951 2273 ³

191 2308 221 2340 in
258 2308 306 2341 ius
341 2310 388 2342 vel
427 2311 679 2343 controversiam
713 2312 844 2350 vocari,
877 2319 930 2345 aut

190 2361 343 2395 adversus
370 2373 422 2395 eas
455 2364 681 2407 quodcumque
715 2363 818 2404 iuris,
858 2365 951 2399 sacti:

191 2415 239 2448 vel
260 2415 383 2456 gratiae
402 2416 582 2448 remedium
601 2416 781 2460 impetrari,
802 2418 851 2450 vel
870 2418 928 2450 sub
949 2424 951 2439 t

193 2468 452 2512 quibuscumque
478 2470 550 2502 aliis
577 2471 866 2504 constitutionibus
899 2477 930 2504 et

191 2520 307 2554 litteris
332 2523 519 2565 apostolicis
544 2523 576 2554 in
602 2524 798 2556 contrarium
831 2524 928 2557 etiam

190 2573 260 2616 pari
287 2580 375 2607 motu
401 2581 429 2608 et
455 2576 726 2609 consistorialiter
751 2577 846 2609 editis
878 2577 928 2609 vel

193 2627 355 2669 edendis,
383 2633 436 2661 aut
461 2628 538 2661 alias
571 2629 817 2673 quomodolibet
853 2639 950 2663 con-2

976 292 1082 324 trariis
1108 291 1378 335 dispositionibus
1413 293 1597 326 nullatenus
1634 303 1718 326 com-

975 344 1137 386 prehendi
1165 355 1274 387 posse,
1302 346 1358 378 sed
1378 346 1500 379 validas
1521 351 1551 379 et
1569 346 1714 379 efficaces

975 407 1105 439 semper
1132 398 1198 430 sore
1226 404 1258 431 et
1279 409 1347 431 esse
1366 400 1530 440 volumus,
1552 399 1664 442 sicque
1686 404 1718 432 et

977 460 1040 481 non
1057 450 1153 482 aliter
1165 461 1457 494 perquoscumque
1470 452 1602 489 iudices,
1620 452 1716 487 etiam

976 511 1141 534 causarum
1169 503 1277 546 palatii
1300 504 1471 546 apostolici
1491 504 1664 544 auditores,
1685 509 1718 537 et

975 553 1006 586 S.
1026 554 1061 586 R.
1078 554 1112 586 E.
1130 555 1322 595 cardinales,
1341 556 1465 589 sublata
1493 557 1537 589 eis
1558 562 1717 590 eteorum

976 607 1110 639 cuilibet
1135 607 1228 640 aliter
1246 608 1410 641 iudicandi
1430 615 1460 641 et
1480 609 1716 652 interpretandi

977 659 1127 692 facultate
1150 666 1181 693 et
1206 661 1409 700 auctoritate,
1432 662 1564 694 iudicari
1584 668 1615 695 et
1641 663 1718 695 desi-

976 712 1038 744 niri
1073 713 1221 753 debere,
1255 719 1286 746 et
1320 714 1475 756 quidquid
1502 724 1595 748 secus
1620 726 1718 758 super

978 766 1026 798 his
1045 777 1062 798 a
1079 777 1253 809 quoquam,
1270 767 1381 810 quavis
1395 768 1597 805 auctoritate.
1616 769 1717 801 scien-

976 824 1025 851 ter
1055 820 1104 852 vel
1132 819 1332 861 ignoranter,
1353 820 1528 863 contigerit
1551 823 1715 862 attentari,

976 871 1102 904 irritum
1128 877 1158 904 et
1184 872 1278 905 inane
1305 872 1519 906 decernimus.

1019 925 1034 968 ξ
1058 924 1090 958 9.
1117 924 1187 957 Non
1214 925 1418 958 obstantibus
1450 928 1636 961 eorumdem
1669 929 1716 962 os-

976 977 1119 1011 Iiciorum
1137 1005 1144 1019 ,
1172 979 1393 1012 archiviorum
1420 986 1451 1013 et
1476 981 1635 1013 curiarum
1670 983 1716 1015 so-

953 1049 954 1052 =
976 1031 1117 1064 rensium
1156 1032 1379 1065 erectionibus
1396 1060 1403 1073 ,
1429 1034 1716 1068 constitutionibus

975 1085 1172 1128 apostolicis,
1195 1085 1330 1128 aliisque
1350 1087 1535 1119 earumdem
1555 1087 1716 1126 curiarum

975 1139 1110 1177 statutis,
1137 1139 1445 1179 consuetudinibus,
1472 1140 1717 1174 reformationi-

974 1192 1058 1230 bus,
1086 1190 1287 1230 iuramento,
1313 1192 1560 1225 confirmatione
1585 1200 1717 1235 aposto-

952 1241 953 1292 }
975 1243 1045 1283 lica,
1070 1245 1119 1276 vel
1153 1244 1264 1287 quavis
1285 1244 1347 1277 alia
1369 1244 1519 1278 firmitate
1543 1245 1715 1287 roboratis,

975 1297 1006 1329 in
1032 1308 1151 1340 genere
1178 1299 1225 1330 vel
1251 1298 1283 1330 in
1306 1298 1412 1342 specie
1431 1325 1438 1338 ,
1466 1300 1716 1342 quomodolibet

951 1375 953 1385 ,
974 1353 1152 1391 concessis,
1175 1353 1363 1395 approbatis
1389 1358 1420 1385 et
1445 1354 1620 1395 renovatis;
1648 1355 1716 1398 qni-

951 1405 1032 1449 ,bus
1058 1406 1222 1445 omnibus,
1250 1406 1328 1438 alias
1353 1406 1385 1438 in
1410 1416 1468 1439 suo
1495 1407 1613 1440 robore
1642 1419 1717 1451 per·

973 1459 1146 1498 mansuris,
1165 1459 1224 1491 liae
1242 1458 1309 1492 vice
1324 1459 1493 1503 speciatim
1513 1466 1544 1493 et
1558 1470 1714 1504 expresse

974 1512 1194 1554 derogam1153
1223 1511 1406 1555 ceterisque
1443 1514 1616 1546 contrariis
1644 1514 1716 1558 qui-

974 1566 1193 1608 buscumquc.

1017 1618 1129 1650 Datum
1149 1618 1282 1658 Romae,
1301 1619 1385 1662 apud
1405 1619 1436 1652 S.
1454 1619 1593 1661 Petrum,
1609 1620 1714 1664 pridie

973 1681 1074 1703 nonas
1102 1671 1266 1711 februarii,
1293 1682 1379 1705 anno
1405 1672 1587 1706 dominicae
1611 1673 1716 1706 Incar-

973 1723 1114 1757 nationis
1151 1733 1309 1758 mccxxx-1
1327 1751 1334 1764 ,
1369 1725 1575 1768 pontificatus
1614 1728 1714 1759 nostri

973 1787 1058 1809 anno
1090 1787 1122 1813 IL

1011 1839 1068 1866 ltat.
1090 1839 1132 1866 die
1154 1840 1169 1866 li
1190 1839 1322 1867 febroarii
1347 1840 1422 1873 1720,
1444 1840 1538 1875 pontis.
1561 1849 1640 1868 anno.
1664 1848 1690 1869 u.

1311 1968 1371 2004 CX.

951 2048 952 2056 ¹
975 2041 1169 2075 Conceditur
1194 2042 1405 2085 indnlqentia
1429 2043 1465 2075 in
1489 2047 1606 2086 septem
1623 2044 1715 2086 seriis

1016 2096 1114 2128 semis
1132 2095 1395 2140 praecedentibus
1423 2096 1539 2139 festum
1566 2096 1599 2130 S.
1632 2097 1711 2130 Vin-

1017 2149 1114 2180 centii
1139 2148 1284 2181 Ferrarii
1312 2160 1371 2192 pro
1403 2149 1542 2182 ecclesiis
1572 2150 1715 2192 fratrum

1018 2201 1151 2235 Ordinis
1176 2202 1458 2235 Praeclicalorum.

1153 2273 1334 2300 Benedictus
1356 2273 1434 2307 Papa
1453 2274 1532 2306 xm,

972 2317 1129 2344 Universis
1151 2317 1403 2344 christifidelibus
1425 2321 1606 2351 praesentes
1631 2320 1716 2348 litte-

1005 2371 1055 2389 ras
1076 2363 1280 2396 inspecturis,
1306 2364 1438 2390 salutem
1464 2367 1494 2391 et
1514 2364 1714 2398 apostolicam

1005 2407 1258 2434 benedictionem.

1015 2469 1029 2511 ξ
1047 2468 1078 2500 1.
1098 2468 1184 2508 Cum,
1203 2469 1284 2501 sicut
1301 2470 1493 2513 accepimus,
1513 2470 1545 2503 in
1564 2471 1712 2504 ecclesiis
1751 2478 1864 2499 Concessio
1879 2485 1908 2499 πι-

1724 2505 1846 2530 dulgentia„

973 2522 1104 2554 fratrum
1130 2522 1258 2555 Ordinis
1284 2522 1547 2556 Praedicatorum
1567 2525 1619 2567 pia
1636 2536 1796 2568 crgauw-*e
1821 2537 1841 2552 nn
1867 2531 1907 2553 una

1007 2595 1015 2618 1
1040 2592 1100 2619 Alia
1121 2592 1202 2619 huius
1226 2592 1364 2620 Pontifieis
1384 2597 1470 2622 const.
1493 2594 1535 2622 ed.
1557 2601 1710 2628 Mncexxvt,

970 2636 1013 2663 die
1034 2637 1067 2664 et
1088 2637 1203 2665 ianuarii
1217 2659 1224 2672 ,
1245 2638 1339 2673 pontif.
1362 2645 1391 2673 n,
1412 2644 1521 2668 extensa
1541 2639 1588 2667 fuit
1608 2640 1634 2667 in
1652 2649 1712 2675 per-

1614 235 1678 268 3¹7
1725 246 1771 271 An.
1791 244 1819 272 c.
1845 246 1911 272 two

1797 939 1913 963 Deronmtio

1726 969 1797 987 contra
1804 973 1890 987 riorum.

1866 2507 1908 2531 ple·
