2139 3142
202 226 249 252 An.
272 225 299 252 C.
319 225 385 253 ¹729
433 216 495 249 848

230 954 239 965 e
285 947 381 965 handau*

208 978 241 993 ι’ἓ.
260 978 279 991 ln
290 979 308 997 μὶ

205 1004 210 1015 ¹
229 1005 265 1069 ‘'¹1¹'‘ss
278 1005 382 1071 ffii'psi‘ssi-
394 1013 559 1056 ctigalium
587 1011 788 1054 generalium
827 1017 858 1044 et
894 1009 1134 1054 particularium

209 1058 233 1069 cii
245 1058 274 1074 w,
290 1058 300 1071 u
335 1057 382 1071 ‹ir-s

241 1084 268 1096 ε’
290 1068 559 1110 msivn-utriusque
596 1075 743 1098 annonae
780 1064 1007 1097 frumentariae
1043 1062 1139 1095 nimi-

223 1111 256 1124 um
265 1111 286 1124 os
302 1107 382 1124 slaluil.

397 274 528 307 tutionis
546 273 712 306 faciendae
734 276 968 314 extorquentes
990 269 1137 313 proximo

396 338 454 360 suo
473 326 628 365 illudunt,
649 336 705 358 ceu
724 334 815 356 veros
836 324 922 356 fures
942 327 973 355 et
990 324 1136 355 latrones

396 380 509 413 ultimo
542 378 704 421 supplicio
737 376 918 420 puniendos
952 374 1135 414 mandavit,

397 435 455 465 liae
481 433 592 464 nostra
617 435 775 473 perpetuo
801 428 1004 462 observanda
1021 427 1138 460 consti-

397 485 518 519 tutione
557 484 589 515 in
623 493 847 526 quoscumque
884 481 981 514 huius
1007 480 1136 523 generis

396 538 600 580 deliquentes
626 535 756 579 paribus
777 545 907 578 quoquc
929 533 1045 577 poenis
1066 538 1138 566 tam-

395 601 489 634 quam
527 590 559 622 in
596 599 687 622 veros
723 588 811 620 sures
839 592 871 620 et
895 588 1039 620 latrones
1071 586 1138 618 ani-

394 643 661 676 madvertendum
689 651 761 674 esse
788 640 1012 677 decernimus,
1039 638 1136 682 idque

395 696 506 729 ctl'cctu
543 696 612 738 ipso
650 694 784 727 omnino
821 692 889 726 lieri
926 693 1073 726 volumus
1106 696 1138 724 et

395 749 598 782 mandamus.

439 803 453 845 ξ,
478 801 508 833 5.
536 801 646 844 ltaque
672 799 842 833 statuimus
862 804 893 833 et
913 799 1075 839 iubemus,
1095 809 1135 831 ne

360 899 373 938 i·
393 906 514 951 publici
541 906 694 939 Gamerae
720 911 850 939 nostrae
876 905 1086 948 apostolicae,
1106 909 1136 937 et

313 960 587 1007 21·50-p1·aescrtim
623 958 846 1002 Depositariae
881 957 1062 1000 generalis,
1089 966 1136 989 ve-

392 1130 463 1152 rum
488 1123 518 1152 et
542 1118 696 1161 grasciae‚
722 1118 819 1160 vulgo
846 1118 951 1150 dictae
975 1116 1136 1159 Deposita-

392 1173 459 1206 riae
502 1172 669 1211 urbanae,
711 1170 892 1213 Montisque
932 1170 1063 1202 Pietatis
1100 1179 1135 1201 ac

393 1236 525 1258 mensae
550 1224 581 1257 S.
602 1224 739 1267 Spiritus
767 1228 798 1256 et
823 1223 969 1255 Datariae
996 1223 1134 1265 Aposto-

392 1279 485 1319 licae,
507 1287 664 1311 summam
690 1277 1020 1320 (plantulamcunn‘pie
1049 1275 1135 1307 eius-

392 1333 481 1366 modi
508 1331 591 1365 aeris
618 1336 649 1363 ct
673 1330 885 1374 pecuniarum
911 1329 943 1362 in
962 1339 1052 1361 suum
1085 1329 1134 1361 vel

393 1387 535 1419 alienum
561 1385 766 1417 commodum
801 1382 914 1425 quovis
939 1382 1036 1415 modo
1062 1392 1136 1414 con-

392 1444 520 1472 vertere
547 1447 688 1480 unquam
714 1436 829 1479 possit,
857 1436 956 1479 inque
982 1445 1074 1468 usum
1097 1435 1135 1466 ab

394 1503 432 1526 eo
459 1491 623 1523 diversum
651 1489 836 1529 transferre,
862 1489 900 1521 ad
927 1499 1022 1531 quem
1042 1498 1137 1530 gene-

394 1545 487 1577 ratim
514 1544 546 1576 in
572 1543 688 1575 iisdem
710 1542 791 1575 locis
810 1548 972 1585 tamquam
993 1541 1050 1574 sub
1070 1543 1137 1574 tuta

395 1603 426 1631 et
456 1596 546 1630 fideii
580 1596 726 1628 custodia
769 1600 961 1635 scrvantur;
997 1595 1084 1634 itaut,
1111 1594 1136 1627 si

396 1650 511 1693 aliquis
549 1659 583 1682 ex
623 1649 684 1681 iam
726 1648 819 1681 dictis
860 1647 1070 1690 depositariis
1107 1653 1138 1680 ct

397 1703 529 1736 arcariis
555 1703 639 1735 lianc
664 1703 770 1744 legem
796 1706 940 1733 nostram
962 1701 1138 1743 quomodo-

395 1767 531 1799 cumque
567 1755 809 1799 praevaricatus
852 1754 998 1786 eamdem
1041 1764 1138 1797 pecu-

394 1810 481 1842 niam
509 1809 540 1840 in
567 1818 659 1840 usum
695 1813 726 1839 et
760 1807 933 1839 comodum
968 1808 1137 1849 proprium

395 1863 445 1894 vol
479 1862 621 1894 alienum
658 1866 847 1893 convertere
885 1870 979 1892 ausus
1016 1860 1135 1900 fuerit,

397 1922 559 1957 tamquam
587 1914 745 1957 reprobus
765 1919 796 1945 et
813 1913 953 1945 infidelis
978 1912 1137 1952 minister,

396 1968 544 2010 interque
558 1967 693 1999 infames
705 1966 940 2008 etrcipublicae
952 1966 1137 2009 proditores

396 2019 693 2058 connumerandus,
708 2018 853 2050 damnari
872 2018 1138 2061 etpuniripossit

399 2083 434 2105 ac
460 2072 593 2112 debeat,
620 2077 655 2103 ut
680 2071 859 2112 gravissimi
885 2071 960 2103 furti
987 2077 1017 2104 et
1041 2072 1139 2104 latro-

397 2125 472 2158 cinii
501 2135 574 2157 reus
597 2125 774 2157 secundum
796 2125 885 2166 leges
902 2134 1089 2157 communes
1108 2130 1140 2157 et

398 2178 560 2210 Romanae
587 2177 680 2209 Urbis
716 2176 890 2219 Statusque
921 2176 1137 2210 Ecclesiastici

398 2230 501 2262 edicta
527 2235 638 2262 contra
663 2231 807 2262 latrones
826 2229 887 2262 iam
906 2230 1138 2272 promulgatas,

398 2283 524 2315 ratione
566 2282 677 2315 habita
717 2283 953 2325 pecuniarum,
992 2293 1069 2326 quas
1107 2283 1138 2315 in

399 2346 493 2368 suum
521 2337 570 2368 vel
596 2335 736 2368 alienum
761 2346 854 2368 usum
876 2340 907 2368 et
931 2336 1137 2369 commodum

398 2390 479 2421 clam
512 2394 543 2421 et
574 2389 687 2422 sumite
726 2390 934 2429 converterit,
972 2389 1069 2433 idque
1099 2390 1138 2423 ad

400 2442 527 2474 easdem
554 2443 681 2484 regulas
708 2442 741 2474 in
764 2442 878 2475 iisdem
904 2442 1017 2475 edictis
1044 2443 1138 2475 etiam

398 2494 431 2525 in
447 2494 527 2526 furto
547 2505 659 2537 magno
678 2495 897 2538 praescriptas
915 2495 982 2528 sieri
1002 2496 1136 2536 debeat,

399 2547 666 2591 ‹piotiescumspie
708 2553 813 2581 tamen
853 2548 985 2581 Camera
1026 2553 1138 2582 nostra

399 2600 604 2644 Apostolica,
631 2601 679 2633 rel
705 2601 863 2644 quispiam
892 2612 927 2634 ex
955 2602 1034 2636 locis
1072 2602 1136 2636 Piis

979 221 1159 245 BULLARIUM
1184 220 1342 245 ROMANUM

1929 222 1978 249 An.
1999 222 2027 250 C.
2041 223 2109 251 1729

1181 279 1217 302 ae
1242 270 1362 303 mensis
1387 271 1604 314 supradictis,
1640 277 1671 304 et
1702 271 1841 314 quilibet
1866 271 1919 304 do-

1180 322 1286 355 minus
1311 332 1346 355 ac
1371 323 1512 357 creditor
1536 324 1694 367 pecuniae
1719 326 1767 357 vel
1793 323 1838 357 rei
1865 323 1919 357 de-

1181 376 1305 419 positae
1325 376 1478 409 damnum
1497 377 1633 410 subiisse
1644 382 1844 420 compertum
1857 377 1921 410 sue-

1181 429 1233 462 rit.
1262 429 1320 462 Ubi
1345 439 1421 462 vero
1450 430 1576 462 nullum
1611 430 1763 463 damnum
1796 431 1919 463 illatum

1182 482 1257 515 inde
1282 482 1397 522 tuerit,
1432 482 1646 515 nihilominus
1678 482 1741 515 iam
1767 483 1843 515 dicti
1870 483 1921 515 de-

1180 536 1328 579 positarii
1365 541 1397 568 et
1428 535 1541 568 arcarii
1578 535 1661 568 inter
1697 536 1831 569 infames
1864 536 1921 569 ha-

1181 588 1279 622 bendi
1305 589 1346 621 ob
1372 590 1498 632 culpam
1525 588 1734 629 infidelitatis,
1757 589 1921 632 duplicata

1181 643 1285 684 poena
1300 641 1490 685 pecuniaria
1504 651 1661 682 summae,
1672 652 1767 685 quam
1782 641 1814 674 in
1825 652 1919 674 suum

1180 695 1229 727 vel
1263 694 1404 727 alienum
1441 694 1647 727 commodum
1680 694 1917 734 converterint,

1180 746 1290 790 puniri
1317 747 1466 779 debeant.
1504 746 1566 779 Sed
1602 752 1772 790 praeterea
1805 747 1920 789 poenis

1181 800 1277 832 etiam
1305 799 1528 842 corporalibus
1558 799 1709 841 gravibus
1738 804 1770 832 et.
1796 799 1919 841 gravis-

1181 852 1291 892 simis,
1318 852 1453 885 arbitrio
1489 852 1641 893 iudicum,
1669 852 1827 884 cumulate
1852 852 1920 894 ple-

1181 910 1320 945 ctantur,
1345 905 1470 938 ratione
1495 905 1606 938 habita
1631 904 1795 948 qualitatis
1814 909 1845 937 et
1864 904 1920 937 cir-

1181 958 1447 991 cumstantiarum
1486 958 1685 1000 singulorum
1723 968 1852 990 casuum
1889 963 1920 990 et

1181 1010 1338 1044 sactorum
1355 1038 1362 1052 ‚
1408 1021 1485 1054 quas
1524 1010 1775 1054 deprehendere
1817 1010 1920 1043 conti-

1181 1063 1276 1107 gerit.

1225 1119 1239 1161 §
1263 1117 1294 1150 6.
1311 1117 1466 1150 Similiter
1488 1118 1646 1156 volumus,
1668 1116 1873 1151 decernimus
1889 1121 2078 1153 etCnniputorum
2092 1128 2112 1148 ,ι

1931 1155 2036 1174 rationum
2062 1157 2111 1174 xci-t·

1180 1172 1347 1211 iubemus,
1375 1181 1415 1203 ne
1441 1175 1668 1214 computorum
1698 1174 1729 1202 et
1756 1169 1919 1202 rationum
1931 1184 2007 1217 mores
2036 1180 2111 1201 Montis

1180 1225 1354 1267 scriptores
1395 1223 1511 1256 Montis
1549 1223 1680 1256 Pietatis
1718 1227 1750 1256 et
1789 1209 2111 1266 mensaessgt'ffitssissllll

1179 1275 1211 1308 S.
1237 1274 1375 1318 Spiritus
1410 1274 1558 1317 recipere
1599 1279 1652 1306 aut
1695 1260 2116 1317 recipiendumltsstrssrfflttss‘l

1180 1334 1212 1361 et
1236 1328 1426 1361 solvendum
1451 1337 1564 1361 curare
1589 1327 1639 1360 vel
1665 1327 1771 1360 facere
1796 1313 2111 1372 possintssftssiijle‘ffSssdf'll

1181 1381 1410 1424 quodcumque
1451 1381 1639 1414 mandatum
1675 1380 1725 1413 vel
1763 1368 2110 1422 sc1·iptum‹'1³3.¹2'“³0'31i÷'1⁸⁰1i=if

1180 1434 1310 1468 illorum
1358 1434 1414 1477 qui
1451 1434 1556 1466 nullas
1593 1432 1747 1476 pecunias
1779 1442 1813 1464 re
1849 1420 2008 1475 ipsa¹''¹'¹¹‘'

1181 1488 1302 1521 ibidem
1336 1487 1500 1530 depositas
1537 1487 1585 1520 vel
1622 1490 1765 1519 servatas
1801 1485 1922 1518 habue-

1181 1541 1257 1573 rint.
1273 1540 1304 1573 Si
1320 1546 1427 1574 autem
1445 1539 1629 1579 habuerint,
1645 1539 1759 1572 eadem
1771 1538 1922 1571 mandata

1182 1599 1214 1627 et
1238 1593 1358 1637 scripta
1383 1592 1484 1636 recipi
1510 1597 1542 1625 et
1566 1591 1645 1625 solvi
1666 1591 1793 1635 possint
1809 1601 1868 1634 pro
1885 1593 1922 1624 ea

1184 1652 1307 1680 tantum
1341 1648 1465 1679 summa
1501 1656 1582 1688 quae
1619 1644 1765 1688 deposita
1801 1644 1922 1677 ibidem

1182 1700 1337 1733 extiterit.
1365 1698 1455 1737 Quod
1474 1698 1498 1731 si
1520 1699 1581 1731 iarn
1602 1697 1678 1730 dicti
1697 1702 1921 1740 computorum

1183 1753 1360 1796 scriptores
1387 1757 1418 1785 et
1442 1750 1613 1785 rationarii
1647 1749 1920 1789 contrafecerint,

1184 1812 1257 1839 tunc
1290 1806 1322 1838 in
1355 1815 1409 1838 eos
1445 1804 1578 1848 procedi
1614 1804 1717 1847 possit
1749 1807 1781 1836 et
1805 1803 1923 1836 debeat

1182 1859 1296 1902 poenis
1323 1869 1340 1891 a
1363 1858 1457 1891 nobis
1482 1857 1515 1890 in
1538 1857 1676 1890 arcarios
1702 1862 1734 1889 ct
1759 1856 1922 1899 deposita-

1182 1912 1248 1944 rios
1274 1912 1414 1945 statutis.

1227 1966 1241 2009 g
1267 1965 1295 1998 7.
1322 1965 1494 1998 Praeterea
1520 1963 1681 1997 sancimus
1716 1969 1748 1996 et
1779 1963 1923 1996 declara-
1947 1975 2029 2005 ,roem
2045 1973 2110 1994 inau-

1183 2029 1263 2059 mus,
1291 2019 1383 2059 haec,
1409 2028 1490 2061 quae
1517 2028 1534 2050 a
1558 2017 1652 2051 nobis
1677 2017 1740 2050 lata
1764 2017 1837 2059 lege
1862 2002 2047 2058 dis-ssffiltssssssz
2063 2005 2111 2057 ⁰0}ssss

1183 2077 1357 2115 ponuntur,
1385 2071 1417 2103 in
1434 2081 1488 2104 eos
1506 2070 1628 2114 pariter
1652 2070 1759 2103 locum
1777 2069 1900 2102 habere
1912 2096 1919 2109 ‚
1932 2053 2110 2111 {iffifflldlifffili

1183 2125 1236 2168 qui
1263 2124 1489 2164 auxiliatores,
1516 2127 1743 2168 cooperatores
1780 2127 1811 2155 et
1847 2108 2110 2165 quo-‘¹⁰⁹⁰⁸⁰³‘'⁰'⁰”''

1183 2187 1320 2221 cumque
1346 2177 1409 2210 alio
1443 2177 1539 2210 modo
1576 2176 1718 2215 conscii,
1747 2175 1920 2219 complices

1184 2242 1218 2264 ac
1239 2231 1415 2275 participes
1439 2229 1638 2263 infidelitatis
1668 2229 1855 2263 eorumdem
1875 2238 1923 2261 ar-

1183 2284 1348 2317 cariorum
1374 2289 1405 2317 et
1430 2283 1703 2327 depositariorum
1735 2283 1920 2323 extiterint;

1184 2338 1239 2381 qui
1279 2337 1409 2380 quidem
1449 2336 1569 2370 conscii
1611 2341 1643 2369 et
1682 2335 1857 2379 complices
1886 2346 1923 2369 ac:

1183 2391 1366 2434 participes,
1401 2390 1577 2423 secundum
1614 2400 1701 2423 suam
1726 2390 1924 2432 complicita-

1185 2448 1246 2476 tem
1273 2449 1303 2476 et
1325 2442 1607 2486 participationem
1626 2443 1657 2475 in
1675 2442 1812 2485 singulis
1832 2442 1922 2475 factis

1183 2503 1215 2529 et
1239 2497 1376 2536 casibus,
1396 2496 1513 2530 iisdem
1533 2496 1649 2539 poenis
1669 2495 1801 2528 omnino
1813 2495 1922 2539 puniri

1183 2549 1345 2590 debeant,
1382 2549 1497 2593 quibus
1532 2548 1691 2593 puniendi
1728 2553 1838 2581 essent
1869 2548 1921 2582 vel

1182 2603 1377 2647 punirentur
1402 2602 1570 2647 praecipui
1597 2606 1628 2635 et
1650 2601 1848 2645 principales
1863 2600 1919 2640 rei,
