2170 3147
25 200 72 227 Λη.
94 200 124 226 C.
144 198 210 225 ¹725

75 994 204 1016 conceditur

20 1023 130 1049 praedicto
165 1021 203 1041 rni-

19 1049 85 1070 uistro
109 1046 202 1074 ganamt·

19 1075 136 1096 auctoritas
145 1078 165 1094 et
174 1074 203 1094 iu-

20 1101 116 1122 risdictio
139 1106 202 1127 super

19 1127 98 1149 Ordine
139 1133 200 1154 prae-

18 1155 70 1177 sato.

796 197 987 221 ntjstittltht'S

218 245 318 279 felicis
343 245 518 278 memoriae
545 244 620 277 Sixti
642 244 746 286 Papae
764 245 787 276 V
812 250 954 278 anteces-

216 298 298 332 soris
324 298 426 331 nostri
464 297 634 340 incipienti
671 298 813 330 Romani
838 298 953 330 Ponti-

214 351 284 393 ficis
307 350 524 394 providentia,
555 355 627 390 etc„
655 350 714 382 sub
748 351 857 382 datum
892 351 952 382 Ro-

215 414 286 437 mae
310 414 380 437 xxtx
405 403 509 436 martii
536 413 716 442 nanxxvi,
743 403 798 435 sed
826 414 894 435 eam
921 403 952 435 in

215 467 274 489 suo
288 457 406 489 robore
428 467 619 500 permanere
637 456 854 495 decernimus,
880 455 951 493 imo,

214 520 274 554 pro
293 509 411 553 potiori
440 511 574 548 cautela,
592 510 694 553 ipsam
716 509 820 542 denuo
842 508 952 541 confir-

214 573 351 603 mamus,
378 563 463 596 idem
497 563 629 596 omnino
661 568 842 595 statuentes
868 562 952 594 circa

213 616 373 649 moniales
394 615 453 649 tria
471 621 543 649 vota
562 615 746 648 essentialia
767 615 951 648 emittentes

214 673 269 701 aut
293 669 387 702 etiam
414 669 586 702 Tertiarias
622 669 701 701 alias
728 668 759 700 in
786 678 952 700 conserva-

214 721 303 754 toriis
329 722 541 754 communiter
566 727 687 754 tantum
725 720 891 761 viventes,
919 726 951 752 ut

213 774 348 812 scilicet,
376 775 476 817 pleno
501 775 590 814 iure,
618 774 814 813 visitationi,
843 784 951 807 corre-

213 826 309 859 ctioni
350 832 381 860 et
413 827 582 860 directioni
623 828 757 860 fratrum
792 826 950 859 Minorttm

213 879 410 919 subiaceant,
437 880 498 912 nisi
525 880 618 913 aliter
644 880 683 912 ab
711 881 770 913 hac
794 880 877 913 Sede
902 890 951 912 re-

213 932 360 976 periatur
384 933 571 976 specialiter
596 933 790 966 ordinatum.

258 986 272 1029 §
297 983 328 1018 8.
355 985 555 1028 Iniungimus
581 991 688 1018 autem
714 985 819 1018 eidem
853 995 951 1027 gene-

215 1038 271 1071 rali
297 1038 446 1071 ministro
473 1038 571 1071 totius
597 1038 750 1078 Ordinis,
787 1044 836 1079 ut,
864 1039 949 1071 beati

213 1091 376 1124 Francisci
391 1092 491 1135 patris
511 1092 559 1124 sui
574 1092 717 1134 vestigiis
736 1092 948 1132 inhaerendo,

213 1144 357 1185 ubilibet,
375 1144 460 1177 intra
485 1145 669 1188 provincias
688 1155 745 1188 per
763 1145 948 1178 universum

212 1197 328 1231 Orbem
353 1198 473 1231 eisdem
508 1199 695 1231 commissas
714 1226 721 1237 ,
759 1199 948 1232 huiusmodi

212 1250 309 1283 Tertii
323 1250 452 1284 Ordinis
467 1245 738 1294 congregationes
753 1253 948 1292 saeculares,

213 1308 274 1336 tam
301 1304 436 1337 fratrum
463 1315 557 1348 quam
579 1315 739 1344 sororum,
757 1316 816 1348 per
836 1311 949 1348 paten-

212 1361 259 1389 tes
283 1358 407 1390 litteras
434 1368 506 1391 suas
532 1359 580 1391 vcl
599 1359 646 1391 sui
665 1359 876 1391 commissarii
896 1370 949 1401 ge-

210 1411 331 1443 neralis
367 1411 518 1453 erigere,
546 1411 697 1454 ipsasque
724 1412 770 1444 sic
796 1418 919 1445 erectas
939 1440 946 1453 ‚

211 1464 297 1496 iuxta
323 1464 575 1497 constitutiones
601 1475 656 1498 seu
677 1469 794 1498 statuta
813 1477 830 1498 a
845 1466 947 1499 felicis

209 1517 446 1550 recordationis
471 1518 569 1551 Paulo
588 1518 672 1561 Papa
692 1518 727 1550 tlt
743 1524 948 1552 antecessore

209 1575 320 1603 nostro
347 1571 538 1614 approbata,
568 1573 615 1603 vel
642 1572 819 1604 secundum
842 1572 903 1605 alia
918 1572 947 1604 in

208 1623 335 1666 speculo
359 1624 526 1667 seraplzt'co
552 1629 705 1657 contenta
736 1629 832 1667 atque
865 1625 947 1657 dire-

209 1677 311 1710 ctorio
339 1678 435 1710 trium
464 1678 620 1710 Ordintun
650 1678 786 1717 inserta,
818 1689 946 1711 necnon

209 1741 268 1774 per
292 1732 487 1765 recolendae
524 1732 699 1765 memoriae
737 1732 945 1766 Innocentios

208 1784 309 1828 Papas
335 1785 382 1825 XI,
403 1785 454 1818 XII
481 1791 511 1818 et
536 1786 603 1819 >2111
628 1786 836 1827 confirmata,
865 1798 947 1830 quae

209 1838 305 1870 etiam
331 1838 552 1881 praesentium
574 1845 685 1872 tenore
705 1850 897 1873 renovamus
917 1846 947 1873 et
968 1865 969 1870 ,

208 1892 428 1935 approbamus
452 1919 458 1932 ‚
501 1893 673 1926 coufovere
715 1899 743 1926 et
784 1894 946 1927 moderari

208 1949 301 1978 curet
324 1945 525 1989 studeatque,
553 1946 613 1979 nisi
641 1952 747 1980 tamen
766 1948 873 1981 eidem
893 1959 947 1991 gc-

208 1998 312 2030 nerali
338 1997 486 2032 ministro
513 2005 544 2032 et
562 1999 694 2042 capituli
713 2001 876 2041 generalis
893 2012 948 2044 pa-

209 2051 312 2084 tribus
338 2051 426 2084 aliud
451 2051 482 2084 in
509 2051 644 2085 Domino
671 2052 830 2085 videbitur
856 2064 969 2098 expe-r

209 2104 298 2137 dire:
324 2104 440 2147 quibus
467 2110 643 2147 propterea
669 2106 801 2148 plenum
829 2107 877 2139 ius
911 2118 947 2140 ac

208 2156 313 2191 libere
336 2157 558 2190 auctoritatem
578 2168 614 2190 ea
633 2158 820 2199 innovandi,
837 2160 947 2192 immu-

208 2210 307 2250 tandi,
334 2210 471 2252 augendi
499 2216 554 2242 aut
580 2210 755 2251 minuendi,
772 2222 808 2244 ac
828 2213 889 2245 alia
908 2213 946 2246 de

208 2268 320 2297 cetero
345 2263 508 2295 statuendi
535 2274 616 2306 quae
634 2263 754 2297 bonum
781 2264 856 2297 dicti
879 2276 948 2308 gre-

209 2317 257 2360 gis
280 2316 428 2360 regimen
455 2326 654 2349 concernere
680 2323 828 2360 possunt,
854 2318 946 2351 dum—

1016 198 1071 220 xttt
1097 198 1144 221 rr.
1634 186 1697 220 *230

997 244 1198 288 temporibus
1215 244 1399 278 facultatem
1416 244 1551 277 facimus
1566 249 1663 287 atque
1678 245 1736 277 lar-

997 299 1114 341 gimur.
1135 299 1281 342 Insuper,
1304 298 1380 331 dicti
1405 297 1534 331 Ordinis
1552 298 1735 342 profectum

997 357 1028 383 et
1052 351 1289 384 incrementum
1322 362 1401 395 prae
1427 352 1530 385 oculis
1557 352 1736 391 habentes,

997 415 1031 435 ae
1051 405 1224 446 praedictis
1241 405 1530 447 praedecessorum
1550 411 1734 438 nostrorum

997 457 1285 490 constitutionibus
1311 458 1532 498 inhaerentes,
1559 457 1664 490 eidem
1682 468 1736 500 ge-

998 509 1100 541 nerali
1133 509 1283 542 ministro
1300 537 1307 549 ,
1335 510 1493 553 privative
1520 510 1627 554 quoad
1654 511 1734 543 alios

997 572 1227 605 quoscumque,
1247 563 1464 603 concedimus,
1486 569 1520 595 ut
1545 574 1603 607 per
1624 574 1734 597 secun-

997 615 1103 647 darios
1129 616 1339 657 superioreS,
1365 616 1405 649 ad
1431 616 1461 649 id
1488 619 1673 660 opportuna
1705 623 1736 650 et

996 668 1181 700 necessaria
1208 668 1357 701 facultate
1377 668 1536 708 suffultos
1565 669 1735 713 utriusque

995 730 1089 752 sexus
1115 719 1347 753 christifideles
1375 721 1461 753 iuxta
1499 732 1621 754 morem
1658 722 1733 755 dicti

995 772 1124 805 Ordinis
1151 773 1299 816 recipere
1318 801 1325 813 ,
1356 774 1612 806 commissarium
1639 774 1734 807 etiam

995 826 1193 858 visitatorem
1221 836 1273 858 seu
1301 827 1549 865 confessarium,
1576 827 1734 866 moribus,

995 877 1077 911 vitae
1092 878 1307 911 sanctimonia
1326 884 1356 911 et
1374 884 1478 911 aetate
1497 878 1661 920 idoneum,
1680 879 1734 922 qui

996 931 1072 974 ipsis
1098 932 1318 964 ecclesiastica
1338 938 1543 964 sacramenta
1561 932 1732 971 ministret,

995 995 1030 1016 ae
1056 985 1094 1017 de
1121 986 1305 1029 praeceptis
1326 987 1458 1028 regulae
1482 986 1634 1026 instruat,
1657 997 1735 1019 con·

995 1037 1201 1080 gregationes
1219 1049 1274 1072 seu
1294 1048 1490 1082 congressus
1513 1045 1687 1079 convocet,
1703 1045 1735 1072 ct

995 1090 1026 1122 in
1054 1091 1130 1134 ipsis
1156 1102 1190 1123 ac
1216 1092 1287 1124 aliis
1320 1093 1576 1136 quibuscumque
1610 1092 1733 1125 actibus

995 1149 1024 1176 et
1046 1144 1265 1177 functionibus
1282 1145 1481 1188 praesideat,
1501 1146 1617 1188 duplex
1637 1145 1732 1179 ctiam

994 1197 1025 1229 in
1045 1197 1181 1240 paritate
1208 1198 1397 1241 sull'ragium
1425 1199 1519 1239 ferat,
1538 1198 1704 1241 assignare
1723 1198 1730 1214 ¹

994 1251 1125 1290 valeat,
1163 1262 1292 1284 necnon
1330 1252 1461 1285 easdem
1500 1252 1730 1295 congregatio-

995 1314 1051 1337 nes
1088 1310 1120 1337 et
1156 1315 1264 1337 earum
1303 1305 1435 1345 domos,
1461 1305 1731 1346 conservatoria,

994 1358 1180 1400 hospitalia,
1209 1358 1350 1401 capellas
1378 1363 1409 1391 et
1434 1358 1584 1398 oratoria,
1611 1370 1734 1402 oppor-

994 1411 1079 1443 tunis
1106 1411 1328 1453 temporibus,
1355 1412 1404 1444 vel
1430 1422 1489 1454 per
1514 1410 1665 1454 scipsum,
1684 1413 1732 1445 vel

993 1475 1050 1507 per
1085 1464 1252 1497 ministros
1289 1465 1506 1508 provinciales
1546 1471 1601 1498 aut
1636 1466 1731 1498 etiam

993 1519 1234 1551 commissarios
1259 1518 1457 1557 visitatores,
1485 1518 1617 1551 seclusis
1644 1519 1733 1551 loco-

993 1582 1061 1604 rum
1087 1572 1265 1604 Ordinariis
1301 1578 1331 1605 et
1363 1572 1435 1604 aliis
1473 1572 1731 1616 quibuscumque

992 1625 1139 1667 personis
1164 1624 1301 1657 cuiusvis
1327 1631 1435 1665 status,
1453 1625 1573 1668 gradus
1589 1627 1636 1659 vel
1657 1636 1733 1658 con-

992 1677 1125 1710 ditionis
1155 1678 1292 1710 existant
1325 1684 1355 1711 et
1387 1689 1587 1721 quacumque
1621 1684 1731 1712 aucto-

992 1732 1084 1764 ritate
1111 1732 1298 1775 fungantur,
1326 1732 1455 1765 visitare
1490 1743 1526 1765 ac
1551 1732 1729 1773 instruere,

991 1791 1022 1818 et
1047 1791 1184 1829 paterne
1210 1786 1375 1828 corrigere
1402 1796 1437 1818 ac
1459 1786 1646 1826 reformare,
1667 1792 1730 1819 tam

991 1839 1022 1871 in
1049 1839 1154 1882 capite
1195 1850 1290 1882 quam
1317 1839 1347 1871 in
1374 1839 1550 1880 membris,
1591 1840 1630 1872 ad
1664 1849 1732 1872 cas-

991 1893 1149 1925 sationem
1185 1903 1286 1936 usque
1324 1892 1469 1925 mantelii
1505 1897 1536 1925 et
1576 1892 1730 1932 habitus,

991 1956 1072 1989 quae
1099 1945 1309 1979 correctionis
1335 1951 1390 1978 aut
1413 1945 1653 1978 reformationis
1684 1947 1731 1979 of-

990 1999 1062 2032 ficio
1100 1999 1310 2041 congruerit'2
1335 1998 1504 2041 indigere,
1531 1999 1658 2042 aliaque
1691 1999 1730 2032 ad

990 2054 1112 2085 bonum
1140 2053 1215 2085 dicti
1242 2052 1380 2094 Ordinis,
1406 2052 1493 2085 iuxta
1518 2052 1585 2085 eius
1611 2053 1731 2086 consti-

992 2105 1144 2146 tutiones,
1174 2106 1328 2138 ordinare
1355 2112 1385 2138 et
1410 2106 1549 2149 exequi,
1576 2106 1670 2138 sicuti
1697 2106 1728 2138 in

991 2159 1129 2192 Domino
1152 2160 1306 2203 expedire
1328 2159 1590 2200 anhuadvertiffl,
1609 2165 1639 2193 et
1657 2170 1730 2204 spe-

990 2212 1110 2253 ciatim,
1131 2212 1196 2252 ut‘'‚
1219 2213 1348 2256 quoties
1375 2212 1438 2245 sibi
1463 2212 1644 2256 placuerit,
1671 2223 1730 2257 per

990 2265 1170 2298 visitatores
1195 2276 1285 2303 suos,
1312 2266 1414 2298 libros
1433 2271 1464 2298 et
1488 2265 1631 2298 rationes
1656 2266 1728 2300 red·

991 2317 1116 2350 ditttum
1143 2328 1178 2351 ac
1198 2318 1362 2351 honorum
1389 2318 1531 2361 ipsarum
1555 2329 1730 2362 congrega-

208 2371 307 2404 modo
335 2375 441 2402 tamen
472 2370 607 2412 regulae
639 2371 800 2413 praefatae
831 2371 947 2404 sacris·
992 2371 1117 2404 tionum
1145 2371 1330 2404 examinare
1356 2376 1389 2404 ct
1413 2381 1648 2414 recognoscere
1671 2382 1730 2416 po-

209 2435 271 2468 que
286 2424 462 2457 canonibus
479 2434 543 2456 non
559 2424 784 2465 adversentur,
802 2425 840 2457 ad
860 2430 947 2458 teno-

207 2488 278 2511 rem
295 2478 475 2511 litterarum
491 2476 664 2510 Clementis
684 2477 787 2520 Papae
802 2478 851 2510 Vlt
870 2478 946 2511 inei-

207 2531 367 2575 pientium
396 2531 477 2564 Dum
500 2530 611 2563 uberes
636 2531 777 2573 fructus,
794 2535 866 2571 etos,
887 2532 946 2564 sub

209 2585 316 2618 datum
330 2595 367 2618 xv
383 2584 486 2618 martii
501 2595 634 2624 iiiivxvi,
650 2585 813 2628 perpetuis
833 2585 946 2617 futuris

296 2648 375 2677 Butz.
397 2648 479 2675 Rom.
501 2663 534 2668 --
560 2648 618 2674 Vol.
641 2648 732 2675 XXII.
877 2647 909 2676 37

1027 2462 1036 2486 1
1061 2459 1200 2486 Particula
1219 2468 1252 2487 ac
1271 2459 1394 2486 delemus
1414 2461 1450 2495 (n.
1464 2455 1516 2494 ''r.).

1027 2505 1040 2530 2
1062 2503 1162 2530 Forsan
1182 2504 1327 2531 censuerit
1348 2504 1389 2531 vel
1408 2504 1574 2539 coynoveril
1593 2505 1631 2538 (n.
1650 2505 1698 2537 Τ.).

1026 2547 1041 2574 3
1062 2547 1152 2574 Potius
1172 2548 1417 2576 animadverterit
1436 2554 1474 2579 (ni
1490 2549 1540 2581 Τ.).

1026 2594 1040 2619 4
1061 2592 1130 2620 Male
1151 2593 1213 2621 edit.
1237 2592 1315 2620 Μελίη.
1338 2592 1401 2630 legit
1422 2596 1472 2622 aut
1492 2601 1540 2629 pro
1561 2596 1592 2620 ut
1613 2595 1649 2629 (a.
1677 2593 1727 2628 r).

1748 197 1795 222 Λη,
1819 197 1846 222 (ἶ.
1867 197 1933 224 ¹725
