2170 3147
37 207 89 236 An.
104 207 135 235 G.
157 206 227 235 1726

504 252 687 286 CXXXVIII.

230 323 450 365 Confirmatur
487 323 601 355 erectio
624 323 861 364 ,conservator-ii
887 332 970 364 pau-

270 387 388 419 perum
401 376 587 419 puellarum
602 375 714 418 oppidi
734 375 969 414 (Stampensis,

271 429 508 462 Bracharensis
539 427 707 465 dioecesis,
742 427 777 459 in
807 431 967 459 nionasle-

272 482 360 514 rium
389 481 490 514 Tertii
515 480 649 514 Ordinis
681 477 965 513 Gai-inclitarum.

406 558 589 586 Benedictus
611 558 689 591 Papa
709 558 795 590 XIII,

346 603 382 629 ad
404 606 585 637 perpetuam
605 603 649 628 rei
669 601 853 628 memoriam.

77 685 219 716 exoratum?
274 673 505 707 Sacrosanctae
531 671 700 705 militantis
724 671 885 704 Ecclesiae
912 681 968 713 gu-

35 712 406 766 ‘il'sssspssfi‘a'ssss‘ssbernacum
439 737 477 759 ex
510 725 623 758 summi
649 724 824 758 sacerdotii
850 724 964 757 cathe-

37 766 86 787 ἀπ’
231 780 288 813 dra
306 779 399 812 nobis
414 778 537 812 meritis
556 778 632 811 licet
646 777 826 821 imparibus
840 777 969 810 deman-

230 833 305 866 data
324 836 484 871 tenenteS,
504 831 542 864 ad
564 841 610 871 ea,
628 841 687 873 per
704 841 787 873 quae
806 840 967 873 pauperes

230 885 369 928 puellae,
389 883 466 916 olim
484 884 545 916 sub
564 882 694 925 aliquali
713 882 839 915 vivendi
856 883 969 924 regula

229 937 264 970 in
289 935 452 970 communi
475 936 571 968 domo
598 934 834 968 conservatorii
860 934 970 967 viven-

231 995 291 1030 tes,
310 988 449 1028 tandem,
472 987 589 1030 spretis
614 986 711 1018 liuius
738 986 876 1019 infelicis
902 997 970 1019 sae-

230 1041 294 1076 culi
319 1039 497 1079 illecebris,
524 1044 685 1082 tamquam
710 1038 887 1082 prudentes
906 1039 969 1071 vir-

230 1094 322 1137 gines
343 1091 487 1125 accensis
500 1091 705 1134 lampadibus
720 1090 845 1124 obviam
863 1090 968 1123 iturae

230 1155 352 1189 sponso
376 1144 462 1184 Iesu,
487 1143 600 1177 eadem
627 1144 722 1177 domo
746 1142 779 1175 in
805 1147 970 1176 monaste-⁷

230 1197 312 1231 rium
338 1198 455 1237 erecta,
484 1200 717 1239 assumptoque
742 1195 884 1238 regulari
913 1195 970 1228 ha-

229 1251 318 1291 bitu,
344 1254 540 1294 perpetuum
574 1248 739 1282 Altissimo
780 1248 970 1281 famulatum

229 1304 440 1347 impendere,
467 1307 699 1344 aeternamque
732 1301 969 1333 beatitudinem

231 1354 407 1399 consequi⁹
431 1355 578 1395 valeant,
610 1364 646 1386 ac
678 1353 795 1386 exinde
832 1353 968 1386 honoris

229 1410 329 1442 flores
345 1414 376 1441 et
402 1407 582 1441 honestatis
601 1407 721 1439 fructus
742 1407 968 1449 regularisque

230 1462 312 1494 vitae
346 1459 540 1504 propagatio
576 1458 769 1499 deveniant,
796 1458 969 1502 propensis

230 1514 346 1549 studIIs
373 1513 592 1553 intendimus;
619 1518 650 1545 et
680 1523 721 1545 ne
748 1512 779 1544 in
800 1516 969 1555 posterum

230 1569 270 1603 de
306 1567 491 1601 huiusmodi
517 1566 692 1599 erectionis
721 1565 861 1598 validate
893 1565 969 1597 liae-

230 1622 321 1656 sitari
343 1621 528 1663 contingat,
556 1619 611 1652 sed
638 1619 742 1651 litium
769 1618 968 1651 anfractibus

231 1681 263 1710 et
288 1674 427 1709 dissidiis
447 1683 547 1717 snper
572 1672 636 1705 hoc
662 1671 782 1704 habitis
799 1672 968 1714 hueusque

230 1729 304 1763 finis
329 1727 718 1773 perpetuosimponatur,
749 1735 785 1757 ac
809 1735 967 1768 personae

230 1783 262 1817 in
288 1784 326 1816 ea
350 1782 507 1824 degentes
534 1779 650 1812 divinis
672 1778 820 1811 laudibus
846 1780 882 1811 ea
906 1780 967 1821 qua

230 1847 289 1881 par
320 1841 370 1868 est
394 1834 510 1867 mentis
544 1834 683 1876 puritate
709 1837 739 1865 et
765 1832 871 1865 cordis
904 1832 969 1863 sin-

231 1890 364 1925 ceritate
395 1887 529 1921 liberius
554 1886 730 1926 insistant,
769 1885 967 1919 erectionem

230 1941 418 1978 monasterii
444 1940 633 1974 huiusmodi
664 1940 861 1982 apostolicae
887 1949 965 1971 con-

229 1995 424 2030 firmationis
446 1993 622 2027 munimine
643 1992 848 2031 roborantes,
863 1997 970 2035 pasto-

231 2050 309 2084 ralis
334 2048 429 2082 officii
466 2047 567 2080 nostri
605 2051 711 2089 partes
748 2044 970 2078 favorabiliter

231 2101 484 2145 interponimus,
503 2105 611 2143 prout,
632 2109 842 2142 personarum
862 2098 971 2130 liuius-

230 2155 317 2189 modi
344 2164 380 2187 ac
404 2155 549 2186 locorum
576 2157 605 2185 et
628 2157 811 2194 temporum
837 2150 970 2193 qualita-

232 2208 316 2242 tibus
341 2207 467 2240 matura
502 2205 767 2239 consideratione
799 2203 967 2247 pensatis,

269 2280 279 2306 1
302 2277 375 2305 Aliae
394 2277 464 2304 duae
484 2279 575 2303 extant
591 2275 670 2302 liuius
685 2274 824 2302 Pontificis
840 2275 970 2301 constitu-

231 2323 319 2351 tiones
346 2329 393 2357 pro
420 2321 514 2347 iisdem
542 2319 688 2352 ternariis,
714 2319 740 2345 in
769 2328 884 2355 quarum
917 2323 971 2348 una

231 2367 296 2396 edit.
315 2373 456 2399 MDCCxxvr,
478 2365 520 2391 die
540 2365 575 2390 24
593 2364 661 2398 iulii,
683 2364 778 2398 pontif.
800 2371 844 2398 111,
862 2370 971 2404 cavetur

231 2421 266 2440 ne
286 2410 490 2439 commissarius
518 2409 672 2443 provinciae
701 2408 833 2435 Fluminis
854 2409 970 2436 Ianuarii

230 2456 386 2484 inconsulto
401 2453 522 2489 generali
543 2456 733 2485 removeatur3
754 2453 780 2478 in
801 2453 884 2479 altera
904 2453 969 2480 edii.

231 2506 383 2533 unccxxvn,
405 2499 448 2525 die
468 2498 502 2525 30
521 2497 638 2531 augusti,
655 2497 750 2532 pontif.
766 2503 802 2530 iv,
819 2497 970 2525 subiiciun-

231 2549 276 2573 tur
293 2543 472 2572 iurisdictioni
491 2542 639 2578 generalis.

267 2590 283 2616 2
297 2588 417 2617 Pessime
432 2587 496 2615 edit.
513 2586 592 2614 Maia.
610 2586 676 2621 legit
690 2587 852 2615 consecrati
869 2586 969 2623 (astu).

319 2644 397 2672 Bull.
417 2643 500 2671 Rom.
519 2657 553 2662 —
577 2641 637 2671 Vol.
657 2641 749 2669 XXII.
893 2641 926 2668 49

814 205 1009 229 BENEDICTLTS

1034 204 1089 227 xnr
1113 204 1163 227 Pr.
1648 190 1712 225 385
1759 200 1809 227 An.
1826 200 1854 228 c.
1877 200 1944 231 1726

1012 251 1044 283 in
1065 250 1202 284 Domino
1221 249 1439 294 conspicimus
1465 249 1640 282 salubriter
1660 259 1752 292 expe-

1012 304 1095 336 dire.

1051 357 1065 398 ξ
1082 357 1110 389 i.
1126 356 1201 389 Cum
1221 357 1340 400 itaque,
1355 357 1436 389 sicut
1450 356 1644 399 accepimus,
1660 354 1748 395 alias,
1788 368 1886 388 ursanus
1902 369 1946 399 fimf

1012 408 1162 441 videlicet
1180 410 1218 442 de
1237 419 1319 442 anno
1341 408 1467 442 Domini
1493 418 1672 447 MDCLxxxv,
1693 418 1748 440 scu
1762 395 1944 451 '1:552'ss1¹l-2‘lss'12531?

1011 461 1074 493 alio
1102 461 1218 494 veriori
1246 465 1405 504 tempore,
1425 462 1454 493 in
1474 461 1595 504 oppido
1618 461 1656 493 dc
1677 450 1945 506 Gai-fflssllsslifilssssfss'p‘}

1011 514 1161 553 marensi,
1180 514 1410 547 Bracharensis
1427 514 1597 554 dioecesis
1614 514 1748 556 simplex
1762 501 1945 547 &5313'01132'33¹⁵

1012 567 1287 599 conservatorium
1313 567 1544 600 nonnullarum
1568 567 1750 609 puellarum

1011 620 1044 651 in
1077 619 1241 652 communi
1274 619 1449 652 viventium
1483 630 1543 663 per
1579 619 1751 662 quemdam

1013 678 1088 705 tunc
1114 672 1146 704 in
1173 672 1325 705 humanis
1359 678 1510 715 agentem
1542 672 1751 705 Franciscum

1012 726 1159 757 Antunes
1185 724 1315 765 Torres,
1333 726 1409 758 dum
1435 725 1566 766 viveret,
1586 735 1643 757 seu
1665 724 1752 756 iuxta

1012 777 1092 817 eius,
1112 777 1170 810 sub
1196 788 1260 820 qua
1281 777 1319 810 ab
1341 777 1493 810 humanis
1515 776 1668 816 decessit,
1688 777 1752 808 dis-

1011 829 1207 873 positionem
1226 830 1516 870 testamentariam,
1537 830 1704 862 fundatum
1723 834 1753 862 et

1013 887 1158 915 erectum
1185 882 1342 923 extiterit,
1362 882 1499 915 subinde
1521 892 1606 921 vero,
1626 881 1753 914 scilicet

1013 934 1051 967 de
1076 945 1161 968 anno
1192 935 1337 968 eiusdem
1371 934 1500 968 Domini
1534 943 1749 973 nnccxxxvn,

1012 988 1140 1030 puellae
1166 988 1331 1031 praefatae
1353 987 1499 1020 habitum
1518 991 1549 1019 et
1570 985 1752 1018 institutum

1013 1039 1140 1072 Ordinis
1165 1040 1300 1073 fratrum
1318 1039 1561 1073 Carmelitarum
1580 1037 1676 1070 Tertii
1699 1036 1753 1070 Or-

1013 1092 1097 1125 dinis
1124 1097 1385 1136 nuncupatorum
1419 1092 1458 1125 de
1491 1090 1640 1124 manibus
1667 1090 1750 1123 eins⁴

1013 1144 1086 1178 dem
1122 1145 1250 1178 Ordinis
1285 1145 1492 1189 superiorum
1528 1143 1750 1186 susceperint,

1013 1198 1223 1242 adauctisque
1256 1199 1365 1242 paucis
1396 1198 1434 1231 ab
1463 1197 1539 1230 inde
1571 1195 1664 1229 annis
1690 1202 1751 1228 tam

1012 1251 1099 1284 illius
1125 1251 1246 1285 fabrica
1272 1252 1362 1295 regio
1390 1251 1566 1295 diplomate
1588 1249 1752 1282 mediante

1013 1305 1222 1345 constructa,
1253 1315 1349 1347 quam
1375 1304 1491 1337 annuis
1517 1302 1696 1335 redditibus
1721 1306 1752 1334 et

1014 1355 1231 1389 tertiariarum
1258 1367 1406 1394 numero,
1424 1361 1499 1388 tnnc
1526 1355 1666 1387 existens
1688 1353 1750 1386 loci

1012 1408 1201 1441 Ordinarius
1219 1420 1283 1442 non
1305 1415 1428 1442 tantum
1452 1408 1607 1441 ecclesiae
1626 1408 1664 1439 de
1685 1406 1752 1439 eius

1013 1461 1142 1494 licentia
1169 1467 1335 1495 extructae
1350 1460 1614 1494 benedictionem
1634 1459 1751 1502 impar-

1015 1514 1076 1554 tiri,
1103 1525 1215 1547 verum
1243 1515 1339 1547 etiam
1365 1514 1485 1546 ibidem
1512 1513 1752 1546 sanctissimum

1011 1567 1233 1600 Eucharistiae
1260 1573 1496 1601 sacramentum
1523 1566 1750 1609 reponi,clau-

1012 1626 1078 1654 stra
1102 1621 1265 1661 benedici,
1294 1621 1672 1663 nonnullas*sepulturas
1690 1630 1751 1662 pro

1012 1675 1133 1707 eisdem
1158 1674 1276 1717 puellis
1302 1674 1421 1717 aperiri
1448 1672 1669 1712 concesserit,
1705 1672 1752 1705 di-

1012 1733 1145 1770 ctaeque
1159 1728 1288 1770 puellae
1304 1738 1374 1760 sese
1388 1727 1515 1760 noviter
1532 1725 1750 1758 iurisdictioni

1013 1787 1044 1814 et
1069 1781 1227 1823 gubernio
1256 1787 1330 1813 tunc
1363 1779 1570 1813 existentium
1603 1779 1751 1822 superlo-

1012 1844 1080 1866 rum
1107 1834 1252 1866 eiusdem
1278 1833 1405 1866 Ordinis
1442 1832 1682 1872 submiserint,
1713 1842 1751 1865 ac

1013 1888 1071 1920 snb
1099 1887 1258 1930 regimine
1286 1886 1394 1919 dilecti
1421 1885 1477 1919 filii
1496 1886 1601 1918 fratris
1619 1885 1749 1918 Antonii

1013 1941 1051 1974 de
1076 1940 1300 1972 lucarnatioue
1328 1944 1402 1971 tunc
1420 1938 1586 1971 existentis
1604 1938 1751 1972 cominis-

1013 1994 1088 2026 sarii
1115 1992 1276 2036 generalis
1303 1991 1380 2025 dicti
1413 1991 1541 2024 Ordinis
1579 1991 1611 2023 in
1648 2002 1749 2033 regno

1013 2046 1230 2089 Portugalliae
1256 2056 1315 2089 per
1340 2045 1468 2088 aliquod
1497 2044 1651 2087 temporis
1683 2055 1751 2087 spa-

1014 2100 1091 2132 tium
1118 2098 1376 2142 permanserint;
1403 2107 1540 2140 cumque
1566 2098 1598 2129 in
1632 2097 1750 2130 consti-

1014 2153 1138 2186 tutione
1165 2151 1208 2184 Pii
1235 2151 1293 2183 PP.
1314 2151 1336 2183 V
1355 2150 1616 2194 praedecessoris
1634 2149 1750 2189 nostri,

1014 2216 1095 2249 quae
1120 2205 1235 2248 incipit
1261 2205 1355 2238 Circa
1377 2203 1571 2247 pastoralis,
1597 2207 1672 2241 etc„
1702 2213 1751 2236 ca-

1013 2265 1125 2291 veatur
1162 2268 1317 2302 expresse
1353 2258 1438 2300 quod
1476 2257 1607 2300 puellae
1637 2256 1668 2289 in
1695 2257 1752 2288 liu-

1013 2311 1152 2344 iusmodi
1179 2311 1429 2343 conservatoriis
1456 2310 1622 2351 degentes,
1647 2310 1695 2342 vel
1717 2310 1750 2342 in

1013 2365 1163 2398 inanibus
1189 2363 1394 2407 propriorum
1430 2363 1636 2406 superiorum
1670 2363 1751 2395 sole-

1014 2427 1123 2450 mnem
1141 2417 1288 2449 emittere
1308 2422 1479 2449 teneantur
1497 2415 1748 2459 professionem,

1013 2475 1066 2502 aut
1091 2469 1330 2502 conservatoria
1354 2469 1543 2502 huiusmodi
1569 2468 1751 2501 dissolvan-

1015 2530 1064 2556 tur
1089 2529 1120 2556 et
1143 2524 1410 2566 supprimantur3
1438 2529 1679 2566 proptereaque
1711 2522 1750 2554 de

1014 2587 1098 2611 anno
1124 2576 1246 2620 pariter
1270 2576 1398 2609 Domini
1422 2585 1553 2616 MDCCIV,
1571 2585 1627 2607 seu
1653 2573 1750 2606 etiam
