2170 3147
32 169 85 204 An.
104 173 133 201 C.
151 172 219 202 1726

99 1754 207 1782 Hospitale

26 1782 50 1804 S.
64 1782 139 1804 Lazari
163 1782 209 1802 uni-

25 1812 68 1830 tum
91 1808 208 1833 archiespi-

25 1836 61 1856 tali
77 1835 100 1856 S.
117 1835 208 1860 Spiritus

24 1862 47 1883 in
74 1861 139 1882 saxia
171 1865 208 1887 pro

26 1888 124 1909 curan-tis
139 1887 208 1911 lepro-

25 1914 53 1935 sis
69 1917 149 1935 tantum
159 1919 208 1935 cou-

25 1942 134 1962 structum.

809 170 1003 196 BENEDICTUS
1027 170 1084 195 xm
1107 170 1155 196 1³1³.

225 212 409 254 executioni
435 219 622 253 demandari
650 218 803 262 nequivit,
830 222 965 262 propte-

223 283 279 305 rea
304 272 391 315 quod
419 271 529 310 timor,
565 282 604 304 ue
632 271 817 304 huiusmodi
843 270 964 304 morbis

223 324 335 357 insecti
362 334 425 357 non
452 325 557 356 solum
593 324 675 357 alios
708 329 872 364 aegrotos,
905 324 962 356 sed

223 376 317 410 eliam
342 377 506 409 ministros
532 376 596 408 illis
632 376 663 408 in
689 376 781 408 dictis
817 376 963 418 hospita—

222 429 307 463 libus
332 429 545 462 inservientes
565 430 752 461 eorumdem
774 428 961 461 morborum

222 483 419 525 contagione
447 483 625 521 foedarent,
652 487 795 515 rectores
814 487 846 514 et
863 481 962 513 admi-

221 535 417 568 nistratores
443 536 585 578 ipsorum
625 534 836 577 hospitalium
873 543 962 565 recc-

222 587 333 630 ptione
374 588 543 629 hucusque
580 586 694 619 avertit
733 590 765 618 et
801 584 959 624 deterrit,

221 639 307 672 unde
334 639 397 672 hoc
423 639 551 682 pietatis
577 638 725 671 subsidio
748 650 764 670 a
782 642 960 670 memorato

222 691 404 725 Alexandro
457 692 711 734 praedecessore
760 690 961 733 praescripto

222 744 387 785 frustrati,
413 750 510 786 atque
551 754 568 776 a
608 743 703 776 dictis
742 742 961 784 hospitalibus

222 796 352 835 exclusi,
372 796 458 838 gravi
479 796 668 828 morborum
688 805 818 828 suorum
837 794 960 827 sarcina

221 848 340 889 onusti,
365 859 425 891 per
449 848 583 887 Urbem,
610 848 712 887 vicos,
744 847 865 890 plateas
883 873 890 886 ,
925 856 961 878 ac

222 900 318 934 etiam
345 901 475 943 templa,
498 911 562 933 non
581 900 649 933 sine
668 899 863 932 intuentium
885 909 961 931 nau-

221 955 285 994 sea,
312 963 433 992 errare,
453 953 484 985 in
504 953 618 996 eisque
644 952 791 990 deficere,
811 957 853 991 et,
874 951 960 994 quod

220 1006 322 1049 magis
347 1006 522 1039 dolendum
548 1010 618 1045 est,
644 1004 839 1047 quandoque
865 1003 959 1036 etiam
981 1018 982 1026 2

220 1059 289 1092 sine
314 1058 523 1091 sacramentis
560 1057 666 1100 perire
699 1056 757 1088 visi
786 1060 879 1095 sunt,
907 1055 959 1088 alii

219 1121 304 1151 vero,
330 1121 494 1154 pauperes
519 1110 672 1153 quidem,
698 1108 754 1141 sed
779 1118 846 1140 non
878 1107 960 1140 adeo

219 1162 438 1202 miserabiles,
458 1162 490 1194 in
509 1162 651 1205 propriis
666 1160 816 1194 domibus
837 1160 960 1202 absque

219 1215 413 1259 opportunis
438 1213 684 1247 medicamentis
718 1213 884 1245 tabescere
910 1222 960 1244 co-

220 1274 348 1311 guntur,
375 1278 519 1310 suosque
546 1266 812 1307 consanguineos
839 1265 959 1297 eisdem
981 1267 982 1305 l

218 1321 342 1353 morbis
366 1321 547 1353 identidem
566 1319 726 1358 inliciunt,
749 1319 827 1360 quin
853 1318 960 1357 immo,
980 1342 982 1362 3

220 1384 292 1406 cum
318 1372 502 1405 istiusmodi
535 1372 639 1404 morbi
677 1372 771 1403 etiam
812 1371 844 1402 in
881 1372 981 1422 locisi

219 1426 298 1460 Urbi
324 1426 521 1469 propinquis
547 1436 583 1457 ac
609 1425 878 1457 universol'erme
894 1425 959 1457 Sta-
980 1446 981 1456 1

221 1478 273 1513 tu¹
298 1484 430 1512 nostrae
455 1484 487 1511 et
512 1479 607 1510 huius
632 1478 767 1511 Sanctae
793 1478 885 1510 Sedis
911 1478 958 1509 di-

220 1531 299 1565 tioni
315 1531 485 1574 temporali
503 1529 665 1563 subiecto²
679 1531 799 1573 passim
814 1537 956 1573 serpant,

219 1585 284 1619 illis
308 1585 513 1624 laborantes,
541 1585 627 1617 omui
654 1588 731 1616 eura
756 1589 788 1617 et
813 1586 956 1617 remedio

219 1648 255 1671 ac
280 1637 445 1680 corporali
474 1643 505 1670 et
529 1637 690 1680 spirituali
722 1647 783 1679 ope
811 1638 955 1669 destituti

220 1701 257 1724 ac
282 1691 446 1729 derelicti,
475 1691 579 1723 iacere
604 1691 866 1733 conspiciuntur;

219 1909 441 1948 nuncupatum
482 1914 585 1947 prope
626 1908 659 1936 et
697 1909 786 1936 extra
826 1904 955 1936 moenia

218 1957 314 1990 Urbis
338 1957 501 2000 praefatae
520 1967 587 1989 non
606 1958 721 1999 procul
747 1968 764 1988 a
782 1957 876 1989 Porta
894 1958 957 1989 An-

219 2010 322 2052 gelica
347 2010 386 2042 ad
411 2009 536 2042 radices
560 2010 632 2041 clivi
658 2009 778 2042 Cinnae
800 2020 854 2042 seu
873 2010 956 2042 ’Μοῑι-

220 2063 259 2095 tis
283 2062 371 2094 Marii
397 2062 493 2094 etiam
519 2061 713 2104 nuncupati3
737 2062 842 2100 situm,
870 2063 954 2104 quod

220 2115 337 2148 deinde
362 2114 614 2156 archihospitali
639 2114 670 2147 S.
696 2114 834 2156 Spiritus
851 2115 882 2146 in
900 2114 956 2147 Sa-

219 2167 270 2200 xia
294 2167 333 2200 de
359 2165 472 2200 eadem
498 2167 583 2199 Urbe
610 2167 800 2199 auctoritate
832 2172 957 2210 aposto-

219 2220 281 2254 lica
304 2226 464 2264 perpetuo
488 2220 614 2252 unitum
641 2219 709 2259 suit,
735 2220 885 2252 curandis
912 2221 956 2253 le-

220 2274 326 2318 prosis
351 2273 517 2305 dumtaxat
541 2273 780 2315 reputaverint;
808 2274 884 2316 quia
913 2279 957 2306 ta-

221 2337 295 2360 men
336 2326 443 2359 scabie
484 2335 520 2358 ac
559 2325 645 2358 tinea
688 2336 744 2358 seu
785 2326 956 2368 prurigine

220 2379 323 2413 affecti
349 2388 509 2422 nusquam
539 2378 620 2410 inibi
657 2378 753 2410 etiam
788 2388 874 2411 nunc
906 2370 977 2426 res

975 2427 1122 2472 bamur,
1160 2439 1191 2466 et
1225 2434 1322 2466 etiam
1360 2440 1533 2477 postquam
1560 2436 1599 2468 ad
1624 2437 1740 2469 summi

257 2462 266 2486 1
290 2458 360 2486 Edit.
383 2457 461 2484 lllain.
483 2457 547 2492 legit
566 2457 665 2485 statui
685 2460 723 2489 (n.
740 2457 787 2491 T.).

254 2504 270 2530 2
292 2503 364 2529 Edit.
386 2502 466 2529 Main.
489 2502 555 2536 legit
572 2502 710 2528 subiectio
727 2502 767 2535 (R.
782 2502 832 2536 T.).

255 2548 271 2576 3
291 2547 362 2574 Edit.
384 2547 462 2573 Main.
485 2550 672 2581 nuncupatae
690 2547 730 2580 (n.
751 2546 800 2581 12).

297 2601 377 2628 Ball.
398 2602 481 2630 Rom.
503 2618 535 2623 —
560 2601 620 2629 Vol.
641 2600 733 2628 XXII.
876 2599 912 2628 56

1644 160 1704 194 441

1007 217 1209 262 spiciuntur,
1236 218 1332 251 immo
1357 218 1398 251 ob
1424 218 1608 250 reddituum
1641 217 1745 260 ipsius

1008 271 1177 314 hospitalis
1204 271 1405 311 tenuitatem,
1430 276 1567 315 propter
1591 281 1686 314 quam
1706 271 1744 303 ad

1006 324 1091 356 illius
1117 324 1247 357 unionis
1272 324 1456 357 huiusmodi
1483 325 1657 357 deventum
1676 324 1744 364 suit,

1006 387 1065 409 nec
1090 387 1202 409 omnes
1228 377 1360 420 quidem
1397 377 1531 420 leprosi,
1571 387 1630 410 nec
1665 388 1745 419 quo-

1005 438 1144 471 cumque
1170 430 1244 461 anni
1272 435 1431 472 tempore,
1457 430 1514 462 sed
1536 429 1675 462 mendici
1695 440 1744 463 so·

1005 481 1190 521 lummodo,
1233 492 1268 514 ac
1308 483 1440 515 nonnisi
1481 482 1607 514 duobus
1654 481 1743 515 verni

1006 533 1164 575 temporis
1190 533 1356 567 mensibus
1383 534 1414 566 in
1441 545 1479 567 eo
1507 534 1742 575 admittuntur,

1005 587 1035 617 el
1059 586 1193 628 accepta
1223 586 1358 628 potione
1388 587 1514 620 medica
1539 588 1615 619 inde
1642 586 1745 619 dimit-

1006 642 1140 677 tuntur,
1168 638 1255 671 unde
1283 638 1317 670 tit
1350 644 1384 671 ut
1425 645 1488 672 tam
1525 640 1585 682 ipsi
1621 640 1744 682 leprosi

1004 689 1143 722 mendici
1181 690 1309 734 reliquo
1341 692 1434 732 anni,
1476 703 1512 725 ae
1552 693 1742 735 pracsertim

981 747 983 750 ’
1005 741 1138 774 hiemali
1165 747 1322 785 tempore,
1349 755 1411 786 quo
1436 745 1527 788 lepra
1545 745 1745 787 pertinacius

1005 794 1130 827 saevire
1157 795 1256 835 solet,
1284 807 1381 838 quam
1407 797 1460 829 alii
1487 807 1553 829 non
1582 797 1664 829 adeo
1686 796 1745 828 mi-³

1004 846 1161 879 serabiles
1175 848 1305 890 leprosi,
1329 848 1424 880 Urbis
1444 848 1571 882 incolae
1589 859 1624 880 ac
1642 849 1743 881 exteri

1003 908 1065 930 nec
1089 909 1157 931 non
1195 909 1309 932 omnes
1343 901 1451 933 scabie
1494 911 1528 932 ac
1566 900 1652 932 tinea
1687 910 1744 932 seu

1003 950 1171 992 prurigine
1198 951 1384 985 laborantes
1418 963 1434 984 a
1468 952 1554 985 dieto
1588 951 1743 994 hospitali

1004 1003 1140 1042 exclusi,
1176 1014 1241 1036 non
1276 1005 1417 1037 habeant
1445 1005 1508 1048 quo
1534 1004 1741 1046 confugiant3

1003 1055 1179 1098 praecipue
1218 1066 1294 1089 vero
1338 1067 1500 1100 pauperes
1540 1058 1670 1098 puellae
1712 1061 1744 1089 et

981 1108 1166 1148 ¹mulieres,
1192 1119 1286 1150 quae,
1312 1109 1440 1142 tametsi
1467 1109 1684 1149 miserrimae,
1711 1109 1743 1141 in

1003 1161 1119 1193 eodem
1146 1161 1299 1203 hospitali
1331 1173 1496 1205 nunquam
1523 1162 1742 1204 recipiuntur3

1047 1214 1108 1257 §3-
1129 1215 1294 1258 Simulque
1312 1216 1419 1248 animo
1437 1217 1627 1255 recolentes,
1647 1217 1742 1260 quod,

1004 1268 1185 1310 inspirante
1224 1268 1384 1301 bonorum
1428 1270 1572 1301 omnium
1609 1276 1742 1302 auctore

1004 1321 1147 1359 Domino,
1174 1321 1312 1354 dilectus
1340 1321 1424 1354 silius
1450 1322 1597 1355 AEmilius
1619 1323 1780 1354 Lamias...

1002 1375 1173 1417 presbyter
1196 1374 1394 1413 Sabinensis,
1426 1386 1481 1408 seu
1508 1376 1641 1408 alterius
1668 1376 1744 1407 civi-

1005 1428 1076 1460 tatis
1102 1428 1151 1460 vel
1174 1428 1343 1469 dioecesis,
1362 1428 1452 1472 prior
1469 1429 1500 1462 S.
1521 1429 1629 1462 Gallae
1648 1432 1743 1469 vulgo

979 1482 1033 1527 :5¹¹
1071 1481 1153 1513 Urbe
1191 1483 1463 1523 cognominatus,
1493 1483 1547 1525 qui
1583 1483 1743 1525 quaedam

1002 1535 1217 1567 medicamina
1243 1541 1274 1568 et
1298 1542 1464 1577 unguenta
1492 1536 1542 1568 his
1560 1537 1652 1569 malis
1680 1548 1745 1569 me-

1001 1589 1116 1621 dendis
1141 1594 1215 1631 apta
1241 1589 1386 1631 apprime
1413 1590 1529 1628 callet,
1563 1590 1593 1621 in
1622 1590 1744 1631 prii-ata

978 1679 979 1682 Ἴ
1002 1643 1108 1680 domo,
1128 1652 1224 1684 quam
1249 1642 1318 1684 ipse
1346 1642 1376 1673 in
1403 1642 1537 1684 regione
1556 1642 1744 1685 Transtyhe-

977 1687 979 1733 ’Ἰ
1002 1695 1060 1726 rim
1080 1695 1167 1726 iuxta
1184 1694 1317 1726 Pontem
1335 1694 1478 1733 Quatuor
1496 1694 1639 1738 Capitum
1667 1707 1743 1728 nun-

263 1745 278 1789 §
303 1744 335 1777 2.
362 1744 451 1777 Licet
476 1750 581 1776 autem
600 1745 786 1776 iamdudum
806 1744 956 1777 nonnulli
977 1742 978 1748 ¹

220 1808 257 1831 ex
282 1797 435 1830 Romanis
477 1798 685 1830 Pontificibus
726 1798 978 1843 praedecesso-3

219 1851 308 1884 ribus
333 1851 446 1884 itidem
464 1851 582 1883 nostris
608 1851 769 1893 hospitale
795 1851 827 1883 S.
847 1851 955 1883 Lazari
977 1881 978 1886 ,

1000 1753 1152 1790 eupatum
1178 1747 1217 1779 de
1245 1746 1329 1779 Urbe
1366 1748 1510 1790 praelata
1546 1749 1743 1781 conduxerat

1001 1806 1032 1832 ct
1057 1805 1240 1843 aperuerat,
1261 1801 1543 1842 eleemosynarum
1569 1801 1629 1833 sibi
1656 1812 1672 1833 a
1699 1812 1744 1834 re-

1000 1854 1156 1886 colendae
1176 1854 1352 1886 memoriae
1371 1854 1561 1887 Innocentio
1578 1855 1663 1897 Papa
1677 1855 1743 1888 §2111

1001 1907 1257 1948 praedecessore
1283 1906 1395 1939 itidem
1428 1913 1539 1939 nostro
1566 1908 1744 1941 nonnullis-

1001 1970 1063 2003 que
1094 1971 1131 1993 ex
1162 1959 1405 1992 venerabilibus
1438 1959 1590 1992 fratribus
1624 1962 1742 1993 nostris

999 2012 1030 2045 S.
1052 2012 1088 2044 R.
1108 2012 1142 2044 Ε.
1163 2012 1382 2044 cardinalibus
1411 2022 1448 2043 ac
1473 2012 1544 2044 aliis
1571 2013 1633 2055 piis
1658 2014 1743 2045 cliri-

1000 2064 1192 2097 stifidelibus
1218 2065 1408 2097 collatarum
1433 2065 1596 2103 subsidiis,
1616 2066 1740 2099 duobus

1000 2123 1031 2150 et
1055 2118 1194 2161 amplius
1220 2117 1259 2150 ab
1281 2117 1357 2149 hinc
1381 2118 1474 2151 annis
1492 2119 1609 2151 multos
1630 2120 1742 2152 huius-

1000 2171 1089 2203 modi
1125 2170 1246 2203 morbis
1279 2170 1436 2209 infectos,
1470 2176 1533 2203 tum
1568 2171 1600 2203 in
1627 2172 1740 2206 eadem

1000 2223 1095 2256 domo
1121 2229 1270 2266 receptos
1295 2233 1331 2255 ac
1357 2223 1603 2262 decumbentes,
1624 2231 1677 2257 aut
1701 2226 1740 2259 ad

1000 2276 1088 2308 illam
1106 2276 1308 2315 accedentes,
1331 2275 1446 2308 eximia
1471 2276 1629 2310 charitate
1655 2288 1741 2311 cura-

1000 2334 1088 2360 verat
1123 2334 1219 2371 atque
1252 2333 1430 2367 sanaverat,
1456 2334 1553 2371 prout
1577 2340 1636 2362 nos
1665 2331 1741 2373 ipsi,

1000 2380 1074 2412 dum
1099 2381 1320 2413 cardinalatus
1346 2381 1471 2414 honore
1497 2382 1603 2414 adhuc
1628 2383 1741 2425 sunge-

999 2485 1197 2529 apostolatus
1222 2485 1347 2529 apicem
1377 2487 1479 2520 evecti
1514 2488 1643 2527 suimus,
1673 2499 1738 2521 non

999 2539 1069 2571 sine
1087 2537 1201 2571 intimo
1226 2538 1325 2572 animi
1351 2539 1453 2573 nostri
1479 2540 1607 2584 gaudio,
1630 2551 1739 2575 coram

1756 170 1803 194 An.
1825 167 1853 194 C.

1769 1231 1854 1250 Privata

1755 1264 1766 1276 a
1789 1257 1855 1277 trihu<

1872 167 1939 196 1726

1865 1229 1939 1260 domus

1877 1263 1939 1277 aunts

1768 1285 1778 1302 'l
1786 1283 1925 1308 raustylmrini

1755 1315 1787 1329 cur
1794 1310 1854 1330 «indis

1785 1338 1811 1355 ult

1755 1365 1838 1388 aperta.

1884 1311 1939 1331 eiu<-

1861 1338 1939 1357 mortus
