2170 3147
3 179 53 208 An.
69 179 99 207 C.
122 178 188 206 1726

195 232 228 261 et
251 228 491 268 confirmamus,
511 229 623 272 illique
642 229 838 263 inviolabilis
855 241 933 274 apo-

196 280 329 314 stolicae
349 281 508 313 firmitatis
526 282 627 314 robur
643 283 829 316 adiicimus:
848 285 932 316 salva

197 339 302 367 tamen
330 345 458 377 semper
475 334 507 367 in
525 335 714 377 praemissis
740 337 932 369 auctoritate

195 388 376 431 praedictae
402 387 671 430 congregationis
705 389 930 421 cardinalium.

238 440 252 482 ἓ
276 439 306 472 3.
330 439 558 478 Deceruentes,
579 440 711 473 easdem
739 447 932 482 praesentes

194 492 318 525 litteras
344 503 473 536 semper
499 493 627 532 firma&
652 493 772 526 validas
802 499 834 526 et
869 494 933 526 effi-

195 556 286 578 caces
305 546 441 579 existere
461 552 492 579 et
509 547 588 585 sore,
608 557 750 589 suosque
768 547 932 590 plenarios

195 603 226 630 et
250 598 394 641 integros
422 598 551 631 css'ectus
581 599 688 631 sortiri
715 604 745 631 et
769 599 929 638 obtinere,

195 661 231 683 ac
256 651 330 690 illis,
357 652 394 684 ad
422 662 502 694 quos
522 657 644 695 spectat
663 657 692 684 et
710 662 767 694 pro
786 657 931 694 tempore

195 704 369 747 spectabit,
402 704 591 747 pleni>siine
624 704 809 746 suffragari,
838 709 869 736 ct
894 704 932 737 ab

195 756 240 789 eis
265 757 446 800 respective
477 757 710 790 inviolabiliter
740 757 930 794 observari,

194 808 305 852 sicque
332 809 364 841 in
394 810 581 852 praemissis
615 821 673 853 per
704 820 931 853 quoscumque

194 861 319 895 iudices
344 862 526 895 ordinarios
559 868 589 896 et
625 863 810 905 delegatos,
837 863 931 896 etiam

193 925 361 948 causarum
403 916 511 958 palatii
545 916 716 959 apostolici
744 916 930 956 auditores,

193 967 330 1000 iudicari
356 973 387 1001 et
412 968 539 1000 definiri
574 969 712 1009 debere,
745 979 779 1001 ac
804 969 930 1002 irritum

193 1025 226 1054 et
250 1021 346 1054 inane
371 1022 396 1054 si
415 1033 508 1054 secus
525 1032 622 1065 super
648 1023 699 1055 his
718 1033 735 1055 a
752 1033 930 1066 quoquam,

194 1074 305 1117 quavis
346 1076 551 1114 auctoritate,
581 1075 724 1108 scienter
757 1076 808 1108 vel
840 1076 932 1118 igno-

193 1134 311 1167 ranter,
337 1129 510 1170 contigerit
535 1129 697 1161 attentari.

237 1180 252 1223 ἓ
276 1180 307 1213 4.
327 1181 397 1214 Non
417 1182 622 1214 obstantibus
643 1182 931 1215 constitutionibus

195 1238 226 1265 et
247 1233 506 1266 ordinationibus
533 1235 730 1278 apostolicis,
750 1236 932 1279 ceterisque

194 1287 369 1319 contrariis
394 1288 666 1331 quibuscumque.

238 1340 253 1383 g
278 1339 310 1373 5.
337 1340 492 1373 Volumus
517 1347 624 1374 autem
659 1342 744 1384 quod
781 1353 933 1385 praesen-

196 1392 272 1425 tium
299 1394 482 1426 litterarum
508 1395 731 1437 transumptis,
760 1393 844 1428 etc.¹

237 1445 351 1478 Datum
388 1446 518 1486 Romae,
545 1447 630 1490 apud
656 1447 686 1480 S.
715 1447 844 1480 Petrum
873 1448 932 1480 sub

193 1499 313 1532 annulo
332 1499 515 1540 piscatoris,
536 1501 588 1533 die
610 1511 646 1534 111
665 1501 744 1534 iunii
760 1510 931 1541 MDCCxXVI,

192 1552 404 1595 pontificatus
425 1553 527 1586 nostri
554 1565 639 1587 anno
657 1564 705 1588 111.

230 1614 287 1641 Dat.
308 1614 351 1641 die
372 1615 387 1642 3
409 1615 475 1642 iunii
499 1617 578 1650 1726,
601 1616 698 1651 pontif.
721 1625 792 1644 anno
813 1623 851 1644 111.

29 451 147 473 clausulae.

27 1189 182 1210 Contrariorum

3 1216 119 1241 coronano.

14 1346 76 1369 Fides
83 1347 183 1368 habenda

1 1376 142 1401 transumptis.

495 1759 623 1792 CXXVI.

192 1832 423 1869 Resa'tuuntur
447 1836 548 1870 denuo
572 1842 744 1870 conventus
778 1839 812 1872 S.
839 1839 933 1872 Sabi-

235 1899 308 1930 nae,
335 1895 433 1933 alque
457 1891 620 1923 uniunlur
634 1892 821 1934 provinciae.
838 1892 929 1925 Lom-

236 1941 372 1975 bardt'ae
386 1941 407 1975 ³.

190 2020 305 2049 Dilecto
321 2022 385 2049 filio
401 2023 529 2051 'rhomae
545 2023 651 2057 Ripoll,
671 2024 787 2051 Ordinis
803 2025 931 2052 fratrum

275 2065 518 2093 Praedicatorum
538 2067 682 2101 magistro
703 2068 847 2102 generali,

372 2119 552 2147 Benedictus
575 2122 655 2154 Papa
675 2121 752 2148 x111.

463 2181 577 2209 Dilecte
598 2183 641 2209 fili
656 2204 663 2216 ‚

225 2224 358 2251 salutem
379 2227 409 2252 et
429 2226 625 2258 apostoticam
644 2227 897 2255 benedictionem.

4 2297 182 2346 „mffm'fff‘gss'nss
236 2295 326 2334 Quod
338 2296 536 2338 apostolicae
548 2297 777 2330 sollicitudinis
791 2298 932 2331 osticium

8 2349 179 2373 “wffifflwrum
194 2349 232 2382 ad
258 2350 504 2392 propagandam
525 2351 709 2393 regularem
728 2350 932 2394 disciplinam

229 2440 240 2465 1
266 2436 299 2465 Ut
318 2447 398 2474 supra
420 2447 479 2474 pag.
502 2439 534 2465 72
550 2439 565 2465 b
585 2440 623 2467 (a.
641 2441 690 2473 ⁵12).

228 2483 245 2509 2
264 2482 319 2509 Hac
338 2483 371 2509 de
392 2491 422 2509 re
441 2482 501 2509 vide
522 2482 559 2509 Pii
575 2482 594 2509 V
616 2487 702 2510 const.
724 2482 787 2510 edit.
808 2489 932 2517 MDvau,

194 2525 238 2554 die
253 2535 285 2553 xx
302 2527 408 2559 martii,
429 2527 526 2562 pontif.
544 2533 577 2559 tt,
596 2531 622 2554 et
637 2526 782 2554 Clementis
798 2527 830 2554 tx
846 2532 932 2554 const.

195 2569 238 2598 ed.
258 2577 388 2606 MDCLXtX,
410 2571 463 2598 die.
485 2578 529 2598 xxl
552 2570 631 2604 maii,
652 2570 747 2606 pontif.
769 2577 806 2606 11,
826 2579 933 2600 necnon

775 182 970 206 BENEDICTUS
996 183 1051 206 XIII
1076 183 1126 207 PI'.

1605 172 1670 207 357
1716 183 1902 210 An.c.1726

975 230 1124 264 omnibus
1149 231 1377 274 religiosorum
1402 230 1575 264 Ordinibus
1608 230 1743 263 uben-a
1779 246 1906 274 primam

977 290 1025 316 ter
1049 284 1278 327 impendimus,
1296 285 1390 317 decet
1407 295 1464 316 nos
1484 285 1602 328 inclyto
1622 270 1913 322 Prae-ssfi‘r'llllss'.³.‘5‚L.3'3X

976 337 1155 369 dicatorum
1174 337 1284 369 Ordini
1304 343 1335 370 et
1356 337 1543 380 provinciae
1566 323 1910 380 praeser-ii‘ii'ssiri'aisiiss'tiss

977 388 1029 420 tim
1056 389 1269 422 Lombardiae
1295 395 1383 422 tanto
1409 390 1562 423 libentius
1587 396 1619 422 et
1647 391 1713 422 ala·
1725 378 1767 396 ”¹¹¹¹
1779 379 1912 402 ⁵u⁵c⁰¹'⁰'“‘'

976 440 1060 472 erius
1073 442 1269 483 persolvere,
1280 448 1401 484 quanto
1413 443 1546 483 gratiori
1557 442 1714 476 memoria

976 493 1148 535 animoque
1167 494 1253 526 illius
1274 505 1333 527 uos
1351 496 1464 527 merita
1480 496 1625 528 recolere
1640 505 1716 528 con-

976 545 1155 584 suevimus,
1182 547 1213 578 in
1240 558 1302 590 qua
1333 548 1458 593 scilicet
1490 559 1615 580 sacrum
1642 549 1715 581 reli-

977 597 1082 639 gionis
1109 598 1252 631 habitum
1284 610 1343 642 per
1374 600 1460 643 ipsos
1497 601 1714 634 adolescentis

976 651 1090 683 aetatis
1116 662 1218 684 annos
1251 653 1454 695 suscepimus
1481 660 1512 686 et
1536 654 1712 686 Praedica-

978 709 1081 737 torum
1108 705 1291 737 institutum
1316 716 1471 749 expresse
1497 706 1637 749 professi
1663 717 1714 739 su-

977 768 1060 790 mus.
1096 757 1207 800 Neque
1233 769 1307 791 vero
1334 760 1401 791 sola
1428 759 1592 803 praecipui
1626 770 1715 792 amo-

977 810 1020 842 ris
1041 810 1250 843 incitamenta
1276 822 1334 844 nos
1362 812 1500 844 excitant
1526 818 1560 844 ut
1584 818 1715 845 nostrae

977 863 1176 896 auctoritatis
1203 875 1298 907 opem
1337 866 1374 897 ad
1408 866 1528 898 cultum
1555 871 1586 898 et
1610 865 1717 898 incre-

977 921 1121 950 mentum
1147 917 1371 950 meritissimae
1395 918 1537 951 familiae
1566 918 1716 951 confera-

977 980 1064 1010 mus,
1100 970 1156 1002 sed
1193 980 1249 1003 suo
1279 971 1380 1003 veluti
1412 970 1480 1003 iure
1506 970 1716 1003 dilectissima

977 1023 1143 1066 provincia
1161 1034 1294 1066 operam
1313 1029 1455 1056 nostram
1478 1023 1640 1066 deposcit,
1664 1028 1713 1063 ut,

977 1086 1059 1119 quae
1101 1086 1159 1108 nos
1197 1075 1250 1108 diu
1290 1077 1439 1109 doctrina
1480 1082 1512 1109 et
1550 1076 1715 1119 religiosis

978 1128 1122 1161 moribus
1149 1129 1227 1162 aluit
1252 1140 1288 1162 ac
1321 1129 1533 1162 sanctissimis
1558 1129 1716 1162 institutis

977 1182 1015 1214 ad
1042 1183 1237 1225 apostolicas
1270 1193 1361 1215 curas
1393 1182 1571 1215 informare
1600 1187 1717 1214 conata

977 1239 1035 1275 est,
1065 1236 1202 1268 fructum
1229 1236 1498 1278 qualemcumque
1517 1235 1655 1278 impensi
1673 1237 1717 1269 la-

977 1288 1065 1321 boris
1090 1288 1215 1331 cepisse
1243 1289 1400 1321 videatur.
1431 1288 1591 1321 Maternae
1618 1288 1717 1331 igitur

977 1341 1140 1373 sedulitati
1163 1341 1265 1374 vicem
1284 1347 1440 1384 paternae
1462 1341 1628 1374 charitatis
1646 1342 1717 1374 red-

978 1395 1055 1427 dere
1081 1395 1259 1437 cupientes,
1280 1395 1361 1427 nihil
1381 1395 1530 1428 omittere
1548 1395 1714 1435 debemus,

977 1458 1039 1490 quo
1072 1448 1204 1480 uberius
1237 1447 1409 1480 fructificet
1438 1448 1602 1480 suavitatis
1636 1449 1718 1481 odor

977 1506 1008 1533 et
1032 1500 1239 1533 observantia
1275 1501 1408 1541 salutis,
1434 1501 1583 1544 vitaeque
1609 1501 1716 1544 perse-

977 1553 1088 1586 etioris
1121 1554 1267 1596 exempla
1304 1554 1399 1587 latius
1437 1564 1496 1597 per
1532 1554 1717 1587 universam

976 1607 1176 1650 provinciam
1214 1606 1414 1647 dilatentur,
1452 1607 1714 1651 opportunisque

977 1661 1202 1704 providentiae
1221 1666 1349 1694 nostrae
1367 1661 1492 1704 legibus
1510 1661 1634 1695 firmius
1649 1672 1718 1694 mu-

976 1714 1116 1747 niantur.

1019 1768 1033 1810 ἓ
1058 1767 1089 1800 1.
1116 1767 1217 1800 Porro
1243 1767 1274 1800 S.
1297 1767 1372 1800 Pius
1402 1767 1421 1799 V
1446 1774 1635 1802 antecessor
1659 1779 1716 1803 no·
1753 1778 1768 1798 Α
1786 1778 1912 1799 ric-Venn-

1728 1807 1802 1825 ventus
1816 1806 1838 1826 S.
1849 1806 1913 1826 Sata-

976 1824 1050 1859 ster,
1066 1820 1118 1863 qui
1135 1820 1395 1853 Praedicatorum
1411 1821 1522 1854 Ordini
1548 1821 1581 1854 in
1602 1822 1715 1855 eadem
1728 1833 1911 1867 ‹mavimam-ie

975 1873 1189 1906 Lombardiae
1215 1875 1380 1917 provincia
1413 1885 1533 1907 nomen
1560 1864 1912 1916 dederat,ffi?‘s'3i1¹.³⁰¹¹⁰''

975 1926 1199 1959 constitutioni
1232 1927 1336 1959 felicis
1363 1928 1602 1961 recordationis
1628 1929 1717 1962 Pauli

976 1979 1078 2021 Papae
1097 1980 1144 2020 tlt,
1171 1981 1219 2013 sui
1246 1981 1415 2024 nostrique
1441 1982 1718 2024 praedecessoris,

976 2034 1163 2073 inhaerens,
1183 2045 1241 2077 per
1258 2034 1451 2077 apostolicas
1471 2035 1593 2067 litteras
1612 2035 1663 2068 die
1678 2045 1718 2069 xx

976 2087 1083 2119 martii
1109 2097 1194 2119 auno
1231 2095 1361 2120 MDvatl
1394 2087 1483 2119 datas
1500 2114 1508 2127 ,
1534 2087 1717 2121 Romanum

977 2146 1171 2172 conventum
1190 2139 1220 2172 S.
1240 2140 1377 2172 Sabinae
1396 2143 1458 2172 una
1476 2151 1548 2173 cum
1568 2140 1717 2174 omnibus

977 2192 1100 2224 iuribus
1125 2204 1161 2225 ac
1187 2192 1281 2225 bouis
1316 2193 1499 2225 anted1ctae
1532 2193 1717 2236 provinciae

976 2246 1131 2278 adnexuit
1156 2251 1187 2278 et
1212 2245 1441 2288 incorporavit.
1463 2245 1618 2283 Quoniam
1642 2257 1718 2280 vero

977 2299 1145 2341 generalia
1171 2299 1317 2331 eiusdem
1344 2298 1473 2331 Ordinis
1505 2300 1636 2332 comitia
1668 2300 1719 2333 de·

977 2358 1148 2384 creverant
1167 2358 1201 2384 ut
1224 2362 1282 2394 per
1306 2352 1451 2394 singutas
1478 2352 1661 2395 provincias
1685 2353 1718 2386 in

977 2415 1041 2437 uno
1066 2405 1180 2437 saltem
1202 2404 1362 2437 coenobio
1388 2410 1498 2438 exacta
1515 2407 1647 2448 regulae
1674 2405 1719 2438 di-

977 2483 1118 2510 innocenti
1137 2483 1185 2510 XII
1206 2487 1292 2510 const.
1315 2483 1358 2511 ed.
1379 2491 1498 2517 MDcxcv,
1514 2485 1557 2511 die
1571 2492 1617 2512 xiv
1632 2485 1716 2520 iunii,

976 2527 1069 2563 pontis·
1089 2534 1133 2561 ιν,
1155 2536 1185 2554 ac
1205 2528 1287 2554 etiam
1313 2528 1459 2556 Clementis
1482 2529 1528 2556 XlI
1548 2534 1634 2558 const.
1651 2529 1715 2557 edit.

976 2578 1129 2607 naccum,
1150 2571 1193 2599 die
1213 2578 1231 2599 11
1251 2572 1326 2607 maii,
1347 2573 1443 2608 pontif.
1465 2580 1484 2600 1.
