2170 3147
9 216 59 249 tin.
74 213 102 243 c.
124 214 192 242 ¹725

202 264 397 306 dragenaim
424 264 463 296 iis
489 274 578 304 vero,
600 264 653 308 qui
675 265 707 297 in
727 266 840 298 octava
859 265 939 298 eius-

201 316 273 350 dem
300 316 383 356 sesti,
399 316 612 359 quadraginta
631 317 699 350 dies
717 318 755 350 de
784 317 938 350 iniunctis

201 379 258 402 seu
284 369 532 413 quomodolibet
557 369 602 402 eis
628 369 745 403 debitis
770 370 939 412 poeniten-

202 421 253 454 tiis
297 421 555 454 misericorditer
590 421 621 453 in
647 421 785 455 Domino
817 423 939 455 relaxa-

200 474 305 507 vimus
329 480 360 508 et
385 476 578 508 relaxamus.

60 538 190 570 inpnigonna
244 529 259 571 ἓ
284 528 316 561 6.
339 528 507 561 Postremo
536 527 648 570 gratiis
666 528 732 561 Deo
754 528 833 561 actis
852 528 936 571 quod

7 565 189 614 {lssfflz'ssdssnfflf
200 580 378 615 Ecclesiam
395 591 495 613 -suam
532 581 652 624 insigni
691 581 752 614 lioc
788 591 937 623 novoque

200 634 353 668 luminari
373 635 534 667 illustrare
554 634 703 676 dignatus
722 634 848 673 suisset,
866 644 938 666 can-

200 689 264 720 tata
281 687 312 719 in
326 687 485 720 honorem
505 693 689 720 sanctorum
708 687 841 729 Agnetis
858 686 938 719 Poli-

200 740 306 772 tianae
320 739 465 783 virginis,
480 739 627 772 Ttuu-ibii
647 739 842 773 contessoris
857 750 937 782 pon-

199 791 302 831 tilicis,
318 797 348 825 et
364 793 471 825 lacobi
487 804 504 825 a
523 793 662 826 Mareliia
683 793 877 826 confessoris
892 803 938 826 so-

198 845 296 878 lemni
316 845 472 885 oratione,
492 845 523 878 in
544 845 597 879 ard
624 845 781 889 Principis
803 847 938 888 Aposto-

198 899 302 932 lorum
329 905 568 932 sacrosanctum
603 899 718 932 missae
743 898 935 931 sacrificium

198 953 433 987 celebravimus
458 966 529 986 cum
563 954 708 987 eiusdem
740 954 873 996 virginis
906 959 937 986 ct

198 1012 379 1040 ceterorum
404 1008 714 1041 commemoratione
732 1035 739 1047 ,
772 1006 936 1040 omnibus-

198 1070 260 1104 que
278 1060 524 1094 cristilidelibns
539 1066 611 1093 tunc
629 1059 854 1103 praesentibus
872 1060 936 1103 ple-

197 1114 321 1147 nariam
347 1114 489 1146 omnium
516 1119 727 1157 peccatorum
764 1114 935 1156 indulgen-

199 1168 274 1201 tiam
299 1168 533 1201 concessimus.

243 1221 258 1264 ἓ
283 1221 314 1254 7.
341 1221 439 1254 Decet
464 1221 580 1263 igitur,
607 1220 699 1253 etc.⁴.

67 1222 187 1244 Gratiarum

4 1249 70 1270 aetio.

43 1275 107 1323 ''le“
131 1278 190 1298 ‘¹²¹¹‘
244 1275 303 1318 ἓὸ.
326 1274 475 1308 Ceterum
496 1274 570 1317 quia
588 1273 717 1306 difficile
736 1273 824 1312 soret,
841 1277 902 1304 etc.
915 1270 934 1304 ².

4 1308 188 1377 ἓζξὲῡὲἷῖιέιῦῡθ-
243 1329 258 1371 ἓ
282 1327 314 1361 9.
341 1328 425 1361 Nulli
453 1338 530 1369 ergo
557 1326 650 1360 etc.³.

48 1362 66 1377 S·

243 1381 356 1414 Datum
380 1381 513 1419 Romae,
532 1381 617 1423 apud
635 1379 666 1413 S.
689 1379 828 1418 Petrum,
849 1388 934 1410 anno

198 1433 432 1467 Incarnationis
465 1433 646 1466 dominicae
683 1441 843 1466 tiuocxxw
859 1458 866 1470 ‚
905 1441 935 1464 iv

198 1486 269 1520 idus
294 1486 497 1526 decembris,
523 1485 730 1529 pontificatus
752 1483 856 1517 nostri
880 1494 936 1515 an-

198 1550 240 1573 no
267 1550 316 1574 111.

233 1601 295 1629 Dat.
315 1601 359 1628 die
379 1601 408 1628 10
424 1601 580 1629 decembris
601 1602 676 1634 1720,
694 1601 791 1636 pontis.
809 1608 934 1628 annom.

334 1688 384 1739 ffl
410 1689 496 1725 EGO
523 1689 798 1726 BENEDICTUS

257 1757 457 1781 CATHOLICAE
483 1757 657 1781 EchEsmss
683 1747 882 1781 131³1scorus⁴.

512 1892 609 1925 CLVI.

197 1961 390 1997 Decernitur
414 1967 449 1995 ut
473 1963 610 2006 quidam
638 1963 759 2006 fundus
790 1975 845 1997 seu
876 1976 933 1997 eu-

241 2015 353 2048 mulus
377 2016 575 2049 instituatur
596 2027 656 2060 pro
685 2017 811 2059 aqenda
842 2018 939 2051 beati·

241 2067 392 2111 ficatione
407 2079 463 2101 seu
479 2070 726 2103 canonizatione
745 2081 865 2111 eorum,
880 2072 939 2115 qui

243 2119 278 2153 in
310 2120 430 2154 Ordine
460 2121 629 2155 Servorum
654 2123 694 2156 B.
721 2124 764 2156 M.
797 2124 831 2156 V.
866 2135 938 2157 cum

243 2174 426 2207 sanctitatis
449 2175 538 2217 samri
563 2175 744 2209 obierunt-⁵.

236 2246 248 2271 1
272 2243 304 2271 Ut
322 2253 405 2279 supra
426 2253 486 2280 pag.
507 2246 558 2272 46⁹2
578 2246 612 2280 b,
639 2246 695 2273 solo
721 2246 867 2274 substituto
890 2255 939 2275 no-

200 2287 272 2316 mine
291 2289 413 2323 Aynetis
432 2292 472 2323 (n.
488 2290 536 2323 12).

235 2333 250 2359 Ξ
272 2332 304 2359 Ut
322 2341 404 2368 supra
423 2341 485 2368 pag.
506 2333 557 2360 46⁶2
578 2334 593 2360 b
613 2334 651 2367 (n.
671 2335 720 2367 τ.).

234 2375 251 2402 3
271 2376 304 2404 Ut
322 2385 403 2413 supra
424 2385 484 2412 pag.
507 2378 557 2403 462
578 2378 593 2404 b
611 2378 649 2412 (n.
671 2380 720 2411 T.).

234 2422 251 2448 4
270 2421 372 2449 Eadem
392 2422 478 2449 forma
498 2421 576 2455 sigilli
597 2426 624 2449 et
643 2422 752 2450 eaedem
774 2422 873 2450 formas
892 2431 937 2451 se-

199 2469 318 2501 quuntur
338 2470 367 2492 ut
385 2474 467 2500 supra
487 2474 546 2501 pag.
568 2467 618 2493 462
639 2467 654 2493 b
673 2471 698 2493 et
719 2475 776 2502 seq.
798 2472 837 2502 (n.
853 2470 902 2501 τ.).

235 2511 252 2538 5
271 2511 332 2537 Ati-:2
351 2510 431 2537 huius
452 2510 587 2537 Pontificis
607 2515 694 2538 const.
716 2511 759 2538 ed.
780 2519 937 2547 moccxxw,

199 2555 245 2583 die
265 2556 280 2582 4
300 2555 386 2589 iunii,
409 2555 503 2590 pontif.
525 2561 543 2586 ι,
565 2555 736 2590 promulgata
755 2556 806 2582 suit
829 2557 939 2583 canoni-

199 2600 268 2629 zatio
289 2599 316 2627 B.
338 2599 458 2635 Philippi
479 2599 574 2627 Benitii
594 2600 658 2627 dicti
679 2599 797 2627 Ordinis.

780 216 973 242 BENEDICTUS
999 216 1016 240 X
1023 216 1056 240 111
1081 216 1130 241 1³1³.

1159 264 1344 293 Benedictus
1364 264 1443 298 Papa
1463 264 1545 298 xm,

1101 311 1139 335 ad
1159 312 1336 342 perpetuam
1357 309 1401 335 rei
1420 308 1601 335 memoriam.

1027 371 1234 412 Apostolatns
1259 381 1355 410 cura,
1384 381 1477 413 quam
1512 370 1638 402 divinae
1670 380 1720 402 sa-

1621 205 1685 240 469
1731 215 1781 242 An.
1798 215 1826 242 c.
1849 216 1917 244 1796

1760 382 1892 402 Prooemium
1904 389 1915 403 a

1703 422 1708 427 .
1733 414 1764 428 cut
1771 409 1783 428 'a
1797 411 1915 429 sanctorum

982 422 1122 464 pientiae
1149 429 1244 466 atque
1270 423 1425 456 bonitatis
1451 423 1586 456 altitudo
1622 423 1723 454 liunu-

982 475 1063 507 litati
1100 481 1249 516 nostrae,
1275 476 1399 509 meritis
1436 476 1511 509 licet
1535 481 1567 509 et
1600 475 1721 508 viribus

982 528 1078 570 longe
1105 528 1229 571 Impari,
1253 529 1420 572 imponere
1438 530 1568 572 dignata
1586 535 1644 569 est,
1662 539 1720 562 nos

983 586 1087 622 urget,
1113 586 1146 612 ut
1171 582 1232 623 piis
1258 581 1399 614 lidelium
1430 593 1721 625 quorumcumque,

982 634 1172 675 praetertim
1199 634 1257 667 sul)
1275 635 1360 667 suari
1380 635 1548 677 religionis
1568 635 1641 677 iugo
1661 635 1720 667 Do-

982 685 1068 718 mino
1094 686 1221 719 assidue
1247 687 1480 727 famulantium,
1495 689 1575 721 votis
1594 689 1631 720 ad
1652 699 1723 731 pro-

982 739 1172 771 movendam
1200 739 1231 771 in
1259 740 1352 772 terris
1371 740 1489 773 Christi
1509 751 1673 773 servornm
1693 747 1724 772 et

982 791 1172 824 ancillarum
1199 803 1271 824 cum
1299 803 1336 825 eo
1362 793 1393 825 in
1418 793 1510 825 beata
1533 794 1722 826 aeternitate

983 843 1186 885 regnantium
1211 846 1456 878 venerationem
1492 847 1720 886 tendentibus,

982 895 1192 929 favorabilem
1230 908 1396 930 assensum
1434 904 1568 941 paterno
1608 898 1721 931 aflectu

982 948 1208 990 praebeamus.

1025 1001 1094 1044 gi.
1123 1001 1198 1035 Cum
1229 1003 1365 1046 itaque,
1403 1003 1487 1036 sicut
1519 1005 1627 1037 dilecti
1666 1004 1721 1037 filii

980 1053 1092 1087 Petrus
1119 1054 1216 1088 Maria
1241 1055 1338 1096 Pieri,
1366 1057 1476 1099 prior,
1504 1068 1539 1090 ac
1565 1057 1721 1100 Iosephus

981 1105 1076 1138 Maria
1101 1113 1298 1149 procurator
1324 1109 1485 1150 generalis
1510 1109 1639 1142 Ordinis
1665 1110 1723 1143 sra-

982 1164 1063 1192 trum
1090 1159 1262 1194 Servorum
1283 1161 1314 1193 Β.
1333 1161 1449 1195 Mariae
1471 1163 1609 1205 Virginis
1628 1163 1722 1196 nobis

981 1223 1086 1255 nuper
1112 1214 1230 1257 exponi
1257 1215 1405 1248 fecerunt
1425 1242 1432 1254 ,
1464 1215 1548 1249 idem
1582 1216 1720 1259 inclytus

980 1265 1065 1299 Ordo
1090 1267 1250 1310 plurimos
1268 1268 1401 1310 pietate,
1422 1268 1603 1308 virtutibus,
1622 1274 1719 1312 atque

979 1319 1063 1352 vitae
1079 1321 1291 1353 sanctimonia
1310 1321 1444 1354 eximios
1461 1321 1542 1354 lilios
1562 1327 1719 1366 tamquam

980 1372 1052 1405 vitis
1079 1373 1248 1406 abundans
1274 1373 1305 1406 in
1333 1385 1409 1416 agro
1435 1374 1597 1407 dominico
1634 1375 1719 1407 omni

982 1425 1050 1458 sore
1073 1431 1220 1469 tempore
1241 1427 1426 1469 protulerit,
1449 1437 1586 1471 quorum
1604 1438 1721 1460 memo-

981 1478 1027 1511 ria
1053 1479 1085 1510 in
1113 1479 1255 1512 tenebris
1288 1490 1323 1511 ac
1349 1479 1513 1513 oblivione
1551 1480 1721 1513 hominum

982 1532 1143 1566 delitescit
1183 1543 1222 1566 eo
1258 1534 1345 1577 quod
1383 1534 1462 1566 nulli
1499 1533 1644 1567 redditus
1680 1535 1720 1567 ad

982 1596 1092 1619 eorum
1119 1597 1232 1619 causas
1259 1597 1366 1619 coram
1392 1587 1655 1630 Congregatione
1673 1598 1722 1621 ve-

982 1640 1178 1672 nerabilium
1204 1640 1338 1673 fratrum
1363 1646 1549 1674 nostrorum
1575 1641 1604 1674 S.
1623 1641 1660 1674 R.
1684 1641 1721 1675 E.

982 1692 1195 1725 cardinalium
1223 1693 1321 1726 sacris
1357 1693 1474 1726 ritibus
1510 1694 1721 1737 praeposita,

981 1752 1014 1778 ut
1039 1746 1136 1778 moris
1162 1751 1225 1786 est,
1253 1746 1410 1789 agendas,
1438 1757 1496 1779 seu
1521 1746 1651 1779 illorum
1673 1746 1722 1779 in-

984 1805 1029 1832 ter
1053 1799 1165 1832 beatos
1186 1805 1240 1831 aut
1267 1805 1397 1832 sanctos
1426 1799 1618 1832 relationem
1648 1810 1722 1842 pro-

982 1852 1157 1885 curandam
1183 1852 1393 1895 suppetunt¹‚
1414 1852 1605 1885 destinative
1627 1862 1721 1896 repe-

982 1905 1129 1945 riuntur3
1157 1905 1218 1948 ipsi
1246 1910 1461 1948 exponentes,
1478 1905 1655 1949 praecipua
1672 1905 1721 1939 sui

981 1958 1111 1992 Ordinis
1132 1959 1314 1998 luminaria,
1343 1969 1426 2002 quae
1450 1970 1549 2002 super
1574 1959 1723 1992 candela-

980 2012 1074 2044 brum
1099 2011 1203 2055 posita
1229 2012 1391 2051 omnibus,
1411 2012 1466 2055 qui
1493 2011 1525 2044 in
1551 2012 1649 2045 domo
1668 2012 1721 2045 Dei

981 2070 1066 2105 sunt,
1085 2067 1326 2108 praelucerent,
1346 2065 1390 2098 ita
1416 2065 1447 2097 in
1475 2066 1667 2099 abscondito
1692 2071 1723 2099 et

982 2119 1043 2151 sub
1069 2118 1179 2151 modio
1205 2118 1311 2151 iacere
1337 2129 1432 2161 aegre
1459 2118 1617 2159 ferentes,
1655 2119 1723 2151 ani-

981 2181 1067 2203 mum
1085 2171 1279 2204 adiecerunt
1306 2176 1341 2202 ut
1365 2171 1537 2214 quamdam
1564 2171 1723 2204 rationem

981 2223 1112 2264 inirent,
1131 2235 1202 2267 qua,
1221 2224 1343 2266 absque
1365 2223 1452 2266 gravi
1475 2223 1619 2256 eiusdem
1633 2223 1723 2257 Ordi-

982 2276 1032 2309 nis
1053 2276 1273 2317 incommodo,
1292 2277 1450 2320 pecuniae
1476 2277 1508 2309 in
1531 2277 1615 2310 lianc
1640 2278 1721 2310 adeo

982 2328 1066 2372 piam
1093 2340 1222 2362 causam
1244 2330 1423 2372 comparari
1442 2335 1473 2363 et
1490 2330 1623 2372 congeri
1647 2340 1723 2374 pos-

981 2387 1064 2414 sent.
1081 2382 1232 2425 Cumque,
1255 2393 1288 2414 re
1306 2382 1457 2415 universa
1483 2388 1631 2416 accurate
1649 2394 1724 2426 per·

981 2437 1094 2478 pensa,
1112 2435 1344 2477 cognovissent
1369 2445 1459 2468 usum
1487 2436 1564 2468 olim
1583 2436 1615 2468 in
1637 2436 1721 2469 dicto

981 2486 1101 2520 Ordine
1127 2487 1302 2520 invaluisse
1327 2494 1402 2521 ante
1428 2489 1602 2522 duodecim
1628 2489 1723 2522 circi—

983 2545 1030 2573 ter
1047 2550 1150 2573 annos
1168 2551 1185 2573 a
1201 2540 1463 2583 Congregatione
1491 2547 1566 2574 tunc
1583 2542 1723 2575 existen-

1019 2604 1029 2629 1
1053 2601 1194 2637 corrigat,
1214 2602 1236 2629 si
1255 2610 1323 2637 opus
1342 2606 1400 2637 est,
1421 2602 1504 2632 lector
1523 2604 1595 2631 scius
1616 2604 1652 2639 (R.
1669 2604 1721 2638 T.).

1753 437 1896 455 ivnon-innuis

1733 462 1898 488 promovendae.

1760 1015 1836 1036 Potitio
1852 1021 1916 1041 expo·

1734 1046 1835 1063 nentium.
