2170 3147
198 211 246 237 An.
265 211 293 237 e.
320 209 386 237 1725
432 201 496 235 ⁶270

214 1331 297 1351 Causae
312 1336 371 1356 prae-

187 1358 252 1378 sentis
270 1360 371 1378 constitu·

188 1386 258 1405 tionis.

213 1972 290 1993 Statuit
313 1974 334 1993 ut
350 1973 369 1993 in

186 2000 279 2020 rubrica.

393 260 557 301 ecclesias,
581 260 610 292 in
639 261 768 299 tabella,
791 272 871 303 quae
892 261 922 293 iu
946 262 1061 294 eodem
1081 262 1135 294 Ca-

392 312 506 354 pitolio
533 319 725 351 asservatur,
757 314 955 356 descriptas,
984 320 1157 347 extensus

391 368 421 396 et
446 366 618 407 ampliatus
645 366 848 409 reperiatur,
882 373 1029 410 sumptus
1056 378 1132 400 vero

390 417 524 449 calicum
552 424 582 450 et
601 429 771 451 cereorum
799 420 1003 459 huiusmodi,
1023 422 1132 463 quiex

390 470 541 503 Gamerae
577 472 778 514 Capitolinae
817 474 998 506 redditibus
1031 473 1134 513 liunt,

390 524 429 556 ad
455 524 503 556 bis
529 525 618 557 mille
655 532 743 558 scuta
777 532 925 560 monetae
959 525 1155 570 quotannis*

389 578 585 618 ascendant;
612 584 662 617 et,
686 579 769 612 sicut
795 580 889 613 nobis
914 581 1008 614 etiam
1034 581 1133 614 inno—

390 630 456 670 tuit,
477 641 536 674 pro
555 637 647 674 parte
674 633 809 665 aliarum
834 639 895 666 tam
917 635 1130 667 saecularium

389 695 486 726 quam
514 686 713 727 regularium
732 687 874 719 virorum
901 692 932 720 et
957 688 1129 721 mulierum

387 736 482 770 Urbis
497 739 660 780 praefatae
678 740 892 772 ecclesiarum
908 741 1042 773 diversis
1059 746 1132 773 tem-
1152 746 1154 785 ξ

388 790 524 832 poribus
559 792 681 824 eisdem
718 793 1028 836 praedecessoribus
1060 805 1129 837 sup-

387 844 566 886 plicatum,
599 856 727 878 necnon
764 847 847 889 apud
886 852 1131 880 conservatores

387 897 573 939 praedictos
599 898 742 931 institum
770 900 877 939 fucrit,
898 905 1057 943 quatenus
1081 911 1130 932 ca-
1151 928 1153 930 .

387 950 466 982 lices
493 957 523 983 et
549 952 636 984 cerci
670 953 803 995 praefati
837 953 883 985 eis
909 963 1039 996 quoque
1066 953 1126 985 im-
1151 980 1152 984 ,

386 1004 604 1046 pertirentur3
624 1016 746 1045 verum,
765 1006 838 1049 quia
854 1006 958 1038 dictae
977 1006 1128 1039 Gamerae
1151 1027 1153 1041 ;

386 1063 562 1099 proventus
590 1059 666 1091 satis
693 1065 804 1092 tenues
831 1060 983 1099 existunt,
1002 1066 1033 1092 et
1050 1060 1129 1092 alias
1151 1071 1152 1079 ¹

386 1120 402 1141 a
429 1111 616 1143 memoratis
654 1113 963 1154 praedecessoribus
995 1113 1128 1145 vetitum

386 1162 443 1194 suit
469 1174 509 1196 ne
537 1175 698 1207 expensae
725 1165 756 1198 in
784 1166 896 1199 eadem
916 1166 1047 1199 Camcra
1077 1177 1130 1198 au-

385 1222 553 1259 gerentur,
580 1218 733 1260 precibus
760 1219 891 1252 nomine
917 1220 1127 1252 ecclesiarum

382 1271 626 1313 praedictarum
641 1272 801 1315 porrectis
818 1273 915 1305 annui
932 1273 1124 1316 nequiverit:

426 1323 441 1366 ,ξ
465 1323 496 1356 02.
523 1323 599 1364 Nos,
618 1325 862 1358 considerantes
886 1327 969 1358 ultra
996 1327 1130 1369 quadra-

382 1376 470 1419 ginta
503 1378 662 1410 ecclesias
694 1379 889 1422 praedictas,
922 1390 1005 1423 quae
1037 1379 1129 1412 dictis

381 1431 535 1464 calicibus
565 1436 591 1464 et
626 1432 732 1464 cereis
767 1432 942 1472 donantur,
971 1433 1129 1476 plurimas

381 1483 459 1517 alias
496 1484 526 1516 in
565 1484 677 1517 eadem
704 1484 786 1517 Urbe
819 1490 927 1517 extare
963 1486 1127 1525 ecclesias,

381 1548 463 1580 quae
498 1537 581 1570 banc
615 1543 746 1570 senatus
781 1539 962 1582 populique
991 1539 1126 1572 Romani

381 1590 588 1633 largitionem
624 1597 876 1634 promerentur;
904 1603 940 1624 ac
966 1592 1127 1636 proinde,

382 1653 448 1686 quo
475 1644 586 1686 plures
612 1654 708 1686 quam
734 1644 802 1677 fieri
829 1651 939 1688 potest
970 1646 1127 1679 ccclesiae

382 1697 545 1729 eiusmodi
573 1697 718 1730 muneris
744 1697 822 1730 fiant
842 1698 1034 1741 participes,
1064 1700 1150 1732 seiz,

383 1760 467 1782 mam
487 1750 547 1783 liae
573 1750 603 1782 in
627 1760 661 1782 rc
683 1750 714 1782 iu
740 1756 906 1793 posterum
934 1753 1124 1785 servandam
1148 1751 1149 1790 ξ

380 1804 606 1846 praescribere
633 1805 790 1844 volentes,
808 1811 897 1837 motu
924 1806 1071 1848 proprio,
1090 1818 1126 1839 ac

380 1867 415 1889 ex
437 1859 525 1890 certa
550 1857 687 1890 scientia
713 1863 744 1890 et
771 1861 893 1890 matura
919 1859 1125 1893 deliberatio·

380 1920 420 1943 ne
446 1910 575 1949 nostris,
599 1910 704 1953 deque
730 1911 928 1954 apostolicae
955 1912 1126 1954 potestatis

380 1964 606 2007 plenitudine,
634 1964 747 1997 barum
773 1965 857 1998 serie
895 1966 1065 1999 statuimus
1091 1978 1126 2000 ac

380 2017 601 2060 praecipirmis
630 2023 660 2049 et
686 2018 888 2058 mandamus,
910 2024 944 2051 ut
963 2020 1001 2052 de
1019 2026 1125 2053 cetero

380 2070 549 2113 perpetuis
587 2070 704 2103 tuturis
743 2072 944 2115 temporibus
982 2083 998 2105 e
1032 2073 1124 2106 dictis

381 2123 597 2165 quadraginta
624 2128 709 2163 octo,
728 2124 846 2166 quibus
874 2125 992 2157 calices
1020 2131 1047 2158 et
1075 2137 1126 2158 ce-

381 2175 426 2208 rei
442 2176 599 2219 praedicti
617 2176 725 2210 offerri
742 2183 996 2215 consueverunt,
1013 2179 1123 2221 viginti

381 2234 454 2261 octo
482 2234 606 2262 tantum
633 2230 791 2270 ecelesiis,
813 2241 889 2273 erga
915 2242 995 2274 quas
1021 2232 1125 2264 dietus

381 2287 510 2314 senatus
527 2284 733 2326 populusque
748 2284 910 2316 Romanus
929 2285 968 2317 ad
988 2285 1017 2317 id
1037 2295 1125 2328 prae-

380 2336 540 2375 standum,
559 2338 607 2369 rel
634 2348 669 2369 ex
690 2337 820 2380 publico
838 2342 913 2370 voto
931 2338 1010 2371 ali'as
1029 2339 1125 2371 emis-

380 2399 426 2428 so,
453 2390 501 2421 vel
527 2390 685 2432 peculiari
720 2390 893 2423 devotione
919 2396 974 2423 aut
999 2392 1147 2435 obliga-2

381 2442 480 2482 tione,
506 2442 732 2483 obstringitur,
758 2444 875 2477 calices
901 2450 932 2477 et
957 2445 1043 2478 cerei
1070 2442 1148 2479 hu·'

380 2495 519 2528 iusmodi
545 2496 683 2538 singulis
709 2498 811 2536 aunis,
832 2498 1124 2542 statutisqtffltem-

380 2548 513 2591 poribus
539 2554 570 2581 et
594 2548 717 2581 festivis
736 2549 865 2590 diebus,
886 2557 916 2583 et
942 2551 1000 2583 eo¹
1027 2553 1124 2594 plane

416 2612 426 2636 1
450 2609 546 2637 Vocem
568 2619 598 2637 eo
620 2619 667 2638 nos
688 2610 811 2638 addimus
831 2613 871 2647 (a.
890 2613 937 2647 Τ.).

976 213 1159 236 nULLamUM
1184 213 1341 238 ROMANUM

1155 261 1158 277 ¹
1178 263 1273 295 modo
1300 274 1363 306 quo
1390 263 1547 298 hactenus
1578 265 1694 298 sactum
1717 272 1776 307 est,
1794 265 1919 310 absque

1178 315 1242 347 ulla
1275 316 1454 349 mutatione
1482 323 1536 350 aut
1560 318 1758 357 variatione,
1784 329 1843 362 per
1868 329 1919 352 se-

1155 368 1350 409 inatorem¹
1377 380 1413 402 ac
1445 377 1691 404 conservatores
1731 372 1917 414 praedictos

1155 418 1352 453 {offerantur
1377 427 1409 454 ct
1433 423 1678 466 dispensentur,
1704 434 1739 456 ac
1764 434 1847 456 nova
1874 429 1918 457 ta-

1155 462 1271 513 lbella,
1299 475 1329 507 in
1357 475 1442 508 dieto
1469 476 1630 519 Capitolio
1656 477 1780 520 pariter
1815 487 1918 510 asser-

1177 527 1294 566 vzmda,
1332 532 1363 560 et
1399 539 1415 560 a
1452 529 1631 561 venerabili
1671 529 1767 562 fratre
1805 534 1917 563 nostro

1176 578 1318 613 Fabritio
1345 583 1498 624 episcopo
1524 582 1696 615 Portuensi
1734 586 1765 616 et
1790 582 1821 615 S.
1842 583 1920 615 Rus-

1176 631 1258 664 linae
1283 633 1315 665 S.
1348 634 1384 665 R.
1414 634 1447 666 E.
1480 635 1637 667 cardinali
1664 635 1812 668 Paulutio
1838 645 1919 668 nun·

1175 691 1301 728 cupato,
1328 692 1440 719 nostro
1480 687 1509 719 in
1548 689 1661 720 eadem
1689 688 1773 721 Urbe
1799 689 1918 722 vicario

1175 738 1206 770 in
1234 738 1459 781 spiritualibus
1478 741 1634 782 generali,
1652 741 1741 783 prius
1760 751 1918 784 recogno-

1175 792 1292 824 scenda
1318 798 1349 824 et
1369 793 1556 835 obliganda,
1579 793 1779 834 conticiatur,
1795 794 1827 826 in
1855 805 1918 838 qua

1174 843 1252 877 istac
1278 845 1390 887 viginti
1423 851 1493 878 octo
1527 846 1682 879 ecclesiae
1712 847 1819 890 primo
1845 848 1916 880 loco

1175 898 1391 939 adnotentur;
1419 900 1564 942 reliquae
1593 905 1699 932 autem
1727 900 1839 943 viginti
1866 911 1917 934 ec-

1174 951 1293 984 clesiae
1321 952 1522 994 praedictae,
1546 964 1604 996 pro
1623 953 1740 996 quibus
1758 953 1917 996 speciales

1174 1003 1249 1036 illae
1274 1004 1432 1045 rationes,
1457 1015 1538 1047 quae
1565 1005 1678 1048 viginti
1705 1011 1779 1039 octo
1804 1017 1917 1049 supra-

1174 1056 1269 1089 dictis
1295 1056 1522 1100 sull‘ragantur,
1548 1059 1681 1092 minime
1715 1064 1916 1092 concurrunt

1174 1115 1226 1141 aut
1243 1116 1370 1152 urgent,
1392 1111 1540 1154 quolibet
1559 1111 1684 1145 tainen²
1701 1112 1848 1153 biennio,
1870 1113 1916 1146 al-

1175 1163 1273 1195 ternis
1289 1162 1298 1178 3
1323 1173 1441 1206 nempe
1467 1165 1580 1204 annis,
1605 1166 1724 1198 calices
1747 1171 1778 1199 et
1802 1176 1914 1199 cereos

1172 1215 1360 1257 praedictos
1387 1223 1639 1260 consequantur,
1667 1223 1704 1254 et
1731 1219 1763 1250 in
1796 1218 1916 1251 tabella

1173 1268 1257 1300 sicut
1282 1269 1502 1311 praemittitur
1536 1271 1740 1304 conficienda
1771 1272 1914 1305 secundo

1174 1321 1243 1354 loco
1280 1328 1355 1365 post
1390 1323 1492 1356 dictas
1528 1325 1653 1358 scilicet
1689 1325 1803 1368 viginti
1841 1331 1915 1359 octo

1150 1375 1326 1409 lecclesias
1358 1377 1602 1419 describantur;
1630 1379 1661 1411 in
1699 1380 1807 1412 locum
1838 1389 1915 1413 vero

1175 1428 1285 1471 viginti
1312 1431 1521 1464 ecclesiarum
1548 1432 1800 1475 praedictarum,
1832 1443 1914 1477 quae

1173 1484 1273 1516 altero
1307 1494 1392 1517 anno
1427 1484 1586 1518 eiusmodi
1620 1486 1795 1528 largitione
1825 1497 1915 1521 care-

1172 1536 1265 1576 bunt,
1286 1537 1390 1570 aliae⁴
1411 1539 1627 1581 quadraginta
1652 1540 1798 1573 eiusdem
1819 1539 1912 1572 Urbis

1172 1591 1332 1624 ecclesiae
1365 1591 1608 1634 subrogentur,
1636 1598 1667 1625 et
1695 1593 1727 1625 in
1760 1593 1844 1626 dicta
1867 1598 1914 1626 ta-

1149 1654 1150 1673 t
1173 1645 1258 1677 bella
1285 1645 1381 1678 tertio
1406 1650 1437 1678 ct
1462 1646 1576 1680 ultimo
1608 1648 1681 1680 loco
1714 1647 1909 1689 reserantur,

1172 1698 1290 1740 quibus
1317 1698 1454 1741 singulis
1483 1699 1632 1732 trienniis
1661 1700 1779 1733 calices
1804 1705 1837 1733 et
1860 1710 1914 1734 ce-

1172 1752 1217 1784 rei
1243 1751 1402 1795 praedicti
1422 1752 1672 1794 distribuantur,
1689 1753 1732 1786 ita
1750 1753 1911 1794 nimirem,

1148 1815 1149 1826 ¹
1170 1811 1203 1838 ut
1229 1816 1314 1839 anno
1336 1806 1481 1849 proxime
1508 1807 1617 1840 futuro
1641 1817 1801 1842 ainccxxvi
1837 1808 1912 1842 illos

1170 1859 1339 1892 obtineant
1364 1859 1476 1902 viginti
1504 1861 1626 1903 primae
1652 1872 1688 1894 ex
1715 1862 1808 1894 dietis
1834 1872 1912 1906 qua-

1170 1913 1318 1956 draginta
1343 1914 1488 1947 ecclcsiis
1516 1915 1731 1956 subrogandis
1753 1915 1784 1948 in
1811 1916 1913 1949 tabel-

1168 1967 1196 1999 la
1214 1968 1358 2010 praelata
1381 1967 1574 2010 descriptae,
1595 1979 1680 2002 anno
1698 1969 1911 2013 subsequenti

1169 2030 1342 2054 MDCCXX-vll
1367 2021 1477 2063 viginti
1498 2021 1583 2063 illae,
1602 2033 1682 2065 quae
1709 2023 1908 2063 alternativa,

1169 2074 1252 2106 sicut
1288 2074 1523 2117 praemittitur,
1563 2075 1661 2117 potiri
1699 2075 1838 2116 debent,
1875 2085 1911 2109 ac

1146 2130 1148 2160 ξ
1169 2128 1377 2170 postmodum
1393 2138 1478 2160 anno
1497 2137 1685 2161 iinccxxvul
1703 2129 1850 2171 reliquae
1866 2128 1912 2161 vi—

1169 2180 1248 2221 ginti
1267 2191 1303 2213 ex
1324 2180 1497 2223 praedictis
1520 2181 1735 2223 quadraginta
1760 2181 1910 2214 ecclesiis

1168 2233 1399 2275 subrogandis,
1425 2239 1456 2265 et
1480 2233 1609 2266 demum
1635 2244 1719 2266 anno
1751 2243 1910 2268 MDccxxlx

1168 2296 1280 2318 rursus
1301 2287 1486 2328 praedictae
1507 2287 1618 2329 viginti
1645 2287 1802 2321 ecclesiae
1827 2297 1908 2331 quae

1168 2339 1356 2372 alternativa
1370 2340 1530 2382 gaudent:
1550 2341 1639 2384 isque
1657 2341 1736 2374 ordo
1755 2342 1909 2384 deinceps

1204 2438 1215 2463 1
1240 2436 1310 2463 Edit.
1332 2437 1416 2463 Main.
1439 2437 1505 2471 legit
1525 2441 1694 2464 senatorum
1712 2440 1740 2471 (n
1766 2438 1815 2467 T.l.

1204 2481 1221 2506 ⁴2
1244 2480 1345 2508 Forsan
1369 2484 1482 2509 lautum
1500 2490 1548 2517 pro
1570 2486 1665 2508 tamen
1681 2482 1790 2517 legend.
1805 2484 1842 2516 (R.
1859 2483 1908 2515 τ.).

1204 2526 1218 2552 3
1238 2525 1360 2552 Pessime
1380 2526 1444 2552 edit.
1467 2526 1546 2553 lllain.
1568 2526 1631 2561 legit
1654 2527 1776 2555 alterius
1796 2534 1843 2562 pro
1864 2527 1907 2554 al-

1169 2570 1260 2597 ternis
1278 2571 1318 2601 (n.
1339 2570 1376 2603 Τ).

1203 2614 1217 2640 4
1239 2613 1309 2641 Edit.
1327 2613 1406 2642 Maia.
1422 2614 1487 2650 legit
1506 2614 1567 2643 alia
1587 2622 1636 2650 pro
1656 2616 1735 2643 aliae
1753 2616 1792 2651 (a.
1808 2616 1858 2652 ππ).

1934 218 1980 245 Au.
1995 220 2024 245 C.
2051 220 2114 249 1725
