2170 3147
215 263 263 291 An.
285 261 312 288 c.
339 261 402 288 17027
449 252 513 285 550

409 310 502 347 bani,
533 309 619 342 liaud
648 309 733 342 tollit
765 309 893 341 decreta
926 308 1062 341 Concilii
1089 308 1155 340 Tri-

409 363 532 395 dentini
559 363 645 395 iuxta
667 363 973 405 interpretationem
993 362 1054 405 ipsi
1082 362 1154 394 atti-

213 482 397 502 Commuutcmnr

213 510 341 533 3m1⁴lt«ttim
368 514 397 526 ei-

213 535 386 558 d.-111(J·‹t·1.ipr=

214 562 291 585 silesia
328 566 396 580 nmina

213 592 360 614 quaecumque
372 592 396 606 ac

234 614 377 639 indulgentiae

220 641 389 666 unitim-umque

213 667 261 687 alus
283 667 396 687 Ordinibus

213 699 334 714 concessae.

409 417 517 448 butam
545 417 576 448 in
603 416 789 459 praecitatis
816 416 935 448 litteris
962 416 993 449 S.
1023 416 1067 448 Pii
1096 416 1127 447 V.

452 470 466 512 ἓ
491 469 544 502 48.
574 470 786 502 Iuliaerentes
811 474 983 512 praeterea
1010 469 1152 511 vestigiis

410 522 701 564 praedecessorum
737 528 923 555 nostrorum
951 522 1020 565 (qui
1054 522 1153 565 priri-

410 575 504 617 legia,
531 574 656 607 indulta
675 575 784 608 omnia
804 580 834 607 et
853 576 994 617 singula,
1021 575 1151 618 gratias,

409 628 645 671 exemptiones,
670 628 888 661 immunitates
916 634 946 661 et
971 628 1153 660 communi-

407 681 569 714 cationem
596 681 790 721 intraneam‚
813 681 878 714 sive
905 681 1151 724 ampliationem

408 740 462 767 aut
487 735 710 768 extensionem
752 736 833 768 intra
859 735 961 779 ipsum
996 734 1150 767 Ordinem

408 788 690 824 Praedicatorum.
718 789 801 821 adeo
839 794 873 821 ut
909 799 1065 821 concessa
1102 790 1149 821 vot

407 841 616 874 concedenda
642 841 698 873 uni
737 842 841 879 fratri,
869 841 994 879 sorori,
1022 842 1149 880 domui,

407 894 596 934 conventui,
625 894 777 937 collegio,
801 895 971 935 ecclesiae,
990 901 1152 928 monaste-

407 948 455 981 rio
473 953 504 981 et
522 949 606 986 aliis,
630 949 758 981 etiamsi
779 948 951 981 concessa¹
971 959 1035 982 non
1056 949 1151 981 intel-

407 1000 591 1042 ligerentur
606 1002 664 1034 snb
679 1002 825 1044 generali
844 1001 1150 1041 communicatione,

408 1053 479 1085 aliis
506 1053 669 1090 fratribus,
688 1054 866 1092 sororibus,
886 1054 1050 1093 domibus,
1076 1064 1151 1086 con-

408 1106 567 1146 ventibus,
583 1107 739 1149 collegiis,
759 1108 913 1148 ecclesiis,
932 1107 1150 1146 monasteriis,

408 1159 595 1203 ceterisque
640 1161 863 1204 parisormiter
910 1161 1150 1203 comprehensa

408 1218 439 1245 et
463 1223 619 1246 concessa
645 1220 805 1256 perpetuo
831 1214 896 1246 sint
915 1220 946 1247 et
963 1214 1149 1256 intelligan-

407 1270 482 1304 tur,
523 1266 854 1300 communicationem
895 1277 1025 1310 quoque
1066 1267 1151 1299 inl'ra

408 1320 636 1353 declarandam
663 1321 795 1354 uberius
821 1332 893 1354 cum
920 1321 990 1354 aliis
1016 1321 1151 1364 quibus-

408 1384 547 1417 cumque
573 1374 762 1415 Ordinibus,
790 1375 1101 1418 congregationibus
1120 1380 1151 1408 et

409 1428 746 1467 confraternitatibus,
770 1428 950 1467 libertates,
978 1438 1151 1471 praeroga-

410 1480 507 1521 tivas,
535 1481 775 1523 indulgentias,
802 1487 1012 1525 peccatorum
1038 1483 1151 1514 remis-

409 1533 519 1566 siones
545 1539 576 1566 et
601 1533 719 1566 similia
744 1544 970 1578 quaecumque
1007 1540 1038 1567 et
1073 1545 1151 1577 quo-

409 1596 549 1629 cumque
575 1587 709 1619 nomine
743 1588 984 1630 nuncupanda,
1010 1598 1027 1620 a
1060 1598 1151 1630 prae-

410 1639 638 1673 decessoribus
671 1641 795 1673 nostris
829 1640 958 1674 Ordinis
991 1640 1150 1684 praedicti

410 1693 578 1733 domibus,
606 1694 777 1736 collegiis,
813 1695 1048 1735 conventibus,
1084 1705 1151 1727 mo-

409 1747 581 1787 nasteriis,
609 1747 784 1790 provinciis
801 1775 808 1787 ,
836 1748 989 1781 fratribus
1014 1758 1051 1781 ac
1085 1759 1152 1781 mo-

410 1800 560 1839 nialibus,
588 1811 716 1834 necnon
736 1801 908 1844 utriusque
930 1812 1025 1835 sexus
1045 1801 1152 1835 tertia-

409 1852 465 1886 riis
490 1864 658 1894 concessa,
686 1854 882 1897 amplissime
902 1861 933 1887 et
951 1855 1151 1888 validissime

410 1907 654 1945 confirmarunt.
676 1909 882 1947 innovarunt,
901 1909 940 1941 de
967 1919 1052 1942 novo
1078 1919 1153 1942 con-

410 1967 601 2000 cesserunt,
628 1961 741 2004 cisque
766 1967 964 2005 perpetuum
997 1962 1153 2005 apostoli-

411 2023 466 2046 cae
494 2013 652 2046 firmitatis
678 2015 780 2047 robur
813 2015 1027 2056 addiderunt,
1056 2016 1152 2048 etiam

411 2072 499 2099 motu
543 2067 697 2110 proprio,
739 2067 875 2100 scientia
921 2073 952 2100 et
988 2073 1150 2111 potestate

411 2120 604 2161 praedictis,
632 2120 822 2163 derogando
862 2121 996 2163 insuper
1022 2121 1154 2164 quibus-

411 2182 551 2216 cumque
578 2174 870 2207 consuetudinibus
896 2184 933 2207 ac
950 2175 1152 2208 constitutio-

411 2225 507 2258 nibus
532 2227 721 2270 apostolicis
747 2228 841 2260 etiam
865 2227 1150 2261 inuniversalibus

412 2279 668 2320 provincialibus
694 2287 726 2313 ct
750 2280 961 2323 synodalibus
1003 2281 1152 2314 conciliis

413 2330 507 2363 editis
542 2337 572 2364 et
599 2333 864 2366 ordinationibus
902 2335 1091 2375 contrariis,
1117 2345 1154 2367 ac

414 2393 485 2415 cum
512 2384 644 2418 decreto
666 2385 826 2426 irritante,
846 2388 1030 2430 supplendo
1056 2397 1154 2431 quos-

414 2436 459 2467 vis
485 2436 629 2469 desectus
654 2439 732 2471 iuris
759 2446 791 2472 et
817 2440 888 2472 sacti
916 2446 947 2473 et
972 2442 1154 2474 solemnita-

416 2493 481 2520 tum
508 2490 615 2522 forsan
642 2492 843 2532 omissarum,
865 2498 900 2525 ut
918 2493 948 2525 in
965 2495 1152 2537 apostolicis

415 2542 719 2584 constitutionibus,
745 2550 775 2577 et
814 2546 983 2588 signanter
1009 2548 1150 2579 Alexan-

416 2595 463 2627 dri
490 2594 521 2634 Υ,
549 2595 672 2629 Martini
700 2598 795 2631 ctiam
822 2599 859 2639 V,
886 2599 1022 2643 Eugenii
1051 2601 1085 2632 tv
1122 2601 1153 2633 in

456 2658 463 2681 1
489 2656 586 2684 forsan
607 2659 812 2692 comprehensa
833 2668 871 2694 ra.
892 2669 940 2695 ‘1:5.

1002 258 1183 284 BULLARIUM
1208 257 1364 284 ROMANUM

1201 308 1300 341 llullis
1327 308 1556 352 incipientibus
1592 308 1710 341 Sacrae
1745 307 1934 350 reliyionis,

1199 372 1215 393 v
1242 362 1396 395 kalendas
1422 362 1535 405 aprilis
1560 370 1732 399 Mcnxxxis,
1761 361 1815 393 ubi
1842 360 1938 403 privi-

1200 415 1318 457 legium
1347 415 1432 447 dicto
1465 414 1575 447 Ordini
1602 414 1863 446 Praedicatorum
1890 413 1936 446 in-

1198 468 1322 500 ‹lultnm
1347 478 1404 510 per
1429 468 1539 510 plures
1564 467 1835 510 praedecessores
1862 471 1938 510 post

1197 521 1421 554 Innocentium
1463 521 1497 553 tv
1527 521 1613 564 quod
1655 521 1767 553 nullae
1808 520 1936 553 litterae

1197 574 1397 617 apostolicae
1422 574 1479 606 snb
1504 574 1674 617 quibusvis
1698 574 1813 616 formis
1830 577 1858 606 et
1875 583 1939 606 ver-

1197 627 1309 659 borum
1336 627 1597 670 expressionibus
1622 631 1651 659 et
1675 637 1748 659 cuni
1773 625 1938 670 quibusli-

1196 679 1242 712 bet
1279 679 1496 723 cleroqaloriis
1530 679 1806 723 privilcyiorum,
1838 679 1938 712 etiam

1196 733 1469 771 illendicantium,
1494 734 1769 777 quandocumque
1789 742 1938 766 emanan-

1196 787 1264 826 dae,
1284 792 1418 830 possent
1436 786 1540 819 eidem
1563 786 1674 820 Ordini
1696 785 1938 829 praeiudicare,

1195 840 1263 872 nisi
1298 841 1336 872 ale
1370 839 1491 874 Ordine
1524 840 1594 883 ipso
1636 851 1673 873 ac
1708 840 1746 873 de
1780 840 1938 882 maqistro

1198 892 1332 926 Ordinis
1358 898 1385 926 et
1410 893 1598 937 pririleqi‘is
1623 894 1689 936 ipsi
1713 894 1870 927 concessis
1894 894 1940 927 si-

1194 951 1336 990 qnanter
1361 951 1389 980 et
1415 951 1583 987 notanter,
1608 947 1794 990 specialiter
1827 951 1856 980 et
1884 957 1938 980 esc-

1193 1011 1318 1043 presse,
1358 1011 1479 1033 necnon
1521 1000 1559 1034 (Ie
1595 1001 1688 1034 verbo
1731 1001 1774 1034 ad
1808 1001 1938 1034 verbum

1196 1054 1316 1087 mentio
1341 1056 1427 1097 facta
1452 1055 1568 1096 fuerit,
1593 1054 1794 1088 validissime
1820 1054 1938 1088 contir-

1196 1113 1310 1146 matur,
1338 1108 1425 1151 quod
1445 1113 1476 1141 et
1492 1108 1545 1140 alii
1564 1108 1773 1151 postmodum
1798 1107 1937 1141 Romani

1195 1160 1366 1194 Pontifices
1389 1161 1575 1199 decrevere,
1597 1160 1732 1204 insuper
1756 1161 1879 1194 Nicolai
1899 1161 1935 1202 V,

1194 1214 1271 1246 Sixti
1295 1214 1330 1246 IV
1366 1215 1400 1246 in
1425 1214 1515 1246 Mari
1547 1224 1666 1257 maqno
1699 1225 1736 1247 ac
1768 1214 1801 1247 in
1834 1213 1938 1248 Bulla

1194 1269 1306 1309 aurea,
1334 1268 1405 1301 Iulii
1424 1268 1448 1300 II
1472 1267 1570 1301 Alias
1590 1267 1634 1300 acl
1650 1268 1936 1312 supplicationem,

1195 1321 1274 1353 iunii
1301 1332 1395 1360 nnis,
1421 1322 1537 1354 Leonis
1558 1321 1582 1354 X
1609 1321 1733 1355 duabus
1758 1322 1877 1356 litteris
1900 1321 1937 1354 si-

1194 1374 1315 1407 militer
1330 1374 1561 1418 incipientibus
1585 1374 1693 1414 Quum
1710 1376 1798 1408 inter
1811 1379 1939 1415 cetero&

1194 1437 1256 1461 xxn
1267 1427 1452 1460 novembris
1465 1438 1582 1468 nexui,
1593 1433 1625 1461 et
1638 1439 1690 1462 xx1
1702 1428 1782 1461 iunii
1797 1438 1938 1468 Mvaui,

1195 1486 1226 1513 et,
1251 1481 1283 1513 in
1309 1481 1380 1514 aliis
1406 1481 1539 1514 Dudum
1570 1492 1629 1525 per
1658 1492 1715 1514 nos
1746 1486 1893 1526 accepto,
1919 1492 1937 1515 x

1195 1534 1379 1567 decembris
1402 1544 1511 1573 Μυκη,
1529 1535 1601 1568 Iulii
1620 1535 1658 1567 III
1673 1535 1715 1568 In
1738 1535 1832 1568 scierit
1854 1535 1940 1568 beati

1193 1587 1305 1626 Petri,
1326 1597 1344 1620 x
1362 1587 1430 1620 iulii
1451 1597 1545 1627 nom,
1573 1587 1662 1620 Pauli
1681 1587 1717 1620 IV
1735 1587 1785 1621 Ea:
1804 1588 1939 1631 Aposto-

1196 1641 1277 1673 licae
1302 1641 1408 1681 Sedis,
1438 1652 1467 1674 ix
1494 1641 1601 1673 martii
1626 1651 1731 1681 MDLv,
1755 1652 1791 1674 ac
1816 1641 1937 1675 deinde

1195 1694 1225 1727 S.
1255 1694 1302 1726 Pii
1328 1694 1363 1734 V,
1390 1694 1563 1727 Clementis
1587 1694 1651 1726 VIII
1677 1699 1709 1727 et
1734 1693 1853 1727 Urbani
1872 1694 1938 1728 VIII

1195 1747 1226 1780 in
1253 1747 1430 1790 praedictis
1447 1746 1740 1780 constitutionibus
1757 1747 1830 1781 Etsi
1848 1748 1938 1782 Men—

1194 1801 1394 1840 dicantium,
1414 1800 1575 1841 Ininncti,
1600 1801 1642 1833 In
1664 1800 1936 1845 plenitudinem),

1196 1865 1315 1898 easque
1342 1854 1472 1897 quidem
1499 1863 1611 1886 omnes
1637 1859 1669 1886 et
1694 1853 1838 1896 singulas
1863 1865 1940 1888 con-

1195 1908 1396 1947 stitutiones,
1432 1918 1467 1940 ac
1492 1908 1677 1950 supplendo
1714 1918 1938 1952 quoscumque

1195 1962 1340 1994 detectus
1368 1961 1445 1993 iuris
1472 1966 1504 1994 et
1530 1960 1603 1993 facti
1636 1967 1668 1994 et
1698 1961 1939 1995 solemnitatum

1197 2016 1306 2047 forsan
1344 2014 1552 2055 omissarnm,
1579 2014 1811 2048 confirmantes
1836 2025 1872 2048 ac
1898 2015 1940 2048 in-

1196 2075 1366 2108 novantes,
1392 2075 1434 2109 et,
1460 2074 1621 2113 quatenus
1648 2079 1729 2112 opus
1754 2069 1803 2110 sit,
1830 2069 1939 2103 omnia

1196 2128 1227 2154 et
1251 2122 1378 2164 singula
1405 2122 1435 2154 in
1462 2122 1586 2155 eisdem
1613 2133 1649 2155 ac
1674 2122 1791 2156 ceteris
1810 2123 1940 2166 quibus-

1196 2186 1336 2218 cumque
1381 2186 1439 2218 pro
1483 2175 1602 2208 Ordine
1648 2175 1909 2209 Praedicatorum
1930 2204 1937 2217 ,

1197 2229 1331 2271 eiusque
1357 2229 1501 2271 generali
1527 2229 1699 2271 magistro,
1726 2234 1939 2272 procuratore

1196 2282 1353 2324 generali,
1379 2282 1615 2325 superioribus,
1635 2282 1795 2323 fratribus,
1819 2283 1939 2316 monia·

1197 2335 1300 2376 libus,
1326 2335 1424 2368 Tertii
1463 2346 1593 2379 quoque
1630 2335 1758 2368 Ordinis
1790 2336 1938 2379 personis

1196 2389 1453 2432 quibuscumque
1485 2399 1544 2431 per
1575 2388 1690 2421 Sedem
1724 2389 1936 2432 praedictam,

1197 2452 1233 2475 ac
1259 2442 1355 2475 etiam
1382 2453 1441 2485 per
1459 2444 1490 2475 S.
1515 2443 1548 2475 R.
1570 2442 1604 2475 Ε.
1628 2443 1843 2476 cardinalium
1860 2442 1938 2476 Con-

1197 2495 1426 2538 gregationes¹‚
1442 2495 1624 2528 cardinales
1642 2496 1778 2538 legatos,
1795 2501 1826 2528 et
1843 2506 1938 2539 quos-

1196 2549 1242 2580 vis
1275 2548 1366 2581 Sedis
1404 2549 1590 2591 praedictae
1618 2549 1750 2581 nuntios
1776 2553 1808 2581 et
1836 2548 1934 2582 mini-

1198 2606 1294 2640 stros,
1314 2607 1345 2634 et
1370 2612 1430 2644 per
1454 2602 1534 2634 alios
1553 2611 1789 2644 quoscumque,
1809 2606 1840 2633 et
1865 2611 1937 2644 qua-

1235 2664 1244 2689 t
1265 2662 1313 2690 Ed.
1331 2663 1414 2691 Mani.
1436 2663 1502 2697 legit
1523 2663 1761 2697 Conyreqationis
1780 2666 1817 2697 (a.
1834 2664 1883 2699 τ.).

1947 259 1995 286 An.
2011 258 2041 287 C.
2062 258 2128 288 1727
