2170 3147
0 261 44 287 An.
60 258 90 286 C.
111 258 176 284 1727

759 256 956 280 BENEDICTUS
981 256 1038 279 XIII
1064 257 1112 279 PP.

188 312 220 339 et
244 306 468 345 declaramus,
505 306 621 339 fratres
654 304 872 338 confessarios
896 304 927 335 in

187 359 307 393 Ordine
331 358 530 402 approbatos
557 358 664 399 <circa
689 368 784 399 quam
811 367 929 399 appro-

186 412 353 445 bationem
378 422 438 444 nos
462 421 594 454 quoque
621 411 839 453 praelatorum
873 409 929 441 Or-

188 465 271 498 dinis
297 465 532 498 conscientiam
558 473 767 506 summopere
793 463 823 494 in
843 463 927 494 diem

187 518 313 551 Domini
338 518 550 560 oneramus),
575 522 607 549 et
642 515 680 548 ab
712 515 830 547 Ordine
857 515 926 557 ipso

187 572 226 604 de
252 582 342 603 more
362 571 401 603 ad
419 570 612 603 monialium
630 568 690 600 sibi
709 568 927 599 subiectarum

188 622 412 655 confessiones
445 622 623 655 audiendas
656 620 851 657 destinatos,
883 620 928 651 lo-

187 685 299 708 corum
324 674 504 707 Ordinariis
527 673 666 706 debitam
693 672 927 711 reverentiam,

187 733 284 771 atque
309 727 341 760 in
367 727 425 767 iis,
463 737 545 769 quae
575 736 634 769 per
658 724 836 757 Concilium
861 724 950 755 Tri-2

187 781 356 813 deminum
383 788 414 813 et
438 780 553 813 Sedent
591 779 810 822 Apostolicam
842 777 928 810 circa

188 834 389 867 monasteria
425 839 648 876 exemptorum
687 832 837 873 delegata
873 841 928 862 au—

189 887 342 920 ctoritate
361 887 440 930 ipsis
459 886 635 919 Ordinariis
653 885 826 918 commissa
843 889 928 922 sunt,

186 950 294 982 neque
320 946 450 972 nostrae
465 940 541 971 huic
559 938 781 971 constitutioni
800 943 926 969 contra-

187 993 337 1031 riantur,
374 998 530 1035 qnantum
556 992 587 1023 in
612 991 750 1024 Domino
776 994 928 1032 poterunt
949 1010 950 1016 η

949 1042 1060 1082 {snam
1088 1043 1269 1075 secundum
1303 1044 1500 1086 apostolicas
1530 1045 1714 1078 sanctiones

187 1109 264 1131 vero
300 1099 338 1131 ab
376 1098 490 1130 iisdem
527 1096 705 1130 Ordinariis
741 1096 950 1128 exarninan-2

189 1152 248 1183 dos
274 1161 347 1183 esse
374 1161 432 1193 pro
468 1150 709 1193 praedictarum
739 1147 927 1180 monialium
949 1151 950 1154 ’

189 1057 304 1078 manns
329 1046 504 1078 adjutrices
530 1044 702 1082 adhibere,
740 1044 926 1075 nullatenus

187 1204 451 1237 confessionibus
488 1202 677 1240 audiendis,
715 1201 926 1244 qtsiemadmo-

188 1362 452 1394 confessionibus
466 1361 678 1403 excipiendis,
694 1359 818 1391 tametsi
831 1369 928 1401 quan-

189 1415 295 1457 doque
314 1421 427 1446 contra
445 1414 574 1446 eosdem
597 1413 761 1455 praedicta
780 1412 929 1452 delegata

187 1467 381 1499 auctoritaie
400 1466 579 1509 procedere
594 1465 720 1508 possint
735 1476 770 1496 ac
784 1465 926 1503 valean13

187 1520 288 1551 multo
320 1525 427 1551 antem
455 1519 560 1550 minus
585 1517 773 1560 superiores
799 1517 864 1549 sire
887 1517 951 1549 10-Ἰ

187 1572 275 1604 cales
301 1571 366 1603 sive
392 1571 624 1614 provinciales,
652 1570 716 1601 sive
743 1569 839 1601 etiam
866 1578 951 1600 ina-¹

169 1625 323 1665 rgistrum
347 1624 455 1667 ipsum
473 1623 612 1661 Ordinis,
632 1622 685 1665 qui
705 1632 741 1654 cx
761 1622 929 1664 praedicta

39 2583 184 2605 Decernuntur

2 2610 110 2636 quaedam
142 2612 184 2632 alia

188 1677 368 1720 apostolica
385 1676 611 1709 commissione
629 1675 693 1707 [teo
711 1676 840 1717 plenam
860 1675 930 1706 red-

189 1783 380 1815 monialium
407 1782 593 1820 animabus,
622 1787 655 1813 ut
679 1781 725 1813 sic
754 1781 866 1813 illaeso
892 1791 929 1812 ac

190 1835 352 1867 custodito
378 1835 476 1867 veluti
503 1834 659 1876 primario
677 1833 846 1876 potestatis
865 1834 930 1876 spi-

191 1887 319 1919 ritualis
337 1887 538 1926 charactere,
562 1886 833 1929 quemadmodum
852 1886 929 1918 alias
951 1895 952 1915 ἢ

191 1939 295 1980 ligare
320 1944 458 1982 possunt
482 1949 519 1970 ac
540 1939 665 1980 ligant,
697 1939 740 1970 ita
773 1938 865 1971 etiam
894 1938 930 1970 li-
951 1958 952 1969 η

191 1992 270 2023 bere
310 1992 434 2024 solvere
471 1991 596 2033 possint
634 2003 669 2022 ac
705 1992 833 2023 valeant
869 1991 928 2023 sibi

193 2043 409 2076 subiectarum
435 2045 614 2076 animarum
643 2044 876 2084 conscientias,
904 2046 928 2076 si
951 2041 953 2073 l

193 2095 233 2127 ab
258 2096 338 2138 ipsis
375 2096 574 2138 quandoque
609 2107 679 2128 sese
716 2101 953 2128 sacramenta—¹

194 2147 268 2180 liter
293 2147 398 2180 audiri
423 2148 683 2190 postulaverim,
718 2149 803 2190 quod
835 2150 930 2191 plane
951 2140 953 2151 ¹

194 2199 290 2240 alias,
316 2206 369 2232 aut
392 2201 482 2233 nullo
500 2201 617 2240 modo,
636 2206 691 2232 aut
707 2212 803 2242 aegre
821 2201 932 2233 admo-

194 2253 271 2285 dum
288 2259 455 2296 praestare
474 2260 622 2296 possent:
642 2264 707 2286 non
727 2254 931 2286 obstantibus

194 2306 481 2339 constitutionibus
506 2306 654 2348 Gregorii
680 2307 730 2338 XV
765 2307 932 2339 Inscrtcta·

195 2358 276 2397 bili,
303 2364 335 2391 et
358 2358 532 2391 Clementis
557 2360 582 2391 X
621 2359 787 2401 Superna,
816 2371 852 2391 ae
877 2360 932 2392 de-

194 2411 292 2443 cretis
317 2411 586 2453 Congregationis
612 2411 762 2451 Concilii,
795 2412 931 2454 aliisque

195 2463 456 2506 quibuscumque
492 2463 525 2495 in
562 2464 758 2496 contrarium
787 2464 932 2496 facienti-

194 2515 265 2556 bns,
291 2516 408 2558 quibus
433 2516 620 2558 plenissime
647 2517 852 2559 derogamus.

238 2569 253 2611 ἓ
287 2568 340 2601 ⁶29.
382 2569 500 2601 lisdem
536 2568 688 2601 omnibus
727 2574 759 2601 et
794 2569 931 2612 singulis

196 2621 438 2663 superioribus,
465 2627 560 2665 atque
594 2622 633 2654 ab
670 2622 747 2665 ipsis
774 2623 931 2666 delegatis

1612 244 1676 278 535

973 304 1134 345 fratribus⁷
1153 304 1432 347 praedicationem
1457 304 1546 336 verbi
1574 304 1627 336 Dei
1654 314 1713 346 pro

971 357 1167 389 monialibus
1204 357 1265 389 sibi
1301 356 1456 389 subiectis
1479 356 1615 389 liberam
1641 367 1713 390 esse

972 410 1102 450 debere,
1128 410 1353 452 superioribus
1378 409 1511 453 quidem
1531 420 1665 453 prorsus
1682 416 1715 443 et

971 463 1056 495 omni
1094 463 1215 501 modo,
1240 463 1401 504 delegatis
1432 473 1511 495 vero
1550 462 1712 504 religiosis

971 526 1044 547 cum
1071 515 1276 557 superiorum
1294 526 1407 547 eorum
1429 515 1583 548 missione
1609 522 1641 548 et
1657 516 1714 548 be-

970 567 1158 600 nedictione
1172 566 1192 599 ¹.
1213 568 1535 600 Administrationem
1555 574 1714 611 tempora-

970 621 1033 653 lem
1060 620 1438 659 dictarummonialium,
1462 631 1527 654 non
1548 632 1622 654 raro
1655 631 1715 664 per

971 673 1156 705 saeculares
1182 672 1374 705 deturbata‘2
1395 684 1466 706 cum
1484 674 1625 707 evidenti
1644 685 1713 708 mo-

972 726 1190 758 nasteriorum
1217 726 1436 765 detrimento,
1468 728 1616 759 volumus
1642 738 1715 770 per-

972 779 1076 811 tinere
1117 779 1156 811 ad
1192 779 1380 821 superiores
1419 779 1548 812 Ordinis
1565 807 1572 820 ,
1615 786 1715 822 prout

971 832 1104 864 uberius
1131 832 1213 864 infra
1246 831 1450 874 disponetur.
1485 832 1574 865 Circa
1606 844 1714 867 acces-

972 895 1043 916 sum
1069 884 1166 916 etiam
1192 889 1421 917 extraneorum
1447 885 1486 917 ad
1507 886 1665 919 moniales
1683 893 1714 919 ct

971 937 1170 969 monasteria
1195 937 1256 969 sibi
1283 937 1436 975 subiecta,
1456 938 1644 980 praedictos
1662 950 1714 972 su-

972 990 1120 1033 periores
1144 1000 1241 1032 posse
1260 1001 1296 1022 ac
1314 990 1434 1022 debere
1455 990 1714 1025 iurisdictionem

973 1095 1072 1134 tueri;
1092 1096 1178 1128 salva
1196 1095 1228 1127 in
1246 1095 1382 1138 reliquis
1400 1096 1624 1129 iurisdictione
1644 1098 1713 1131 iure

972 1148 1119 1189 delegato
1146 1148 1311 1190 episeopis
1343 1154 1566 1191 competente3
1595 1150 1714 1193 quibus

949 1212 950 1217 ¹
972 1208 1078 1233 tamen
1121 1201 1316 1233 auctoritate
1357 1202 1539 1244 apostoliea
1580 1204 1713 1245 penitus

189 1258 265 1290 dum
292 1267 353 1289 nec
379 1256 554 1289 examinari
581 1255 711 1293 debent,
731 1265 838 1296 neque
856 1264 928 1285 exa-
949 1257 950 1274 ³

189 1309 355 1342 minantur
381 1310 419 1341 ab
445 1309 522 1352 ipsis
556 1319 615 1351 pro
641 1309 773 1339 fratrum
799 1296 951 1350 ordint&

949 1352 950 1367 ³
972 1371 989 1390 a
1014 1358 1160 1391 Concilio
1186 1359 1245 1390 sibi
1274 1360 1370 1391 factas
1403 1365 1433 1391 et
1457 1370 1627 1393 concessas
1667 1364 1715 1395 ul-

972 1254 1198 1286 interdicimus
1230 1265 1265 1286 ac
1299 1254 1533 1296 probibemus,
1563 1266 1603 1287 ne
1629 1257 1712 1289 circa

971 1307 1189 1338 visitationem
1227 1308 1395 1339 clausurae
1422 1309 1505 1339 ultra
1531 1309 1712 1349 facultates

1640 1388 1646 1401 5

949 1413 1098 1463 Jlatenus
1135 1422 1206 1444 sese
1239 1412 1435 1451 extendant,
1462 1424 1541 1445 neve
1568 1414 1715 1448 eiusdem

973 1466 1108 1497 obtentu
1136 1465 1167 1496 in
1189 1464 1227 1496 iis
1253 1476 1334 1508 quae
1352 1466 1480 1498 Ordinis
1509 1467 1715 1509 superiorum

972 1523 1047 1549 sunt
1072 1529 1106 1550 se
1138 1517 1369 1550 intromittant.
1397 1518 1428 1551 Si
1453 1529 1528 1552 vcro
1556 1521 1714 1553 moniales

972 1570 1062 1613 ipsae
1090 1581 1216 1603 servare
1243 1577 1394 1610 renuant,
1421 1582 1502 1614 quae
1519 1583 1577 1615 pro
1604 1573 1716 1606 obser-

972 1623 1078 1656 vantia
1112 1623 1252 1665 regulari
1290 1629 1397 1656 exacte
1433 1627 1674 1659 manutenenda
1699 1640 1717 1660 a

950 1676 1197 1718 ,ssuperioritms
1234 1675 1364 1708 Ordinis
1401 1678 1552 1710 mandata
1578 1679 1715 1720 fuerint,

189 1730 287 1763 dituri
314 1735 389 1762 sunt
415 1730 573 1762 rationem
607 1729 646 1760 ‹le
681 1728 740 1759 sibi
778 1727 952 1759 subiectis¹=

974 1729 1044 1761 istis
1070 1730 1198 1771 plenam
1236 1729 1342 1762 inesse
1380 1730 1566 1764 facultatem
1600 1733 1714 1765 eadem

973 1782 1171 1814 monasteria
1205 1782 1311 1815 libere
1345 1782 1550 1824 dimittendi,
1575 1795 1611 1817 ex
1637 1797 1716 1828 apo-

974 1835 1098 1868 stolicis
1131 1835 1248 1868 litteris
1273 1835 1311 1867 ad
1338 1835 1493 1868 vicarium
1528 1839 1716 1879 generalem

974 1888 1186 1920 Lombardiae
1211 1888 1341 1930 Expom·
1365 1888 1456 1921 uobis
1480 1889 1563 1922 datis
1592 1902 1608 1922 a
1636 1892 1717 1924 Leo-

975 1952 1014 1973 ne
1039 1942 1074 1981 X,
1101 1952 1131 1974 γι
1159 1942 1346 1973 novembris
1372 1953 1424 1974 an.
1445 1953 1543 1983 MDXV,
1561 1955 1641 1987 quas
1662 1946 1716 1979 liic

974 1994 1197 2036 pariforrniter
1222 1994 1472 2034 confirmamus,
1503 1996 1715 2039 innovamus,

975 2058 1011 2079 ac
1035 2048 1074 2079 ad
1103 2053 1204 2080 totum
1229 2047 1385 2080 Ordinem
1411 2050 1628 2083 extendimus.
1651 2052 1717 2085 Eis-

975 2100 1046 2132 dem
1073 2100 1204 2132 dernum
1229 2100 1450 2139 monialibus,
1478 2102 1573 2134 sicuti
1599 2109 1630 2136 et
1654 2104 1716 2137 sra-

976 2153 1078 2185 tribns
1103 2153 1253 2192 novitiis,
1279 2153 1311 2184 in
1337 2153 1474 2186 articulo
1507 2156 1617 2187 mortis
1643 2163 1717 2190 ante

975 2205 1123 2238 emissam
1149 2206 1392 2248 professionem
1418 2207 1610 2247 constitutis,
1639 2209 1717 2242 inte·

975 2268 1066 2300 grum
1093 2268 1164 2290 csse
1191 2258 1251 2290 frui
1271 2264 1302 2290 et
1319 2259 1417 2301 potiri
1436 2259 1563 2292 indulto
1580 2261 1610 2293 S.
1630 2261 1675 2293 Pii
1694 2263 1715 2294 V

976 2310 1007 2341 in
1034 2311 1160 2342 constit.
1186 2319 1236 2343 c1x
1268 2310 1398 2343 Summi
1426 2312 1601 2345 sacerdotii
1625 2324 1715 2356 cura,

974 2372 1051 2394 xxm
1077 2362 1204 2404 augusti
1230 2372 1347 2395 MDLXX.

1019 2414 1033 2456 ἕ
1057 2414 1112 2447 30.
1139 2414 1243 2452 Quum
1272 2422 1381 2449 autem
1409 2417 1508 2451 silere
1534 2429 1594 2452 nos
1622 2420 1716 2453 mini-

975 2477 1026 2498 me
1044 2467 1159 2499 deceat
1183 2467 1221 2499 de
1248 2468 1394 2501 doctrina
1411 2471 1549 2513 angelici
1572 2472 1714 2506 doctoris

974 2518 1006 2551 S.
1033 2519 1175 2552 Tliomae
1200 2520 1382 2563 Aquinatis‚
1403 2522 1452 2554 eui
1472 2523 1611 2566 ipsemet
1627 2525 1712 2560 Ordo

1011 2591 1020 2615 1
1045 2589 1126 2616 Deest
1144 2591 1327 2617 decernimus
1346 2596 1393 2618 aut
1411 2593 1499 2620 simile
1518 2595 1559 2628 (n.
1577 2598 1625 2629 T.).

1008 2633 1024 2659 2
1043 2633 1198 2668 Legendum
1219 2635 1402 2664 deturbatum
1421 2638 1461 2672 (n.
1474 2638 1525 2673 T.).

1721 255 1770 281 An.
1787 254 1816 282 C.
1836 255 1906 282 1727

1724 317 1794 343 quoad
1823 318 1906 343 praedi-

1723 347 1768 364 ctas
1794 344 1907 365 moniales,

1791 2424 1910 2443 lteceuseu-

1726 2451 1758 2469 tur
1778 2450 1909 2470 constitutio-

1726 2482 1762 2495 nes
1804 2476 1909 2496 Romano·

1725 2508 1769 2522 runi
1822 2502 1909 2522 Pontifi-

1725 2529 1820 2555 rnm‚qui
1830 2528 1909 2549 doctri-

1723 2561 1770 2576 nam
1814 2555 1907 2581 Angeliei
