<?xml version="1.0" encoding="UTF-8"?>
<!DOCTYPE html PUBLIC "-//W3C//DTD XHTML 1.0 Transitional//EN"
    "http://www.w3.org/TR/xhtml1/DTD/xhtml1-transitional.dtd">
<html xmlns="http://www.w3.org/1999/xhtml" xml:lang="en" lang="en">
 <head>
  <title>
</title>
<meta http-equiv="Content-Type" content="text/html;charset=utf-8" />
  <meta name='ocr-system' content='tesseract 3.04.00' />
  <meta name='ocr-capabilities' content='ocr_page ocr_carea ocr_par ocr_line ocrx_word'/>
</head>
<body>
  <div class='ocr_page' id='page_1' title='image "./bullarumdiplomat22cath_0557.png"; bbox 0 0 2170 3147; ppageno 0'>
   <div class='ocr_carea' id='block_1_1' title="bbox 32 230 970 1581">
    <p class='ocr_par' dir='ltr' id='par_1_1' title="bbox 32 230 970 1002">
     <span class='ocr_line' id='line_1_1' title="bbox 32 230 220 256; baseline 0.005 -1"><span class='ocrx_word' id='word_1_1' title='bbox 32 231 83 256; x_wconf 80' lang='lat' dir='ltr'>An.</span> <span class='ocrx_word' id='word_1_2' title='bbox 105 232 135 256; x_wconf 78' lang='lat' dir='ltr'>G.</span> <span class='ocrx_word' id='word_1_3' title='bbox 155 230 220 256; x_wconf 70' lang='lat'>¹727</span> 
     </span>
     <span class='ocr_line' id='line_1_2' title="bbox 225 278 969 322; baseline 0.003 -12"><span class='ocrx_word' id='word_1_4' title='bbox 225 278 294 311; x_wconf 87' lang='lat' dir='ltr'>iure</span> <span class='ocrx_word' id='word_1_5' title='bbox 326 279 377 310; x_wconf 92' lang='lat' dir='ltr'>vel</span> <span class='ocrx_word' id='word_1_6' title='bbox 411 278 450 311; x_wconf 88' lang='lat' dir='ltr'>ab</span> <span class='ocrx_word' id='word_1_7' title='bbox 475 279 626 318; x_wconf 88' lang='lat' dir='ltr'>homine,</span> <span class='ocrx_word' id='word_1_8' title='bbox 653 279 765 322; x_wconf 89' lang='lat' dir='ltr'>quavis</span> <span class='ocrx_word' id='word_1_9' title='bbox 796 279 969 312; x_wconf 79' lang='lat' dir='ltr'>occasione</span> 
     </span>
     <span class='ocr_line' id='line_1_3' title="bbox 223 330 970 373; baseline 0.001 -11"><span class='ocrx_word' id='word_1_10' title='bbox 223 331 273 362; x_wconf 88' lang='lat' dir='ltr'>vel</span> <span class='ocrx_word' id='word_1_11' title='bbox 297 332 392 362; x_wconf 74' lang='lat' dir='ltr'>causa</span> <span class='ocrx_word' id='word_1_12' title='bbox 414 330 496 369; x_wconf 84' lang='lat' dir='ltr'>latis,</span> <span class='ocrx_word' id='word_1_13' title='bbox 519 330 544 362; x_wconf 91' lang='lat' dir='ltr'>si</span> <span class='ocrx_word' id='word_1_14' title='bbox 574 330 692 372; x_wconf 90' lang='lat' dir='ltr'>quibus</span> <span class='ocrx_word' id='word_1_15' title='bbox 718 331 970 373; x_wconf 68' lang='lat' dir='ltr'>quomodolibet</span> 
     </span>
     <span class='ocr_line' id='line_1_4' title="bbox 223 382 968 425; baseline 0.001 -11"><span class='ocrx_word' id='word_1_16' title='bbox 223 382 397 414; x_wconf 86' lang='lat' dir='ltr'>innodatus</span> <span class='ocrx_word' id='word_1_17' title='bbox 422 382 554 422; x_wconf 76' lang='lat' dir='ltr'><strong>existit,</strong></span> <span class='ocrx_word' id='word_1_18' title='bbox 581 382 620 414; x_wconf 86' lang='lat' dir='ltr'>ad</span> <span class='ocrx_word' id='word_1_19' title='bbox 646 382 794 414; x_wconf 77' lang='lat' dir='ltr'>effectum</span> <span class='ocrx_word' id='word_1_20' title='bbox 815 392 968 425; x_wconf 87' lang='lat' dir='ltr'>praesen-</span> 
     </span>
     <span class='ocr_line' id='line_1_5' title="bbox 225 434 966 477; baseline 0.003 -11"><span class='ocrx_word' id='word_1_21' title='bbox 225 434 303 466; x_wconf 89' lang='lat' dir='ltr'>tium</span> <span class='ocrx_word' id='word_1_22' title='bbox 330 434 496 467; x_wconf 80' lang='lat' dir='ltr'>dumtaxat</span> <span class='ocrx_word' id='word_1_23' title='bbox 526 435 816 477; x_wconf 85' lang='lat' dir='ltr'>consequendum,</span> <span class='ocrx_word' id='word_1_24' title='bbox 850 435 966 468; x_wconf 88' lang='lat' dir='ltr'>harum</span> 
     </span>
     <span class='ocr_line' id='line_1_6' title="bbox 222 486 966 520; baseline 0.001 -1"><span class='ocrx_word' id='word_1_25' title='bbox 222 486 306 519; x_wconf 88' lang='lat' dir='ltr'>serie</span> <span class='ocrx_word' id='word_1_26' title='bbox 324 487 533 519; x_wconf 77' lang='lat' dir='ltr'>absolventes</span> <span class='ocrx_word' id='word_1_27' title='bbox 555 492 587 519; x_wconf 89' lang='lat' dir='ltr'>et</span> <span class='ocrx_word' id='word_1_28' title='bbox 603 486 786 519; x_wconf 90' lang='lat' dir='ltr'>absolutum</span> <span class='ocrx_word' id='word_1_29' title='bbox 806 487 872 519; x_wconf 77' lang='lat' dir='ltr'>fore</span> <span class='ocrx_word' id='word_1_30' title='bbox 891 498 966 520; x_wconf 87' lang='lat' dir='ltr'>ecn-</span> 
     </span>
     <span class='ocr_line' id='line_1_7' title="bbox 221 538 966 582; baseline 0.001 -11"><span class='ocrx_word' id='word_1_31' title='bbox 221 544 353 578; x_wconf 80' lang='lat' dir='ltr'><strong>sentes,</strong></span> <span class='ocrx_word' id='word_1_32' title='bbox 389 538 688 582; x_wconf 79' lang='lat' dir='ltr'>supplicationibus</span> <span class='ocrx_word' id='word_1_33' title='bbox 729 539 799 571; x_wconf 83' lang='lat' dir='ltr'>eius</span> <span class='ocrx_word' id='word_1_34' title='bbox 836 540 966 572; x_wconf 88' lang='lat' dir='ltr'>nomine</span> 
     </span>
     <span class='ocr_line' id='line_1_8' title="bbox 220 591 967 634; baseline -0.001 -10"><span class='ocrx_word' id='word_1_35' title='bbox 220 591 315 624; x_wconf 88' lang='lat' dir='ltr'>nobis</span> <span class='ocrx_word' id='word_1_36' title='bbox 339 601 437 633; x_wconf 89' lang='lat' dir='ltr'>super</span> <span class='ocrx_word' id='word_1_37' title='bbox 462 591 525 623; x_wconf 87' lang='lat' dir='ltr'>hoc</span> <span class='ocrx_word' id='word_1_38' title='bbox 544 591 712 624; x_wconf 89' lang='lat' dir='ltr'>humiliter</span> <span class='ocrx_word' id='word_1_39' title='bbox 731 592 894 634; x_wconf 79' lang='lat' dir='ltr'>porrectis</span> <span class='ocrx_word' id='word_1_40' title='bbox 919 592 967 624; x_wconf 92' lang='lat' dir='ltr'>in-</span> 
     </span>
     <span class='ocr_line' id='line_1_9' title="bbox 222 644 966 687; baseline 0.001 -11"><span class='ocrx_word' id='word_1_41' title='bbox 222 644 343 683; x_wconf 89' lang='lat' dir='ltr'>clinati,</span> <span class='ocrx_word' id='word_1_42' title='bbox 362 644 529 676; x_wconf 89' lang='lat' dir='ltr'>decretum</span> <span class='ocrx_word' id='word_1_43' title='bbox 555 645 803 687; x_wconf 87' lang='lat' dir='ltr'>praeinsertum,</span> <span class='ocrx_word' id='word_1_44' title='bbox 830 645 966 677; x_wconf 86' lang='lat' dir='ltr'>auctori-</span> 
     </span>
     <span class='ocr_line' id='line_1_10' title="bbox 223 697 967 740; baseline 0 -11"><span class='ocrx_word' id='word_1_45' title='bbox 223 702 287 729; x_wconf 84' lang='lat' dir='ltr'>tate</span> <span class='ocrx_word' id='word_1_46' title='bbox 313 697 501 740; x_wconf 73' lang='lat' dir='ltr'>apostolica,</span> <span class='ocrx_word' id='word_1_47' title='bbox 521 703 633 729; x_wconf 90' lang='lat' dir='ltr'>tenore</span> <span class='ocrx_word' id='word_1_48' title='bbox 659 697 894 739; x_wconf 84' lang='lat' dir='ltr'>praesentium,</span> <span class='ocrx_word' id='word_1_49' title='bbox 914 708 967 740; x_wconf 91' lang='lat' dir='ltr'>ap-</span> 
     </span>
     <span class='ocr_line' id='line_1_11' title="bbox 223 748 961 792; baseline 0 -10"><span class='ocrx_word' id='word_1_50' title='bbox 223 750 398 792; x_wconf 83' lang='lat' dir='ltr'>probamus</span> <span class='ocrx_word' id='word_1_51' title='bbox 425 754 458 782; x_wconf 87' lang='lat' dir='ltr'>et</span> <span class='ocrx_word' id='word_1_52' title='bbox 488 748 729 789; x_wconf 85' lang='lat' dir='ltr'>confirmamus,</span> <span class='ocrx_word' id='word_1_53' title='bbox 762 749 877 792; x_wconf 87' lang='lat' dir='ltr'>illique</span> <span class='ocrx_word' id='word_1_54' title='bbox 910 749 961 782; x_wconf 91' lang='lat' dir='ltr'>in-</span> 
     </span>
     <span class='ocr_line' id='line_1_12' title="bbox 221 801 966 845; baseline -0.003 -10"><span class='ocrx_word' id='word_1_55' title='bbox 221 803 381 835; x_wconf 84' lang='lat' dir='ltr'>violabilis</span> <span class='ocrx_word' id='word_1_56' title='bbox 419 802 618 845; x_wconf 83' lang='lat' dir='ltr'>apostolieae</span> <span class='ocrx_word' id='word_1_57' title='bbox 663 801 825 834; x_wconf 84' lang='lat' dir='ltr'>firmitatis</span> <span class='ocrx_word' id='word_1_58' title='bbox 864 803 966 835; x_wconf 84' lang='lat' dir='ltr'>robur</span> 
     </span>
     <span class='ocr_line' id='line_1_13' title="bbox 222 855 965 898; baseline 0 -10"><span class='ocrx_word' id='word_1_59' title='bbox 222 855 389 888; x_wconf 86' lang='lat' dir='ltr'>adiicimus</span> <span class='ocrx_word' id='word_1_60' title='bbox 409 867 417 895; x_wconf 93' lang='lat'>;</span> <span class='ocrx_word' id='word_1_61' title='bbox 444 856 531 887; x_wconf 74' lang='lat' dir='ltr'>salva</span> <span class='ocrx_word' id='word_1_62' title='bbox 553 860 660 887; x_wconf 88' lang='lat' dir='ltr'>tamen</span> <span class='ocrx_word' id='word_1_63' title='bbox 678 865 809 898; x_wconf 79' lang='lat' dir='ltr'>semper</span> <span class='ocrx_word' id='word_1_64' title='bbox 826 855 858 887; x_wconf 93' lang='lat' dir='ltr'>in</span> <span class='ocrx_word' id='word_1_65' title='bbox 877 866 965 898; x_wconf 90' lang='lat' dir='ltr'>prae-</span> 
     </span>
     <span class='ocr_line' id='line_1_14' title="bbox 221 906 965 950; baseline 0.001 -11"><span class='ocrx_word' id='word_1_66' title='bbox 221 907 329 940; x_wconf 86' lang='lat' dir='ltr'>missis</span> <span class='ocrx_word' id='word_1_67' title='bbox 364 907 557 940; x_wconf 85' lang='lat' dir='ltr'>auctoritate</span> <span class='ocrx_word' id='word_1_68' title='bbox 593 913 790 940; x_wconf 79' lang='lat' dir='ltr'>memoratae</span> <span class='ocrx_word' id='word_1_69' title='bbox 823 906 965 950; x_wconf 84' lang='lat' dir='ltr'>Congre-</span> 
     </span>
     <span class='ocr_line' id='line_1_15' title="bbox 221 959 609 1002; baseline -0.003 -10"><span class='ocrx_word' id='word_1_70' title='bbox 221 959 360 1002; x_wconf 84' lang='lat' dir='ltr'>gationis</span> <span class='ocrx_word' id='word_1_71' title='bbox 381 959 609 992; x_wconf 83' lang='lat' dir='ltr'>cardinalium.</span> 
     </span>
    </p>

    <p class='ocr_par' dir='ltr' id='par_1_2' title="bbox 223 1012 963 1103">
     <span class='ocr_line' id='line_1_16' title="bbox 263 1012 963 1055; baseline 0 -10"><span class='ocrx_word' id='word_1_72' title='bbox 263 1013 278 1055; x_wconf 64' lang='grc' dir='ltr'><strong>ἓ</strong></span> <span class='ocrx_word' id='word_1_73' title='bbox 302 1012 334 1046; x_wconf 82' lang='grc'>3.</span> <span class='ocrx_word' id='word_1_74' title='bbox 357 1013 588 1051; x_wconf 68' lang='lat' dir='ltr'>Decet-nentes,</span> <span class='ocrx_word' id='word_1_75' title='bbox 605 1012 692 1055; x_wconf 89' lang='lat' dir='ltr'>ipsas</span> <span class='ocrx_word' id='word_1_76' title='bbox 710 1018 902 1055; x_wconf 68' lang='lat' dir='ltr'>praesentes</span> <span class='ocrx_word' id='word_1_77' title='bbox 918 1013 963 1045; x_wconf 90' lang='lat' dir='ltr'>lit·</span> 
     </span>
     <span class='ocr_line' id='line_1_17' title="bbox 223 1064 716 1103; baseline -0.002 -6"><span class='ocrx_word' id='word_1_78' title='bbox 223 1069 307 1097; x_wconf 87' lang='lat' dir='ltr'>teras</span> <span class='ocrx_word' id='word_1_79' title='bbox 331 1064 457 1103; x_wconf 84' lang='lat' dir='ltr'>firmas,</span> <span class='ocrx_word' id='word_1_80' title='bbox 482 1064 603 1096; x_wconf 86' lang='lat' dir='ltr'>validas</span> <span class='ocrx_word' id='word_1_81' title='bbox 633 1065 716 1097; x_wconf 91' lang='lat' dir='ltr'>etc¹.</span> 
     </span>
    </p>

    <p class='ocr_par' dir='ltr' id='par_1_3' title="bbox 219 1117 964 1368">
     <span class='ocr_line' id='line_1_18' title="bbox 263 1117 964 1160; baseline 0 -11"><span class='ocrx_word' id='word_1_82' title='bbox 263 1118 278 1160; x_wconf 68' lang='grc' dir='ltr'><strong>ἓ</strong></span> <span class='ocrx_word' id='word_1_83' title='bbox 302 1117 335 1150; x_wconf 71' lang='lat'>4.</span> <span class='ocrx_word' id='word_1_84' title='bbox 369 1117 439 1149; x_wconf 90' lang='lat' dir='ltr'>Non</span> <span class='ocrx_word' id='word_1_85' title='bbox 467 1117 674 1150; x_wconf 72' lang='lat' dir='ltr'>obstantibus</span> <span class='ocrx_word' id='word_1_86' title='bbox 704 1117 902 1159; x_wconf 80' lang='lat' dir='ltr'>praemissis,</span> <span class='ocrx_word' id='word_1_87' title='bbox 928 1129 964 1149; x_wconf 85' lang='lat' dir='ltr'>ac</span> 
     </span>
     <span class='ocr_line' id='line_1_19' title="bbox 220 1169 963 1213; baseline -0.001 -11"><span class='ocrx_word' id='word_1_88' title='bbox 220 1169 509 1202; x_wconf 82' lang='lat' dir='ltr'>constitutionibus</span> <span class='ocrx_word' id='word_1_89' title='bbox 534 1176 566 1202; x_wconf 89' lang='lat' dir='ltr'>et</span> <span class='ocrx_word' id='word_1_90' title='bbox 602 1170 865 1202; x_wconf 81' lang='lat' dir='ltr'>ordinationibus</span> <span class='ocrx_word' id='word_1_91' title='bbox 891 1181 963 1213; x_wconf 85' lang='lat' dir='ltr'>apo-</span> 
     </span>
     <span class='ocr_line' id='line_1_20' title="bbox 219 1222 964 1265; baseline 0.001 -11"><span class='ocrx_word' id='word_1_92' title='bbox 219 1223 353 1262; x_wconf 86' lang='lat' dir='ltr'>stolicis,</span> <span class='ocrx_word' id='word_1_93' title='bbox 375 1232 515 1262; x_wconf 87' lang='lat' dir='ltr'>necnon,</span> <span class='ocrx_word' id='word_1_94' title='bbox 542 1228 701 1265; x_wconf 89' lang='lat' dir='ltr'>quatenus</span> <span class='ocrx_word' id='word_1_95' title='bbox 728 1233 810 1265; x_wconf 90' lang='lat' dir='ltr'>opus</span> <span class='ocrx_word' id='word_1_96' title='bbox 835 1223 884 1262; x_wconf 85' lang='lat' dir='ltr'>sit,</span> <span class='ocrx_word' id='word_1_97' title='bbox 909 1222 964 1255; x_wconf 90' lang='lat' dir='ltr'>Or-</span> 
     </span>
     <span class='ocr_line' id='line_1_21' title="bbox 220 1275 963 1318; baseline -0.001 -11"><span class='ocrx_word' id='word_1_98' title='bbox 220 1275 314 1315; x_wconf 88' lang='lat' dir='ltr'>dinis,</span> <span class='ocrx_word' id='word_1_99' title='bbox 336 1275 577 1318; x_wconf 86' lang='lat' dir='ltr'>provinciarum</span> <span class='ocrx_word' id='word_1_100' title='bbox 604 1281 635 1308; x_wconf 90' lang='lat' dir='ltr'>et</span> <span class='ocrx_word' id='word_1_101' title='bbox 659 1280 876 1308; x_wconf 85' lang='lat' dir='ltr'>conventuum</span> <span class='ocrx_word' id='word_1_102' title='bbox 904 1276 963 1308; x_wconf 88' lang='lat' dir='ltr'>hn-</span> 
     </span>
     <span class='ocr_line' id='line_1_22' title="bbox 220 1328 839 1368; baseline -0.002 -8"><span class='ocrx_word' id='word_1_103' title='bbox 220 1328 378 1368; x_wconf 88' lang='lat' dir='ltr'>iusmodi,</span> <span class='ocrx_word' id='word_1_104' title='bbox 405 1328 503 1360; x_wconf 87' lang='lat' dir='ltr'>etiam</span> <span class='ocrx_word' id='word_1_105' title='bbox 528 1328 728 1368; x_wconf 85' lang='lat' dir='ltr'>iuramento,</span> <span class='ocrx_word' id='word_1_106' title='bbox 755 1335 805 1360; x_wconf 83' lang='lat' dir='ltr'>etc</span> <span class='ocrx_word' id='word_1_107' title='bbox 817 1328 839 1360; x_wconf 70' lang='lat'>².</span> 
     </span>
    </p>

    <p class='ocr_par' dir='ltr' id='par_1_4' title="bbox 219 1380 963 1518">
     <span class='ocr_line' id='line_1_23' title="bbox 262 1380 963 1420; baseline 0.001 -8"><span class='ocrx_word' id='word_1_108' title='bbox 262 1381 377 1413; x_wconf 88' lang='lat' dir='ltr'>Datum</span> <span class='ocrx_word' id='word_1_109' title='bbox 407 1380 598 1420; x_wconf 86' lang='lat' dir='ltr'>Beneventi,</span> <span class='ocrx_word' id='word_1_110' title='bbox 629 1381 690 1413; x_wconf 84' lang='lat' dir='ltr'>sub</span> <span class='ocrx_word' id='word_1_111' title='bbox 711 1383 832 1414; x_wconf 85' lang='lat' dir='ltr'>annulo</span> <span class='ocrx_word' id='word_1_112' title='bbox 861 1382 963 1413; x_wconf 82' lang='lat' dir='ltr'>Pisca-</span> 
     </span>
     <span class='ocr_line' id='line_1_24' title="bbox 220 1433 962 1476; baseline 0.001 -11"><span class='ocrx_word' id='word_1_113' title='bbox 220 1433 312 1472; x_wconf 87' lang='lat' dir='ltr'>toris,</span> <span class='ocrx_word' id='word_1_114' title='bbox 339 1433 390 1466; x_wconf 91' lang='lat' dir='ltr'>die</span> <span class='ocrx_word' id='word_1_115' title='bbox 419 1443 455 1466; x_wconf 86' lang='lat'>111</span> <span class='ocrx_word' id='word_1_116' title='bbox 482 1433 593 1476; x_wconf 86' lang='lat' dir='ltr'>aprilis</span> <span class='ocrx_word' id='word_1_117' title='bbox 618 1443 806 1473; x_wconf 72' lang='lat' dir='ltr'>iinccxxvn,</span> <span class='ocrx_word' id='word_1_118' title='bbox 834 1434 962 1476; x_wconf 86' lang='lat' dir='ltr'>pontifi-</span> 
     </span>
     <span class='ocr_line' id='line_1_25' title="bbox 219 1485 624 1518; baseline 0 0"><span class='ocrx_word' id='word_1_119' title='bbox 219 1491 309 1518; x_wconf 86' lang='lat' dir='ltr'>catus</span> <span class='ocrx_word' id='word_1_120' title='bbox 335 1485 439 1518; x_wconf 86' lang='lat' dir='ltr'>nostri</span> <span class='ocrx_word' id='word_1_121' title='bbox 464 1495 550 1518; x_wconf 89' lang='lat' dir='ltr'>anno</span> <span class='ocrx_word' id='word_1_122' title='bbox 574 1496 624 1518; x_wconf 88' lang='lat'>111.</span> 
     </span>
    </p>

    <p class='ocr_par' dir='ltr' id='par_1_5' title="bbox 254 1546 894 1581">
     <span class='ocr_line' id='line_1_26' title="bbox 254 1546 894 1581; baseline 0 -8"><span class='ocrx_word' id='word_1_123' title='bbox 254 1546 314 1573; x_wconf 85' lang='lat' dir='ltr'>Dat.</span> <span class='ocrx_word' id='word_1_124' title='bbox 335 1547 379 1573; x_wconf 88' lang='lat' dir='ltr'>die</span> <span class='ocrx_word' id='word_1_125' title='bbox 400 1547 416 1573; x_wconf 88' lang='lat'><strong>3</strong></span> <span class='ocrx_word' id='word_1_126' title='bbox 435 1547 529 1581; x_wconf 81' lang='lat' dir='ltr'>aprilis</span> <span class='ocrx_word' id='word_1_127' title='bbox 551 1547 628 1580; x_wconf 77' lang='lat'>1727,</span> <span class='ocrx_word' id='word_1_128' title='bbox 650 1547 746 1581; x_wconf 81' lang='lat' dir='ltr'>pontif.</span> <span class='ocrx_word' id='word_1_129' title='bbox 769 1555 837 1574; x_wconf 84' lang='lat' dir='ltr'>anno</span> <span class='ocrx_word' id='word_1_130' title='bbox 858 1554 894 1573; x_wconf 89' lang='lat'>111.</span> 
     </span>
    </p>
   </div>
   <div class='ocr_carea' id='block_1_2' title="bbox 53 1020 169 1040">
    <p class='ocr_par' dir='ltr' id='par_1_6' title="bbox 53 1020 169 1040">
     <span class='ocr_line' id='line_1_27' title="bbox 53 1020 169 1040; baseline 0 -1"><span class='ocrx_word' id='word_1_131' title='bbox 53 1020 169 1040; x_wconf 64' lang='lat' dir='ltr'>Clausulam.</span> 
     </span>
    </p>
   </div>
   <div class='ocr_carea' id='block_1_3' title="bbox 24 1126 207 1173">
    <p class='ocr_par' dir='ltr' id='par_1_7' title="bbox 24 1126 207 1173">
     <span class='ocr_line' id='line_1_28' title="bbox 92 1126 207 1150; baseline 0 -4"><span class='ocrx_word' id='word_1_132' title='bbox 92 1126 207 1150; x_wconf 71' lang='lat' dir='ltr'>Derogatio</span> 
     </span>
     <span class='ocr_line' id='line_1_29' title="bbox 24 1153 187 1173; baseline 0.012 -2"><span class='ocrx_word' id='word_1_133' title='bbox 24 1153 187 1173; x_wconf 82' lang='lat' dir='ltr'>contrariorum.</span> 
     </span>
    </p>
   </div>
   <div class='ocr_carea' id='block_1_4' title="bbox 485 1612 681 1616">
    <p class='ocr_par' dir='ltr' id='par_1_8' title="bbox 485 1612 681 1616">
     <span class='ocr_line' id='line_1_30' title="bbox 485 1612 681 1616; baseline 0 0"><span class='ocrx_word' id='word_1_134' title='bbox 485 1612 681 1616; x_wconf 95' lang='lat' dir='ltr'> </span> 
     </span>
    </p>
   </div>
   <div class='ocr_carea' id='block_1_5' title="bbox 522 1689 660 1721">
    <p class='ocr_par' dir='ltr' id='par_1_9' title="bbox 522 1689 660 1721">
     <span class='ocr_line' id='line_1_31' title="bbox 522 1689 660 1721; baseline -0.007 0"><span class='ocrx_word' id='word_1_135' title='bbox 522 1689 660 1721; x_wconf 54' lang='lat' dir='ltr'>CLXXV.</span> 
     </span>
    </p>
   </div>
   <div class='ocr_carea' id='block_1_6' title="bbox 222 1767 965 2020">
    <p class='ocr_par' dir='ltr' id='par_1_10' title="bbox 222 1767 965 2020">
     <span class='ocr_line' id='line_1_32' title="bbox 222 1767 964 1811; baseline 0.001 -11"><span class='ocrx_word' id='word_1_136' title='bbox 222 1767 470 1808; x_wconf 74' lang='lat' dir='ltr'>Confirmmztur</span> <span class='ocrx_word' id='word_1_137' title='bbox 495 1768 621 1800; x_wconf 73' lang='lat' dir='ltr'>litterae</span> <span class='ocrx_word' id='word_1_138' title='bbox 643 1773 789 1811; x_wconf 75' lang='lat' dir='ltr'>patentes</span> <span class='ocrx_word' id='word_1_139' title='bbox 810 1770 964 1811; x_wconf 70' lang='lat' dir='ltr'>iitctqistri</span> 
     </span>
     <span class='ocr_line' id='line_1_33' title="bbox 260 1819 964 1864; baseline 0.004 -13"><span class='ocrx_word' id='word_1_140' title='bbox 260 1820 424 1862; x_wconf 74' lang='lat' dir='ltr'>qeneralis</span> <span class='ocrx_word' id='word_1_141' title='bbox 450 1819 585 1853; x_wconf 80' lang='lat' dir='ltr'>Ordinis</span> <span class='ocrx_word' id='word_1_142' title='bbox 599 1821 766 1853; x_wconf 75' lang='lat' dir='ltr'>Minorum</span> <span class='ocrx_word' id='word_1_143' title='bbox 791 1832 889 1864; x_wconf 80' lang='lat' dir='ltr'>super</span> <span class='ocrx_word' id='word_1_144' title='bbox 914 1823 964 1854; x_wconf 78' lang='lat' dir='ltr'>in-</span> 
     </span>
     <span class='ocr_line' id='line_1_34' title="bbox 262 1873 964 1916; baseline 0.006 -13"><span class='ocrx_word' id='word_1_145' title='bbox 262 1873 431 1904; x_wconf 72' lang='lat' dir='ltr'>stitutione</span> <span class='ocrx_word' id='word_1_146' title='bbox 465 1873 684 1905; x_wconf 78' lang='lat' dir='ltr'>alternatz&#39;vae</span> <span class='ocrx_word' id='word_1_147' title='bbox 714 1874 905 1916; x_wconf 74' lang='lat' dir='ltr'>tripartitae</span> <span class='ocrx_word' id='word_1_148' title='bbox 928 1875 964 1907; x_wconf 75' lang='lat' dir='ltr'>in</span> 
     </span>
     <span class='ocr_line' id='line_1_35' title="bbox 259 1925 965 1969; baseline 0.004 -13"><span class='ocrx_word' id='word_1_149' title='bbox 259 1925 431 1967; x_wconf 72' lang='lat' dir='ltr'>provincici</span> <span class='ocrx_word' id='word_1_150' title='bbox 463 1926 620 1958; x_wconf 70' lang='lat' dir='ltr'>Mariand</span> <span class='ocrx_word' id='word_1_151' title='bbox 656 1927 824 1959; x_wconf 68' lang='lat' dir='ltr'>Minorum</span> <span class='ocrx_word' id='word_1_152' title='bbox 858 1927 965 1969; x_wconf 79' lang='lat' dir='ltr'>Refor-</span> 
     </span>
     <span class='ocr_line' id='line_1_36' title="bbox 262 1978 729 2020; baseline 0.004 -12"><span class='ocrx_word' id='word_1_153' title='bbox 262 1981 427 2009; x_wconf 81' lang='lat' dir='ltr'>matorum</span> <span class='ocrx_word' id='word_1_154' title='bbox 453 1978 489 2009; x_wconf 76' lang='lat' dir='ltr'>in</span> <span class='ocrx_word' id='word_1_155' title='bbox 513 1978 693 2020; x_wconf 66' lang='lat' dir='ltr'>Hunyarid</span> <span class='ocrx_word' id='word_1_156' title='bbox 708 1979 729 2010; x_wconf 77' lang='lat'>³.</span> 
     </span>
    </p>
   </div>
   <div class='ocr_carea' id='block_1_7' title="bbox 361 2056 823 2127">
    <p class='ocr_par' dir='ltr' id='par_1_11' title="bbox 361 2056 823 2127">
     <span class='ocr_line' id='line_1_37' title="bbox 401 2056 785 2089; baseline 0.003 -7"><span class='ocrx_word' id='word_1_157' title='bbox 401 2056 583 2083; x_wconf 79' lang='lat' dir='ltr'>Benedictus</span> <span class='ocrx_word' id='word_1_158' title='bbox 606 2058 687 2089; x_wconf 81' lang='lat' dir='ltr'>Papa</span> <span class='ocrx_word' id='word_1_159' title='bbox 708 2057 785 2089; x_wconf 74' lang='lat' dir='ltr'>Xlll,</span> 
     </span>
     <span class='ocr_line' id='line_1_38' title="bbox 361 2099 823 2127; baseline 0.004 -2"><span class='ocrx_word' id='word_1_160' title='bbox 361 2099 398 2125; x_wconf 82' lang='lat' dir='ltr'>ad</span> <span class='ocrx_word' id='word_1_161' title='bbox 418 2099 552 2126; x_wconf 76' lang='lat' dir='ltr'>futuram</span> <span class='ocrx_word' id='word_1_162' title='bbox 571 2101 618 2126; x_wconf 86' lang='lat' dir='ltr'>rei</span> <span class='ocrx_word' id='word_1_163' title='bbox 637 2102 823 2127; x_wconf 81' lang='lat' dir='ltr'>memoriam.</span> 
     </span>
    </p>
   </div>
   <div class='ocr_carea' id='block_1_8' title="bbox 27 2173 210 2200">
    <p class='ocr_par' dir='ltr' id='par_1_12' title="bbox 27 2173 210 2200">
     <span class='ocr_line' id='line_1_39' title="bbox 27 2173 210 2200; baseline 0.005 -6"><span class='ocrx_word' id='word_1_164' title='bbox 27 2173 135 2200; x_wconf 69' lang='lat' dir='ltr'>Exposmc-</span> <span class='ocrx_word' id='word_1_165' title='bbox 153 2175 210 2195; x_wconf 58' lang='lat' dir='ltr'>tacu.</span> 
     </span>
    </p>
   </div>
   <div class='ocr_carea' id='block_1_9' title="bbox 221 2168 966 2308">
    <p class='ocr_par' dir='ltr' id='par_1_13' title="bbox 221 2168 966 2308">
     <span class='ocr_line' id='line_1_40' title="bbox 266 2168 965 2212; baseline 0.004 -12"><span class='ocrx_word' id='word_1_166' title='bbox 266 2168 281 2210; x_wconf 63' lang='grc' dir='ltr'><strong>ἓ</strong></span> <span class='ocrx_word' id='word_1_167' title='bbox 306 2168 337 2200; x_wconf 73' lang='grc'>1.</span> <span class='ocrx_word' id='word_1_168' title='bbox 356 2168 478 2211; x_wconf 84' lang='lat' dir='ltr'>Exponi</span> <span class='ocrx_word' id='word_1_169' title='bbox 497 2169 590 2202; x_wconf 85' lang='lat' dir='ltr'>nobis</span> <span class='ocrx_word' id='word_1_170' title='bbox 609 2180 715 2212; x_wconf 86' lang='lat' dir='ltr'>nuper</span> <span class='ocrx_word' id='word_1_171' title='bbox 732 2171 808 2202; x_wconf 83' lang='lat' dir='ltr'>fecit</span> <span class='ocrx_word' id='word_1_172' title='bbox 828 2171 965 2204; x_wconf 88' lang='lat' dir='ltr'>dilectus</span> 
     </span>
     <span class='ocr_line' id='line_1_41' title="bbox 221 2219 966 2264; baseline 0.007 -13"><span class='ocrx_word' id='word_1_173' title='bbox 221 2219 307 2253; x_wconf 81' lang='lat' dir='ltr'>filius</span> <span class='ocrx_word' id='word_1_174' title='bbox 332 2227 525 2263; x_wconf 87' lang='lat' dir='ltr'>procurator</span> <span class='ocrx_word' id='word_1_175' title='bbox 549 2222 715 2264; x_wconf 81' lang='lat' dir='ltr'>generalis</span> <span class='ocrx_word' id='word_1_176' title='bbox 746 2222 876 2255; x_wconf 92' lang='lat' dir='ltr'>Ordinis</span> <span class='ocrx_word' id='word_1_177' title='bbox 909 2224 966 2256; x_wconf 82' lang='lat' dir='ltr'>sra-</span> 
     </span>
     <span class='ocr_line' id='line_1_42' title="bbox 223 2273 962 2308; baseline 0.004 -3"><span class='ocrx_word' id='word_1_178' title='bbox 223 2278 308 2305; x_wconf 89' lang='lat' dir='ltr'>trum</span> <span class='ocrx_word' id='word_1_179' title='bbox 334 2273 492 2306; x_wconf 89' lang='lat' dir='ltr'>Minorum</span> <span class='ocrx_word' id='word_1_180' title='bbox 524 2273 555 2306; x_wconf 88' lang='lat' dir='ltr'>S.</span> <span class='ocrx_word' id='word_1_181' title='bbox 587 2274 751 2307; x_wconf 87' lang='lat' dir='ltr'>Francisci</span> <span class='ocrx_word' id='word_1_182' title='bbox 777 2276 815 2307; x_wconf 88' lang='lat' dir='ltr'>de</span> <span class='ocrx_word' id='word_1_183' title='bbox 841 2275 962 2308; x_wconf 88' lang='lat' dir='ltr'>Obser-</span> 
     </span>
    </p>
   </div>
   <div class='ocr_carea' id='block_1_10' title="bbox 222 2378 966 2632">
    <p class='ocr_par' dir='ltr' id='par_1_14' title="bbox 258 2378 743 2413">
     <span class='ocr_line' id='line_1_43' title="bbox 258 2378 743 2413; baseline 0.004 -9"><span class='ocrx_word' id='word_1_184' title='bbox 258 2381 268 2404; x_wconf 78' lang='lat'>¹</span> <span class='ocrx_word' id='word_1_185' title='bbox 292 2378 328 2405; x_wconf 89' lang='lat' dir='ltr'>Ut</span> <span class='ocrx_word' id='word_1_186' title='bbox 347 2386 429 2412; x_wconf 82' lang='lat' dir='ltr'>supra</span> <span class='ocrx_word' id='word_1_187' title='bbox 449 2387 510 2413; x_wconf 58' lang='lat' dir='ltr'>pau.</span> <span class='ocrx_word' id='word_1_188' title='bbox 531 2379 578 2405; x_wconf 71' lang='lat'>471</span> <span class='ocrx_word' id='word_1_189' title='bbox 603 2388 621 2405; x_wconf 88' lang='grc' dir='ltr'><em>α</em></span> <span class='ocrx_word' id='word_1_190' title='bbox 642 2381 679 2412; x_wconf 72' lang='lat' dir='ltr'>(a.</span> <span class='ocrx_word' id='word_1_191' title='bbox 696 2380 743 2411; x_wconf 82' lang='lat' dir='ltr'>T.).</span> 
     </span>
    </p>

    <p class='ocr_par' dir='ltr' id='par_1_15' title="bbox 256 2423 742 2457">
     <span class='ocr_line' id='line_1_44' title="bbox 256 2423 742 2457; baseline 0 -8"><span class='ocrx_word' id='word_1_192' title='bbox 256 2423 273 2449; x_wconf 79' lang='lat'>2</span> <span class='ocrx_word' id='word_1_193' title='bbox 294 2423 326 2450; x_wconf 81' lang='lat' dir='ltr'>Ut</span> <span class='ocrx_word' id='word_1_194' title='bbox 345 2431 427 2457; x_wconf 87' lang='lat' dir='ltr'>supra</span> <span class='ocrx_word' id='word_1_195' title='bbox 447 2431 509 2457; x_wconf 81' lang='lat' dir='ltr'>pag.</span> <span class='ocrx_word' id='word_1_196' title='bbox 531 2423 577 2449; x_wconf 75' lang='lat'>471</span> <span class='ocrx_word' id='word_1_197' title='bbox 601 2432 619 2449; x_wconf 88' lang='lat' dir='ltr'>a</span> <span class='ocrx_word' id='word_1_198' title='bbox 638 2424 677 2455; x_wconf 77' lang='lat' dir='ltr'>(n.</span> <span class='ocrx_word' id='word_1_199' title='bbox 694 2424 742 2457; x_wconf 81' lang='grc' dir='ltr'><strong>τ,).</strong></span> 
     </span>
    </p>

    <p class='ocr_par' dir='ltr' id='par_1_16' title="bbox 222 2466 966 2632">
     <span class='ocr_line' id='line_1_45' title="bbox 256 2466 966 2499; baseline 0.003 -7"><span class='ocrx_word' id='word_1_200' title='bbox 256 2467 273 2492; x_wconf 83' lang='grc'>3</span> <span class='ocrx_word' id='word_1_201' title='bbox 293 2466 445 2493; x_wconf 86' lang='lat' dir='ltr'>Innocentii</span> <span class='ocrx_word' id='word_1_202' title='bbox 466 2466 522 2492; x_wconf 84' lang='lat' dir='ltr'>Xlll</span> <span class='ocrx_word' id='word_1_203' title='bbox 544 2466 651 2493; x_wconf 87' lang='lat' dir='ltr'>constit.</span> <span class='ocrx_word' id='word_1_204' title='bbox 673 2467 738 2493; x_wconf 86' lang='lat' dir='ltr'>edit.</span> <span class='ocrx_word' id='word_1_205' title='bbox 764 2473 896 2499; x_wconf 76' lang='lat' dir='ltr'>muccxxi,</span> <span class='ocrx_word' id='word_1_206' title='bbox 921 2468 966 2494; x_wconf 86' lang='lat' dir='ltr'>die</span> 
     </span>
     <span class='ocr_line' id='line_1_46' title="bbox 224 2509 965 2543; baseline 0.004 -8"><span class='ocrx_word' id='word_1_207' title='bbox 224 2510 256 2536; x_wconf 85' lang='lat'>16</span> <span class='ocrx_word' id='word_1_208' title='bbox 276 2510 353 2541; x_wconf 90' lang='lat' dir='ltr'>iunii,</span> <span class='ocrx_word' id='word_1_209' title='bbox 374 2509 468 2543; x_wconf 81' lang='lat' dir='ltr'>pontif.</span> <span class='ocrx_word' id='word_1_210' title='bbox 490 2516 507 2542; x_wconf 88' lang='lat'>1,</span> <span class='ocrx_word' id='word_1_211' title='bbox 529 2510 723 2537; x_wconf 83' lang='lat' dir='ltr'>confirmatum</span> <span class='ocrx_word' id='word_1_212' title='bbox 752 2511 805 2537; x_wconf 86' lang='lat' dir='ltr'>fuit</span> <span class='ocrx_word' id='word_1_213' title='bbox 824 2511 965 2538; x_wconf 86' lang='lat' dir='ltr'>decretum</span> 
     </span>
     <span class='ocr_line' id='line_1_47' title="bbox 222 2552 965 2587; baseline 0.003 -8"><span class='ocrx_word' id='word_1_214' title='bbox 222 2552 448 2587; x_wconf 79' lang='lat' dir='ltr'>Congregationis</span> <span class='ocrx_word' id='word_1_215' title='bbox 468 2553 658 2587; x_wconf 84' lang='lat' dir='ltr'>episcoporum</span> <span class='ocrx_word' id='word_1_216' title='bbox 686 2553 718 2580; x_wconf 87' lang='lat' dir='ltr'>de</span> <span class='ocrx_word' id='word_1_217' title='bbox 746 2554 904 2580; x_wconf 81' lang='lat' dir='ltr'>alternativa</span> <span class='ocrx_word' id='word_1_218' title='bbox 923 2556 965 2582; x_wconf 82' lang='lat' dir='ltr'>of-</span> 
     </span>
     <span class='ocr_line' id='line_1_48' title="bbox 223 2597 964 2632; baseline 0.003 -9"><span class='ocrx_word' id='word_1_219' title='bbox 223 2597 344 2623; x_wconf 82' lang='lat' dir='ltr'>ficiorum</span> <span class='ocrx_word' id='word_1_220' title='bbox 364 2605 415 2631; x_wconf 91' lang='lat' dir='ltr'>pro</span> <span class='ocrx_word' id='word_1_221' title='bbox 436 2597 573 2631; x_wconf 74' lang='lat' dir='ltr'>provincia</span> <span class='ocrx_word' id='word_1_222' title='bbox 592 2597 617 2624; x_wconf 88' lang='lat' dir='ltr'>S.</span> <span class='ocrx_word' id='word_1_223' title='bbox 638 2598 746 2624; x_wconf 79' lang='lat' dir='ltr'>Antonii</span> <span class='ocrx_word' id='word_1_224' title='bbox 766 2598 792 2624; x_wconf 93' lang='lat' dir='ltr'>in</span> <span class='ocrx_word' id='word_1_225' title='bbox 814 2598 964 2632; x_wconf 64' lang='lat' dir='ltr'>Lusitani-:13</span> 
     </span>
    </p>
   </div>
   <div class='ocr_carea' id='block_1_11' title="bbox 813 231 1163 255">
    <p class='ocr_par' dir='ltr' id='par_1_17' title="bbox 813 231 1163 255">
     <span class='ocr_line' id='line_1_49' title="bbox 813 231 1163 255; baseline 0.003 -1"><span class='ocrx_word' id='word_1_226' title='bbox 813 231 1009 255; x_wconf 85' lang='lat' dir='ltr'><strong>BENEDICTUS</strong></span> <span class='ocrx_word' id='word_1_227' title='bbox 1034 232 1089 255; x_wconf 80' lang='lat' dir='ltr'>x111</span> <span class='ocrx_word' id='word_1_228' title='bbox 1113 233 1163 255; x_wconf 67' lang='lat'>1³1².</span> 
     </span>
    </p>
   </div>
   <div class='ocr_carea' id='block_1_12' title="bbox 983 279 992 1564">
    <p class='ocr_par' dir='ltr' id='par_1_18' title="bbox 983 279 992 1564">
     <span class='ocr_line' id='line_1_50' title="bbox 983 279 992 1564; baseline 0 0"><span class='ocrx_word' id='word_1_229' title='bbox 983 279 992 1564; x_wconf 95' lang='lat' dir='ltr'> </span> 
     </span>
    </p>
   </div>
   <div class='ocr_carea' id='block_1_13' title="bbox 1003 226 1948 2436">
    <p class='ocr_par' dir='ltr' id='par_1_19' title="bbox 1007 226 1948 1422">
     <span class='ocr_line' id='line_1_51' title="bbox 1653 226 1948 264; baseline 0.017 -5"><span class='ocrx_word' id='word_1_230' title='bbox 1653 226 1718 260; x_wconf 73' lang='grc'>517</span> <span class='ocrx_word' id='word_1_231' title='bbox 1764 240 1817 264; x_wconf 84' lang='grc' dir='ltr'>Αη.</span> <span class='ocrx_word' id='word_1_232' title='bbox 1833 238 1862 264; x_wconf 86' lang='lat' dir='ltr'>C.</span> <span class='ocrx_word' id='word_1_233' title='bbox 1881 237 1948 264; x_wconf 77' lang='lat'>¹727</span> 
     </span>
     <span class='ocr_line' id='line_1_52' title="bbox 1012 280 1753 326; baseline 0.009 -16"><span class='ocrx_word' id='word_1_234' title='bbox 1012 280 1117 312; x_wconf 78' lang='lat' dir='ltr'>vantia</span> <span class='ocrx_word' id='word_1_235' title='bbox 1163 281 1425 316; x_wconf 84' lang='lat' dir='ltr'>Reformatorum</span> <span class='ocrx_word' id='word_1_236' title='bbox 1464 289 1730 326; x_wconf 85' lang='lat' dir='ltr'>nuncupatorum</span> <span class='ocrx_word' id='word_1_237' title='bbox 1745 312 1753 322; x_wconf 92' lang='lat'>,</span> 
     </span>
     <span class='ocr_line' id='line_1_53' title="bbox 1012 334 1755 375; baseline 0.008 -10"><span class='ocrx_word' id='word_1_238' title='bbox 1012 334 1097 375; x_wconf 90' lang='lat' dir='ltr'>quod</span> <span class='ocrx_word' id='word_1_239' title='bbox 1113 360 1120 373; x_wconf 85' lang='lat'>,</span> <span class='ocrx_word' id='word_1_240' title='bbox 1147 344 1217 366; x_wconf 90' lang='lat' dir='ltr'>cum</span> <span class='ocrx_word' id='word_1_241' title='bbox 1256 335 1392 368; x_wconf 90' lang='lat' dir='ltr'>dilectus</span> <span class='ocrx_word' id='word_1_242' title='bbox 1416 336 1502 369; x_wconf 84' lang='lat' dir='ltr'>silius</span> <span class='ocrx_word' id='word_1_243' title='bbox 1532 337 1712 371; x_wconf 84' lang='lat' dir='ltr'>Matthaeus</span> <span class='ocrx_word' id='word_1_244' title='bbox 1737 349 1755 371; x_wconf 86' lang='lat' dir='ltr'>a</span> 
     </span>
     <span class='ocr_line' id='line_1_54' title="bbox 1011 386 1756 430; baseline 0.008 -13"><span class='ocrx_word' id='word_1_245' title='bbox 1011 386 1289 425; x_wconf 83' lang='lat' dir='ltr'>Pareta,minister</span> <span class='ocrx_word' id='word_1_246' title='bbox 1305 389 1468 430; x_wconf 80' lang='lat' dir='ltr'>generalis</span> <span class='ocrx_word' id='word_1_247' title='bbox 1485 389 1614 423; x_wconf 89' lang='lat' dir='ltr'>Ordinis</span> <span class='ocrx_word' id='word_1_248' title='bbox 1632 401 1756 424; x_wconf 90' lang='lat' dir='ltr'>eorum-</span> 
     </span>
     <span class='ocr_line' id='line_1_55' title="bbox 1011 438 1755 477; baseline 0.011 -8"><span class='ocrx_word' id='word_1_249' title='bbox 1011 438 1083 470; x_wconf 85' lang='lat' dir='ltr'>dem</span> <span class='ocrx_word' id='word_1_250' title='bbox 1111 439 1244 471; x_wconf 85' lang='lat' dir='ltr'>fratrum</span> <span class='ocrx_word' id='word_1_251' title='bbox 1272 440 1430 473; x_wconf 87' lang='lat' dir='ltr'>Minornm</span> <span class='ocrx_word' id='word_1_252' title='bbox 1467 443 1568 475; x_wconf 87' lang='lat' dir='ltr'>sancti</span> <span class='ocrx_word' id='word_1_253' title='bbox 1593 443 1755 477; x_wconf 87' lang='lat' dir='ltr'>Francisci</span> 
     </span>
     <span class='ocr_line' id='line_1_56' title="bbox 1011 488 1755 535; baseline 0.009 -15"><span class='ocrx_word' id='word_1_254' title='bbox 1011 488 1050 520; x_wconf 89' lang='lat' dir='ltr'>de</span> <span class='ocrx_word' id='word_1_255' title='bbox 1088 488 1296 522; x_wconf 80' lang='lat' dir='ltr'>Observantia</span> <span class='ocrx_word' id='word_1_256' title='bbox 1337 491 1433 523; x_wconf 86' lang='lat' dir='ltr'>etiam</span> <span class='ocrx_word' id='word_1_257' title='bbox 1473 498 1755 535; x_wconf 87' lang='lat' dir='ltr'>nuncupatorum,</span> 
     </span>
     <span class='ocr_line' id='line_1_57' title="bbox 1010 540 1754 587; baseline 0.011 -16"><span class='ocrx_word' id='word_1_258' title='bbox 1010 540 1295 574; x_wconf 87' lang='lat' dir='ltr'>animadvertisset</span> <span class='ocrx_word' id='word_1_259' title='bbox 1326 543 1429 576; x_wconf 81' lang='lat' dir='ltr'>officia</span> <span class='ocrx_word' id='word_1_260' title='bbox 1455 549 1488 576; x_wconf 91' lang='lat' dir='ltr'>et</span> <span class='ocrx_word' id='word_1_261' title='bbox 1512 545 1687 587; x_wconf 84' lang='lat' dir='ltr'>dignitates</span> <span class='ocrx_word' id='word_1_262' title='bbox 1720 548 1754 579; x_wconf 93' lang='lat' dir='ltr'>in</span> 
     </span>
     <span class='ocr_line' id='line_1_58' title="bbox 1009 593 1754 640; baseline 0.012 -17"><span class='ocrx_word' id='word_1_263' title='bbox 1009 593 1179 635; x_wconf 77' lang='lat' dir='ltr'>provincia</span> <span class='ocrx_word' id='word_1_264' title='bbox 1202 594 1343 627; x_wconf 74' lang='lat' dir='ltr'>Mariana</span> <span class='ocrx_word' id='word_1_265' title='bbox 1379 600 1563 639; x_wconf 81' lang='lat' dir='ltr'>nuncupata</span> <span class='ocrx_word' id='word_1_266' title='bbox 1595 599 1754 640; x_wconf 85' lang='lat' dir='ltr'>praedicti</span> 
     </span>
     <span class='ocr_line' id='line_1_59' title="bbox 1009 644 1753 693; baseline 0.011 -16"><span class='ocrx_word' id='word_1_267' title='bbox 1009 644 1138 677; x_wconf 86' lang='lat' dir='ltr'>Ordinis</span> <span class='ocrx_word' id='word_1_268' title='bbox 1174 656 1240 678; x_wconf 88' lang='lat' dir='ltr'>non</span> <span class='ocrx_word' id='word_1_269' title='bbox 1277 647 1348 679; x_wconf 91' lang='lat' dir='ltr'>sine</span> <span class='ocrx_word' id='word_1_270' title='bbox 1386 649 1522 681; x_wconf 77' lang='lat' dir='ltr'>maxima</span> <span class='ocrx_word' id='word_1_271' title='bbox 1554 651 1753 693; x_wconf 84' lang='lat' dir='ltr'>partialitate</span> 
     </span>
     <span class='ocr_line' id='line_1_60' title="bbox 1010 697 1755 738; baseline 0.011 -10"><span class='ocrx_word' id='word_1_272' title='bbox 1010 697 1171 738; x_wconf 88' lang='lat' dir='ltr'>distribui,</span> <span class='ocrx_word' id='word_1_273' title='bbox 1190 698 1269 730; x_wconf 85' lang='lat' dir='ltr'>itaut</span> <span class='ocrx_word' id='word_1_274' title='bbox 1286 699 1371 732; x_wconf 92' lang='lat' dir='ltr'>illius</span> <span class='ocrx_word' id='word_1_275' title='bbox 1390 701 1506 733; x_wconf 81' lang='lat' dir='ltr'>fratres</span> <span class='ocrx_word' id='word_1_276' title='bbox 1528 703 1659 735; x_wconf 88' lang='lat' dir='ltr'>natione</span> <span class='ocrx_word' id='word_1_277' title='bbox 1677 703 1755 736; x_wconf 90' lang='lat' dir='ltr'>Ger-</span> 
     </span>
     <span class='ocr_line' id='line_1_61' title="bbox 1009 750 1754 792; baseline 0.011 -11"><span class='ocrx_word' id='word_1_278' title='bbox 1009 750 1095 782; x_wconf 85' lang='lat' dir='ltr'>mani</span> <span class='ocrx_word' id='word_1_279' title='bbox 1122 751 1315 792; x_wconf 89' lang='lat' dir='ltr'>praesertim</span> <span class='ocrx_word' id='word_1_280' title='bbox 1351 753 1496 786; x_wconf 89' lang='lat' dir='ltr'>notabile</span> <span class='ocrx_word' id='word_1_281' title='bbox 1532 755 1608 788; x_wconf 87' lang='lat' dir='ltr'>inde</span> <span class='ocrx_word' id='word_1_282' title='bbox 1646 756 1754 789; x_wconf 90' lang='lat' dir='ltr'>detri-</span> 
     </span>
     <span class='ocr_line' id='line_1_62' title="bbox 1009 803 1754 847; baseline 0.011 -14"><span class='ocrx_word' id='word_1_283' title='bbox 1009 808 1154 834; x_wconf 87' lang='lat' dir='ltr'>mentum</span> <span class='ocrx_word' id='word_1_284' title='bbox 1181 803 1385 845; x_wconf 88' lang='lat' dir='ltr'>acciperent,</span> <span class='ocrx_word' id='word_1_285' title='bbox 1412 805 1481 847; x_wconf 87' lang='lat' dir='ltr'>ipse</span> <span class='ocrx_word' id='word_1_286' title='bbox 1498 806 1676 840; x_wconf 84' lang='lat' dir='ltr'>Matthaeus</span> <span class='ocrx_word' id='word_1_287' title='bbox 1693 809 1754 840; x_wconf 91' lang='lat' dir='ltr'>mi-</span> 
     </span>
     <span class='ocr_line' id='line_1_63' title="bbox 1008 855 1752 901; baseline 0.008 -15"><span class='ocrx_word' id='word_1_288' title='bbox 1008 855 1110 886; x_wconf 87' lang='lat' dir='ltr'>nister</span> <span class='ocrx_word' id='word_1_289' title='bbox 1128 855 1301 897; x_wconf 83' lang='lat' dir='ltr'>generalis‚</span> <span class='ocrx_word' id='word_1_290' title='bbox 1319 862 1354 888; x_wconf 90' lang='lat' dir='ltr'>ut</span> <span class='ocrx_word' id='word_1_291' title='bbox 1370 857 1446 890; x_wconf 88' lang='lat' dir='ltr'>huic</span> <span class='ocrx_word' id='word_1_292' title='bbox 1463 859 1549 891; x_wconf 87' lang='lat' dir='ltr'>malo</span> <span class='ocrx_word' id='word_1_293' title='bbox 1570 869 1752 901; x_wconf 82' lang='lat' dir='ltr'>congruum</span> 
     </span>
     <span class='ocr_line' id='line_1_64' title="bbox 1008 907 1755 952; baseline 0.009 -13"><span class='ocrx_word' id='word_1_294' title='bbox 1008 907 1184 940; x_wconf 89' lang='lat' dir='ltr'>adhiberet</span> <span class='ocrx_word' id='word_1_295' title='bbox 1207 908 1398 947; x_wconf 89' lang='lat' dir='ltr'>remedium,</span> <span class='ocrx_word' id='word_1_296' title='bbox 1418 911 1589 952; x_wconf 86' lang='lat' dir='ltr'>quamdam</span> <span class='ocrx_word' id='word_1_297' title='bbox 1614 913 1755 945; x_wconf 88' lang='lat' dir='ltr'>alterna-</span> 
     </span>
     <span class='ocr_line' id='line_1_65' title="bbox 1009 959 1753 1002; baseline 0.009 -12"><span class='ocrx_word' id='word_1_298' title='bbox 1009 960 1102 991; x_wconf 86' lang='lat' dir='ltr'>tivam</span> <span class='ocrx_word' id='word_1_299' title='bbox 1136 959 1330 1002; x_wconf 88' lang='lat' dir='ltr'>tripartitam</span> <span class='ocrx_word' id='word_1_300' title='bbox 1363 961 1447 993; x_wconf 85' lang='lat' dir='ltr'>inter</span> <span class='ocrx_word' id='word_1_301' title='bbox 1480 962 1593 995; x_wconf 78' lang='lat' dir='ltr'>fratres</span> <span class='ocrx_word' id='word_1_302' title='bbox 1619 965 1753 997; x_wconf 89' lang='lat' dir='ltr'>totidem</span> 
     </span>
     <span class='ocr_line' id='line_1_66' title="bbox 1008 1012 1754 1054; baseline 0.008 -11"><span class='ocrx_word' id='word_1_303' title='bbox 1008 1012 1405 1054; x_wconf 77' lang='lat' dir='ltr'>nationum‚Hungaricac</span> <span class='ocrx_word' id='word_1_304' title='bbox 1428 1013 1562 1054; x_wconf 82' lang='lat' dir='ltr'>scilicet,</span> <span class='ocrx_word' id='word_1_305' title='bbox 1585 1015 1754 1049; x_wconf 87' lang='lat' dir='ltr'>Germani-</span> 
     </span>
     <span class='ocr_line' id='line_1_67' title="bbox 1008 1063 1751 1109; baseline 0.007 -14"><span class='ocrx_word' id='word_1_306' title='bbox 1008 1074 1063 1096; x_wconf 87' lang='lat' dir='ltr'>cae</span> <span class='ocrx_word' id='word_1_307' title='bbox 1085 1069 1116 1096; x_wconf 90' lang='lat' dir='ltr'>et</span> <span class='ocrx_word' id='word_1_308' title='bbox 1133 1063 1332 1103; x_wconf 75' lang='lat' dir='ltr'>Slavonicae,</span> <span class='ocrx_word' id='word_1_309' title='bbox 1349 1065 1466 1107; x_wconf 88' lang='lat' dir='ltr'>quibus</span> <span class='ocrx_word' id='word_1_310' title='bbox 1485 1066 1569 1098; x_wconf 89' lang='lat' dir='ltr'>dicta</span> <span class='ocrx_word' id='word_1_311' title='bbox 1586 1068 1751 1109; x_wconf 90' lang='lat' dir='ltr'>provincia</span> 
     </span>
     <span class='ocr_line' id='line_1_68' title="bbox 1007 1116 1749 1161; baseline 0.007 -13"><span class='ocrx_word' id='word_1_312' title='bbox 1007 1116 1224 1155; x_wconf 86' lang='lat' dir='ltr'>constituitur,</span> <span class='ocrx_word' id='word_1_313' title='bbox 1251 1117 1369 1157; x_wconf 86' lang='lat' dir='ltr'>statuit,</span> <span class='ocrx_word' id='word_1_314' title='bbox 1397 1118 1523 1161; x_wconf 85' lang='lat' dir='ltr'>aliaque</span> <span class='ocrx_word' id='word_1_315' title='bbox 1549 1120 1588 1152; x_wconf 83' lang='lat' dir='ltr'>ad</span> <span class='ocrx_word' id='word_1_316' title='bbox 1614 1130 1749 1153; x_wconf 84' lang='lat' dir='ltr'>servan-</span> 
     </span>
     <span class='ocr_line' id='line_1_69' title="bbox 1009 1168 1751 1216; baseline 0.007 -15"><span class='ocrx_word' id='word_1_317' title='bbox 1009 1169 1080 1201; x_wconf 89' lang='lat' dir='ltr'>dam</span> <span class='ocrx_word' id='word_1_318' title='bbox 1105 1168 1192 1201; x_wconf 85' lang='lat' dir='ltr'>inter</span> <span class='ocrx_word' id='word_1_319' title='bbox 1209 1179 1263 1202; x_wconf 87' lang='lat' dir='ltr'>eos</span> <span class='ocrx_word' id='word_1_320' title='bbox 1281 1170 1511 1212; x_wconf 86' lang='lat' dir='ltr'>aequalitatem</span> <span class='ocrx_word' id='word_1_321' title='bbox 1530 1173 1751 1216; x_wconf 84' lang='lat' dir='ltr'>praescripsit,</span> 
     </span>
     <span class='ocr_line' id='line_1_70' title="bbox 1007 1221 1752 1267; baseline 0.007 -14"><span class='ocrx_word' id='word_1_322' title='bbox 1007 1227 1105 1264; x_wconf 89' lang='lat' dir='ltr'>prout</span> <span class='ocrx_word' id='word_1_323' title='bbox 1130 1221 1262 1254; x_wconf 84' lang='lat' dir='ltr'>uberius</span> <span class='ocrx_word' id='word_1_324' title='bbox 1288 1222 1471 1255; x_wconf 88' lang='lat' dir='ltr'>continetur</span> <span class='ocrx_word' id='word_1_325' title='bbox 1495 1224 1527 1255; x_wconf 92' lang='lat' dir='ltr'>in</span> <span class='ocrx_word' id='word_1_326' title='bbox 1554 1225 1656 1267; x_wconf 90' lang='lat' dir='ltr'>ipsius</span> <span class='ocrx_word' id='word_1_327' title='bbox 1674 1226 1752 1258; x_wconf 87' lang='lat' dir='ltr'>Mat-</span> 
     </span>
     <span class='ocr_line' id='line_1_71' title="bbox 1009 1274 1751 1319; baseline 0.007 -14"><span class='ocrx_word' id='word_1_328' title='bbox 1009 1274 1094 1306; x_wconf 80' lang='lat' dir='ltr'>tliaci</span> <span class='ocrx_word' id='word_1_329' title='bbox 1122 1274 1259 1306; x_wconf 88' lang='lat' dir='ltr'>ministri</span> <span class='ocrx_word' id='word_1_330' title='bbox 1282 1275 1444 1315; x_wconf 78' lang='lat' dir='ltr'>generalis</span> <span class='ocrx_word' id='word_1_331' title='bbox 1469 1275 1585 1308; x_wconf 86' lang='lat' dir='ltr'>litteris</span> <span class='ocrx_word' id='word_1_332' title='bbox 1612 1279 1751 1319; x_wconf 90' lang='lat' dir='ltr'>patenti-</span> 
     </span>
     <span class='ocr_line' id='line_1_72' title="bbox 1007 1325 1751 1372; baseline 0.007 -15"><span class='ocrx_word' id='word_1_333' title='bbox 1007 1325 1068 1357; x_wconf 87' lang='lat' dir='ltr'>bus</span> <span class='ocrx_word' id='word_1_334' title='bbox 1101 1326 1240 1368; x_wconf 89' lang='lat' dir='ltr'>desuper</span> <span class='ocrx_word' id='word_1_335' title='bbox 1275 1327 1431 1360; x_wconf 86' lang='lat' dir='ltr'>emanatis</span> <span class='ocrx_word' id='word_1_336' title='bbox 1465 1328 1586 1361; x_wconf 84' lang='lat' dir='ltr'>tenoris</span> <span class='ocrx_word' id='word_1_337' title='bbox 1617 1330 1670 1372; x_wconf 83' lang='lat' dir='ltr'>qui</span> <span class='ocrx_word' id='word_1_338' title='bbox 1703 1342 1751 1363; x_wconf 86' lang='lat' dir='ltr'>se-</span> 
     </span>
     <span class='ocr_line' id='line_1_73' title="bbox 1007 1379 1326 1422; baseline 0.003 -12"><span class='ocrx_word' id='word_1_339' title='bbox 1007 1379 1129 1422; x_wconf 84' lang='lat' dir='ltr'>quitur,</span> <span class='ocrx_word' id='word_1_340' title='bbox 1156 1380 1326 1412; x_wconf 85' lang='lat' dir='ltr'>videlicet:</span> 
     </span>
    </p>

    <p class='ocr_par' dir='ltr' id='par_1_20' title="bbox 1003 1431 1944 2436">
     <span class='ocr_line' id='line_1_74' title="bbox 1045 1431 1944 1475; baseline 0.007 -15"><span class='ocrx_word' id='word_1_341' title='bbox 1045 1432 1094 1461; x_wconf 80' lang='lat' dir='ltr'>Fr.</span> <span class='ocrx_word' id='word_1_342' title='bbox 1111 1431 1144 1461; x_wconf 81' lang='lat' dir='ltr'>R.</span> <span class='ocrx_word' id='word_1_343' title='bbox 1168 1432 1321 1461; x_wconf 77' lang='lat' dir='ltr'>Matthaeus</span> <span class='ocrx_word' id='word_1_344' title='bbox 1343 1443 1357 1460; x_wconf 83' lang='lat' dir='ltr'>a</span> <span class='ocrx_word' id='word_1_345' title='bbox 1381 1432 1479 1462; x_wconf 68' lang='lat' dir='ltr'>Parata</span> <span class='ocrx_word' id='word_1_346' title='bbox 1502 1434 1583 1463; x_wconf 77' lang='lat' dir='ltr'>lector</span> <span class='ocrx_word' id='word_1_347' title='bbox 1604 1435 1747 1471; x_wconf 67' lang='lat' dir='ltr'>iubilatus,</span> <span class='ocrx_word' id='word_1_348' title='bbox 1796 1448 1891 1469; x_wconf 77' lang='lat' dir='ltr'>Litterae</span> <span class='ocrx_word' id='word_1_349' title='bbox 1907 1455 1944 1475; x_wconf 69' lang='lat'>1¹2·</span> 
     </span>
     <span class='ocr_line' id='line_1_75' title="bbox 1005 1476 1944 1527; baseline 0.006 -18"><span class='ocrx_word' id='word_1_350' title='bbox 1005 1489 1147 1509; x_wconf 78' lang='lat' dir='ltr'>sacrarum</span> <span class='ocrx_word' id='word_1_351' title='bbox 1177 1480 1422 1517; x_wconf 66' lang='lat' dir='ltr'>Congreyationum</span> <span class='ocrx_word' id='word_1_352' title='bbox 1450 1482 1556 1511; x_wconf 74' lang='lat' dir='ltr'>Indicis</span> <span class='ocrx_word' id='word_1_353' title='bbox 1582 1488 1607 1511; x_wconf 84' lang='lat' dir='ltr'>et</span> <span class='ocrx_word' id='word_1_354' title='bbox 1634 1477 1828 1522; x_wconf 52' lang='lat' dir='ltr'>Ricuumgfflffi</span> <span class='ocrx_word' id='word_1_355' title='bbox 1850 1476 1944 1527; x_wconf 52' lang='grc' dir='ltr'>,ζ’ζὲῗξῖζ,</span> 
     </span>
     <span class='ocr_line' id='line_1_76' title="bbox 1004 1528 1874 1569; baseline 0.007 -13"><span class='ocrx_word' id='word_1_356' title='bbox 1004 1529 1150 1562; x_wconf 73' lang='lat' dir='ltr'>consultor,</span> <span class='ocrx_word' id='word_1_357' title='bbox 1171 1538 1316 1566; x_wconf 74' lang='lat' dir='ltr'>supremae</span> <span class='ocrx_word' id='word_1_358' title='bbox 1337 1533 1361 1557; x_wconf 84' lang='lat' dir='ltr'>et</span> <span class='ocrx_word' id='word_1_359' title='bbox 1379 1530 1543 1559; x_wconf 72' lang='lat' dir='ltr'>universatis</span> <span class='ocrx_word' id='word_1_360' title='bbox 1558 1531 1751 1569; x_wconf 64' lang='lat' dir='ltr'>Inquisitionis</span> <span class='ocrx_word' id='word_1_361' title='bbox 1761 1528 1874 1553; x_wconf 71' lang='lat' dir='ltr'>generans.</span> 
     </span>
     <span class='ocr_line' id='line_1_77' title="bbox 1004 1576 1751 1618; baseline 0.007 -13"><span class='ocrx_word' id='word_1_362' title='bbox 1004 1577 1187 1615; x_wconf 72' lang='lat' dir='ltr'>qzealt&#39;sicator,</span> <span class='ocrx_word' id='word_1_363' title='bbox 1204 1580 1228 1605; x_wconf 85' lang='lat' dir='ltr'>et</span> <span class='ocrx_word' id='word_1_364' title='bbox 1251 1577 1332 1605; x_wconf 80' lang='lat' dir='ltr'>totius</span> <span class='ocrx_word' id='word_1_365' title='bbox 1349 1576 1462 1606; x_wconf 70' lang='lat' dir='ltr'>Ordinis</span> <span class='ocrx_word' id='word_1_366' title='bbox 1483 1580 1571 1608; x_wconf 77' lang='lat' dir='ltr'>sancti</span> <span class='ocrx_word' id='word_1_367' title='bbox 1590 1581 1681 1618; x_wconf 79' lang='lat' dir='ltr'>patris</span> <span class='ocrx_word' id='word_1_368' title='bbox 1703 1591 1751 1610; x_wconf 75' lang='lat' dir='ltr'>no-</span> 
     </span>
     <span class='ocr_line' id='line_1_78' title="bbox 1003 1625 1752 1663; baseline 0.005 -9"><span class='ocrx_word' id='word_1_369' title='bbox 1003 1627 1054 1655; x_wconf 73' lang='lat' dir='ltr'>stri</span> <span class='ocrx_word' id='word_1_370' title='bbox 1076 1625 1222 1654; x_wconf 74' lang='lat' dir='ltr'>Fravcisci</span> <span class='ocrx_word' id='word_1_371' title='bbox 1242 1626 1370 1654; x_wconf 69' lang='lat' dir='ltr'>minister</span> <span class='ocrx_word' id='word_1_372' title='bbox 1389 1627 1528 1663; x_wconf 61' lang='lat' dir='ltr'>generalis</span> <span class='ocrx_word' id='word_1_373' title='bbox 1550 1632 1574 1656; x_wconf 77' lang='lat' dir='ltr'>et</span> <span class='ocrx_word' id='word_1_374' title='bbox 1592 1638 1694 1658; x_wconf 77' lang='lat' dir='ltr'>servus.</span> <span class='ocrx_word' id='word_1_375' title='bbox 1711 1647 1752 1653; x_wconf 90' lang='lat'>—-</span> 
     </span>
     <span class='ocr_line' id='line_1_79' title="bbox 1004 1673 1751 1715; baseline 0.007 -12"><span class='ocrx_word' id='word_1_376' title='bbox 1004 1674 1073 1703; x_wconf 90' lang='lat' dir='ltr'>Cum</span> <span class='ocrx_word' id='word_1_377' title='bbox 1091 1698 1098 1711; x_wconf 88' lang='lat'>,</span> <span class='ocrx_word' id='word_1_378' title='bbox 1133 1673 1210 1702; x_wconf 89' lang='lat' dir='ltr'>sicut</span> <span class='ocrx_word' id='word_1_379' title='bbox 1242 1674 1408 1712; x_wconf 86' lang='lat' dir='ltr'>accepimus</span> <span class='ocrx_word' id='word_1_380' title='bbox 1431 1684 1445 1703; x_wconf 88' lang='lat' dir='ltr'>a</span> <span class='ocrx_word' id='word_1_381' title='bbox 1474 1676 1624 1705; x_wconf 86' lang='lat' dir='ltr'>nonnullis</span> <span class='ocrx_word' id='word_1_382' title='bbox 1652 1677 1751 1715; x_wconf 85' lang='lat' dir='ltr'>probis</span> 
     </span>
     <span class='ocr_line' id='line_1_80' title="bbox 1005 1721 1749 1764; baseline 0.007 -14"><span class='ocrx_word' id='word_1_383' title='bbox 1005 1722 1119 1760; x_wconf 70' lang='lat' dir='ltr'>fideque</span> <span class='ocrx_word' id='word_1_384' title='bbox 1132 1721 1229 1759; x_wconf 75' lang='lat' dir='ltr'>dignis</span> <span class='ocrx_word' id='word_1_385' title='bbox 1245 1721 1391 1759; x_wconf 76' lang='lat' dir='ltr'>religiosis</span> <span class='ocrx_word' id='word_1_386' title='bbox 1407 1723 1573 1761; x_wconf 84' lang='lat' dir='ltr'>specialiter</span> <span class='ocrx_word' id='word_1_387' title='bbox 1586 1725 1749 1764; x_wconf 88' lang='lat' dir='ltr'>requisitis,</span> 
     </span>
     <span class='ocr_line' id='line_1_81' title="bbox 1005 1771 1752 1808; baseline 0.005 -9"><span class='ocrx_word' id='word_1_388' title='bbox 1005 1775 1104 1800; x_wconf 88' lang='lat' dir='ltr'>nostra</span> <span class='ocrx_word' id='word_1_389' title='bbox 1128 1771 1283 1799; x_wconf 83' lang='lat' dir='ltr'>reformata</span> <span class='ocrx_word' id='word_1_390' title='bbox 1308 1771 1460 1808; x_wconf 87' lang='lat' dir='ltr'>provincia</span> <span class='ocrx_word' id='word_1_391' title='bbox 1476 1771 1603 1801; x_wconf 86' lang='lat' dir='ltr'>Mariana</span> <span class='ocrx_word' id='word_1_392' title='bbox 1626 1773 1656 1802; x_wconf 90' lang='lat' dir='ltr'>in</span> <span class='ocrx_word' id='word_1_393' title='bbox 1672 1774 1752 1803; x_wconf 86' lang='lat' dir='ltr'>Hun-</span> 
     </span>
     <span class='ocr_line' id='line_1_82' title="bbox 1005 1818 1751 1858; baseline 0.007 -11"><span class='ocrx_word' id='word_1_394' title='bbox 1005 1819 1085 1857; x_wconf 76' lang='lat' dir='ltr'>garia</span> <span class='ocrx_word' id='word_1_395' title='bbox 1102 1818 1243 1857; x_wconf 87' lang='lat' dir='ltr'>plurimos</span> <span class='ocrx_word' id='word_1_396' title='bbox 1259 1823 1423 1848; x_wconf 88' lang='lat' dir='ltr'>conventus</span> <span class='ocrx_word' id='word_1_397' title='bbox 1438 1819 1548 1849; x_wconf 88' lang='lat' dir='ltr'>locatos</span> <span class='ocrx_word' id='word_1_398' title='bbox 1564 1821 1679 1858; x_wconf 85' lang='lat' dir='ltr'>habeat,</span> <span class='ocrx_word' id='word_1_399' title='bbox 1701 1822 1751 1852; x_wconf 89' lang='lat' dir='ltr'>ubi</span> 
     </span>
     <span class='ocr_line' id='line_1_83' title="bbox 1006 1866 1751 1907; baseline 0.005 -11"><span class='ocrx_word' id='word_1_400' title='bbox 1006 1867 1052 1896; x_wconf 85' lang='lat' dir='ltr'>vel</span> <span class='ocrx_word' id='word_1_401' title='bbox 1073 1867 1186 1903; x_wconf 79' lang='lat' dir='ltr'>integer</span> <span class='ocrx_word' id='word_1_402' title='bbox 1209 1866 1332 1905; x_wconf 87' lang='lat' dir='ltr'>populus</span> <span class='ocrx_word' id='word_1_403' title='bbox 1355 1870 1404 1896; x_wconf 88' lang='lat' dir='ltr'>aut</span> <span class='ocrx_word' id='word_1_404' title='bbox 1433 1876 1499 1905; x_wconf 92' lang='lat' dir='ltr'>pars</span> <span class='ocrx_word' id='word_1_405' title='bbox 1515 1868 1595 1898; x_wconf 88' lang='lat' dir='ltr'>illius</span> <span class='ocrx_word' id='word_1_406' title='bbox 1620 1869 1751 1907; x_wconf 78' lang='lat' dir='ltr'>linguam</span> 
     </span>
     <span class='ocr_line' id='line_1_84' title="bbox 1007 1914 1751 1956; baseline 0.005 -12"><span class='ocrx_word' id='word_1_407' title='bbox 1007 1916 1159 1945; x_wconf 82' lang='lat' dir='ltr'>dumtaxat</span> <span class='ocrx_word' id='word_1_408' title='bbox 1181 1914 1380 1951; x_wconf 79' lang='lat' dir='ltr'>germanicam</span> <span class='ocrx_word' id='word_1_409' title='bbox 1404 1915 1502 1953; x_wconf 86' lang='lat' dir='ltr'>callet,</span> <span class='ocrx_word' id='word_1_410' title='bbox 1520 1916 1628 1955; x_wconf 87' lang='lat' dir='ltr'>ubique</span> <span class='ocrx_word' id='word_1_411' title='bbox 1646 1917 1751 1956; x_wconf 81' lang='lat' dir='ltr'>degere</span> 
     </span>
     <span class='ocr_line' id='line_1_85' title="bbox 1007 1962 1751 2003; baseline 0.005 -11"><span class='ocrx_word' id='word_1_412' title='bbox 1007 1964 1136 1993; x_wconf 82' lang='lat' dir='ltr'>assolent</span> <span class='ocrx_word' id='word_1_413' title='bbox 1158 1962 1295 1993; x_wconf 87' lang='lat' dir='ltr'>Germani</span> <span class='ocrx_word' id='word_1_414' title='bbox 1318 1962 1541 2000; x_wconf 82' lang='lat' dir='ltr'>gubernatores,</span> <span class='ocrx_word' id='word_1_415' title='bbox 1561 1965 1669 2003; x_wconf 87' lang='lat' dir='ltr'>aliique</span> <span class='ocrx_word' id='word_1_416' title='bbox 1692 1971 1751 1996; x_wconf 88' lang='lat' dir='ltr'>tam</span> 
     </span>
     <span class='ocr_line' id='line_1_86' title="bbox 1008 2011 1749 2053; baseline 0.004 -12"><span class='ocrx_word' id='word_1_417' title='bbox 1008 2012 1200 2042; x_wconf 82' lang='lat' dir='ltr'>ecclesiastici</span> <span class='ocrx_word' id='word_1_418' title='bbox 1223 2020 1310 2050; x_wconf 85' lang='lat' dir='ltr'>quam</span> <span class='ocrx_word' id='word_1_419' title='bbox 1343 2011 1508 2041; x_wconf 85' lang='lat' dir='ltr'>saeculares</span> <span class='ocrx_word' id='word_1_420' title='bbox 1530 2012 1749 2053; x_wconf 78' lang='lat' dir='ltr'>benefactores,</span> 
     </span>
     <span class='ocr_line' id='line_1_87' title="bbox 1008 2059 1752 2101; baseline 0.005 -12"><span class='ocrx_word' id='word_1_421' title='bbox 1008 2070 1073 2089; x_wconf 85' lang='lat' dir='ltr'>cum</span> <span class='ocrx_word' id='word_1_422' title='bbox 1096 2059 1203 2099; x_wconf 91' lang='lat' dir='ltr'>quibus</span> <span class='ocrx_word' id='word_1_423' title='bbox 1226 2059 1356 2096; x_wconf 80' lang='lat' dir='ltr'>religiosi</span> <span class='ocrx_word' id='word_1_424' title='bbox 1379 2060 1551 2097; x_wconf 86' lang='lat' dir='ltr'>praesertim</span> <span class='ocrx_word' id='word_1_425' title='bbox 1584 2063 1752 2101; x_wconf 87' lang='lat' dir='ltr'>superiores</span> 
     </span>
     <span class='ocr_line' id='line_1_88' title="bbox 1007 2107 1749 2148; baseline 0.005 -11"><span class='ocrx_word' id='word_1_426' title='bbox 1007 2108 1115 2146; x_wconf 82' lang='lat' dir='ltr'>ingiter</span> <span class='ocrx_word' id='word_1_427' title='bbox 1130 2116 1216 2145; x_wconf 81' lang='lat' dir='ltr'>agere</span> <span class='ocrx_word' id='word_1_428' title='bbox 1231 2107 1338 2136; x_wconf 91' lang='lat' dir='ltr'>debent</span> <span class='ocrx_word' id='word_1_429' title='bbox 1353 2117 1360 2143; x_wconf 79' lang='lat'>3</span> <span class='ocrx_word' id='word_1_430' title='bbox 1379 2112 1532 2146; x_wconf 87' lang='lat' dir='ltr'>propterea</span> <span class='ocrx_word' id='word_1_431' title='bbox 1551 2115 1749 2148; x_wconf 87' lang='lat' dir='ltr'>opportunum</span> 
     </span>
     <span class='ocr_line' id='line_1_89' title="bbox 1008 2155 1750 2197; baseline 0.005 -12"><span class='ocrx_word' id='word_1_432' title='bbox 1008 2165 1041 2185; x_wconf 85' lang='lat' dir='ltr'>ac</span> <span class='ocrx_word' id='word_1_433' title='bbox 1073 2155 1274 2185; x_wconf 84' lang='lat' dir='ltr'>necessarium</span> <span class='ocrx_word' id='word_1_434' title='bbox 1306 2164 1422 2194; x_wconf 88' lang='lat' dir='ltr'>semper</span> <span class='ocrx_word' id='word_1_435' title='bbox 1455 2156 1640 2195; x_wconf 83' lang='lat' dir='ltr'>putavimus,</span> <span class='ocrx_word' id='word_1_436' title='bbox 1674 2159 1750 2197; x_wconf 88' lang='lat' dir='ltr'>quod</span> 
     </span>
     <span class='ocr_line' id='line_1_90' title="bbox 1008 2202 1749 2244; baseline 0.008 -13"><span class='ocrx_word' id='word_1_437' title='bbox 1008 2203 1116 2232; x_wconf 88' lang='lat' dir='ltr'>ibidem</span> <span class='ocrx_word' id='word_1_438' title='bbox 1145 2203 1180 2232; x_wconf 87' lang='lat' dir='ltr'>de</span> <span class='ocrx_word' id='word_1_439' title='bbox 1209 2202 1322 2231; x_wconf 63' lang='lat' dir='ltr'>familiai</span> <span class='ocrx_word' id='word_1_440' title='bbox 1350 2203 1372 2232; x_wconf 91' lang='lat' dir='ltr'>ii</span> <span class='ocrx_word' id='word_1_441' title='bbox 1405 2203 1534 2241; x_wconf 81' lang='lat' dir='ltr'>religiosi</span> <span class='ocrx_word' id='word_1_442' title='bbox 1557 2206 1749 2244; x_wconf 90' lang='lat' dir='ltr'>collocentur,</span> 
     </span>
     <span class='ocr_line' id='line_1_91' title="bbox 1008 2250 1751 2289; baseline 0.008 -10"><span class='ocrx_word' id='word_1_443' title='bbox 1008 2251 1058 2289; x_wconf 89' lang='lat' dir='ltr'>qui</span> <span class='ocrx_word' id='word_1_444' title='bbox 1080 2250 1248 2288; x_wconf 84' lang='lat' dir='ltr'>germanico</span> <span class='ocrx_word' id='word_1_445' title='bbox 1276 2250 1413 2280; x_wconf 82' lang='lat' dir='ltr'>idiomate</span> <span class='ocrx_word' id='word_1_446' title='bbox 1434 2251 1490 2281; x_wconf 89' lang='lat' dir='ltr'>rite</span> <span class='ocrx_word' id='word_1_447' title='bbox 1512 2253 1680 2284; x_wconf 85' lang='lat' dir='ltr'>concionari</span> <span class='ocrx_word' id='word_1_448' title='bbox 1703 2264 1751 2285; x_wconf 88' lang='lat' dir='ltr'>va-</span> 
     </span>
     <span class='ocr_line' id='line_1_92' title="bbox 1008 2299 1750 2337; baseline 0.008 -10"><span class='ocrx_word' id='word_1_449' title='bbox 1008 2299 1098 2336; x_wconf 84' lang='lat' dir='ltr'>leant,</span> <span class='ocrx_word' id='word_1_450' title='bbox 1116 2299 1263 2337; x_wconf 79' lang='lat' dir='ltr'>quodque,</span> <span class='ocrx_word' id='word_1_451' title='bbox 1278 2303 1420 2337; x_wconf 88' lang='lat' dir='ltr'>quantum</span> <span class='ocrx_word' id='word_1_452' title='bbox 1440 2300 1626 2331; x_wconf 86' lang='lat' dir='ltr'>distributiva</span> <span class='ocrx_word' id='word_1_453' title='bbox 1639 2302 1750 2333; x_wconf 88' lang='lat' dir='ltr'>iustitia</span> 
     </span>
     <span class='ocr_line' id='line_1_93' title="bbox 1008 2347 1750 2390; baseline 0.008 -15"><span class='ocrx_word' id='word_1_454' title='bbox 1008 2347 1128 2385; x_wconf 80' lang='lat' dir='ltr'>patitur,</span> <span class='ocrx_word' id='word_1_455' title='bbox 1152 2347 1320 2385; x_wconf 87' lang='lat' dir='ltr'>superiores</span> <span class='ocrx_word' id='word_1_456' title='bbox 1339 2347 1447 2376; x_wconf 89' lang='lat' dir='ltr'>locales</span> <span class='ocrx_word' id='word_1_457' title='bbox 1464 2349 1683 2386; x_wconf 82' lang='lat' dir='ltr'>praeficiantur,</span> <span class='ocrx_word' id='word_1_458' title='bbox 1701 2352 1750 2390; x_wconf 86' lang='lat' dir='ltr'>qui</span> 
     </span>
     <span class='ocr_line' id='line_1_94' title="bbox 1008 2394 1752 2436; baseline 0.009 -13"><span class='ocrx_word' id='word_1_459' title='bbox 1008 2394 1138 2423; x_wconf 86' lang='lat' dir='ltr'>eamdem</span> <span class='ocrx_word' id='word_1_460' title='bbox 1161 2395 1359 2431; x_wconf 81' lang='lat' dir='ltr'>germanicam</span> <span class='ocrx_word' id='word_1_461' title='bbox 1389 2395 1519 2433; x_wconf 83' lang='lat' dir='ltr'>linguam</span> <span class='ocrx_word' id='word_1_462' title='bbox 1552 2398 1680 2436; x_wconf 75' lang='lat' dir='ltr'>perfecte</span> <span class='ocrx_word' id='word_1_463' title='bbox 1711 2404 1752 2429; x_wconf 89' lang='lat' dir='ltr'>tc-</span> 
     </span>
    </p>
   </div>
   <div class='ocr_carea' id='block_1_14' title="bbox 1007 2468 1752 2626">
    <p class='ocr_par' dir='ltr' id='par_1_21' title="bbox 1007 2468 1752 2626">
     <span class='ocr_line' id='line_1_95' title="bbox 1008 2468 1752 2506; baseline 0.009 -13"><span class='ocrx_word' id='word_1_464' title='bbox 1008 2472 1034 2494; x_wconf 84' lang='lat' dir='ltr'>et</span> <span class='ocrx_word' id='word_1_465' title='bbox 1054 2468 1204 2494; x_wconf 87' lang='lat' dir='ltr'>Clementis</span> <span class='ocrx_word' id='word_1_466' title='bbox 1224 2468 1272 2494; x_wconf 87' lang='lat' dir='ltr'>Xll</span> <span class='ocrx_word' id='word_1_467' title='bbox 1294 2472 1380 2495; x_wconf 87' lang='lat' dir='ltr'>const.</span> <span class='ocrx_word' id='word_1_468' title='bbox 1397 2469 1462 2496; x_wconf 84' lang='lat' dir='ltr'>edit.</span> <span class='ocrx_word' id='word_1_469' title='bbox 1478 2477 1638 2506; x_wconf 81' lang='lat' dir='ltr'>mnccxxxn,</span> <span class='ocrx_word' id='word_1_470' title='bbox 1655 2473 1698 2499; x_wconf 90' lang='lat' dir='ltr'>die</span> <span class='ocrx_word' id='word_1_471' title='bbox 1720 2474 1752 2500; x_wconf 88' lang='lat'>10</span> 
     </span>
     <span class='ocr_line' id='line_1_96' title="bbox 1007 2511 1751 2547; baseline 0.008 -10"><span class='ocrx_word' id='word_1_472' title='bbox 1007 2511 1182 2546; x_wconf 86' lang='lat' dir='ltr'>septembris,</span> <span class='ocrx_word' id='word_1_473' title='bbox 1205 2512 1300 2545; x_wconf 83' lang='lat' dir='ltr'>pontif.</span> <span class='ocrx_word' id='word_1_474' title='bbox 1321 2518 1358 2543; x_wconf 86' lang='lat'>111,</span> <span class='ocrx_word' id='word_1_475' title='bbox 1383 2513 1472 2547; x_wconf 85' lang='lat' dir='ltr'>agitur</span> <span class='ocrx_word' id='word_1_476' title='bbox 1499 2514 1533 2540; x_wconf 90' lang='lat' dir='ltr'>de</span> <span class='ocrx_word' id='word_1_477' title='bbox 1561 2515 1751 2543; x_wconf 85' lang='lat' dir='ltr'>distributione</span> 
     </span>
     <span class='ocr_line' id='line_1_97' title="bbox 1007 2555 1750 2590; baseline 0.011 -10"><span class='ocrx_word' id='word_1_478' title='bbox 1007 2555 1159 2581; x_wconf 83' lang='lat' dir='ltr'>officiorum</span> <span class='ocrx_word' id='word_1_479' title='bbox 1181 2556 1336 2590; x_wconf 82' lang='lat' dir='ltr'>provinciae</span> <span class='ocrx_word' id='word_1_480' title='bbox 1351 2557 1450 2584; x_wconf 89' lang='lat' dir='ltr'>Terrae</span> <span class='ocrx_word' id='word_1_481' title='bbox 1464 2558 1577 2586; x_wconf 84' lang='lat' dir='ltr'>Laboris</span> <span class='ocrx_word' id='word_1_482' title='bbox 1594 2561 1750 2588; x_wconf 86' lang='lat' dir='ltr'>eorumdem</span> 
     </span>
     <span class='ocr_line' id='line_1_98' title="bbox 1007 2599 1132 2626; baseline 0 0"><span class='ocrx_word' id='word_1_483' title='bbox 1007 2599 1132 2626; x_wconf 80' lang='lat' dir='ltr'>fratrum.</span> 
     </span>
    </p>
   </div>
  </div>
 </body>
</html>
