2170 3147
0 194 50 222 An.
70 191 100 220 C.
117 192 185 220 1728

54 882 175 904 Facultates

0 909 112 930 nonnullae.

793 191 987 217 BENEDICTUS
1012 192 1067 216 xm
1091 192 1139 216 PP.

190 250 261 275 rum
287 250 344 274 seu
375 240 509 273 Romani
541 239 706 273 Pontificis
739 240 926 273 huiusmodi

188 304 247 337 per
263 294 342 326 alias
357 297 483 325 nostras
502 293 641 335 desuper
659 292 690 324 iu
709 292 805 324 simili
825 292 927 324 forma

188 346 297 378 Brevis
321 345 373 378 die
398 355 468 378 xx1v
495 345 614 377 mensis
638 344 831 387 septembris
855 354 927 387 pro-

187 399 270 432 xime
295 398 461 441 praeteriti
489 397 654 440 expeditas
679 397 819 437 litteras,
848 408 926 440 qua-

188 462 258 484 rum
293 457 439 485 tenorem
474 451 702 494 praesentibus
735 461 793 493 pro
830 450 925 493 plene

188 509 220 536 et
244 503 442 537 sufficienter
463 514 614 546 expresso
641 514 676 536 ac
702 503 740 535 de
766 502 864 535 verbo
887 502 925 534 ad

186 557 320 589 verbum
356 557 476 589 inserto
511 556 623 589 haberi
660 555 824 595 volumus,
852 565 927 587 con-

187 609 342 642 cessimus
361 614 392 641 et
413 608 642 647 indulsimus&
657 613 755 651 prout
773 607 867 640 ctiam
885 608 924 640 ad

187 671 297 694 causas
323 661 435 694 mixtas
463 661 634 704 dictaeque
662 666 767 693 terrae
794 659 925 692 comita-

187 719 253 746 tum
280 718 311 746 et
336 713 517 747 districtum
550 713 700 753 extendi,
728 722 762 745 ae
797 712 869 745 illas
894 717 921 744 et
946 742 947 751 ,

946 765 947 777 ’
969 765 1038 805 bus,
1064 766 1177 798 barum
1195 766 1277 799 serie
1299 767 1510 799 concedimus
1537 772 1568 800 et
1593 767 1707 810 impar-

186 767 258 800 illos
283 766 584 810 comprehendere,
612 767 725 798 harum
751 765 835 798 serie
862 770 924 798 sta-

186 820 305 852 tuimus
331 825 362 852 et
387 819 597 852 declaramus.

229 874 243 917 ἓ
265 873 297 906 lt.
325 873 423 906 Porro
450 872 601 905 eumdem
626 871 797 905 Camillum
826 871 923 914 patri-

185 927 315 960 archam
333 927 541 965 modernum,
561 935 595 958 ac
612 935 670 968 pro
690 930 835 967 tempore
859 923 924 957 esi—

185 985 325 1013 stentem
350 978 425 1012 dicti
450 977 561 1022 palatii
598 977 766 1021 apostolici
798 977 924 1020 praefe-

185 1038 284 1072 ctum,
311 1036 423 1074 utpote
447 1030 568 1063 nostris
593 1040 647 1062 scu
679 1029 814 1062 Romani
842 1028 923 1061 Pon—

186 1084 280 1117 tifieis
306 1083 461 1127 praedicti
492 1082 658 1125 obsequiis
684 1082 837 1115 continuo
871 1082 923 1114 ad-

185 1137 314 1177 dietum,
336 1137 368 1168 in
389 1135 532 1179 praefata
551 1137 637 1168 terra
655 1135 756 1169 Castri
776 1134 921 1168 Gandultt

185 1191 292 1224 eiusve
318 1189 467 1223 comitatu
486 1194 517 1222 et
533 1189 678 1222 districtu
698 1188 839 1221 residere
859 1198 922 1221 uon

184 1253 278 1287 posse
303 1242 524 1282 attendentes,
557 1252 622 1284 quo
650 1241 830 1284 praemissa
856 1242 923 1284 plc-

184 1297 257 1329 nius
283 1295 474 1338 faciliusque
510 1305 603 1327 suum
637 1294 813 1327 sortiantur
846 1294 921 1327 etl'e-

185 1355 290 1388 ctum,
321 1348 427 1382 eidem
459 1348 593 1381 Camillo
626 1347 830 1391 patriarchae
857 1357 922 1380 mo-

185 1403 286 1434 derno
305 1406 335 1434 et
352 1411 411 1444 pro
431 1406 577 1442 tempore
593 1399 742 1433 existenti
759 1400 922 1443 praefecto

185 1454 390 1494 huiusmodi,
418 1459 452 1486 ut
477 1453 570 1486 etiam
602 1453 633 1485 in
666 1454 750 1486 alma
776 1453 859 1486 Urbe
892 1459 924 1486 et

184 1508 329 1541 Romana
354 1506 448 1540 Curia
483 1506 699 1540 omnimodam
733 1506 923 1539 iurisdictio-

183 1571 258 1593 nem
298 1560 478 1603 praefatam
504 1560 535 1591 in
572 1559 717 1602 negociis
751 1565 781 1592 et
817 1559 921 1592 causis

183 1613 330 1646 civilibus
356 1618 386 1645 et
403 1611 629 1645 criminalibus
649 1623 683 1645 ac
703 1612 820 1653 mixtis,
839 1623 922 1656 quae

183 1666 222 1700 ad
247 1666 338 1700 illum
363 1665 395 1698 in
422 1667 514 1705 terra,
541 1665 693 1698 comitatu
721 1671 752 1698 et
772 1666 922 1698 districtu

182 1719 369 1764 praedictis,
396 1724 431 1751 ut
454 1718 645 1761 praefertur,
664 1724 797 1761 spectat,
816 1729 921 1761 perse

183 1772 287 1816 ipsum
313 1782 368 1804 seu
396 1771 576 1803 auditorem
609 1776 664 1803 aut
694 1772 918 1803 locumtenen-

184 1830 246 1857 tem
271 1833 364 1856 suum
389 1823 421 1855 iu
447 1823 599 1856 omuibus
624 1828 655 1855 et
679 1833 737 1866 per
757 1823 864 1855 omnia
885 1833 921 1856 ae

183 1876 216 1909 in
242 1876 352 1920 quavis
378 1876 546 1916 instantia,
581 1877 677 1909 etiam
709 1876 921 1910 restitutionis

184 1930 216 1962 in
243 1930 404 1971 integrum
434 1933 465 1961 et
497 1939 698 1968 recursuum,
724 1930 860 1972 perinde
885 1941 922 1963 ae

184 1981 208 2013 si
235 1981 267 2013 in
292 1980 448 2014 eiusmodi
477 1982 572 2020 terra,
597 1981 752 2014 comitatu
771 1987 802 2014 ct
820 1982 922 2015 distri-

185 2040 236 2068 ctu
262 2034 478 2077 personaliter
503 2033 671 2075 resideret,
690 2039 721 2067 et
742 2034 822 2067 inibi
847 2045 921 2068 cau-

184 2097 234 2120 sas
255 2086 416 2130 praefatas
439 2092 651 2127 cognosceret
670 2091 701 2119 et
723 2088 920 2128 terminaret,

184 2150 242 2172 seu
266 2139 418 2181 cognosci
438 2144 470 2172 et
488 2139 651 2172 terminari
677 2140 804 2180 faceret,
832 2151 921 2174 exer·
942 2164 944 2178 ,

184 2203 258 2226 cere
283 2192 387 2225 libere
412 2196 444 2224 et
468 2191 556 2225 licite
582 2192 681 2235 possit
699 2198 729 2226 et
749 2194 868 2233 valeat,
890 2200 921 2227 et

185 2245 352 2289 quibusvis
377 2244 535 2277 iudicibus
560 2255 763 2289 quacumque
789 2247 920 2280 auetori-
942 2271 943 2278 ,

185 2304 259 2338 tate,
285 2298 441 2341 dignitate
467 2303 499 2331 et
523 2299 781 2341 praeeminentia
818 2301 921 2333 ecele-

183 2351 308 2384 siastica
331 2351 380 2383 vel
406 2351 562 2383 saeculari
588 2351 683 2384 etiam
710 2351 741 2384 in
772 2352 838 2395 ipsa
859 2352 917 2386 Cu·
941 2361 942 2369 ¹

182 2403 229 2436 ria
264 2404 541 2447 praefulgentibus
583 2404 775 2445 inhibendi,
812 2415 851 2439 ne
888 2406 942 2438 in*

220 2485 227 2509 1
253 2483 342 2510 Verba
357 2484 544 2511 concessimus
559 2487 585 2510 et
599 2484 773 2512 indulsimus
793 2485 920 2514 addimus

182 2535 214 2555 ex
229 2527 287 2554 loeo
303 2527 430 2563 parallelo
453 2535 537 2564 supra
557 2532 642 2556 const.
664 2535 757 2564 chtt,
778 2537 838 2566 pag.
856 2531 918 2565 725,

182 2572 253 2601 linea
274 2575 281 2599 t
305 2574 346 2607 (n.
363 2573 410 2608 T.).

970 241 1088 280 causis,
1114 252 1197 284 quae
1229 241 1268 273 ad
1301 251 1390 273 suam
1416 241 1633 274 omnimodam
1659 241 1707 272 iu-

972 292 1190 325 risdietionem
1228 293 1411 326 huiusmodi
1448 293 1638 336 pertinent,
1673 304 1706 326 se

971 345 1206 385 intromittant,
1233 346 1288 378 sed
1315 346 1386 378 illas
1416 346 1452 377 ad
1480 355 1512 378 se
1542 356 1596 377 seu
1622 345 1708 377 audi-

972 403 1072 430 torem
1109 399 1157 430 vel
1198 399 1476 430 locumtenentcrn
1515 408 1628 437 suum,
1672 403 1707 430 ut

971 450 1160 492 praefertur,
1189 450 1369 489 remittant,
1396 450 1569 493 omniaque
1596 456 1627 483 et
1647 450 1707 482 sin-

971 503 1044 544 gula
1069 503 1101 534 in
1126 502 1315 545 praemissis
1341 508 1372 535 et
1390 503 1475 535 circa
1500 513 1537 535 ea
1562 513 1706 535 necessa-

973 555 1017 587 ria
1034 560 1064 588 et
1085 555 1329 598 quomodolibet.
1352 564 1535 599 opportuna
1558 556 1707 596 faciendi,

970 608 1109 648 dicendi,
1136 608 1269 650 gerendi
1298 614 1329 641 et
1354 609 1543 652 exequendi,
1579 609 1707 652 plenam

970 666 1000 692 et
1017 660 1152 693 liberam
1172 661 1356 694 facultatem
1372 667 1403 694 et
1418 662 1592 700 licentiam,
1608 667 1705 700 motu,

970 713 1104 745 seientia
1129 718 1160 745 et
1184 714 1354 756 potestatis
1387 714 1589 756 plenitudiue
1622 714 1706 757 pari-

971 818 1076 859 timur‚
1104 818 1148 850 ita
1174 824 1279 851 tamen
1306 819 1391 862 quod
1427 825 1602 862 propterea
1640 829 1706 852 non

969 871 1063 904 liceat
1087 871 1241 915 praefatis
1268 872 1401 906 Camillo
1419 873 1622 916 patriarchae
1644 883 1707 905 mo-

969 924 1070 957 derno
1095 929 1126 956 et
1151 934 1210 966 pro
1236 929 1381 967 tempore
1408 925 1559 957 existenti
1584 925 1708 967 praefe-

968 982 1028 1016 cto,
1054 987 1110 1009 seu
1136 976 1276 1009 auditori
1303 978 1349 1010 vel
1376 978 1610 1010 locumtenenti
1636 988 1704 1017 suo,

969 1029 1092 1062 ratione
1119 1030 1270 1072 gubernii
1292 1029 1447 1072 praedicti
1481 1029 1641 1062 carcerari
1668 1030 1708 1063 fa-

967 1092 1040 1115 eere
1065 1082 1095 1114 in
1123 1083 1234 1115 eadem
1261 1082 1345 1115 Urbe
1371 1082 1513 1126 aliquem
1545 1082 1641 1115 etiam
1669 1093 1705 1115 ex

969 1138 1064 1175 terra,
1086 1136 1236 1169 comitatu
1262 1142 1293 1168 et
1318 1136 1485 1176 districtu,
1511 1146 1617 1178 neque
1651 1136 1707 1168 ali-

967 1199 1062 1232 quam
1088 1189 1311 1222 executionem
1338 1189 1557 1232 personalem,
1585 1189 1706 1222 realem

968 1244 1015 1276 vel
1042 1242 1172 1275 mixtam
1197 1248 1285 1276 extra
1311 1248 1439 1282 terram,
1464 1242 1650 1275 comitatum
1674 1247 1706 1275 et

967 1296 1146 1328 districtum
1172 1295 1374 1338 praedictum
1400 1295 1520 1328 faeere.

1010 1348 1079 1392 gf».
1119 1349 1352 1389 Decerneutes‚
1395 1349 1481 1392 ipsas
1518 1354 1707 1392 praesentes

966 1402 1088 1436 litteras
1114 1403 1152 1435 de
1178 1403 1397 1445 subreptionis
1424 1404 1472 1436 vel
1499 1402 1708 1446 obreptionis

966 1456 1064 1495 vitio,
1090 1462 1143 1489 aut
1169 1455 1358 1489 intentionis
1394 1461 1526 1489 nostrae
1554 1457 1602 1489 vel
1627 1466 1708 1499 quo-

967 1520 1105 1552 cumque
1131 1508 1193 1541 alio
1219 1509 1344 1541 defectu
1363 1519 1418 1541 seu
1434 1509 1583 1542 nullitate
1602 1509 1708 1552 impu-

967 1562 1058 1605 gnari
1085 1572 1150 1595 non
1177 1572 1280 1604 posse,
1300 1562 1354 1594 sed
1382 1572 1511 1604 semper
1536 1561 1656 1594 validas
1677 1567 1709 1595 et

967 1613 1112 1646 efficaces
1144 1614 1209 1646 fore
1236 1620 1266 1646 et
1292 1624 1381 1654 esse,
1409 1614 1518 1657 sicque
1552 1614 1583 1646 in
1615 1624 1709 1657 prae-

967 1665 1072 1699 missis*
1089 1666 1238 1699 omnibus
1258 1671 1289 1698 et
1305 1666 1442 1708 singulis
1459 1676 1518 1709 per
1535 1677 1708 1709 quoscum-

967 1729 1028 1762 que
1045 1719 1168 1752 iudices
1185 1719 1368 1751 ordinarios
1384 1724 1415 1751 et
1430 1718 1596 1761 delegatos
1612 1719 1707 1752 etiam

966 1782 1134 1804 causarum
1154 1772 1264 1814 palatii
1287 1771 1456 1814 apostolici
1483 1771 1657 1811 amitteres,
1677 1778 1709 1805 et,

966 1825 1114 1858 eiusdem
1140 1824 1171 1857 S.
1192 1824 1228 1856 R.
1249 1824 1283 1856 Ε.
1312 1824 1521 1864 cardinalem,
1541 1824 1637 1857 etiam
1657 1836 1708 1858 ea-

967 1878 1151 1917 merarium,
1179 1887 1304 1910 necnon
1328 1877 1480 1910 Gamerae
1500 1878 1707 1920 Apostolicae

967 1931 1192 1975 praesidentes
1225 1930 1383 1971 clericos,
1410 1935 1441 1963 et
1467 1931 1595 1974 quosvis
1627 1931 1706 1964 alios

966 1984 1077 2028 quavis
1102 1983 1292 2016 auctoritate
1326 1983 1496 2025 fungentes
1527 1988 1559 2016 et
1584 1983 1708 2016 functu-

966 2047 1027 2075 ros,
1047 2037 1172 2069 sublata
1189 2035 1233 2068 eis
1251 2041 1283 2068 et
1306 2045 1417 2068 eorum
1436 2035 1570 2069 cuilibet
1596 2038 1707 2080 quavis

965 2090 1058 2122 aliter
1085 2088 1246 2122 iudicandi
1282 2093 1313 2121 et
1346 2089 1581 2132 interpretandi
1609 2090 1708 2123 facul-

966 2148 1029 2176 tate
1056 2148 1087 2175 et
1113 2142 1325 2181 auctoritate,
1351 2142 1484 2175 iudicari
1518 2148 1550 2175 et
1579 2142 1706 2176 definiri

965 2197 1095 2237 debere,
1111 2207 1145 2229 ac
1162 2196 1288 2228 irritum
1304 2201 1334 2228 et
1352 2195 1445 2228 inane
1462 2196 1485 2228 si
1501 2206 1594 2229 secus
1609 2207 1707 2240 super

965 2250 1015 2282 liis
1030 2261 1047 2283 a
1061 2260 1236 2292 quoquam,
1254 2250 1364 2292 quavis
1384 2250 1591 2289 anctoritate,
1608 2251 1706 2283 seien-

967 2309 1015 2336 ter
1035 2304 1084 2336 vel
1106 2304 1317 2345 ignoranter,
1340 2303 1515 2345 eontigerit
1537 2304 1703 2336 attentari.

1008 2357 1022 2400 ἓ
1047 2356 1078 2389 6.
1106 2355 1175 2388 Non
1201 2356 1406 2388 obstantibus
1431 2357 1641 2399 praemissis,
1670 2368 1706 2391 ac

964 2407 1076 2451 regula
1098 2409 1208 2441 nostra
1235 2408 1273 2440 de
1300 2408 1368 2441 iure
1394 2409 1538 2452 quaesito
1564 2420 1630 2443 non
1650 2412 1706 2444 tol·

964 2462 1082 2501 leudo,
1108 2470 1236 2493 necnon
1263 2460 1367 2493 felicis
1393 2461 1632 2495 reeordationis
1660 2463 1704 2495 Pii

963 2515 1067 2558 Papae
1094 2514 1129 2547 IV
1155 2514 1419 2557 praedecessoris
1444 2514 1542 2548 nostri
1569 2516 1607 2548 de
1634 2526 1705 2558 gra-

963 2567 1013 2600 tiis
1027 2567 1261 2611 qualecumque
1277 2567 1436 2601 interesse
1452 2567 1604 2602 Gamerae
1624 2570 1705 2612 Apo-

1604 183 1667 217 767
1713 192 1765 220 An.
1787 192 1815 220 c.
1834 193 1901 220 1728

1745 1363 1865 1384 Clausulae.

1738 2365 1900 2391 Derogatortao.
