<?xml version="1.0" encoding="UTF-8"?>
<!DOCTYPE html PUBLIC "-//W3C//DTD XHTML 1.0 Transitional//EN"
    "http://www.w3.org/TR/xhtml1/DTD/xhtml1-transitional.dtd">
<html xmlns="http://www.w3.org/1999/xhtml" xml:lang="en" lang="en">
 <head>
  <title>
</title>
<meta http-equiv="Content-Type" content="text/html;charset=utf-8" />
  <meta name='ocr-system' content='tesseract 3.04.00' />
  <meta name='ocr-capabilities' content='ocr_page ocr_carea ocr_par ocr_line ocrx_word'/>
</head>
<body>
  <div class='ocr_page' id='page_1' title='image "./bullarumdiplomat22cath_0359.png"; bbox 0 0 2170 3147; ppageno 0'>
   <div class='ocr_carea' id='block_1_1' title="bbox 4 206 169 234">
    <p class='ocr_par' dir='ltr' id='par_1_1' title="bbox 4 206 169 234">
     <span class='ocr_line' id='line_1_1' title="bbox 4 206 169 234; baseline -0.006 0"><span class='ocrx_word' id='word_1_1' title='bbox 4 215 32 234; x_wconf 83' lang='lat' dir='ltr'>n.</span> <span class='ocrx_word' id='word_1_2' title='bbox 49 206 78 233; x_wconf 89' lang='lat' dir='ltr'>C.</span> <span class='ocrx_word' id='word_1_3' title='bbox 102 206 169 234; x_wconf 72' lang='lat'><strong>¹726</strong></span> 
     </span>
    </p>
   </div>
   <div class='ocr_carea' id='block_1_2' title="bbox 760 203 954 227">
    <p class='ocr_par' dir='ltr' id='par_1_2' title="bbox 760 203 954 227">
     <span class='ocr_line' id='line_1_2' title="bbox 760 203 954 227; baseline -0.01 0"><span class='ocrx_word' id='word_1_4' title='bbox 760 204 873 227; x_wconf 56' lang='lat' dir='ltr'>timum</span> <span class='ocrx_word' id='word_1_5' title='bbox 889 203 954 226; x_wconf 52' lang='grc' dir='ltr'>,ΤΥ-ἓ</span> 
     </span>
    </p>
   </div>
   <div class='ocr_carea' id='block_1_3' title="bbox 174 251 918 1625">
    <p class='ocr_par' dir='ltr' id='par_1_3' title="bbox 174 251 918 1625">
     <span class='ocr_line' id='line_1_3' title="bbox 176 251 915 297; baseline -0.004 -11"><span class='ocrx_word' id='word_1_6' title='bbox 176 254 320 297; x_wconf 83' lang='lat' dir='ltr'>recepti,</span> <span class='ocrx_word' id='word_1_7' title='bbox 347 253 400 297; x_wconf 84' lang='lat' dir='ltr'>qui</span> <span class='ocrx_word' id='word_1_8' title='bbox 438 253 480 285; x_wconf 82' lang='lat' dir='ltr'>ob</span> <span class='ocrx_word' id='word_1_9' title='bbox 512 252 648 284; x_wconf 85' lang='lat' dir='ltr'>crimina</span> <span class='ocrx_word' id='word_1_10' title='bbox 685 251 822 285; x_wconf 76' lang='lat' dir='ltr'>durante</span> <span class='ocrx_word' id='word_1_11' title='bbox 859 253 915 283; x_wconf 79' lang='lat' dir='ltr'>sua</span> 
     </span>
     <span class='ocr_line' id='line_1_4' title="bbox 175 304 913 350; baseline -0.001 -13"><span class='ocrx_word' id='word_1_12' title='bbox 175 306 399 350; x_wconf 70' lang='lat' dir='ltr'>permanentia</span> <span class='ocrx_word' id='word_1_13' title='bbox 418 305 449 338; x_wconf 90' lang='lat' dir='ltr'>in</span> <span class='ocrx_word' id='word_1_14' title='bbox 469 304 630 337; x_wconf 87' lang='lat' dir='ltr'>eiusmodi</span> <span class='ocrx_word' id='word_1_15' title='bbox 652 304 913 347; x_wconf 78' lang='lat' dir='ltr'>Congregatione</span> 
     </span>
     <span class='ocr_line' id='line_1_5' title="bbox 175 357 914 399; baseline -0.007 -6"><span class='ocrx_word' id='word_1_16' title='bbox 175 359 346 393; x_wconf 88' lang='lat' dir='ltr'>commissa</span> <span class='ocrx_word' id='word_1_17' title='bbox 371 358 558 391; x_wconf 79' lang='lat' dir='ltr'><strong>carceribus</strong></span> <span class='ocrx_word' id='word_1_18' title='bbox 582 358 787 399; x_wconf 86' lang='lat' dir='ltr'>mancipatus</span> <span class='ocrx_word' id='word_1_19' title='bbox 809 358 858 389; x_wconf 86' lang='lat' dir='ltr'>vel</span> <span class='ocrx_word' id='word_1_20' title='bbox 874 357 914 389; x_wconf 92' lang='lat' dir='ltr'>de</span> 
     </span>
     <span class='ocr_line' id='line_1_6' title="bbox 175 408 913 455; baseline -0.005 -10"><span class='ocrx_word' id='word_1_21' title='bbox 175 413 222 446; x_wconf 86' lang='lat' dir='ltr'>eis</span> <span class='ocrx_word' id='word_1_22' title='bbox 255 411 430 455; x_wconf 90' lang='lat' dir='ltr'>inquisitus</span> <span class='ocrx_word' id='word_1_23' title='bbox 472 416 527 443; x_wconf 82' lang='lat' dir='ltr'>aut</span> <span class='ocrx_word' id='word_1_24' title='bbox 563 409 721 442; x_wconf 84' lang='lat' dir='ltr'>habituali</span> <span class='ocrx_word' id='word_1_25' title='bbox 759 408 913 451; x_wconf 82' lang='lat' dir='ltr'>gravique</span> 
     </span>
     <span class='ocr_line' id='line_1_7' title="bbox 175 460 915 506; baseline -0.008 -8"><span class='ocrx_word' id='word_1_26' title='bbox 175 464 292 498; x_wconf 89' lang='lat' dir='ltr'>mentis</span> <span class='ocrx_word' id='word_1_27' title='bbox 317 469 373 497; x_wconf 87' lang='lat' dir='ltr'>aut</span> <span class='ocrx_word' id='word_1_28' title='bbox 404 463 552 506; x_wconf 90' lang='lat' dir='ltr'>corporis</span> <span class='ocrx_word' id='word_1_29' title='bbox 592 461 779 494; x_wconf 78' lang='lat' dir='ltr'>infirmitate</span> <span class='ocrx_word' id='word_1_30' title='bbox 804 460 837 492; x_wconf 91' lang='lat' dir='ltr'>in</span> <span class='ocrx_word' id='word_1_31' title='bbox 864 462 915 492; x_wconf 77' lang='lat' dir='ltr'>ea-</span> 
     </span>
     <span class='ocr_line' id='line_1_8' title="bbox 175 516 914 559; baseline -0.011 -7"><span class='ocrx_word' id='word_1_32' title='bbox 175 519 248 552; x_wconf 86' lang='lat' dir='ltr'>dem</span> <span class='ocrx_word' id='word_1_33' title='bbox 274 516 535 559; x_wconf 83' lang='lat' dir='ltr'>Congregatione</span> <span class='ocrx_word' id='word_1_34' title='bbox 555 516 720 547; x_wconf 77' lang='lat' dir='ltr'>contracta</span> <span class='ocrx_word' id='word_1_35' title='bbox 746 518 914 556; x_wconf 90' lang='lat' dir='ltr'>correptus</span> 
     </span>
     <span class='ocr_line' id='line_1_9' title="bbox 174 566 913 614; baseline -0.007 -11"><span class='ocrx_word' id='word_1_36' title='bbox 174 570 385 614; x_wconf 74' lang='lat' dir='ltr'>reperiretur,</span> <span class='ocrx_word' id='word_1_37' title='bbox 401 579 463 613; x_wconf 88' lang='lat' dir='ltr'>quo</span> <span class='ocrx_word' id='word_1_38' title='bbox 482 579 556 601; x_wconf 86' lang='lat' dir='ltr'>casu</span> <span class='ocrx_word' id='word_1_39' title='bbox 576 567 756 600; x_wconf 74' lang='lat' dir='ltr'>istiusmodi</span> <span class='ocrx_word' id='word_1_40' title='bbox 773 566 913 605; x_wconf 86' lang='lat' dir='ltr'>fratrem,</span> 
     </span>
     <span class='ocr_line' id='line_1_10' title="bbox 176 621 913 667; baseline -0.008 -10"><span class='ocrx_word' id='word_1_41' title='bbox 176 625 235 657; x_wconf 82' lang='lat' dir='ltr'>nisi</span> <span class='ocrx_word' id='word_1_42' title='bbox 262 628 334 667; x_wconf 89' lang='lat' dir='ltr'>post</span> <span class='ocrx_word' id='word_1_43' title='bbox 359 623 482 656; x_wconf 79' lang='lat' dir='ltr'>finitam</span> <span class='ocrx_word' id='word_1_44' title='bbox 507 632 635 655; x_wconf 87' lang='lat' dir='ltr'>causam</span> <span class='ocrx_word' id='word_1_45' title='bbox 661 621 815 654; x_wconf 84' lang='lat' dir='ltr'>adversus</span> <span class='ocrx_word' id='word_1_46' title='bbox 841 630 913 652; x_wconf 89' lang='lat' dir='ltr'>eum</span> 
     </span>
     <span class='ocr_line' id='line_1_11' title="bbox 175 673 911 719; baseline -0.007 -9"><span class='ocrx_word' id='word_1_47' title='bbox 175 677 366 710; x_wconf 76' lang='lat' dir='ltr'>instructam</span> <span class='ocrx_word' id='word_1_48' title='bbox 398 686 456 719; x_wconf 88' lang='lat' dir='ltr'>per</span> <span class='ocrx_word' id='word_1_49' title='bbox 494 675 562 708; x_wconf 87' lang='lat' dir='ltr'>eius</span> <span class='ocrx_word' id='word_1_50' title='bbox 601 673 840 707; x_wconf 87' lang='lat' dir='ltr'>absolutionem</span> <span class='ocrx_word' id='word_1_51' title='bbox 878 683 911 705; x_wconf 59' lang='lat' dir='ltr'>ei·</span> 
     </span>
     <span class='ocr_line' id='line_1_12' title="bbox 175 726 915 775; baseline -0.007 -12"><span class='ocrx_word' id='word_1_52' title='bbox 175 731 281 775; x_wconf 87' lang='lat' dir='ltr'>capite</span> <span class='ocrx_word' id='word_1_53' title='bbox 307 730 535 769; x_wconf 77' lang='lat' dir='ltr'>innocentiae,</span> <span class='ocrx_word' id='word_1_54' title='bbox 562 729 612 761; x_wconf 84' lang='lat' dir='ltr'>vel</span> <span class='ocrx_word' id='word_1_55' title='bbox 638 737 763 771; x_wconf 86' lang='lat' dir='ltr'>poenae</span> <span class='ocrx_word' id='word_1_56' title='bbox 796 726 842 759; x_wconf 89' lang='lat' dir='ltr'>illi</span> <span class='ocrx_word' id='word_1_57' title='bbox 870 726 915 758; x_wconf 92' lang='lat' dir='ltr'>in-</span> 
     </span>
     <span class='ocr_line' id='line_1_13' title="bbox 175 781 916 826; baseline -0.005 -10"><span class='ocrx_word' id='word_1_58' title='bbox 175 784 303 817; x_wconf 88' lang='lat' dir='ltr'>iunctae</span> <span class='ocrx_word' id='word_1_59' title='bbox 329 783 588 826; x_wconf 76' lang='lat' dir='ltr'>implementum,</span> <span class='ocrx_word' id='word_1_60' title='bbox 610 787 662 814; x_wconf 87' lang='lat' dir='ltr'>aut</span> <span class='ocrx_word' id='word_1_61' title='bbox 678 781 847 813; x_wconf 86' lang='lat' dir='ltr'>sanitatem</span> <span class='ocrx_word' id='word_1_62' title='bbox 870 790 916 812; x_wconf 91' lang='lat' dir='ltr'>rc-</span> 
     </span>
     <span class='ocr_line' id='line_1_14' title="bbox 175 834 913 880; baseline -0.004 -11"><span class='ocrx_word' id='word_1_63' title='bbox 175 842 301 880; x_wconf 80' lang='lat' dir='ltr'>ceptam</span> <span class='ocrx_word' id='word_1_64' title='bbox 336 835 538 879; x_wconf 79' lang='lat' dir='ltr'>respective,</span> <span class='ocrx_word' id='word_1_65' title='bbox 567 834 686 867; x_wconf 88' lang='lat' dir='ltr'>remitti</span> <span class='ocrx_word' id='word_1_66' title='bbox 721 844 785 866; x_wconf 85' lang='lat' dir='ltr'>non</span> <span class='ocrx_word' id='word_1_67' title='bbox 818 843 913 876; x_wconf 80' lang='lat' dir='ltr'>posse</span> 
     </span>
     <span class='ocr_line' id='line_1_15' title="bbox 175 886 913 932; baseline -0.008 -9"><span class='ocrx_word' id='word_1_68' title='bbox 175 889 397 929; x_wconf 74' lang='lat' dir='ltr'>decrevimus3</span> <span class='ocrx_word' id='word_1_69' title='bbox 425 899 489 932; x_wconf 89' lang='lat' dir='ltr'>quo</span> <span class='ocrx_word' id='word_1_70' title='bbox 516 898 590 921; x_wconf 85' lang='lat' dir='ltr'>vero</span> <span class='ocrx_word' id='word_1_71' title='bbox 624 887 662 920; x_wconf 86' lang='lat' dir='ltr'>ad</span> <span class='ocrx_word' id='word_1_72' title='bbox 701 887 833 926; x_wconf 82' lang='lat' dir='ltr'>fratres,</span> <span class='ocrx_word' id='word_1_73' title='bbox 860 886 913 929; x_wconf 87' lang='lat' dir='ltr'>qui</span> 
     </span>
     <span class='ocr_line' id='line_1_16' title="bbox 175 939 914 985; baseline -0.005 -9"><span class='ocrx_word' id='word_1_74' title='bbox 175 943 323 976; x_wconf 83' lang='lat' dir='ltr'>habitum</span> <span class='ocrx_word' id='word_1_75' title='bbox 364 943 395 974; x_wconf 93' lang='lat' dir='ltr'>in</span> <span class='ocrx_word' id='word_1_76' title='bbox 433 942 618 985; x_wconf 78' lang='lat' dir='ltr'>supradicta</span> <span class='ocrx_word' id='word_1_77' title='bbox 655 939 914 983; x_wconf 75' lang='lat' dir='ltr'>Congregatione</span> 
     </span>
     <span class='ocr_line' id='line_1_17' title="bbox 175 992 915 1039; baseline -0.007 -10"><span class='ocrx_word' id='word_1_78' title='bbox 175 996 416 1039; x_wconf 77' lang='lat' dir='ltr'>suscepissent,</span> <span class='ocrx_word' id='word_1_79' title='bbox 443 995 580 1028; x_wconf 84' lang='lat' dir='ltr'>vicarius</span> <span class='ocrx_word' id='word_1_80' title='bbox 604 993 764 1037; x_wconf 76' lang='lat' dir='ltr'>generalis</span> <span class='ocrx_word' id='word_1_81' title='bbox 798 993 844 1026; x_wconf 82' lang='lat' dir='ltr'>eis</span> <span class='ocrx_word' id='word_1_82' title='bbox 876 992 915 1025; x_wconf 87' lang='lat' dir='ltr'>ab</span> 
     </span>
     <span class='ocr_line' id='line_1_18' title="bbox 174 1046 913 1093; baseline -0.005 -11"><span class='ocrx_word' id='word_1_83' title='bbox 174 1050 246 1093; x_wconf 76' lang='lat' dir='ltr'>ipsa</span> <span class='ocrx_word' id='word_1_84' title='bbox 281 1048 544 1092; x_wconf 79' lang='lat' dir='ltr'>Congregatione</span> <span class='ocrx_word' id='word_1_85' title='bbox 576 1047 715 1080; x_wconf 87' lang='lat' dir='ltr'>abeundi</span> <span class='ocrx_word' id='word_1_86' title='bbox 750 1046 913 1080; x_wconf 80' lang='lat' dir='ltr'>licentiam</span> 
     </span>
     <span class='ocr_line' id='line_1_19' title="bbox 175 1099 913 1145; baseline -0.004 -11"><span class='ocrx_word' id='word_1_87' title='bbox 175 1103 355 1136; x_wconf 79' lang='lat' dir='ltr'>concedere</span> <span class='ocrx_word' id='word_1_88' title='bbox 381 1102 520 1145; x_wconf 88' lang='lat' dir='ltr'>illosque</span> <span class='ocrx_word' id='word_1_89' title='bbox 546 1101 709 1134; x_wconf 80' lang='lat' dir='ltr'>dimittere</span> <span class='ocrx_word' id='word_1_90' title='bbox 744 1099 913 1143; x_wconf 83' lang='lat' dir='ltr'>nequiret,</span> 
     </span>
     <span class='ocr_line' id='line_1_20' title="bbox 175 1153 914 1199; baseline -0.005 -11"><span class='ocrx_word' id='word_1_91' title='bbox 175 1155 235 1188; x_wconf 83' lang='lat' dir='ltr'>nisi</span> <span class='ocrx_word' id='word_1_92' title='bbox 254 1155 344 1199; x_wconf 92' lang='lat' dir='ltr'>prius</span> <span class='ocrx_word' id='word_1_93' title='bbox 363 1155 401 1187; x_wconf 89' lang='lat' dir='ltr'>de</span> <span class='ocrx_word' id='word_1_94' title='bbox 416 1154 547 1187; x_wconf 89' lang='lat' dir='ltr'>invento</span> <span class='ocrx_word' id='word_1_95' title='bbox 565 1153 724 1186; x_wconf 79' lang='lat' dir='ltr'>benevolo</span> <span class='ocrx_word' id='word_1_96' title='bbox 745 1158 914 1195; x_wconf 84' lang='lat' dir='ltr'>receptore</span> 
     </span>
     <span class='ocr_line' id='line_1_21' title="bbox 174 1206 915 1251; baseline -0.004 -11"><span class='ocrx_word' id='word_1_97' title='bbox 174 1208 206 1240; x_wconf 94' lang='lat' dir='ltr'>in</span> <span class='ocrx_word' id='word_1_98' title='bbox 233 1207 341 1251; x_wconf 85' lang='lat' dir='ltr'>aliquo</span> <span class='ocrx_word' id='word_1_99' title='bbox 367 1212 530 1240; x_wconf 83' lang='lat' dir='ltr'>conventu</span> <span class='ocrx_word' id='word_1_100' title='bbox 557 1206 697 1239; x_wconf 87' lang='lat' dir='ltr'>cuiusvis</span> <span class='ocrx_word' id='word_1_101' title='bbox 728 1206 915 1249; x_wconf 84' lang='lat' dir='ltr'>provinciae</span> 
     </span>
     <span class='ocr_line' id='line_1_22' title="bbox 174 1259 915 1305; baseline -0.001 -13"><span class='ocrx_word' id='word_1_102' title='bbox 174 1260 332 1305; x_wconf 73' lang='lat' dir='ltr'>praedicti</span> <span class='ocrx_word' id='word_1_103' title='bbox 350 1260 476 1293; x_wconf 77' lang='lat' dir='ltr'>Ordinis</span> <span class='ocrx_word' id='word_1_104' title='bbox 498 1260 629 1293; x_wconf 75' lang='lat' dir='ltr'>fratrum</span> <span class='ocrx_word' id='word_1_105' title='bbox 650 1259 915 1292; x_wconf 77' lang='lat' dir='ltr'>Praedicatorum</span> 
     </span>
     <span class='ocr_line' id='line_1_23' title="bbox 175 1313 915 1357; baseline -0.003 -11"><span class='ocrx_word' id='word_1_106' title='bbox 175 1314 321 1357; x_wconf 74' lang='lat' dir='ltr'>legitime</span> <span class='ocrx_word' id='word_1_107' title='bbox 340 1313 522 1353; x_wconf 83' lang='lat' dir='ltr'>docuisset3</span> <span class='ocrx_word' id='word_1_108' title='bbox 542 1323 578 1345; x_wconf 90' lang='lat' dir='ltr'>ac</span> <span class='ocrx_word' id='word_1_109' title='bbox 598 1313 661 1346; x_wconf 87' lang='lat' dir='ltr'>boc</span> <span class='ocrx_word' id='word_1_110' title='bbox 680 1313 777 1345; x_wconf 91' lang='lat' dir='ltr'>modo</span> <span class='ocrx_word' id='word_1_111' title='bbox 797 1318 826 1344; x_wconf 84' lang='lat' dir='ltr'>et</span> <span class='ocrx_word' id='word_1_112' title='bbox 845 1323 915 1345; x_wconf 87' lang='lat' dir='ltr'>cum</span> 
     </span>
     <span class='ocr_line' id='line_1_24' title="bbox 175 1366 916 1410; baseline -0.001 -10"><span class='ocrx_word' id='word_1_113' title='bbox 175 1368 236 1401; x_wconf 81' lang='lat' dir='ltr'>isto</span> <span class='ocrx_word' id='word_1_114' title='bbox 262 1367 450 1400; x_wconf 85' lang='lat' dir='ltr'>discrimine</span> <span class='ocrx_word' id='word_1_115' title='bbox 476 1366 515 1399; x_wconf 88' lang='lat' dir='ltr'>de</span> <span class='ocrx_word' id='word_1_116' title='bbox 540 1371 650 1400; x_wconf 89' lang='lat' dir='ltr'>cetero</span> <span class='ocrx_word' id='word_1_117' title='bbox 671 1366 702 1398; x_wconf 90' lang='lat' dir='ltr'>in</span> <span class='ocrx_word' id='word_1_118' title='bbox 727 1366 916 1410; x_wconf 84' lang='lat' dir='ltr'>praemissis</span> 
     </span>
     <span class='ocr_line' id='line_1_25' title="bbox 174 1419 917 1465; baseline -0.001 -12"><span class='ocrx_word' id='word_1_119' title='bbox 174 1420 419 1465; x_wconf 76' lang='lat' dir='ltr'>procedendum</span> <span class='ocrx_word' id='word_1_120' title='bbox 437 1430 508 1453; x_wconf 84' lang='lat' dir='ltr'>esse</span> <span class='ocrx_word' id='word_1_121' title='bbox 523 1419 760 1453; x_wconf 75' lang='lat' dir='ltr'>deelaravimus</span> <span class='ocrx_word' id='word_1_122' title='bbox 776 1429 811 1451; x_wconf 88' lang='lat' dir='ltr'>ac</span> <span class='ocrx_word' id='word_1_123' title='bbox 828 1430 917 1462; x_wconf 84' lang='lat' dir='ltr'>prae-</span> 
     </span>
     <span class='ocr_line' id='line_1_26' title="bbox 175 1473 916 1518; baseline -0.001 -12"><span class='ocrx_word' id='word_1_124' title='bbox 175 1474 340 1518; x_wconf 78' lang='lat' dir='ltr'>cepimus:</span> <span class='ocrx_word' id='word_1_125' title='bbox 368 1479 400 1506; x_wconf 88' lang='lat' dir='ltr'>et</span> <span class='ocrx_word' id='word_1_126' title='bbox 425 1473 522 1513; x_wconf 77' lang='lat' dir='ltr'>alias,</span> <span class='ocrx_word' id='word_1_127' title='bbox 549 1478 646 1516; x_wconf 89' lang='lat' dir='ltr'>prout</span> <span class='ocrx_word' id='word_1_128' title='bbox 672 1473 703 1505; x_wconf 91' lang='lat' dir='ltr'>in</span> <span class='ocrx_word' id='word_1_129' title='bbox 734 1473 854 1505; x_wconf 81' lang='lat' dir='ltr'>nostris</span> <span class='ocrx_word' id='word_1_130' title='bbox 886 1473 916 1505; x_wconf 92' lang='lat' dir='ltr'>in</span> 
     </span>
     <span class='ocr_line' id='line_1_27' title="bbox 176 1526 916 1560; baseline -0.003 0"><span class='ocrx_word' id='word_1_131' title='bbox 176 1527 276 1560; x_wconf 81' lang='lat' dir='ltr'>simili</span> <span class='ocrx_word' id='word_1_132' title='bbox 319 1527 421 1560; x_wconf 70' lang='lat' dir='ltr'>forma</span> <span class='ocrx_word' id='word_1_133' title='bbox 458 1526 567 1560; x_wconf 85' lang='lat' dir='ltr'>Brevis</span> <span class='ocrx_word' id='word_1_134' title='bbox 603 1526 653 1559; x_wconf 87' lang='lat' dir='ltr'>die</span> <span class='ocrx_word' id='word_1_135' title='bbox 687 1536 704 1559; x_wconf 93' lang='lat' dir='ltr'>v</span> <span class='ocrx_word' id='word_1_136' title='bbox 730 1526 804 1559; x_wconf 85' lang='lat' dir='ltr'>maii</span> <span class='ocrx_word' id='word_1_137' title='bbox 842 1527 916 1558; x_wconf 85' lang='lat' dir='ltr'>anni</span> 
     </span>
     <span class='ocr_line' id='line_1_28' title="bbox 177 1580 918 1625; baseline 0 -11"><span class='ocrx_word' id='word_1_138' title='bbox 177 1581 324 1625; x_wconf 71' lang='lat' dir='ltr'>proxime</span> <span class='ocrx_word' id='word_1_139' title='bbox 342 1580 510 1624; x_wconf 87' lang='lat' dir='ltr'>praeteriti</span> <span class='ocrx_word' id='word_1_140' title='bbox 525 1581 684 1623; x_wconf 81' lang='lat' dir='ltr'>expeditis</span> <span class='ocrx_word' id='word_1_141' title='bbox 702 1580 818 1613; x_wconf 84' lang='lat' dir='ltr'>litteris</span> <span class='ocrx_word' id='word_1_142' title='bbox 841 1581 918 1614; x_wconf 83' lang='lat' dir='ltr'>ube-</span> 
     </span>
    </p>
   </div>
   <div class='ocr_carea' id='block_1_4' title="bbox 982 188 1894 226">
    <p class='ocr_par' dir='ltr' id='par_1_4' title="bbox 982 188 1894 226">
     <span class='ocr_line' id='line_1_29' title="bbox 982 188 1894 226; baseline -0.003 -1"><span class='ocrx_word' id='word_1_143' title='bbox 982 202 1036 226; x_wconf 56' lang='grc' dir='ltr'>4(ιιι</span> <span class='ocrx_word' id='word_1_144' title='bbox 1063 203 1110 225; x_wconf 81' lang='lat' dir='ltr'>rr.</span> <span class='ocrx_word' id='word_1_145' title='bbox 1595 188 1658 220; x_wconf 61' lang='lat' dir='ltr'>ata</span> <span class='ocrx_word' id='word_1_146' title='bbox 1707 199 1753 222; x_wconf 59' lang='lat' dir='ltr'>Au.</span> <span class='ocrx_word' id='word_1_147' title='bbox 1774 196 1801 221; x_wconf 78' lang='lat' dir='ltr'>e.</span> <span class='ocrx_word' id='word_1_148' title='bbox 1828 195 1894 222; x_wconf 72' lang='lat' dir='ltr'>172ss</span> 
     </span>
    </p>
   </div>
   <div class='ocr_carea' id='block_1_5' title="bbox 958 247 1896 1618">
    <p class='ocr_par' dir='ltr' id='par_1_5' title="bbox 958 247 1701 608">
     <span class='ocr_line' id='line_1_30' title="bbox 958 247 1698 292; baseline -0.007 -10"><span class='ocrx_word' id='word_1_149' title='bbox 958 250 1050 283; x_wconf 88' lang='lat' dir='ltr'>binas</span> <span class='ocrx_word' id='word_1_150' title='bbox 1065 249 1345 292; x_wconf 78' lang='lat' dir='ltr'>Congregationcs</span> <span class='ocrx_word' id='word_1_151' title='bbox 1364 258 1400 280; x_wconf 87' lang='lat' dir='ltr'>ac</span> <span class='ocrx_word' id='word_1_152' title='bbox 1414 247 1595 292; x_wconf 84' lang='lat' dir='ltr'>provincias</span> <span class='ocrx_word' id='word_1_153' title='bbox 1608 256 1698 290; x_wconf 81' lang='lat' dir='ltr'>prac-</span> 
     </span>
     <span class='ocr_line' id='line_1_31' title="bbox 958 300 1699 342; baseline -0.007 -7"><span class='ocrx_word' id='word_1_154' title='bbox 958 302 1058 335; x_wconf 83' lang='lat' dir='ltr'>dictas</span> <span class='ocrx_word' id='word_1_155' title='bbox 1083 302 1212 335; x_wconf 77' lang='lat' dir='ltr'>extendi</span> <span class='ocrx_word' id='word_1_156' title='bbox 1252 312 1288 335; x_wconf 88' lang='lat' dir='ltr'>ac</span> <span class='ocrx_word' id='word_1_157' title='bbox 1314 301 1344 333; x_wconf 89' lang='lat' dir='ltr'>in</span> <span class='ocrx_word' id='word_1_158' title='bbox 1370 301 1416 333; x_wconf 87' lang='lat' dir='ltr'>eis</span> <span class='ocrx_word' id='word_1_159' title='bbox 1446 300 1599 342; x_wconf 73' lang='lat' dir='ltr'>deinceps</span> <span class='ocrx_word' id='word_1_160' title='bbox 1631 309 1699 331; x_wconf 86' lang='lat' dir='ltr'>scr-</span> 
     </span>
     <span class='ocr_line' id='line_1_32' title="bbox 958 354 1700 398; baseline -0.003 -12"><span class='ocrx_word' id='word_1_161' title='bbox 958 355 1025 387; x_wconf 85' lang='lat' dir='ltr'>rari</span> <span class='ocrx_word' id='word_1_162' title='bbox 1053 355 1230 398; x_wconf 86' lang='lat' dir='ltr'>plurimum</span> <span class='ocrx_word' id='word_1_163' title='bbox 1257 355 1437 388; x_wconf 79' lang='lat' dir='ltr'>desideret:</span> <span class='ocrx_word' id='word_1_164' title='bbox 1458 354 1552 387; x_wconf 87' lang='lat' dir='ltr'>nobis</span> <span class='ocrx_word' id='word_1_165' title='bbox 1569 358 1700 396; x_wconf 86' lang='lat' dir='ltr'>propte-</span> 
     </span>
     <span class='ocr_line' id='line_1_33' title="bbox 959 405 1698 451; baseline -0.005 -11"><span class='ocrx_word' id='word_1_166' title='bbox 959 418 1014 440; x_wconf 90' lang='lat' dir='ltr'>rea</span> <span class='ocrx_word' id='word_1_167' title='bbox 1055 408 1223 441; x_wconf 87' lang='lat' dir='ltr'>humiliter</span> <span class='ocrx_word' id='word_1_168' title='bbox 1262 407 1437 451; x_wconf 89' lang='lat' dir='ltr'>supplicari</span> <span class='ocrx_word' id='word_1_169' title='bbox 1478 406 1553 439; x_wconf 84' lang='lat' dir='ltr'>fecit</span> <span class='ocrx_word' id='word_1_170' title='bbox 1591 412 1627 438; x_wconf 90' lang='lat' dir='ltr'>ut</span> <span class='ocrx_word' id='word_1_171' title='bbox 1667 405 1698 437; x_wconf 91' lang='lat' dir='ltr'>in</span> 
     </span>
     <span class='ocr_line' id='line_1_34' title="bbox 959 460 1701 503; baseline -0.004 -11"><span class='ocrx_word' id='word_1_172' title='bbox 959 460 1143 502; x_wconf 76' lang='lat' dir='ltr'>praemissis</span> <span class='ocrx_word' id='word_1_173' title='bbox 1183 466 1368 503; x_wconf 84' lang='lat' dir='ltr'>opportune</span> <span class='ocrx_word' id='word_1_174' title='bbox 1404 460 1575 503; x_wconf 90' lang='lat' dir='ltr'>providere</span> <span class='ocrx_word' id='word_1_175' title='bbox 1611 463 1642 490; x_wconf 92' lang='lat' dir='ltr'>et</span> <span class='ocrx_word' id='word_1_176' title='bbox 1666 463 1701 489; x_wconf 90' lang='lat' dir='ltr'>ut</span> 
     </span>
     <span class='ocr_line' id='line_1_35' title="bbox 958 512 1700 556; baseline 0 -12"><span class='ocrx_word' id='word_1_177' title='bbox 958 513 1041 545; x_wconf 87' lang='lat' dir='ltr'>infra</span> <span class='ocrx_word' id='word_1_178' title='bbox 1066 512 1237 555; x_wconf 82' lang='lat' dir='ltr'>indulgere</span> <span class='ocrx_word' id='word_1_179' title='bbox 1263 513 1302 545; x_wconf 92' lang='lat' dir='ltr'>de</span> <span class='ocrx_word' id='word_1_180' title='bbox 1334 513 1536 556; x_wconf 77' lang='lat' dir='ltr'>benignitate</span> <span class='ocrx_word' id='word_1_181' title='bbox 1568 516 1700 555; x_wconf 87' lang='lat' dir='ltr'>aposto-</span> 
     </span>
     <span class='ocr_line' id='line_1_36' title="bbox 959 565 1268 608; baseline -0.003 -9"><span class='ocrx_word' id='word_1_182' title='bbox 959 565 1019 599; x_wconf 77' lang='lat' dir='ltr'>lica</span> <span class='ocrx_word' id='word_1_183' title='bbox 1045 566 1268 608; x_wconf 76' lang='lat' dir='ltr'>dignaremur.</span> 
     </span>
    </p>

    <p class='ocr_par' dir='ltr' id='par_1_6' title="bbox 959 619 1896 1618">
     <span class='ocr_line' id='line_1_37' title="bbox 1003 619 1896 674; baseline -0.006 -22"><span class='ocrx_word' id='word_1_184' title='bbox 1003 619 1017 662; x_wconf 65' lang='grc' dir='ltr'>ξ</span> <span class='ocrx_word' id='word_1_185' title='bbox 1041 619 1072 652; x_wconf 83' lang='lat'>3.</span> <span class='ocrx_word' id='word_1_186' title='bbox 1100 619 1163 652; x_wconf 88' lang='lat' dir='ltr'>Nos</span> <span class='ocrx_word' id='word_1_187' title='bbox 1199 619 1320 662; x_wconf 81' lang='lat' dir='ltr'>igitur,</span> <span class='ocrx_word' id='word_1_188' title='bbox 1354 621 1458 663; x_wconf 88' lang='lat' dir='ltr'>ipsum</span> <span class='ocrx_word' id='word_1_189' title='bbox 1496 620 1896 674; x_wconf 52' lang='lat' dir='ltr'>DominicumsAnauni-uuu-</span> 
     </span>
     <span class='ocr_line' id='line_1_38' title="bbox 960 660 1752 715; baseline -0.001 -12"><span class='ocrx_word' id='word_1_190' title='bbox 960 671 1156 714; x_wconf 79' lang='lat' dir='ltr'>specialibus</span> <span class='ocrx_word' id='word_1_191' title='bbox 1179 672 1340 704; x_wconf 77' lang='lat' dir='ltr'>favoribus</span> <span class='ocrx_word' id='word_1_192' title='bbox 1359 677 1390 704; x_wconf 86' lang='lat' dir='ltr'>et</span> <span class='ocrx_word' id='word_1_193' title='bbox 1407 672 1518 715; x_wconf 82' lang='lat' dir='ltr'>gratiis</span> <span class='ocrx_word' id='word_1_194' title='bbox 1544 672 1699 715; x_wconf 89' lang='lat' dir='ltr'>prosequi</span> <span class='ocrx_word' id='word_1_195' title='bbox 1721 660 1752 675; x_wconf 75' lang='lat' dir='ltr'>ex.</span> 
     </span>
     <span class='ocr_line' id='line_1_39' title="bbox 959 724 1703 767; baseline 0.001 -12"><span class='ocrx_word' id='word_1_196' title='bbox 959 725 1121 763; x_wconf 81' lang='lat' dir='ltr'>volentes,</span> <span class='ocrx_word' id='word_1_197' title='bbox 1144 730 1175 756; x_wconf 87' lang='lat' dir='ltr'>et</span> <span class='ocrx_word' id='word_1_198' title='bbox 1201 736 1217 756; x_wconf 88' lang='lat' dir='ltr'>a</span> <span class='ocrx_word' id='word_1_199' title='bbox 1244 725 1412 767; x_wconf 81' lang='lat' dir='ltr'>quibusvis</span> <span class='ocrx_word' id='word_1_200' title='bbox 1446 724 1703 757; x_wconf 78' lang='lat' dir='ltr'>excommunica-</span> 
     </span>
     <span class='ocr_line' id='line_1_40' title="bbox 959 777 1701 821; baseline 0 -11"><span class='ocrx_word' id='word_1_201' title='bbox 959 777 1068 819; x_wconf 73' lang='lat' dir='ltr'>tionis,</span> <span class='ocrx_word' id='word_1_202' title='bbox 1086 778 1314 821; x_wconf 75' lang='lat' dir='ltr'>suspensionis</span> <span class='ocrx_word' id='word_1_203' title='bbox 1336 784 1367 810; x_wconf 89' lang='lat' dir='ltr'>et</span> <span class='ocrx_word' id='word_1_204' title='bbox 1388 778 1563 818; x_wconf 83' lang='lat' dir='ltr'>interdicti,</span> <span class='ocrx_word' id='word_1_205' title='bbox 1590 778 1701 810; x_wconf 84' lang='lat' dir='ltr'>aliisve</span> 
     </span>
     <span class='ocr_line' id='line_1_41' title="bbox 960 831 1702 875; baseline -0.001 -11"><span class='ocrx_word' id='word_1_206' title='bbox 960 831 1192 864; x_wconf 84' lang='lat' dir='ltr'>ecclesiasticis</span> <span class='ocrx_word' id='word_1_207' title='bbox 1205 831 1378 864; x_wconf 85' lang='lat' dir='ltr'>sententiis</span> <span class='ocrx_word' id='word_1_208' title='bbox 1405 831 1554 864; x_wconf 83' lang='lat' dir='ltr'>censuris</span> <span class='ocrx_word' id='word_1_209' title='bbox 1577 836 1607 863; x_wconf 88' lang='lat' dir='ltr'>et</span> <span class='ocrx_word' id='word_1_210' title='bbox 1625 841 1702 875; x_wconf 85' lang='lat' dir='ltr'>poe-</span> 
     </span>
     <span class='ocr_line' id='line_1_42' title="bbox 959 886 1701 930; baseline -0.001 -11"><span class='ocrx_word' id='word_1_211' title='bbox 959 886 1019 928; x_wconf 88' lang='lat' dir='ltr'>nis,</span> <span class='ocrx_word' id='word_1_212' title='bbox 1038 897 1054 919; x_wconf 88' lang='lat' dir='ltr'>a</span> <span class='ocrx_word' id='word_1_213' title='bbox 1072 887 1140 920; x_wconf 91' lang='lat' dir='ltr'>iure</span> <span class='ocrx_word' id='word_1_214' title='bbox 1162 887 1209 919; x_wconf 86' lang='lat' dir='ltr'>vel</span> <span class='ocrx_word' id='word_1_215' title='bbox 1235 886 1274 919; x_wconf 86' lang='lat' dir='ltr'>ab</span> <span class='ocrx_word' id='word_1_216' title='bbox 1301 887 1449 927; x_wconf 85' lang='lat' dir='ltr'>bomine,</span> <span class='ocrx_word' id='word_1_217' title='bbox 1470 886 1582 930; x_wconf 87' lang='lat' dir='ltr'>quavis</span> <span class='ocrx_word' id='word_1_218' title='bbox 1606 896 1701 919; x_wconf 87' lang='lat' dir='ltr'>occa-</span> 
     </span>
     <span class='ocr_line' id='line_1_43' title="bbox 959 940 1702 983; baseline 0 -10"><span class='ocrx_word' id='word_1_219' title='bbox 959 940 1052 974; x_wconf 83' lang='lat' dir='ltr'>sione</span> <span class='ocrx_word' id='word_1_220' title='bbox 1077 941 1126 973; x_wconf 86' lang='lat' dir='ltr'>vel</span> <span class='ocrx_word' id='word_1_221' title='bbox 1153 942 1250 972; x_wconf 78' lang='lat' dir='ltr'>causa</span> <span class='ocrx_word' id='word_1_222' title='bbox 1269 940 1353 981; x_wconf 87' lang='lat' dir='ltr'>latis,</span> <span class='ocrx_word' id='word_1_223' title='bbox 1376 940 1400 972; x_wconf 90' lang='lat' dir='ltr'>si</span> <span class='ocrx_word' id='word_1_224' title='bbox 1428 940 1547 983; x_wconf 89' lang='lat' dir='ltr'>quibus</span> <span class='ocrx_word' id='word_1_225' title='bbox 1565 950 1702 982; x_wconf 84' lang='lat' dir='ltr'>quomo-</span> 
     </span>
     <span class='ocr_line' id='line_1_44' title="bbox 961 992 1702 1032; baseline -0.001 -6"><span class='ocrx_word' id='word_1_226' title='bbox 961 993 1089 1027; x_wconf 86' lang='lat' dir='ltr'>dolibet</span> <span class='ocrx_word' id='word_1_227' title='bbox 1122 993 1300 1026; x_wconf 88' lang='lat' dir='ltr'>innodatus</span> <span class='ocrx_word' id='word_1_228' title='bbox 1334 992 1459 1032; x_wconf 76' lang='lat' dir='ltr'>existit,</span> <span class='ocrx_word' id='word_1_229' title='bbox 1484 992 1521 1025; x_wconf 86' lang='lat' dir='ltr'>ad</span> <span class='ocrx_word' id='word_1_230' title='bbox 1552 992 1702 1025; x_wconf 74' lang='lat' dir='ltr'>effectum</span> 
     </span>
     <span class='ocr_line' id='line_1_45' title="bbox 960 1046 1727 1090; baseline -0.001 -11"><span class='ocrx_word' id='word_1_231' title='bbox 960 1047 1186 1090; x_wconf 85' lang='lat' dir='ltr'>praesentium</span> <span class='ocrx_word' id='word_1_232' title='bbox 1208 1047 1378 1079; x_wconf 78' lang='lat' dir='ltr'>dumtaxat</span> <span class='ocrx_word' id='word_1_233' title='bbox 1410 1046 1701 1089; x_wconf 86' lang='lat' dir='ltr'>consequendum,</span> <span class='ocrx_word' id='word_1_234' title='bbox 1724 1088 1727 1090; x_wconf 16' lang='grc' dir='ltr'><em>Β</em></span> 
     </span>
     <span class='ocr_line' id='line_1_46' title="bbox 961 1100 1702 1133; baseline -0.001 0"><span class='ocrx_word' id='word_1_235' title='bbox 961 1100 1078 1133; x_wconf 84' lang='lat' dir='ltr'>barum</span> <span class='ocrx_word' id='word_1_236' title='bbox 1106 1101 1191 1133; x_wconf 90' lang='lat' dir='ltr'>serie</span> <span class='ocrx_word' id='word_1_237' title='bbox 1225 1100 1433 1133; x_wconf 84' lang='lat' dir='ltr'>absolventes</span> <span class='ocrx_word' id='word_1_238' title='bbox 1459 1105 1490 1132; x_wconf 90' lang='lat' dir='ltr'>et</span> <span class='ocrx_word' id='word_1_239' title='bbox 1518 1100 1702 1133; x_wconf 88' lang='lat' dir='ltr'>absolutum</span> 
     </span>
     <span class='ocr_line' id='line_1_47' title="bbox 962 1153 1701 1193; baseline 0 -7"><span class='ocrx_word' id='word_1_240' title='bbox 962 1153 1031 1186; x_wconf 91' lang='lat' dir='ltr'>fore</span> <span class='ocrx_word' id='word_1_241' title='bbox 1057 1159 1251 1193; x_wconf 85' lang='lat' dir='ltr'>censentes,</span> <span class='ocrx_word' id='word_1_242' title='bbox 1279 1164 1409 1187; x_wconf 89' lang='lat' dir='ltr'>necnon</span> <span class='ocrx_word' id='word_1_243' title='bbox 1437 1153 1597 1186; x_wconf 88' lang='lat' dir='ltr'>dictarum</span> <span class='ocrx_word' id='word_1_244' title='bbox 1622 1153 1701 1186; x_wconf 88' lang='lat' dir='ltr'>litte·</span> 
     </span>
     <span class='ocr_line' id='line_1_48' title="bbox 962 1206 1703 1250; baseline 0.001 -11"><span class='ocrx_word' id='word_1_245' title='bbox 962 1217 1070 1240; x_wconf 86' lang='lat' dir='ltr'>rarum</span> <span class='ocrx_word' id='word_1_246' title='bbox 1097 1213 1281 1240; x_wconf 85' lang='lat' dir='ltr'>nostrarum</span> <span class='ocrx_word' id='word_1_247' title='bbox 1309 1212 1455 1241; x_wconf 84' lang='lat' dir='ltr'>tenorem</span> <span class='ocrx_word' id='word_1_248' title='bbox 1475 1212 1506 1239; x_wconf 86' lang='lat' dir='ltr'>et</span> <span class='ocrx_word' id='word_1_249' title='bbox 1526 1206 1589 1240; x_wconf 86' lang='lat' dir='ltr'>alia</span> <span class='ocrx_word' id='word_1_250' title='bbox 1609 1217 1703 1250; x_wconf 86' lang='lat' dir='ltr'>quae-</span> 
     </span>
     <span class='ocr_line' id='line_1_49' title="bbox 961 1259 1702 1303; baseline -0.001 -10"><span class='ocrx_word' id='word_1_251' title='bbox 961 1270 1112 1303; x_wconf 84' lang='lat' dir='ltr'>cumque,</span> <span class='ocrx_word' id='word_1_252' title='bbox 1131 1260 1226 1293; x_wconf 88' lang='lat' dir='ltr'>etiam</span> <span class='ocrx_word' id='word_1_253' title='bbox 1245 1260 1426 1303; x_wconf 76' lang='lat' dir='ltr'>specificam</span> <span class='ocrx_word' id='word_1_254' title='bbox 1449 1264 1481 1293; x_wconf 87' lang='lat' dir='ltr'>et</span> <span class='ocrx_word' id='word_1_255' title='bbox 1506 1259 1702 1292; x_wconf 86' lang='lat' dir='ltr'>individuam</span> 
     </span>
     <span class='ocr_line' id='line_1_50' title="bbox 962 1312 1702 1357; baseline -0.001 -12"><span class='ocrx_word' id='word_1_256' title='bbox 962 1313 1159 1346; x_wconf 83' lang='lat' dir='ltr'>mentionem</span> <span class='ocrx_word' id='word_1_257' title='bbox 1179 1318 1210 1346; x_wconf 86' lang='lat' dir='ltr'>et</span> <span class='ocrx_word' id='word_1_258' title='bbox 1231 1312 1474 1357; x_wconf 76' lang='lat' dir='ltr'>expressionem</span> <span class='ocrx_word' id='word_1_259' title='bbox 1493 1312 1702 1356; x_wconf 85' lang='lat' dir='ltr'>requirentia,</span> 
     </span>
     <span class='ocr_line' id='line_1_51' title="bbox 962 1365 1705 1410; baseline -0.003 -11"><span class='ocrx_word' id='word_1_260' title='bbox 962 1365 1190 1410; x_wconf 88' lang='lat' dir='ltr'>praesentibus</span> <span class='ocrx_word' id='word_1_261' title='bbox 1216 1376 1274 1409; x_wconf 89' lang='lat' dir='ltr'>pro</span> <span class='ocrx_word' id='word_1_262' title='bbox 1311 1366 1406 1409; x_wconf 83' lang='lat' dir='ltr'>plene</span> <span class='ocrx_word' id='word_1_263' title='bbox 1444 1370 1474 1398; x_wconf 86' lang='lat' dir='ltr'>et</span> <span class='ocrx_word' id='word_1_264' title='bbox 1505 1365 1705 1398; x_wconf 82' lang='lat' dir='ltr'>sufficienter</span> 
     </span>
     <span class='ocr_line' id='line_1_52' title="bbox 963 1418 1705 1463; baseline -0.001 -11"><span class='ocrx_word' id='word_1_265' title='bbox 963 1420 1128 1463; x_wconf 77' lang='lat' dir='ltr'>expressis</span> <span class='ocrx_word' id='word_1_266' title='bbox 1156 1425 1186 1451; x_wconf 83' lang='lat' dir='ltr'>et</span> <span class='ocrx_word' id='word_1_267' title='bbox 1212 1419 1342 1452; x_wconf 86' lang='lat' dir='ltr'>insertis</span> <span class='ocrx_word' id='word_1_268' title='bbox 1380 1418 1559 1459; x_wconf 86' lang='lat' dir='ltr'>babentes,</span> <span class='ocrx_word' id='word_1_269' title='bbox 1593 1418 1705 1451; x_wconf 89' lang='lat' dir='ltr'>buius-</span> 
     </span>
     <span class='ocr_line' id='line_1_53' title="bbox 963 1471 1703 1515; baseline -0.001 -10"><span class='ocrx_word' id='word_1_270' title='bbox 963 1472 1049 1505; x_wconf 90' lang='lat' dir='ltr'>modi</span> <span class='ocrx_word' id='word_1_271' title='bbox 1076 1472 1368 1515; x_wconf 81' lang='lat' dir='ltr'>supplicationibus</span> <span class='ocrx_word' id='word_1_272' title='bbox 1395 1471 1561 1512; x_wconf 82' lang='lat' dir='ltr'>inclinati,</span> <span class='ocrx_word' id='word_1_273' title='bbox 1586 1481 1703 1515; x_wconf 85' lang='lat' dir='ltr'>supra-</span> 
     </span>
     <span class='ocr_line' id='line_1_54' title="bbox 964 1525 1705 1568; baseline 0 -11"><span class='ocrx_word' id='word_1_274' title='bbox 964 1525 1064 1559; x_wconf 86' lang='lat' dir='ltr'>dictas</span> <span class='ocrx_word' id='word_1_275' title='bbox 1101 1531 1228 1558; x_wconf 86' lang='lat' dir='ltr'>nostras</span> <span class='ocrx_word' id='word_1_276' title='bbox 1264 1526 1388 1558; x_wconf 86' lang='lat' dir='ltr'>litteras</span> <span class='ocrx_word' id='word_1_277' title='bbox 1415 1536 1450 1558; x_wconf 88' lang='lat' dir='ltr'>ac</span> <span class='ocrx_word' id='word_1_278' title='bbox 1476 1525 1705 1568; x_wconf 87' lang='lat' dir='ltr'>dispositiones</span> 
     </span>
     <span class='ocr_line' id='line_1_55' title="bbox 964 1578 1706 1618; baseline -0.001 -6"><span class='ocrx_word' id='word_1_279' title='bbox 964 1584 993 1612; x_wconf 87' lang='lat' dir='ltr'>et</span> <span class='ocrx_word' id='word_1_280' title='bbox 1019 1578 1253 1618; x_wconf 78' lang='lat' dir='ltr'>ordinationes,</span> <span class='ocrx_word' id='word_1_281' title='bbox 1273 1578 1359 1611; x_wconf 86' lang='lat' dir='ltr'>circa</span> <span class='ocrx_word' id='word_1_282' title='bbox 1381 1578 1516 1610; x_wconf 78' lang='lat' dir='ltr'>fratrum</span> <span class='ocrx_word' id='word_1_283' title='bbox 1542 1588 1558 1610; x_wconf 91' lang='lat' dir='ltr'>e</span> <span class='ocrx_word' id='word_1_284' title='bbox 1584 1589 1706 1611; x_wconf 78' lang='lat' dir='ltr'>memo-</span> 
     </span>
    </p>
   </div>
   <div class='ocr_carea' id='block_1_6' title="bbox 11 1630 1707 1731">
    <p class='ocr_par' dir='ltr' id='par_1_7' title="bbox 11 1630 1707 1731">
     <span class='ocr_line' id='line_1_56' title="bbox 179 1630 1704 1674; baseline -0.003 -6"><span class='ocrx_word' id='word_1_285' title='bbox 179 1635 245 1668; x_wconf 84' lang='lat' dir='ltr'>rius</span> <span class='ocrx_word' id='word_1_286' title='bbox 270 1634 468 1668; x_wconf 86' lang='lat' dir='ltr'>continetur.</span> <span class='ocrx_word' id='word_1_287' title='bbox 965 1634 1031 1664; x_wconf 74' lang='lat' dir='ltr'>rata</span> <span class='ocrx_word' id='word_1_288' title='bbox 1048 1631 1310 1674; x_wconf 82' lang='lat' dir='ltr'>Congregatione</span> <span class='ocrx_word' id='word_1_289' title='bbox 1331 1630 1363 1664; x_wconf 88' lang='lat' dir='ltr'>S.</span> <span class='ocrx_word' id='word_1_290' title='bbox 1386 1630 1523 1664; x_wconf 81' lang='lat' dir='ltr'>Sabinae</span> <span class='ocrx_word' id='word_1_291' title='bbox 1542 1630 1704 1664; x_wconf 82' lang='lat' dir='ltr'>dimissio-</span> 
     </span>
     <span class='ocr_line' id='line_1_57' title="bbox 11 1684 1707 1731; baseline -0.002 -12"><span class='ocrx_word' id='word_1_292' title='bbox 11 1698 166 1724; x_wconf 52' lang='lat' dir='ltr'>Praesum-</span> <span class='ocrx_word' id='word_1_293' title='bbox 221 1688 236 1731; x_wconf 61' lang='grc' dir='ltr'><strong>ἓ</strong></span> <span class='ocrx_word' id='word_1_294' title='bbox 259 1687 291 1720; x_wconf 72' lang='lat'>⁶2.</span> <span class='ocrx_word' id='word_1_295' title='bbox 318 1687 393 1721; x_wconf 91' lang='lat' dir='ltr'>Cum</span> <span class='ocrx_word' id='word_1_296' title='bbox 419 1694 539 1727; x_wconf 85' lang='lat' dir='ltr'>autem,</span> <span class='ocrx_word' id='word_1_297' title='bbox 561 1687 640 1720; x_wconf 84' lang='lat' dir='ltr'>sicut</span> <span class='ocrx_word' id='word_1_298' title='bbox 668 1687 805 1720; x_wconf 78' lang='lat' dir='ltr'>dilectus</span> <span class='ocrx_word' id='word_1_299' title='bbox 833 1687 917 1720; x_wconf 78' lang='lat' dir='ltr'>filius</span> <span class='ocrx_word' id='word_1_300' title='bbox 963 1695 1036 1718; x_wconf 88' lang='lat' dir='ltr'>nem</span> <span class='ocrx_word' id='word_1_301' title='bbox 1064 1695 1240 1728; x_wconf 84' lang='lat' dir='ltr'>eorumque</span> <span class='ocrx_word' id='word_1_302' title='bbox 1267 1684 1298 1717; x_wconf 92' lang='lat' dir='ltr'>in</span> <span class='ocrx_word' id='word_1_303' title='bbox 1325 1684 1395 1717; x_wconf 88' lang='lat' dir='ltr'>aliis</span> <span class='ocrx_word' id='word_1_304' title='bbox 1420 1685 1631 1718; x_wconf 81' lang='lat' dir='ltr'>conventibus</span> <span class='ocrx_word' id='word_1_305' title='bbox 1664 1684 1707 1717; x_wconf 93' lang='lat' dir='ltr'>di-</span> 
     </span>
    </p>
   </div>
   <div class='ocr_carea' id='block_1_7' title="bbox 0 1729 1706 1783">
    <p class='ocr_par' dir='ltr' id='par_1_8' title="bbox 0 1729 1706 1783">
     <span class='ocr_line' id='line_1_58' title="bbox 0 1729 1706 1783; baseline -0.001 -12"><span class='ocrx_word' id='word_1_306' title='bbox 0 1729 23 1772; x_wconf 56' lang='grc' dir='ltr'>ιῖὲ</span> <span class='ocrx_word' id='word_1_307' title='bbox 46 1731 365 1774; x_wconf 59' lang='lat' dir='ltr'>2522&#39;122&#39;1‘33&#39;3Dominieus</span> <span class='ocrx_word' id='word_1_308' title='bbox 390 1740 501 1780; x_wconf 86' lang='lat' dir='ltr'>Ponsi‚</span> <span class='ocrx_word' id='word_1_309' title='bbox 521 1750 629 1773; x_wconf 84' lang='lat' dir='ltr'>sacrae</span> <span class='ocrx_word' id='word_1_310' title='bbox 649 1740 835 1783; x_wconf 76' lang='lat' dir='ltr'>theologiae</span> <span class='ocrx_word' id='word_1_311' title='bbox 854 1751 918 1773; x_wconf 87' lang='lat' dir='ltr'>ma-</span> <span class='ocrx_word' id='word_1_312' title='bbox 964 1738 1003 1771; x_wconf 82' lang='lat' dir='ltr'>cti</span> <span class='ocrx_word' id='word_1_313' title='bbox 1022 1737 1150 1771; x_wconf 87' lang='lat' dir='ltr'>Ordinis</span> <span class='ocrx_word' id='word_1_314' title='bbox 1169 1738 1426 1778; x_wconf 84' lang='lat' dir='ltr'>collocationem,</span> <span class='ocrx_word' id='word_1_315' title='bbox 1445 1739 1477 1770; x_wconf 89' lang='lat' dir='ltr'>in</span> <span class='ocrx_word' id='word_1_316' title='bbox 1496 1737 1576 1781; x_wconf 89' lang='lat' dir='ltr'>ipsis</span> <span class='ocrx_word' id='word_1_317' title='bbox 1597 1738 1706 1777; x_wconf 85' lang='lat' dir='ltr'>factas,</span> 
     </span>
    </p>
   </div>
   <div class='ocr_carea' id='block_1_8' title="bbox 1 1779 208 1801">
    <p class='ocr_par' dir='ltr' id='par_1_9' title="bbox 1 1779 208 1801">
     <span class='ocr_line' id='line_1_59' title="bbox 1 1779 208 1801; baseline 0 -2"><span class='ocrx_word' id='word_1_318' title='bbox 1 1779 94 1799; x_wconf 58' lang='lat' dir='ltr'>mesaia-s</span> <span class='ocrx_word' id='word_1_319' title='bbox 119 1784 167 1799; x_wconf 73' lang='lat' dir='ltr'>con·</span> <span class='ocrx_word' id='word_1_320' title='bbox 201 1795 208 1801; x_wconf 85' lang='lat'><strong>.</strong></span> 
     </span>
    </p>
   </div>
   <div class='ocr_carea' id='block_1_9' title="bbox 0 1794 917 1838">
    <p class='ocr_par' dir='ltr' id='par_1_10' title="bbox 0 1794 917 1838">
     <span class='ocr_line' id='line_1_60' title="bbox 0 1794 917 1838; baseline -0.001 -10"><span class='ocrx_word' id='word_1_321' title='bbox 0 1805 106 1826; x_wconf 69' lang='lat' dir='ltr'>nunionis.</span> <span class='ocrx_word' id='word_1_322' title='bbox 179 1800 294 1837; x_wconf 75' lang='lat' dir='ltr'>gister‚</span> <span class='ocrx_word' id='word_1_323' title='bbox 322 1805 357 1828; x_wconf 89' lang='lat' dir='ltr'>ac</span> <span class='ocrx_word' id='word_1_324' title='bbox 381 1794 569 1838; x_wconf 81' lang='lat' dir='ltr'>provinciae</span> <span class='ocrx_word' id='word_1_325' title='bbox 596 1794 760 1827; x_wconf 78' lang='lat' dir='ltr'>Romanae</span> <span class='ocrx_word' id='word_1_326' title='bbox 787 1794 917 1827; x_wconf 86' lang='lat' dir='ltr'>Ordinis</span> 
     </span>
    </p>
   </div>
   <div class='ocr_carea' id='block_1_10' title="bbox 176 1847 922 2635">
    <p class='ocr_par' dir='ltr' id='par_1_11' title="bbox 176 1847 922 2635">
     <span class='ocr_line' id='line_1_61' title="bbox 177 1847 917 1892; baseline -0.003 -11"><span class='ocrx_word' id='word_1_327' title='bbox 177 1847 337 1892; x_wconf 80' lang='lat' dir='ltr'>praedicti</span> <span class='ocrx_word' id='word_1_328' title='bbox 365 1847 497 1891; x_wconf 82' lang='lat' dir='ltr'>exprior</span> <span class='ocrx_word' id='word_1_329' title='bbox 522 1847 746 1891; x_wconf 79' lang='lat' dir='ltr'>provincialis,</span> <span class='ocrx_word' id='word_1_330' title='bbox 789 1857 917 1880; x_wconf 77' lang='lat' dir='ltr'>necnon</span> 
     </span>
     <span class='ocr_line' id='line_1_62' title="bbox 177 1900 918 1944; baseline 0 -10"><span class='ocrx_word' id='word_1_331' title='bbox 177 1901 323 1943; x_wconf 82' lang='lat' dir='ltr'>magistri</span> <span class='ocrx_word' id='word_1_332' title='bbox 362 1901 522 1944; x_wconf 80' lang='lat' dir='ltr'>generalis</span> <span class='ocrx_word' id='word_1_333' title='bbox 559 1901 658 1934; x_wconf 84' lang='lat' dir='ltr'>totius</span> <span class='ocrx_word' id='word_1_334' title='bbox 695 1900 823 1933; x_wconf 89' lang='lat' dir='ltr'>Ordinis</span> <span class='ocrx_word' id='word_1_335' title='bbox 859 1911 918 1944; x_wconf 90' lang='lat' dir='ltr'>pro</span> 
     </span>
     <span class='ocr_line' id='line_1_63' title="bbox 177 1953 920 1998; baseline 0 -12"><span class='ocrx_word' id='word_1_336' title='bbox 177 1954 350 1998; x_wconf 87' lang='lat' dir='ltr'>provinciis</span> <span class='ocrx_word' id='word_1_337' title='bbox 376 1954 486 1987; x_wconf 88' lang='lat' dir='ltr'>ltaliae</span> <span class='ocrx_word' id='word_1_338' title='bbox 526 1954 654 1993; x_wconf 82' lang='lat' dir='ltr'>socius,</span> <span class='ocrx_word' id='word_1_339' title='bbox 682 1953 774 1987; x_wconf 88' lang='lat' dir='ltr'>nobis</span> <span class='ocrx_word' id='word_1_340' title='bbox 816 1963 920 1997; x_wconf 84' lang='lat' dir='ltr'>nuper</span> 
     </span>
     <span class='ocr_line' id='line_1_64' title="bbox 177 2006 918 2051; baseline -0.001 -11"><span class='ocrx_word' id='word_1_341' title='bbox 177 2007 295 2051; x_wconf 83' lang='lat' dir='ltr'>exponi</span> <span class='ocrx_word' id='word_1_342' title='bbox 314 2006 399 2047; x_wconf 88' lang='lat' dir='ltr'>fecit,</span> <span class='ocrx_word' id='word_1_343' title='bbox 419 2007 515 2040; x_wconf 84' lang='lat' dir='ltr'>binae</span> <span class='ocrx_word' id='word_1_344' title='bbox 538 2007 618 2040; x_wconf 87' lang='lat' dir='ltr'>aliae</span> <span class='ocrx_word' id='word_1_345' title='bbox 633 2007 918 2050; x_wconf 82' lang='lat' dir='ltr'>Congregationes‚</span> 
     </span>
     <span class='ocr_line' id='line_1_65' title="bbox 176 2059 919 2094; baseline 0 -2"><span class='ocrx_word' id='word_1_346' title='bbox 176 2071 242 2093; x_wconf 87' lang='lat' dir='ltr'>una</span> <span class='ocrx_word' id='word_1_347' title='bbox 266 2060 390 2094; x_wconf 89' lang='lat' dir='ltr'>scilicet</span> <span class='ocrx_word' id='word_1_348' title='bbox 415 2060 447 2093; x_wconf 90' lang='lat' dir='ltr'>S.</span> <span class='ocrx_word' id='word_1_349' title='bbox 474 2060 568 2093; x_wconf 83' lang='lat' dir='ltr'>Marci</span> <span class='ocrx_word' id='word_1_350' title='bbox 588 2066 617 2093; x_wconf 92' lang='lat' dir='ltr'>et</span> <span class='ocrx_word' id='word_1_351' title='bbox 635 2062 735 2093; x_wconf 86' lang='lat' dir='ltr'>altera</span> <span class='ocrx_word' id='word_1_352' title='bbox 762 2061 794 2093; x_wconf 82' lang='grc' dir='ltr'>Β.</span> <span class='ocrx_word' id='word_1_353' title='bbox 815 2059 919 2093; x_wconf 80' lang='lat' dir='ltr'>iacobi</span> 
     </span>
     <span class='ocr_line' id='line_1_66' title="bbox 178 2113 922 2157; baseline 0.001 -12"><span class='ocrx_word' id='word_1_354' title='bbox 178 2113 308 2152; x_wconf 71' lang='lat' dir='ltr'>Veneti,</span> <span class='ocrx_word' id='word_1_355' title='bbox 335 2124 370 2146; x_wconf 83' lang='lat' dir='ltr'>ex</span> <span class='ocrx_word' id='word_1_356' title='bbox 406 2114 573 2146; x_wconf 87' lang='lat' dir='ltr'>nonnullis</span> <span class='ocrx_word' id='word_1_357' title='bbox 599 2113 837 2157; x_wconf 74' lang='lat' dir='ltr'>provinciarum</span> <span class='ocrx_word' id='word_1_358' title='bbox 863 2113 922 2146; x_wconf 80' lang='lat' dir='ltr'>Ro-</span> 
     </span>
     <span class='ocr_line' id='line_1_67' title="bbox 178 2166 922 2210; baseline -0.001 -11"><span class='ocrx_word' id='word_1_359' title='bbox 178 2177 294 2199; x_wconf 85' lang='lat' dir='ltr'>manae</span> <span class='ocrx_word' id='word_1_360' title='bbox 321 2172 352 2199; x_wconf 87' lang='lat' dir='ltr'>et</span> <span class='ocrx_word' id='word_1_361' title='bbox 376 2166 517 2199; x_wconf 71' lang='lat' dir='ltr'>Venetae</span> <span class='ocrx_word' id='word_1_362' title='bbox 544 2167 724 2210; x_wconf 83' lang='lat' dir='ltr'>respective</span> <span class='ocrx_word' id='word_1_363' title='bbox 753 2167 922 2199; x_wconf 82' lang='lat' dir='ltr'>conventi-</span> 
     </span>
     <span class='ocr_line' id='line_1_68' title="bbox 177 2218 922 2262; baseline 0 -10"><span class='ocrx_word' id='word_1_364' title='bbox 177 2220 239 2252; x_wconf 84' lang='lat' dir='ltr'>bus</span> <span class='ocrx_word' id='word_1_365' title='bbox 264 2219 408 2252; x_wconf 78' lang='lat' dir='ltr'>eiusdem</span> <span class='ocrx_word' id='word_1_366' title='bbox 435 2218 564 2252; x_wconf 88' lang='lat' dir='ltr'>Ordinis</span> <span class='ocrx_word' id='word_1_367' title='bbox 601 2219 747 2252; x_wconf 87' lang='lat' dir='ltr'>adinstar</span> <span class='ocrx_word' id='word_1_368' title='bbox 773 2219 922 2262; x_wconf 88' lang='lat' dir='ltr'>supradi-</span> 
     </span>
     <span class='ocr_line' id='line_1_69' title="bbox 178 2271 919 2315; baseline -0.003 -9"><span class='ocrx_word' id='word_1_369' title='bbox 178 2278 248 2306; x_wconf 84' lang='lat' dir='ltr'>ctae</span> <span class='ocrx_word' id='word_1_370' title='bbox 273 2272 542 2315; x_wconf 82' lang='lat' dir='ltr'>Congregationis</span> <span class='ocrx_word' id='word_1_371' title='bbox 579 2272 610 2305; x_wconf 87' lang='lat' dir='ltr'>S.</span> <span class='ocrx_word' id='word_1_372' title='bbox 648 2271 785 2305; x_wconf 80' lang='lat' dir='ltr'>Sabinae</span> <span class='ocrx_word' id='word_1_373' title='bbox 824 2272 919 2306; x_wconf 90' lang='lat' dir='ltr'>simili</span> 
     </span>
     <span class='ocr_line' id='line_1_70' title="bbox 179 2325 921 2370; baseline -0.001 -12"><span class='ocrx_word' id='word_1_374' title='bbox 179 2325 373 2359; x_wconf 80' lang='lat' dir='ltr'>auctoritate</span> <span class='ocrx_word' id='word_1_375' title='bbox 409 2325 588 2369; x_wconf 79' lang='lat' dir='ltr'>apostolica</span> <span class='ocrx_word' id='word_1_376' title='bbox 625 2331 753 2358; x_wconf 85' lang='lat' dir='ltr'>erectae</span> <span class='ocrx_word' id='word_1_377' title='bbox 791 2326 840 2358; x_wconf 80' lang='lat' dir='ltr'>vel</span> <span class='ocrx_word' id='word_1_378' title='bbox 866 2336 921 2370; x_wconf 89' lang='lat' dir='ltr'>ap-</span> 
     </span>
     <span class='ocr_line' id='line_1_71' title="bbox 178 2377 919 2422; baseline 0 -11"><span class='ocrx_word' id='word_1_379' title='bbox 178 2379 335 2422; x_wconf 83' lang='lat' dir='ltr'>probatae</span> <span class='ocrx_word' id='word_1_380' title='bbox 363 2377 589 2421; x_wconf 85' lang='lat' dir='ltr'>reperiantur,</span> <span class='ocrx_word' id='word_1_381' title='bbox 618 2377 687 2422; x_wconf 90' lang='lat' dir='ltr'>ipse</span> <span class='ocrx_word' id='word_1_382' title='bbox 714 2388 789 2411; x_wconf 87' lang='lat' dir='ltr'>vero</span> <span class='ocrx_word' id='word_1_383' title='bbox 815 2378 919 2412; x_wconf 86' lang='lat' dir='ltr'>Domi-</span> 
     </span>
     <span class='ocr_line' id='line_1_72' title="bbox 179 2431 918 2476; baseline -0.001 -10"><span class='ocrx_word' id='word_1_384' title='bbox 179 2432 269 2466; x_wconf 89' lang='lat' dir='ltr'>nicus</span> <span class='ocrx_word' id='word_1_385' title='bbox 294 2431 479 2476; x_wconf 88' lang='lat' dir='ltr'>praedictas</span> <span class='ocrx_word' id='word_1_386' title='bbox 504 2431 629 2465; x_wconf 88' lang='lat' dir='ltr'>litteras</span> <span class='ocrx_word' id='word_1_387' title='bbox 655 2437 800 2472; x_wconf 88' lang='lat' dir='ltr'>nostras,</span> <span class='ocrx_word' id='word_1_388' title='bbox 826 2443 863 2466; x_wconf 89' lang='lat' dir='ltr'>ac</span> <span class='ocrx_word' id='word_1_389' title='bbox 889 2432 918 2465; x_wconf 90' lang='lat' dir='ltr'>in</span> 
     </span>
     <span class='ocr_line' id='line_1_73' title="bbox 180 2484 919 2529; baseline 0 -11"><span class='ocrx_word' id='word_1_390' title='bbox 180 2484 226 2518; x_wconf 92' lang='lat' dir='ltr'>eis</span> <span class='ocrx_word' id='word_1_391' title='bbox 243 2495 344 2529; x_wconf 89' lang='lat' dir='ltr'>super</span> <span class='ocrx_word' id='word_1_392' title='bbox 361 2484 551 2518; x_wconf 82' lang='lat' dir='ltr'>dimissione</span> <span class='ocrx_word' id='word_1_393' title='bbox 567 2485 698 2517; x_wconf 88' lang='lat' dir='ltr'>fratrum</span> <span class='ocrx_word' id='word_1_394' title='bbox 720 2485 824 2518; x_wconf 86' lang='lat' dir='ltr'>edicta</span> <span class='ocrx_word' id='word_1_395' title='bbox 841 2484 919 2528; x_wconf 85' lang='lat' dir='ltr'>pro¹</span> 
     </span>
     <span class='ocr_line' id='line_1_74' title="bbox 180 2537 918 2581; baseline -0.001 -9"><span class='ocrx_word' id='word_1_396' title='bbox 180 2538 440 2581; x_wconf 81' lang='lat' dir='ltr'>Congregatione</span> <span class='ocrx_word' id='word_1_397' title='bbox 466 2538 494 2571; x_wconf 88' lang='lat' dir='ltr'>S.</span> <span class='ocrx_word' id='word_1_398' title='bbox 520 2538 657 2571; x_wconf 83' lang='lat' dir='ltr'>Sabinae</span> <span class='ocrx_word' id='word_1_399' title='bbox 684 2537 854 2581; x_wconf 80' lang='lat' dir='ltr'>disposita,</span> <span class='ocrx_word' id='word_1_400' title='bbox 880 2539 918 2571; x_wconf 83' lang='lat' dir='ltr'>ad</span> 
     </span>
     <span class='ocr_line' id='line_1_75' title="bbox 220 2599 811 2635; baseline 0 -10"><span class='ocrx_word' id='word_1_401' title='bbox 220 2600 227 2625; x_wconf 85' lang='grc'>1</span> <span class='ocrx_word' id='word_1_402' title='bbox 254 2599 391 2635; x_wconf 80' lang='lat' dir='ltr'>Praeposit</span> <span class='ocrx_word' id='word_1_403' title='bbox 420 2608 474 2634; x_wconf 83' lang='lat' dir='ltr'>pro</span> <span class='ocrx_word' id='word_1_404' title='bbox 496 2607 543 2627; x_wconf 90' lang='lat' dir='ltr'>nos</span> <span class='ocrx_word' id='word_1_405' title='bbox 564 2599 686 2626; x_wconf 87' lang='lat' dir='ltr'>addimus</span> <span class='ocrx_word' id='word_1_406' title='bbox 705 2600 733 2633; x_wconf 78' lang='lat' dir='ltr'>(n</span> <span class='ocrx_word' id='word_1_407' title='bbox 762 2599 811 2634; x_wconf 73' lang='grc' dir='ltr'>τ.],.</span> 
     </span>
    </p>
   </div>
   <div class='ocr_carea' id='block_1_11' title="bbox 963 1790 1866 2632">
    <p class='ocr_par' dir='ltr' id='par_1_12' title="bbox 964 1790 1708 2048">
     <span class='ocr_line' id='line_1_76' title="bbox 964 1790 1707 1834; baseline 0 -10"><span class='ocrx_word' id='word_1_408' title='bbox 964 1791 1001 1824; x_wconf 88' lang='lat' dir='ltr'>ad</span> <span class='ocrx_word' id='word_1_409' title='bbox 1028 1791 1306 1834; x_wconf 81' lang='lat' dir='ltr'>Congregationes</span> <span class='ocrx_word' id='word_1_410' title='bbox 1339 1790 1369 1823; x_wconf 81' lang='lat' dir='ltr'>S.</span> <span class='ocrx_word' id='word_1_411' title='bbox 1403 1790 1497 1823; x_wconf 81' lang='lat' dir='ltr'>Marci</span> <span class='ocrx_word' id='word_1_412' title='bbox 1532 1796 1564 1822; x_wconf 87' lang='lat' dir='ltr'>et</span> <span class='ocrx_word' id='word_1_413' title='bbox 1590 1791 1624 1823; x_wconf 93' lang='lat' dir='ltr'>B.</span> <span class='ocrx_word' id='word_1_414' title='bbox 1662 1790 1707 1824; x_wconf 85' lang='lat' dir='ltr'>Ia-</span> 
     </span>
     <span class='ocr_line' id='line_1_77' title="bbox 964 1843 1703 1877; baseline -0.003 0"><span class='ocrx_word' id='word_1_415' title='bbox 964 1844 1036 1877; x_wconf 86' lang='lat' dir='ltr'>cobi</span> <span class='ocrx_word' id='word_1_416' title='bbox 1072 1843 1182 1877; x_wconf 76' lang='lat' dir='ltr'>Veneti</span> <span class='ocrx_word' id='word_1_417' title='bbox 1218 1854 1253 1876; x_wconf 85' lang='lat' dir='ltr'>ac</span> <span class='ocrx_word' id='word_1_418' title='bbox 1286 1843 1462 1876; x_wconf 85' lang='lat' dir='ltr'>Romanam</span> <span class='ocrx_word' id='word_1_419' title='bbox 1495 1848 1525 1875; x_wconf 90' lang='lat' dir='ltr'>ct</span> <span class='ocrx_word' id='word_1_420' title='bbox 1550 1843 1703 1876; x_wconf 79' lang='lat' dir='ltr'>Venetam</span> 
     </span>
     <span class='ocr_line' id='line_1_78' title="bbox 964 1896 1708 1941; baseline -0.003 -10"><span class='ocrx_word' id='word_1_421' title='bbox 964 1897 1146 1941; x_wconf 71' lang='lat' dir='ltr'>provincias</span> <span class='ocrx_word' id='word_1_422' title='bbox 1165 1897 1357 1941; x_wconf 85' lang='lat' dir='ltr'>praedictas,</span> <span class='ocrx_word' id='word_1_423' title='bbox 1373 1896 1562 1930; x_wconf 86' lang='lat' dir='ltr'>auctoritate</span> <span class='ocrx_word' id='word_1_424' title='bbox 1580 1902 1708 1940; x_wconf 88' lang='lat' dir='ltr'>aposto-</span> 
     </span>
     <span class='ocr_line' id='line_1_79' title="bbox 965 1950 1705 1994; baseline -0.003 -10"><span class='ocrx_word' id='word_1_425' title='bbox 965 1952 1038 1991; x_wconf 74' lang='lat' dir='ltr'>lica,</span> <span class='ocrx_word' id='word_1_426' title='bbox 1064 1957 1177 1984; x_wconf 84' lang='lat' dir='ltr'>tenore</span> <span class='ocrx_word' id='word_1_427' title='bbox 1197 1951 1429 1994; x_wconf 84' lang='lat' dir='ltr'>praesentium,</span> <span class='ocrx_word' id='word_1_428' title='bbox 1451 1950 1654 1983; x_wconf 71' lang='lat' dir='ltr'>extendimus</span> <span class='ocrx_word' id='word_1_429' title='bbox 1676 1955 1705 1983; x_wconf 92' lang='lat' dir='ltr'>et</span> 
     </span>
     <span class='ocr_line' id='line_1_80' title="bbox 964 2004 1170 2048; baseline -0.005 -10"><span class='ocrx_word' id='word_1_430' title='bbox 964 2004 1170 2048; x_wconf 83' lang='lat' dir='ltr'>ampliamus.</span> 
     </span>
    </p>

    <p class='ocr_par' dir='ltr' id='par_1_13' title="bbox 963 2057 1866 2632">
     <span class='ocr_line' id='line_1_81' title="bbox 1008 2057 1866 2102; baseline -0.001 -11"><span class='ocrx_word' id='word_1_431' title='bbox 1008 2059 1022 2102; x_wconf 64' lang='grc' dir='ltr'>ξ</span> <span class='ocrx_word' id='word_1_432' title='bbox 1047 2058 1076 2091; x_wconf 76' lang='lat'>4.</span> <span class='ocrx_word' id='word_1_433' title='bbox 1104 2058 1340 2097; x_wconf 84' lang='lat' dir='ltr'>Decernentes‚</span> <span class='ocrx_word' id='word_1_434' title='bbox 1360 2057 1489 2091; x_wconf 86' lang='lat' dir='ltr'>easdem</span> <span class='ocrx_word' id='word_1_435' title='bbox 1516 2062 1705 2101; x_wconf 86' lang='lat' dir='ltr'>praesentes</span> <span class='ocrx_word' id='word_1_436' title='bbox 1743 2063 1866 2085; x_wconf 56' lang='lat' dir='ltr'>Chmmioe-</span> 
     </span>
     <span class='ocr_line' id='line_1_82' title="bbox 965 2110 1710 2155; baseline -0.001 -10"><span class='ocrx_word' id='word_1_437' title='bbox 965 2112 1091 2145; x_wconf 87' lang='lat' dir='ltr'>litteras</span> <span class='ocrx_word' id='word_1_438' title='bbox 1104 2122 1234 2155; x_wconf 87' lang='lat' dir='ltr'>semper</span> <span class='ocrx_word' id='word_1_439' title='bbox 1246 2110 1366 2151; x_wconf 82' lang='lat' dir='ltr'>firmas,</span> <span class='ocrx_word' id='word_1_440' title='bbox 1383 2111 1503 2144; x_wconf 87' lang='lat' dir='ltr'>validas</span> <span class='ocrx_word' id='word_1_441' title='bbox 1515 2116 1546 2144; x_wconf 88' lang='lat' dir='ltr'>et</span> <span class='ocrx_word' id='word_1_442' title='bbox 1559 2111 1710 2144; x_wconf 80' lang='lat' dir='ltr'>efficaces</span> 
     </span>
     <span class='ocr_line' id='line_1_83' title="bbox 966 2164 1707 2208; baseline 0 -10"><span class='ocrx_word' id='word_1_443' title='bbox 966 2165 1105 2198; x_wconf 71' lang='lat' dir='ltr'>existere</span> <span class='ocrx_word' id='word_1_444' title='bbox 1121 2171 1153 2198; x_wconf 89' lang='lat' dir='ltr'>et</span> <span class='ocrx_word' id='word_1_445' title='bbox 1172 2165 1251 2205; x_wconf 86' lang='lat' dir='ltr'>fore,</span> <span class='ocrx_word' id='word_1_446' title='bbox 1267 2175 1410 2208; x_wconf 86' lang='lat' dir='ltr'>suosque</span> <span class='ocrx_word' id='word_1_447' title='bbox 1425 2164 1592 2208; x_wconf 89' lang='lat' dir='ltr'>plenarios</span> <span class='ocrx_word' id='word_1_448' title='bbox 1611 2169 1642 2197; x_wconf 90' lang='lat' dir='ltr'>et</span> <span class='ocrx_word' id='word_1_449' title='bbox 1658 2166 1707 2198; x_wconf 91' lang='lat' dir='ltr'>in-</span> 
     </span>
     <span class='ocr_line' id='line_1_84' title="bbox 966 2217 1705 2262; baseline -0.005 -10"><span class='ocrx_word' id='word_1_450' title='bbox 966 2225 1075 2262; x_wconf 81' lang='lat' dir='ltr'>tegros</span> <span class='ocrx_word' id='word_1_451' title='bbox 1091 2218 1225 2251; x_wconf 82' lang='lat' dir='ltr'>effectus</span> <span class='ocrx_word' id='word_1_452' title='bbox 1240 2218 1350 2251; x_wconf 87' lang='lat' dir='ltr'>sortiri</span> <span class='ocrx_word' id='word_1_453' title='bbox 1366 2223 1397 2251; x_wconf 87' lang='lat' dir='ltr'>et</span> <span class='ocrx_word' id='word_1_454' title='bbox 1408 2217 1566 2258; x_wconf 88' lang='lat' dir='ltr'>obtinere,</span> <span class='ocrx_word' id='word_1_455' title='bbox 1582 2228 1617 2250; x_wconf 86' lang='lat' dir='ltr'>ac</span> <span class='ocrx_word' id='word_1_456' title='bbox 1632 2218 1705 2259; x_wconf 74' lang='lat' dir='ltr'>illis,</span> 
     </span>
     <span class='ocr_line' id='line_1_85' title="bbox 965 2273 1706 2316; baseline 0 -11"><span class='ocrx_word' id='word_1_457' title='bbox 965 2273 1003 2305; x_wconf 91' lang='lat' dir='ltr'>ad</span> <span class='ocrx_word' id='word_1_458' title='bbox 1042 2283 1122 2316; x_wconf 88' lang='lat' dir='ltr'>quos</span> <span class='ocrx_word' id='word_1_459' title='bbox 1148 2277 1272 2315; x_wconf 88' lang='lat' dir='ltr'>spectat</span> <span class='ocrx_word' id='word_1_460' title='bbox 1297 2277 1328 2305; x_wconf 85' lang='lat' dir='ltr'>et</span> <span class='ocrx_word' id='word_1_461' title='bbox 1352 2282 1413 2315; x_wconf 89' lang='lat' dir='ltr'>pro</span> <span class='ocrx_word' id='word_1_462' title='bbox 1445 2277 1596 2315; x_wconf 85' lang='lat' dir='ltr'>tempore</span> <span class='ocrx_word' id='word_1_463' title='bbox 1632 2283 1706 2316; x_wconf 85' lang='lat' dir='ltr'>spe-</span> 
     </span>
     <span class='ocr_line' id='line_1_86' title="bbox 965 2324 1708 2369; baseline 0.001 -12"><span class='ocrx_word' id='word_1_464' title='bbox 965 2325 1083 2364; x_wconf 83' lang='lat' dir='ltr'>ctabit,</span> <span class='ocrx_word' id='word_1_465' title='bbox 1110 2325 1300 2369; x_wconf 86' lang='lat' dir='ltr'>plenissime</span> <span class='ocrx_word' id='word_1_466' title='bbox 1326 2324 1494 2368; x_wconf 81' lang='lat' dir='ltr'>suffragari</span> <span class='ocrx_word' id='word_1_467' title='bbox 1528 2331 1560 2358; x_wconf 91' lang='lat' dir='ltr'>et</span> <span class='ocrx_word' id='word_1_468' title='bbox 1585 2326 1624 2358; x_wconf 88' lang='lat' dir='ltr'>ab</span> <span class='ocrx_word' id='word_1_469' title='bbox 1662 2326 1708 2358; x_wconf 91' lang='lat' dir='ltr'>eis</span> 
     </span>
     <span class='ocr_line' id='line_1_87' title="bbox 965 2377 1706 2421; baseline 0.003 -11"><span class='ocrx_word' id='word_1_470' title='bbox 965 2377 1146 2421; x_wconf 82' lang='lat' dir='ltr'>respective</span> <span class='ocrx_word' id='word_1_471' title='bbox 1178 2377 1409 2411; x_wconf 87' lang='lat' dir='ltr'>inviolabiliter</span> <span class='ocrx_word' id='word_1_472' title='bbox 1435 2379 1621 2419; x_wconf 80' lang='lat' dir='ltr'>observari,</span> <span class='ocrx_word' id='word_1_473' title='bbox 1643 2379 1706 2412; x_wconf 88' lang='lat' dir='ltr'>sic-</span> 
     </span>
     <span class='ocr_line' id='line_1_88' title="bbox 964 2431 1708 2476; baseline 0.003 -13"><span class='ocrx_word' id='word_1_474' title='bbox 964 2442 1026 2474; x_wconf 85' lang='lat' dir='ltr'>que</span> <span class='ocrx_word' id='word_1_475' title='bbox 1063 2431 1094 2463; x_wconf 90' lang='lat' dir='ltr'>in</span> <span class='ocrx_word' id='word_1_476' title='bbox 1127 2431 1313 2474; x_wconf 86' lang='lat' dir='ltr'>praemissis</span> <span class='ocrx_word' id='word_1_477' title='bbox 1334 2441 1392 2474; x_wconf 90' lang='lat' dir='ltr'>per</span> <span class='ocrx_word' id='word_1_478' title='bbox 1417 2442 1637 2476; x_wconf 86' lang='lat' dir='ltr'>quoscumque</span> <span class='ocrx_word' id='word_1_479' title='bbox 1659 2432 1708 2465; x_wconf 87' lang='lat' dir='ltr'>iu-</span> 
     </span>
     <span class='ocr_line' id='line_1_89' title="bbox 964 2484 1705 2528; baseline 0.004 -12"><span class='ocrx_word' id='word_1_480' title='bbox 964 2484 1053 2517; x_wconf 86' lang='lat' dir='ltr'>dices</span> <span class='ocrx_word' id='word_1_481' title='bbox 1095 2484 1278 2517; x_wconf 83' lang='lat' dir='ltr'>ordinarios</span> <span class='ocrx_word' id='word_1_482' title='bbox 1312 2490 1343 2517; x_wconf 90' lang='lat' dir='ltr'>et</span> <span class='ocrx_word' id='word_1_483' title='bbox 1378 2485 1567 2528; x_wconf 82' lang='lat' dir='ltr'>delegatos,</span> <span class='ocrx_word' id='word_1_484' title='bbox 1607 2486 1705 2519; x_wconf 86' lang='lat' dir='ltr'>etiam</span> 
     </span>
     <span class='ocr_line' id='line_1_90' title="bbox 964 2537 1705 2581; baseline 0.004 -11"><span class='ocrx_word' id='word_1_485' title='bbox 964 2548 1132 2570; x_wconf 80' lang='lat' dir='ltr'>causarum</span> <span class='ocrx_word' id='word_1_486' title='bbox 1168 2537 1275 2581; x_wconf 83' lang='lat' dir='ltr'>palatii</span> <span class='ocrx_word' id='word_1_487' title='bbox 1314 2538 1481 2581; x_wconf 87' lang='lat' dir='ltr'>apostolici</span> <span class='ocrx_word' id='word_1_488' title='bbox 1520 2539 1705 2581; x_wconf 73' lang='lat' dir='ltr'>auditores,</span> 
     </span>
     <span class='ocr_line' id='line_1_91' title="bbox 963 2590 1705 2632; baseline 0.003 -8"><span class='ocrx_word' id='word_1_489' title='bbox 963 2591 1098 2624; x_wconf 82' lang='lat' dir='ltr'>iudicari</span> <span class='ocrx_word' id='word_1_490' title='bbox 1125 2596 1156 2623; x_wconf 83' lang='lat' dir='ltr'>ct</span> <span class='ocrx_word' id='word_1_491' title='bbox 1193 2590 1321 2624; x_wconf 72' lang='lat' dir='ltr'>delinii</span> <span class='ocrx_word' id='word_1_492' title='bbox 1348 2592 1489 2632; x_wconf 84' lang='lat' dir='ltr'>debere,</span> <span class='ocrx_word' id='word_1_493' title='bbox 1516 2603 1551 2626; x_wconf 86' lang='lat' dir='ltr'>ac</span> <span class='ocrx_word' id='word_1_494' title='bbox 1579 2593 1705 2626; x_wconf 85' lang='lat' dir='ltr'>irritum</span> 
     </span>
    </p>
   </div>
  </div>
 </body>
</html>
