2170 3147
26 182 77 208 An.
98 181 126 205 (Σ.
147 180 212 206 ¹727

54 241 210 271 apamenam
263 227 279 270 ἓ
303 227 333 260 2.
358 228 577 261 Nihilominus
607 228 640 260 in
665 228 790 271 aliquot
814 228 960 261 eiusdem

27 268 490 322 iill't'sffli’live'i‘ssssssCongregationis
511 280 698 322 provinciis,
716 291 751 313 ac
768 281 960 323 praesertim

26 318 275 373 {232‘53335545115
300 332 332 365 S.
365 332 508 375 Philippi
538 332 631 374 regni
666 333 888 374 Portugalliae
929 338 960 366 et

26 374 90 392 tionis
115 372 136 391 in
162 376 210 396 qut-

26 399 115 419 nusaam
126 397 208 423 provin·
219 386 321 417 altera
344 385 491 417 Baeticae
515 387 702 428 nuncupata
728 385 759 416 in
784 385 959 428 Hispaniis,

26 427 209 474 52¹{‚¹3?23222“f?235
219 437 371 470 nonnulli
396 437 604 470 ecclesiarum
629 442 783 476 rectores,
810 438 875 470 sive
901 448 958 481 pa-

26 486 48 499 Ν
65 479 120 500 '¹²⁰⁵'
218 489 321 528 rochi,
343 500 380 522 ac
406 490 553 522 canonici
579 495 610 522 et
628 489 770 532 capitula
795 490 957 522 eiusmodi

219 542 460 584 exemptionem
485 541 686 584 impugnare,
714 547 746 574 et
769 541 809 574 ab
834 542 959 584 aliquot

219 594 452 634 conventibus,
480 605 516 627 ac
539 595 716 637 praecipue
747 595 812 627 illis
834 595 869 627 B.
896 595 957 626 Ma-

217 647 285 679 riae
305 647 445 689 Virginis
471 647 510 679 de
536 647 710 679 Remedios
736 652 955 690 nuncupatae,

217 699 353 732 civitatis
378 699 590 742 Hispalensis,
611 705 643 732 et
660 700 699 732 de
719 699 856 733 Carnide
874 710 957 732 nun-

217 757 343 794 cupato,
361 757 451 784 extra
475 752 606 784 moenia
623 752 766 788 ,civitatis
790 752 958 795 Ulyssipo-

217 805 328 837 nensis
341 805 456 847 posito,
479 804 583 837 dictae
601 804 883 847 Congregationis,
900 806 956 839 de-

217 857 317 890 cimas
343 868 402 900 pro
439 858 595 890 fiuctibus
631 868 667 890 ex
701 868 814 891 eorum
850 859 955 891 hortis

217 920 273 942 seu
300 910 438 942 terrenis
475 910 664 943 huiusmodi
689 911 835 943 collectis
860 916 892 943 et
923 911 954 943 in

216 966 383 1004 posterum
407 962 601 1004 colligendis
636 962 768 1004 exigere
805 969 956 1006 praeten-

216 1015 309 1055 dunt,
335 1021 432 1057 atque
458 1015 542 1053 lites,
562 1025 644 1057 quae
669 1015 846 1048 etiamnum
875 1026 955 1059 pen-

216 1068 312 1107 dent,
340 1068 387 1100 eis
413 1069 553 1110 desuper
577 1075 767 1109 moverunt,
794 1079 833 1101 eo
854 1069 955 1111 potis-

214 1120 343 1160 simum,
367 1120 473 1163 quoad
499 1120 589 1152 illum
619 1121 657 1153 de
679 1120 838 1161 Carnide,
865 1121 953 1164 quod

214 1174 247 1204 in
273 1173 459 1205 memoratis
492 1173 789 1215 praedecessorum
826 1181 954 1207 nostro-

214 1236 285 1258 rum
311 1226 430 1259 litteris
457 1226 662 1268 dispositioni
688 1237 759 1269 cap.
786 1227 900 1271 Nuper
917 1228 955 1259 de

214 1279 348 1312 decimis
378 1280 570 1321 derogatum
596 1280 729 1312 minime
756 1281 873 1319 fuerit,
900 1287 954 1320 et,

215 1333 323 1376 quoad
349 1331 448 1365 alium
475 1332 614 1364 civitatis
640 1332 842 1375 Hispalensis
877 1344 954 1366 con-

213 1392 344 1418 ventum
370 1385 581 1428 praedictum,
608 1386 693 1427 quod
716 1386 851 1418 eaedem
867 1386 954 1419 litte-

212 1448 267 1471 rae
293 1438 492 1481 apostolicae
510 1437 679 1480 suffragari
703 1444 870 1481 nequeant
894 1449 953 1482 pro

212 1491 268 1524 illa
282 1493 350 1523 rata
363 1491 527 1523 fructuum
545 1501 629 1533 quae
647 1502 664 1523 a
684 1491 840 1524 fratribus
857 1502 953 1535 prae-

211 1544 283 1576 fatis
310 1544 475 1576 interdum
501 1543 663 1577 venditur.
691 1544 761 1586 Ipse
795 1555 872 1578 vero
897 1545 953 1577 Mi-

211 1597 305 1629 chael
344 1601 494 1629 neutram
530 1606 567 1628 ex
605 1596 655 1629 his
693 1597 950 1638 obiectionibus,

211 1649 338 1683 etiamsi
363 1649 402 1682 ad
441 1649 586 1681 tramites
623 1655 654 1681 et
690 1650 833 1691 rigorem
869 1650 951 1683 iuris

211 1703 384 1736 examinari
403 1713 439 1734 ac
456 1702 571 1734 discuti
586 1702 757 1743 deberent,
772 1704 952 1737 subsistere

209 1766 308 1798 posse
334 1765 392 1797 pro
418 1760 507 1787 certo
534 1759 644 1787 tenet:
668 1761 733 1787 tum
752 1756 825 1797 quia
850 1756 877 1788 si
898 1757 952 1789 ali-

209 1818 272 1851 qua
297 1808 403 1850 portio
428 1807 602 1846 fructuum,
619 1808 743 1840 olerum
765 1814 796 1840 et
813 1809 949 1842 aliarum

210 1871 326 1899 rerum,
353 1870 434 1903 quac
458 1866 634 1903 supersunt
659 1870 676 1892 a
701 1861 852 1893 fratribus
874 1862 950 1894 dicti

209 1913 412 1957 Hispalensis
441 1923 498 1945 seu
535 1912 674 1944 aliorum
700 1913 846 1947 eiusdem
871 1915 951 1948 Con-

208 1966 407 2010 gregationis
430 1970 649 1998 conventuum
675 1966 851 2006 vendatur,
877 1978 950 2010 pre-

210 2019 290 2050 tium
322 2018 399 2050 inde
432 2022 607 2050 retractum
638 2017 671 2050 in
697 2019 779 2050 alios
814 2029 892 2052 usus
919 2026 950 2053 et

209 2071 422 2103 necessitates
470 2071 616 2113 ipsorum
659 2077 876 2104 conventuum
918 2080 950 2107 et

211 2125 342 2156 fratrum
367 2124 472 2156 dictae
493 2123 782 2165 Congregationis,
816 2125 949 2158 horum-

211 2187 272 2219 que
297 2176 487 2208 alimoniam
504 2182 536 2208 et
553 2177 860 2217 substentationem,
883 2180 949 2220 qui-

209 2230 286 2269 bus,
310 2234 426 2272 utpote
457 2229 545 2261 bona
570 2233 659 2260 extra
684 2234 775 2271 septa
799 2231 948 2272 praefata

209 2281 399 2323 possidendi
423 2281 642 2323 incapacibus,
662 2281 756 2313 aliter
780 2283 947 2324 provideri

208 2334 332 2376 nequit,
370 2333 513 2366 converti
545 2338 576 2366 et
600 2334 727 2374 erogari
758 2335 946 2375 consuevit,

209 2387 356 2429 adeoque
383 2386 460 2419 dicti
485 2387 626 2425 fructus,
657 2387 712 2429 qui
739 2387 835 2419 etiam
872 2398 946 2419 ven-

209 2442 343 2479 duntur,
370 2439 484 2472 usibus
508 2440 657 2482 ipsorum
673 2444 892 2472 conventuum
917 2446 948 2473 et

209 2494 344 2526 fratrum
369 2502 501 2535 semper
526 2491 730 2524 deserviunt:
768 2497 834 2523 tum
872 2493 947 2535 quia

208 2556 393 2589 expressam
418 2544 663 2586 derogationem
692 2545 869 2587 supradicti
896 2556 945 2578 ca-

261 2608 341 2634 Ball.
364 2609 448 2635 Rom.
471 2622 504 2627 --
529 2607 590 2634 Vol.
612 2606 705 2633 XXII.
850 2607 884 2634 (55

806 180 1002 204 BENEDICTUS
1025 180 1084 203 xm
1108 180 1159 203 PP.

1639 170 1703 203 5113
1748 179 1796 204 An.
1820 178 1848 203 c.
1869 178 1935 205 ¹727

1002 227 1098 271 pituli
1121 227 1235 270 Nuper
1258 228 1296 261 de
1320 227 1473 268 decimis,
1500 233 1536 260 ut
1568 231 1740 260 enarratae

1002 280 1294 322 praedecessorum
1318 281 1448 314 litterae
1468 280 1580 314 Ordini
1605 285 1638 313 et
1662 279 1741 313 Con-

1002 333 1183 375 gregationi
1200 333 1354 376 praefatis
1383 333 1649 376 suffragarentur,
1665 342 1742 365 nus-

1001 395 1097 427 quam
1122 387 1162 419 de
1187 387 1258 419 iure
1289 387 1508 420 necessariam
1540 386 1640 419 fuisse
1677 386 1741 419 exi-

1001 437 1117 478 stimat,
1137 443 1176 478 et,
1196 444 1356 482 quatenus
1374 440 1471 473 etiam
1485 440 1541 472 illa
1558 439 1742 482 requirere-

1001 494 1061 528 tur,
1087 490 1162 522 satis
1187 497 1272 524 esset
1295 491 1381 534 quod
1406 492 1439 524 in
1463 492 1623 525 similibus
1644 493 1741 535 privi-

1000 543 1095 584 legiis
1120 548 1152 576 et
1177 545 1440 587 exemptionibus
1458 556 1476 578 a
1496 545 1638 585 decimis,
1660 557 1741 579 non-

1001 594 1100 627 nullis
1125 596 1196 628 aliis
1222 596 1396 629 Ordinibus
1429 607 1484 630 seu
1509 598 1666 631 institutis
1689 600 1740 632 vel

1000 647 1210 680 societatibus
1235 650 1441 690 regularibus
1462 651 1638 691 concessis,
1659 662 1741 694 quo-

1000 709 1071 731 rum
1106 701 1252 733 omnium
1285 703 1618 737 communicationem
1649 715 1740 737 reco-

1000 751 1116 784 lendae
1142 754 1318 786 memoriae
1343 754 1492 788 Clemens
1513 755 1587 795 VIII,
1606 757 1742 798 praede-

1000 814 1112 837 cessor
1135 805 1230 838 etiam
1255 812 1381 846 noster,
1406 808 1518 841 Ordini
1545 815 1577 842 et
1600 809 1741 852 Congre-

1000 856 1122 898 gationi
1168 859 1323 900 praefatis
1366 860 1528 900 indulsit,
1570 862 1738 904 derogatio

1000 909 1157 942 eiusmodi
1183 910 1304 943 diserte
1329 913 1481 955 opposita
1504 914 1639 956 legitur.

1042 962 1057 1004 ἓ
1081 961 1112 995 3.
1140 962 1218 995 Cum
1242 969 1350 996 autem
1386 965 1469 997 sicut
1493 967 1609 999 eadem
1644 977 1740 1010 expo·
1751 973 1934 1018 euspffemvpm'

998 1014 1072 1047 sitio
1090 1015 1326 1058 subiungebat,
1348 1017 1418 1060 ipse
1436 1018 1575 1052 Michael
1587 1046 1595 1059 ‚
1615 1030 1674 1062 pro
1692 1005 1855 1053 1‘e-r1ss12-orls
1871 1006 1934 1025 *⁸⁰⁶-

998 1066 1114 1108 ligiosa
1138 1067 1428 1111 Congregationis,
1455 1077 1677 1105 conventuum
1703 1083 1738 1106 ac

998 1119 1135 1152 fratrum
1151 1121 1397 1163 praedictorum
1415 1124 1663 1166 tranquillitate,
1684 1135 1738 1158 eo-

998 1182 1134 1214 rumque
1174 1173 1389 1208 indemnitate
1421 1186 1457 1208 ac
1489 1176 1686 1211 liberatione
1720 1189 1737 1211 a

997 1225 1256 1269 quibuscumque
1271 1227 1452 1270 dispendiis
1466 1229 1571 1262 litium
1591 1231 1738 1274 penden-

996 1276 1076 1309 tium
1102 1284 1134 1310 et
1160 1289 1243 1321 quae
1275 1290 1450 1322 progressu
1490 1283 1646 1325 temporis
1679 1285 1736 1316 ad·
1763 1278 1765 1280 ¹

996 1340 1105 1363 versus
1132 1341 1187 1364 eos
1213 1333 1347 1366 excitari
1373 1341 1525 1377 possent,
1557 1338 1737 1379 exemptio-

995 1393 1070 1415 nem
1096 1395 1113 1416 a
1138 1385 1302 1419 solutione
1328 1387 1529 1420 decimarum
1554 1390 1736 1432 praedicta-

995 1446 1077 1476 rum,
1097 1437 1153 1477 eis,
1176 1438 1259 1470 sicut
1278 1440 1514 1481 praemittitur,
1534 1452 1735 1484 concessam,

995 1499 1059 1531 quo
1085 1490 1208 1523 firmius
1241 1492 1399 1525 subsistat
1428 1504 1464 1526 ac
1489 1500 1638 1528 servetur
1663 1506 1737 1529 exa-

995 1542 1086 1581 ctius,
1113 1544 1311 1586 apostolicae
1336 1545 1596 1580 confirmationis
1616 1549 1737 1583 robore

995 1596 1206 1636 communiri,
1225 1608 1274 1637 ac,
1293 1600 1453 1641 quatenus
1471 1610 1554 1642 opus
1571 1601 1628 1642 sit,
1646 1602 1737 1635 inno-

995 1648 1072 1689 vari,
1092 1654 1123 1681 et
1143 1650 1183 1682 ad
1207 1651 1295 1683 bona
1320 1656 1383 1684 tam
1408 1652 1534 1695 primae
1561 1656 1735 1689 erectionis

995 1711 1092 1744 quam
1116 1707 1189 1745 post
1213 1703 1441 1737 fundationem
1465 1707 1627 1748 acquisita
1651 1709 1736 1742 intra

993 1764 1104 1787 muros
1150 1757 1340 1789 eorumdem
1376 1764 1594 1791 conventuum
1627 1762 1735 1793 consi-

990 1808 1120 1848 stentia,
1147 1809 1343 1852 illorumque
1370 1810 1502 1851 fructus,
1522 1812 1578 1854 qui
1595 1823 1613 1845 a
1639 1813 1734 1847 dictis

993 1861 1145 1893 fratribus
1170 1868 1416 1901 consumuntur,
1438 1868 1492 1895 aut
1509 1864 1672 1898 interdum
1695 1867 1734 1899 ad

993 1914 1253 1948 subveniendum
1269 1916 1340 1948 aliis
1354 1926 1470 1949 eorum
1485 1918 1734 1953 necessitatibus

993 1967 1190 2007 venduntur,
1215 1968 1346 2001 extendi
1360 1969 1537 2011 plurimum
1552 1971 1732 2005 desideret:

991 2019 1084 2052 nobis
1109 2026 1286 2063 propterea
1303 2021 1472 2054 humiliter
1491 2023 1671 2065 supplicari
1692 2025 1734 2058 fe-

992 2071 1035 2104 cit
1058 2077 1093 2104 ut
1116 2072 1150 2104 in
1185 2073 1373 2115 praemissis
1406 2080 1592 2116 opportune
1625 2076 1734 2118 provi-

992 2125 1069 2158 dere
1094 2131 1126 2157 et
1149 2130 1184 2158 ut
1207 2126 1291 2159 infra
1316 2125 1487 2169 indulgere
1519 2128 1558 2161 de
1583 2128 1733 2172 benigni-

993 2183 1055 2210 tate
1082 2178 1263 2220 apostolica
1282 2178 1506 2220 dignaremur.

1035 2230 1050 2272 ἓ
1082 2230 1113 2262 4.
1152 2230 1214 2263 Nos
1239 2231 1359 2273 igitur,
1386 2231 1531 2265 eiusdem
1566 2233 1734 2268 Michaelis
1765 2238 1928 2264 S¹¹1³¹¹si¹¹¹¹¹¹¹¹sss

1744 2265 1868 2290 praedictae
1907 2265 1928 2284 li·

991 2283 1073 2315 votis
1095 2283 1156 2315 hac
1181 2283 1214 2314 in
1241 2293 1296 2322 re,
1317 2289 1473 2325 quantum
1499 2295 1571 2317 cum
1596 2286 1732 2320 Domino
1744 2291 1929 2343 {giss'pssssgissssv's'fiss

990 2344 1173 2376 possumus,
1188 2335 1410 2368 favorabiliter
1425 2347 1579 2378 annuere,
1592 2349 1733 2382 eumque
1744 2343 1929 2389 {1⁰{0'ilfiffll'321'ssff

990 2387 1187 2430 specialibus
1213 2388 1374 2421 favoribus
1392 2394 1424 2421 et
1441 2390 1551 2432 gratiis
1575 2392 1732 2434 prosequi
1744 2395 1928 2442 ⁰335535233¹„“,¹,‘3,‘5‚¹,¹¹

990 2440 1146 2479 volentes,
1170 2444 1202 2472 et
1226 2451 1243 2472 a
1267 2440 1436 2483 quibusvis
1472 2430 1927 2494 excommunica-sssgfsssfihrnel55¹ffi¹ffis³

990 2492 1098 2532 tionis,
1113 2493 1337 2535 suspensionis
1354 2499 1385 2526 et
1400 2492 1575 2534 interdicti,
1594 2487 1926 2547 aliisqueffiffign‘extssn'⁴

990 2544 1218 2578 ecclesiasticis
1243 2546 1423 2586 sententiis,
1446 2549 1594 2581 censuris
1609 2555 1640 2582 et
1656 2560 1732 2592 poc-
