2170 3147
201 160 241 185 An
270 161 296 185 «1.
322 159 389 187 *7⁶25
435 150 498 184 0318

218 963 340 986 Charindas.

198 1764 309 1789 Dementia
322 1766 369 1793 tini—

183 1792 314 1818 bustumque
331 1793 367 1813 ol·-

183 1821 295 1840 εωυῑιυυ).

1000 165 1180 190 BULLARlL'M
1206 167 1360 192 ROMANUM

396 215 463 241 tute
490 215 620 243 sanctae
649 210 865 252 obedientiae,
892 223 928 245 ae
959 214 1019 246 sub
1055 214 1139 247 indi·
1181 215 1308 250 cialiter
1326 222 1355 250 et
1373 229 1525 261 expresse
1552 220 1764 264 derogamus3
1791 221 1923 254 ceteris-

396 263 557 304 gnationis
594 269 725 296 nostrae
755 265 894 309 aliisque
919 266 1055 300 arbitrio
1081 278 1140 301 no-

395 320 460 348 stro
482 315 690 358 imponendis
708 317 836 359 poenis,
855 318 1007 352 omnibus
1025 325 1057 352 et
1074 320 1138 353 sin·

393 367 478 409 gulis
497 368 682 411 praedictae
696 370 885 412 provinciae
903 373 1138 415 superioribus,

394 421 549 453 tratribus
568 426 600 454 et
616 423 780 465 personis,
796 425 981 468 ceterisque
1003 427 1042 460 ad
1061 438 1140 470 quos

393 479 517 516 spectat
543 480 570 507 et
605 475 765 517 spectabit
789 476 821 509 in
848 477 999 519 futurum,
1027 485 1062 512 ut
1087 491 1140 513 su-

392 527 557 569 pradictos
594 527 747 561 loannem
785 536 816 562 et
851 531 1058 565 Leonardum
1099 535 1138 568 ad

393 579 499 613 officia
526 580 571 613 eis
598 582 779 624 respective
805 593 862 626 per
888 585 1020 618 easdem
1046 597 1139 629 prae-

392 637 500 666 sentes
537 634 733 667 demandata
768 635 961 680 illorumque
997 638 1137 672 liberum

391 686 582 720 exercitium
608 688 769 731 recipiant
794 694 822 721 et
844 690 1025 732 admittant,
1052 692 1139 726 illos-

390 751 452 783 que
489 747 737 784 recognoscant,
764 743 890 787 eisque,
916 744 949 776 in
985 745 1136 779 omnibus

389 804 472 837 quae
498 794 537 827 ad
564 794 669 828 officia
693 795 861 838 praedicta
885 798 1061 840 pertinent,
1083 810 1138 842 pa-

389 853 484 880 reant
516 853 546 882 et
581 848 748 890 obediant,
783 849 979 895 faveantque
1005 857 1036 885 et
1061 853 1138 886 assi-

388 907 472 934 stant
496 902 688 945 respective.

432 955 446 999 ξ
471 955 503 988 -ἒ,
524 956 568 988 Ae
586 956 814 997 decernentes,
831 957 919 1001 ipsas
941 965 1134 1001 praesentes

386 1009 513 1042 litteras
540 1009 660 1050 firmas,
686 1010 807 1043 validas
833 1016 864 1044 et
890 1011 1035 1045 efficaces
1069 1013 1133 1046 exi-

386 1068 471 1095 stere
498 1067 531 1095 et
555 1062 637 1103 sore,
663 1073 804 1106 suosque
830 1065 1001 1107 plenarios
1031 1071 1062 1099 et
1087 1066 1135 1099 in-

386 1121 495 1158 tegros
522 1115 654 1148 effeetus
680 1116 790 1149 sortiri
827 1122 858 1149 et
893 1118 1052 1159 obtinere,
1080 1119 1130 1152 di-

384 1169 510 1212 ctisque
536 1169 647 1202 loanni
674 1174 706 1202 et
734 1170 916 1211 Leonardo‚
935 1182 970 1204 ac
996 1172 1073 1212 illis,
1093 1173 1132 1206 ad

384 1233 463 1266 quos
490 1228 617 1266 spectat
641 1228 673 1256 et
697 1233 756 1266 pro
783 1228 929 1267 tempore
962 1226 1130 1268 spectabit,

383 1275 413 1308 in
441 1275 593 1308 omnibus
631 1281 662 1308 et
699 1287 758 1319 per
793 1277 903 1310 omnia
938 1278 1130 1320 plenissime

382 1328 561 1371 suffragari,
582 1334 613 1362 et
630 1330 669 1362 ab
689 1330 734 1362 eis
752 1330 935 1373 respective
956 1330 1128 1365 inviolabi-

382 1382 458 1415 liter
477 1383 655 1423 observari,
675 1383 787 1426 sicque
805 1385 837 1417 in
859 1385 1051 1427 praemissis
1068 1396 1130 1429 per

383 1447 604 1480 quoscumque
631 1436 755 1469 iudices
782 1437 965 1471 ordinarios
992 1443 1024 1471 et
1042 1439 1129 1472 dele-

383 1496 485 1532 gatos,
504 1490 600 1522 etiam
628 1500 801 1523 causarum
822 1491 933 1534 palatii
953 1493 1127 1535 apostolici

381 1544 557 1583 auditores,
580 1543 716 1576 iudicari
737 1548 768 1577 et
784 1543 914 1577 definiri
942 1545 1073 1587 debere,
1093 1557 1128 1579 ac

381 1597 508 1630 irritum
539 1603 570 1630 et
597 1597 691 1630 inane
720 1598 746 1631 si
775 1608 870 1630 secus
902 1609 1001 1641 super
1035 1600 1085 1632 liis
1111 1611 1128 1632 a

382 1661 572 1693 quoquam,
600 1650 712 1693 quavis
740 1651 958 1692 auctoritate⁷
985 1652 1128 1686 scienter

379 1705 428 1737 vel
458 1704 666 1747 ignoranter,
693 1704 870 1747 contigerit
895 1706 1058 1739 attentari.

423 1758 437 1800 ξ
464 1757 494 1790 5.
522 1757 591 1790 Non
617 1758 823 1791 obstantibus
854 1759 1064 1802 praemissis,
1091 1771 1127 1793 ac

379 1811 669 1851 Constitutionibus
695 1818 727 1845 et
752 1813 1016 1846 ordinationibus
1049 1825 1127 1858 apo-

378 1864 512 1905 stolicis,
539 1876 680 1906 necnon,
710 1871 871 1909 quatenus
896 1877 978 1910 opus
1005 1868 1055 1908 sit,
1073 1868 1127 1900 Or-

378 1918 462 1951 dinis
484 1924 514 1951 et
532 1919 720 1962 provinciae
739 1932 775 1953 ac
797 1926 1015 1954 conventuum
1032 1932 1126 1965 prae-

378 1972 550 2011 dictorum,
588 1973 684 2006 etiam
725 1973 918 2015 iuramento,
955 1975 1147 2008 confirma-1

378 2025 467 2058 tione
487 2026 676 2069 apostolica,
694 2028 743 2059 vel
763 2027 874 2070 quavis
894 2027 1044 2061 firmitate
1064 2029 1125 2062 alia

377 2077 550 2119 roboratis,
582 2079 708 2112 statutis
741 2087 772 2113 et
804 2081 1122 2123 consuctrulinibm,

375 2132 555 2175 privilegiis
593 2144 733 2176 quoque,
765 2134 900 2167 indultis
938 2141 968 2168 et
1004 2135 1122 2168 litteris

374 2186 559 2227 apostolicis
586 2186 617 2218 in
644 2187 842 2219 eontrarium
869 2188 1121 2231 praemissorum

374 2239 622 2280 quomodolibet
656 2240 834 2280 concessis,
860 2240 1059 2274 confirmatis
1092 2247 1143 2275 et,

374 2291 557 2332 innovatis;
590 2292 707 2335 quibus
732 2293 886 2326 omnibus
913 2299 944 2327 et
970 2294 1121 2337 singulis,

373 2344 505 2377 illorum
534 2350 664 2378 tenores
691 2347 921 2389 praesentibus
948 2357 1005 2390 pro
1023 2348 1120 2391 plene

374 2404 405 2430 et
431 2397 630 2431 sufficienter
656 2401 816 2442 expressis
843 2411 879 2434 ac
902 2401 941 2434 de
963 2401 1062 2434 verbo
1081 2401 1119 2434 ad

372 2450 503 2482 verbum
531 2450 661 2483 insertis
688 2444 861 2493 babentes,
891 2454 955 2486 illis
981 2454 1060 2486 alias
1088 2455 1119 2486 in

371 2513 427 2535 suo
456 2504 572 2536 robore
599 2506 836 2547 permansuris,
863 2507 901 2540 ad
927 2507 1119 2550 praemisso-

371 2566 440 2589 rum
463 2555 624 2599 etl‘eetum,
653 2557 714 2592 hae
740 2558 808 2592 viee
843 2559 1019 2602 dumtaxat,
1046 2571 1117 2604 spe-

1182 279 1245 311 que
1271 271 1442 304 contrariis
1467 273 1739 318 quibuscumque.

1929 173 1979 200 An.
2002 175 2030 201 C.
2049 175 2117 205 4725

1226 322 1241 365 g
1266 322 1296 355 6.
1326 323 1480 358 Volumus
1510 332 1616 360 autem
1655 327 1708 359 ut¹
1735 329 1921 362 earumdem
1934 342 2117 365 Fidesadhtben.

1183 377 1402 418 praesentium
1425 379 1607 413 litterarum
1630 383 1923 425 t1·ansun·ptis,seu

1183 430 1349 473 exemplis,
1369 431 1466 465 etiam
1488 432 1670 476 impressis,
1691 440 1750 467 etc.
1769 434 1789 468 ².

1227 482 1340 516 Datum
1366 484 1497 525 Romae,
1525 487 1610 529 apud
1637 486 1668 519 S.
1697 487 1838 528 Petrum,
1864 489 1923 522 sub

1183 538 1303 570 annulo
1318 538 1506 579 Piscator-is,
1523 539 1574 572 die
1592 550 1648 573 xxv
1668 540 1747 573 iunii
1765 552 1923 584 iiiimxxv,

1182 590 1385 633 pontificatus
1413 592 1515 624 nostri
1541 603 1625 626 anno
1651 604 1686 627 ιι.

1217 653 1278 680 Dat.
1296 653 1338 681 die
1358 654 1392 682 25
1413 655 1478 681 iunii
1502 655 1579 688 1725,
1602 656 1696 691 pontis.
1717 665 1788 685 anno
1808 664 1838 685 11.

1490 772 1607 805 LXXX.

1180 840 1376 874 Declaratur
1402 841 1487 875 Ordo
1512 843 1551 875 B.
1581 843 1624 876 M.
1658 843 1691 877 V.
1719 845 1758 877 de
1781 844 1925 879 Mercede

1224 894 1456 938 redemptionis
1480 896 1680 939 captivorum
1715 902 1750 931 ut
1775 908 1861 932 unus
1885 909 1924 932 em

1226 947 1388 981 Ordinum
1415 948 1675 983 mendicantium
1690 950 1710 983 ¹.

1365 1020 1545 1048 Benedictus
1564 1021 1737 1056 Episcopus,

1355 1072 1463 1092 servus
1493 1073 1648 1093 servorum
1678 1067 1740 1102 Dei,

1293 1108 1329 1135 ad
1349 1113 1529 1143 perpetuam
1549 1111 1594 1138 rei
1615 1112 1801 1140 memoriam.

1227 1171 1379 1204 AEternus
1415 1173 1536 1205 aeterni
1572 1173 1676 1207 Patris
1710 1174 1796 1208 filius
1832 1175 1921 1210 lesus

1175 1223 1325 1257 Christus
1354 1225 1544 1269 redemptor
1563 1233 1684 1267 noster,
1703 1234 1734 1261 et
1751 1239 1811 1272 pro
1828 1230 1922 1264 nobis

1175 1287 1192 1309 a
1214 1283 1371 1311 vetustate
1397 1279 1520 1321 peccati
1546 1280 1711 1314 servitutis
1736 1281 1812 1324 iugo
1837 1283 1922 1317 redi-

1173 1330 1299 1363 mendis
1325 1326 1595 1374 pretiosissimum
1614 1333 1713 1366 divini
1732 1335 1779 1368 sui
1798 1336 1922 1370 cruoris

1150 1381 1152 1387 '
1174 1384 1364 1417 thesaurum
1397 1385 1428 1417 in
1463 1387 1516 1418 ara
1545 1386 1651 1419 erneis
1676 1387 1864 1431 effundere,
1890 1396 1922 1423 et

1173 1438 1331 1480 captivam
1356 1438 1389 1470 in
1415 1439 1540 1472 eaelum
1566 1445 1714 1474 nostram
1737 1441 1857 1476 ducere
1879 1443 1923 1476 di-

1173 1497 1287 1534 gnatus
1325 1491 1558 1535 captivitatem,
1597 1504 1679 1537 quos
1717 1494 1787 1538 ipse
1825 1506 1923 1540 super

1934 369 1961 390 da
1971 372 2117 397 transumptis.

1960 1190 2103 1213 Prooemium.

1173 1549 1279 1577 tantae
1305 1555 1381 1577 suae
1404 1545 1571 1579 charitatis
1596 1547 1802 1582 constituens
1830 1560 1922 1594 opus,
1968 1595 1971 1597 -

1172 1598 1348 1641 praecipuo
1375 1598 1503 1633 bonore
1521 1606 1552 1633 et
1568 1601 1672 1643 gloria
1690 1608 1863 1637 coronatos
1887 1604 1920 1638 in

1172 1652 1292 1691 caelis,
1319 1652 1466 1685 coronari
1491 1654 1595 1686 voluit
1628 1659 1659 1687 et
1685 1654 1716 1687 in
1746 1656 1838 1689 terris
1855 1684 1862 1697 ,
1887 1663 1922 1690 ut

1171 1704 1311 1737 mundus
1336 1705 1534 1748 intelligeret.
1560 1707 1670 1750 operis
1704 1709 1896 1752 dignitatem
1913 1737 1921 1751 ‚

1171 1768 1305 1802 eamque
1331 1769 1390 1802 per
1415 1759 1607 1803 condignam
1628 1763 1787 1795 mercedis
1813 1764 1921 1807 eopio-

1170 1811 1297 1845 sitatem
1323 1819 1581 1856 prosequeretur
1607 1815 1638 1848 in
1665 1815 1733 1849 illo.
1759 1816 1842 1850 Hine
1872 1824 1919 1852 est

1170 1866 1255 1908 quod
1283 1876 1353 1906 nos,
1379 1867 1433 1910 qui
1460 1873 1521 1900 tam
1548 1868 1761 1902 amantissimi
1782 1870 1920 1904 Redem-

1169 1919 1420 1961 ptor-is‚smnma
1447 1921 1515 1953 eius
1541 1921 1587 1954 sic
1614 1922 1808 1966 disponente
1827 1924 1920 1958 boni-

1171 1978 1243 2013 tate,
1261 1973 1347 2006 vices
1373 1974 1515 2017 gerimus
1542 1975 1574 2008 in
1601 1976 1725 2009 eisdem
1748 1977 1855 2018 terris,
1878 1978 1917 2012 ad

1168 2027 1425 2069 promovendam
1453 2029 1620 2062 hominurn
1647 2030 1916 2074 redemptionem,

1168 2090 1232 2123 quo
1259 2086 1387 2114 nostrae
1414 2093 1449 2114 ex
1477 2083 1542 2115 alto
1568 2083 1762 2116 conceditur
1787 2083 1918 2118 infirmi·

1169 2133 1235 2173 tati,
1254 2144 1311 2167 suo
1340 2135 1467 2168 assidue
1493 2135 1524 2168 in
1547 2136 1644 2170 eorde
1671 2142 1782 2170 nostro
1802 2148 1918 2181 provo-

1143 2184 1144 2187 ’
1166 2197 1279 2220 camur
1297 2190 1448 2232 exemplo
1467 2190 1686 2232 (attendentes
1713 2191 1814 2234 quod,
1831 2197 1918 2235 post-

1165 2250 1260 2282 quam
1288 2241 1420 2283 plurimi
1447 2241 1582 2275 Romani
1616 2243 1789 2276 Pontifices
1822 2255 1916 2287 prae-

1166 2293 1359 2326 decessores
1396 2295 1496 2327 nostri
1523 2295 1554 2327 in
1581 2295 1718 2329 dilectos
1745 2296 1829 2331 filios
1855 2297 1915 2331 sra-

1203 2392 1209 2416 t
1236 2391 1402 2418 Particulam
1424 2395 1454 2419 ut
1476 2400 1523 2419 nos
1544 2392 1669 2419 addimus
1691 2397 1726 2427 (a.
1744 2394 1793 2424 T.)-

1199 2436 1214 2461 ⁰2
1236 2435 1351 2470 Reliqua
1367 2440 1395 2463 ut
1410 2445 1471 2471 pag.
1491 2438 1523 2463 72
1540 2438 1555 2463 b
1569 2442 1609 2469 (R.
1625 2438 1674 2471 T.).

1198 2480 1214 2505 3
1234 2480 1274 2506 De
1295 2480 1444 2515 piivitegiis
1472 2480 1552 2507 huius
1572 2481 1678 2508 Ordinis
1706 2482 1766 2509 vide
1786 2483 1906 2510 Alexan-

1162 2522 1202 2550 dri
1219 2523 1275 2550 Vlll
1292 2529 1377 2552 const.
1404 2525 1469 2552 edit.
1488 2532 1582 2559 tinem,
1599 2525 1642 2552 die
1667 2526 1702 2552 215
1725 2527 1764 2562 (⁹21
1778 2527 1800 2561 ⁶2)
1825 2527 1884 2554 iulii
1898 2549 1904 2561 ‚

1162 2567 1257 2604 pontis.
1272 2576 1289 2595 Ι.
