2170 3147
229 208 278 235 An.
295 207 324 233 e.
347 207 415 233 mes
462 198 527 231 602

255 271 376 290 Clau-ntae,

304 904 416 927 Deruentio

312 937 349 949 ιἰιιι
364 937 375 950 ιι

236 1329 298 1349 Fides
319 1329 418 1358 halin-inlu

239 1359 381 1381 transumptis.

467 256 482 299 ἓ
508 256 539 289 3.
566 255 683 298 Sieque
711 260 744 288 et
768 264 831 288 non
849 255 944 288 aliter
960 255 992 287 in
1011 255 1169 298 praemis-

424 308 466 341 sis
496 318 555 351 per
580 318 805 351 quoscumque
835 308 959 341 iudices
985 307 1169 341 ordinarios

425 366 456 393 et
493 362 680 403 delegatos,
719 361 818 393 etiam
856 371 1024 394 causarum
1057 361 1168 404 palatii

425 414 593 457 apostolici
620 413 798 453 auditores,
824 424 860 446 ac
885 414 1027 447 ciusdem
1054 413 1167 447 S.R.E.

425 466 623 507 cardinales,
650 466 747 499 etiam
778 466 816 499 de
842 467 945 500 latere
971 468 1113 509 legato&
1140 471 1168 499 ct

426 519 625 563 apostolicae
660 519 751 552 Sedis
776 521 937 561 nuncios,
964 521 1091 553 sublata
1124 520 1169 554 eis

426 578 458 606 et
482 584 593 606 eorum
612 573 747 607 cuilibet
765 574 877 617 quavis
895 575 990 608 aliter
1007 574 1169 608 iudicandi

427 631 459 658 et
484 626 724 669 interpretandi
743 626 894 660 facultate
913 632 944 661 et
965 627 1170 667 auctoritate,

425 679 562 712 iudicari
588 684 618 712 et
655 678 783 713 definiri
812 680 950 722 debere,
979 691 1015 714 ae
1041 681 1170 714 irritum

426 737 458 764 ct
484 733 580 766 inane
607 733 630 765 si
651 743 746 766 secus
766 743 862 777 super
880 734 931 767 his
957 745 972 767 a
994 744 1170 778 quoquam,

427 786 538 829 quavis
557 786 762 827 auctoritate,
790 787 934 820 scienter
951 788 1000 821 vel
1022 788 1173 831 ignoran-

428 846 496 880 ter,
523 841 699 884 contigerit
721 842 891 882 attentari,
916 842 1133 875 derernimus.

472 893 544 936 gli.
579 893 648 927 Non
683 894 888 927 obstantibus
921 895 1109 938 apostolicis
1138 906 1173 928 ac

379 938 397 951 '¹'
428 946 459 979 in
500 947 741 981 universalibus
782 947 1102 992 provincialibusque
1143 953 1175 981 et

430 999 642 1043 synodalibus
663 1000 808 1034 conciliis
826 1001 936 1039 editis,
964 1001 1173 1043 generalibus

430 1054 478 1086 vel
506 1053 723 1096 specialibus,
749 1055 1038 1087 constitutionibus
1067 1060 1099 1087 et
1123 1065 1174 1088 or-

429 1106 654 1139 dinationibus
673 1134 680 1147 ,
716 1117 867 1147 necnon,
896 1112 1056 1150 quatenus
1092 1118 1174 1150 opus

429 1159 483 1199 sit,
510 1160 696 1203 praedictae
722 1160 906 1200 Societatis,
934 1161 1089 1204 illiusque
1112 1162 1175 1194 col-

429 1213 588 1255 legiorum
616 1219 646 1246 et.
679 1214 873 1254 domorum,
900 1215 1012 1247 aliisve
1039 1214 1176 1258 quibus-

429 1265 495 1304 vis,
523 1266 620 1299 etiam
647 1266 851 1305 iuramento,
877 1267 960 1300 etc.³

474 1320 488 1362 ξ
514 1319 546 1352 5.
573 1319 727 1352 Volumus
746 1325 870 1359 antem,
896 1325 931 1352 ut
950 1319 1175 1363 praesentium

430 1372 613 1405 litterarum
653 1372 887 1416 transumptis,
919 1383 974 1406 seu
1006 1373 1174 1416 exemplis,

432 1424 527 1458 etiam
554 1425 734 1469 impressis,
768 1436 864 1458 manu
891 1426 1028 1459 alicuius
1055 1426 1177 1459 notarii

432 1477 555 1521 publici
584 1479 633 1512 vel
660 1479 827 1512 secretarii
864 1479 970 1512 dictae
1007 1479 1177 1513 Societatis

433 1532 638 1575 subscriptis,
655 1537 686 1565 et
699 1532 806 1575 sigillo
820 1533 999 1576 praepositi
1016 1532 1179 1576 generalis

434 1586 581 1619 eiusdem
599 1586 772 1620 Societatis
790 1597 847 1619 seu
866 1587 999 1620 alterius
1018 1597 1179 1630 personae

433 1639 466 1671 in
488 1640 708 1673 ecelesiastica
726 1640 884 1683 dignitate
900 1640 1097 1673 constitutae
1117 1650 1180 1672 mu-

434 1692 531 1733 nitis,
561 1693 674 1726 eadem
702 1703 834 1736 prorsus
860 1692 939 1726 fides
958 1694 990 1725 in
1009 1693 1131 1725 iudicio
1151 1698 1181 1725 et

435 1750 526 1778 extra
566 1746 784 1787 adhibeatur,
826 1756 908 1789 quae
949 1746 1180 1789 praesentibus

436 1798 515 1840 ipsis
556 1798 772 1832 adhiberetur
809 1799 835 1831 si
872 1800 978 1832 forent
1015 1798 1180 1831 exhibitae

436 1852 485 1883 vel
512 1857 674 1884 ostensae.

481 1905 594 1938 Datum
622 1905 756 1946 Romae,
784 1906 870 1949 apud
897 1906 928 1939 S.
958 1907 1100 1945 Petrum,
1121 1905 1181 1938 sub

438 1960 559 1992 annulo
574 1959 760 2000 piscatoris,
771 1960 823 1993 die
838 1970 880 1993 xn
895 1960 972 1992 iunii
985 1969 1181 2000 nocexxvui,

437 2012 643 2055 pontificatus
670 2013 774 2046 nostri
800 2024 886 2046 anno
912 2024 941 2046 v.

474 2073 533 2099 Dat⁴
557 2074 600 2100 die
625 2075 652 2100 te
674 2074 739 2100 iunii
763 2075 839 2107 1728,
862 2075 958 2109 pontif.
981 2083 1051 2102 anno
1072 2082 1097 2102 v.

730 2247 885 2280 CthXlX.

445 2335 664 2376 Confirmatio*
681 2335 840 2367 ‹tecrezmn
861 2334 999 2378 capituli
1023 2334 1185 2377 gyeneralis

490 2387 624 2420 Ordinis
633 2388 882 2422 Ccomelitarum
895 2389 1182 2429 Discalceatormn,

489 2450 552 2482 qno
566 2451 755 2483 responsum
769 2446 811 2474 rs(
828 2442 926 2474 laicos
939 2452 993 2475 seu
1007 2452 1183 2482 conversos,

490 2493 628 2525 «tenatos
646 2498 858 2536 nunrnpatos,
873 2494 1017 2527 ciusdem
1033 2494 1181 2534 Ordinis,

485 2610 491 2632 1
519 2609 547 2630 tt
571 2616 648 2641 supr«
672 2615 720 2642 pag
754 2608 798 2633 »ΓΗ
824 2618 838 2633 υ
862 2615 897 2636 Χι’..
920 2610 965 2635 illr

1007 203 1189 230 ntJLLAan
1212 204 1368 230 ROMANUM

1958 205 2008 233 An,
2025 206 2054 233 c.
2075 194 2138 236 17253

1257 255 1358 287 teneri
1383 255 1449 287 und
1473 263 1546 287 cum
1562 254 1724 298 reliyiosis
1744 254 1894 288 choristis
1911 252 1954 287 acl

1257 307 1369 340 omnia
1393 308 1596 341 humilitatis
1621 307 1737 350 officia,
1756 318 1828 340 cum
1852 306 1955 340 decla-

1258 361 1386 394 ratione
1400 361 1421 394 ¹.

1390 447 1572 474 Benedictus
1594 447 1675 480 Papa
1694 446 1778 478 XIII,

1359 493 1396 519 ad
1411 492 1549 519 futuram
1568 492 1615 519 rei
1631 491 1818 519 memoriam.

1260 572 1274 615 ἓ
1292 572 1322 604 l.
1343 571 1467 615 Exponi
1486 571 1580 605 nobis
1604 581 1710 615 nuper
1727 570 1802 604 fecit
1820 569 1957 604 dilectus
1969 585 2145 638 praedxetgomffl

1216 625 1300 659 tilius
1331 626 1509 659 modernus
1547 624 1758 668 praepositus
1795 623 2072 667 generalismtentm
2116 642 2146 662 οη

1215 678 1483 722 Congregationis
1518 677 1627 712 Italiae
1664 678 1799 711 fratrum
1831 676 1955 710 Discal-
1968 666 2146 719 {giffie‘iffligigl

1216 738 1381 766 ceatorum
1418 731 1546 764 Ordinis
1581 731 1615 764 B.
1647 731 1763 765 Mariae
1789 731 1828 764 de
1854 721 2147 776 Illonteffriffignigiii:

1217 786 1374 826 Carmelo,
1393 785 1478 829 quod
1504 784 1591 825 laici,
1611 794 1667 817 seu
1693 783 1855 824 conversi,
1874 773 2148 825 coni-{ffllsfiflt¹²⁰¹'‘⁶‘

1217 840 1359 873 munitor
1386 839 1497 872 donati
1523 838 1721 883 nuncupati,
1749 838 1854 871 dietae
1879 837 1961 871 Con-

1218 892 1431 936 gregationis,
1459 892 1547 925 cibos
1574 902 1706 925 mensae
1732 891 1900 935 imponere
1931 895 1962 923 et

1218 945 1403 989 promiscue
1430 947 1492 978 una
1518 956 1589 978 cum
1615 944 1776 988 religiosis
1806 943 1960 978 choristis

1219 1000 1257 1032 ad
1284 999 1393 1033 omnia
1417 999 1480 1032 alia
1506 999 1699 1032 humilitatis
1725 998 1830 1032 officia
1847 998 1962 1031 domus

1219 1053 1379 1096 regularis
1406 1063 1537 1096 operam
1566 1052 1714 1086 conferre
1739 1062 1809 1085 sese
1829 1051 1962 1084 minime

1221 1107 1325 1139 teneri
1353 1106 1618 1149 praetendentes,
1643 1105 1733 1139 litem
1752 1115 1862 1139 coram
1881 1104 1963 1138 Con-

1219 1159 1411 1202 gregatione
1430 1159 1664 1192 venerabilium
1687 1159 1823 1191 fratrum
1839 1163 1963 1191 nostro-

1221 1224 1292 1246 rnm
1323 1213 1354 1246 S.
1383 1213 1420 1246 R.
1446 1213 1480 1245 E.
1516 1213 1730 1246 cardinalium
1760 1212 1899 1255 negotiis
1931 1216 1963 1244 et

1220 1266 1515 1299 consultationibus
1554 1267 1785 1309 episcoporum
1819 1270 1851 1298 et
1875 1275 1964 1308 regu-

1221 1320 1336 1352 larium
1363 1319 1547 1362 praeposita
1573 1319 1787 1359 intentarunt,
1814 1323 1845 1351 et
1869 1318 1901 1350 in
1927 1318 1965 1350 eft

1222 1373 1336 1406 iterato
1355 1375 1451 1406 causa
1472 1372 1673 1416 praeposita,
1692 1371 1854 1405 emanavit
1874 1382 1965 1404 reso-

1222 1426 1314 1467 lutio,
1334 1431 1369 1458 ut
1385 1431 1493 1459 votum
1520 1425 1653 1469 capituli
1679 1424 1853 1467 generalis,
1879 1424 1966 1457 iuxta

1222 1479 1455 1512 instructiones
1472 1506 1479 1520 ,
1508 1479 1754 1522 exquireretur,
1781 1483 1812 1510 et
1836 1476 1965 1510 interim

1223 1533 1324 1565 dictos
1351 1533 1488 1565 donatos
1521 1531 1622 1564 teneri
1648 1532 1688 1564 ad
1713 1531 1883 1565 arbitrium
1914 1540 1965 1563 su-

1223 1585 1384 1629 perioris,
1412 1585 1571 1628 lectisque
1607 1584 1744 1628 proinde
1771 1589 1803 1617 et
1826 1593 1886 1627 per
1917 1593 1966 1616 ca-

1224 1639 1380 1682 pitulares
1406 1637 1675 1671 instructionibus
1705 1637 1891 1670 huiusmodi
1916 1647 1966 1669 au-

1224 1691 1320 1729 ditis,
1357 1691 1419 1734 ipsi
1455 1691 1619 1724 decretum
1647 1690 1822 1723 ediderunt
1845 1688 1966 1723 tenoris

1224 1745 1276 1787 qui
1304 1745 1461 1788 sequitur,
1489 1745 1660 1778 videlicet:

1265 1807 1303 1837 Ex·
1327 1807 1400 1837 actis
1419 1807 1539 1846 capituli
1557 1807 1649 1836 nostri
1665 1806 1810 1844 generalis
1828 1805 1966 1836 celebrati
1990 1824 2005 1843 Α
2021 1827 2063 1849 quo
2073 1826 2155 1848 mm.

1225 1857 1253 1885 in
1277 1860 1421 1885 conventu
1445 1859 1544 1885 nostro
1566 1855 1595 1886 S.
1620 1855 1713 1885 Caroli
1732 1854 1897 1893 Mediolani,
1921 1854 1967 1884 die
1977 1849 2154 1902 {ffivguggrgfflff

1226 1913 1271 1934 xvi
1295 1904 1396 1944 aprilis
1420 1913 1610 1942 notzcxan„
1644 1904 1774 1934 sessione
1797 1912 1849 1941 xv,
1873 1906 2025 1933 matu-⁵2⁰⁵
2044 1902 2156 1924 decretum.

1227 1954 1288 1983 tine
1310 1954 1357 1983 die
1381 1962 1448 1983 xxnt
1472 1954 1585 1992 aprilis.
1612 1971 1645 1974 —
1673 1953 1744 1983 Cum
1771 1953 1806 1983 de
1829 1952 1967 1983 mandato

1225 2012 1325 2033 sacrae
1347 2003 1591 2041 Congregationis
1614 2003 1818 2042 episcoporum
1838 2006 1867 2032 et
1883 2011 1968 2040 regu-

1227 2052 1331 2081 larium
1366 2056 1500 2081 teneatur
1533 2051 1694 2090 capitulum
1727 2050 1863 2089 generale
1898 2050 1968 2080 dare

1227 2110 1310 2130 sunm
1335 2105 1432 2130 votum
1466 2101 1495 2130 in
1524 2102 1610 2129 causa
1634 2101 1754 2130 fratrum
1782 2100 1967 2136 donatorum,

1228 2150 1410 2189 propositum
1434 2150 1487 2179 fuit
1510 2149 1677 2179 reverendis
1705 2148 1835 2188 patribus
1857 2148 1969 2188 capitu-

1227 2199 1337 2229 laribus
1361 2199 1389 2229 in
1413 2199 1540 2238 capitulo
1563 2199 1692 2237 generali
1719 2197 1915 2236 congregatis,
1931 2207 1968 2227 an

1227 2257 1259 2277 ex
1278 2248 1303 2277 vi
1326 2252 1494 2278 nostrarum
1517 2248 1613 2285 legum
1636 2251 1774 2276 censeant
1798 2246 1891 2277 teneri
1913 2246 1969 2276 fra-

1229 2300 1286 2327 tres
1319 2297 1442 2327 donatos
1475 2306 1612 2327 exercere
1645 2296 1738 2326 officia
1775 2296 1967 2333 humilitatis,

1230 2346 1350 2376 terseris
1387 2346 1574 2376 scutellarum
1609 2350 1636 2376 et
1672 2345 1823 2376 servitoris
1859 2345 1968 2384 primae

1230 2404 1359 2432 mensae,
1378 2395 1462 2425 sicuti
1486 2399 1624 2425 exercent
1646 2394 1736 2424 ceteri
1759 2394 1887 2432 religiosi
1901 2394 1969 2424 cbo-

1229 2445 1319 2474 ristae
1341 2444 1428 2474 etiam
1449 2444 1624 2474 sacerdotes.
1645 2444 1827 2482 Responsum
1851 2442 1905 2473 fuit
1925 2444 1968 2481 as-

1228 2494 1362 2532 (irnmlive
1393 2502 1443 2532 per
1475 2497 1588 2523 secreta
1616 2492 1752 2531 suffragia
1786 2501 1850 2523 cum
1884 2491 1969 2531 quin-

1266 2565 1275 2589 1
1302 2563 1355 2590 Hac
1372 2563 1405 2590 de
1427 2572 1455 2589 re
1472 2563 1531 2589 vide
1551 2563 1632 2589 etiam
1653 2562 1800 2589 Clementis
1821 2561 1865 2588 Xll
1881 2564 1965 2588 const.

1229 2608 1271 2635 cd.
1295 2614 1435 2638 iinccxxxt,
1457 2607 1500 2633 die
1523 2614 1565 2633 xiii
1588 2607 1685 2640 martii,
1708 2606 1799 2641 pontis.
1821 2612 1836 2632 1.
