2170 3147
0 244 13 260 ι.
28 231 57 260 C.
78 231 145 258 1728

157 285 203 312 tes
227 279 324 313 Alias
347 284 538 323 postquam,
566 279 649 322 apud
682 278 714 311 S.
742 278 891 317 Petrum,

156 333 206 367 die
219 343 295 367 xxtu
310 333 455 372 ianuarii,
473 332 680 376 pontificatus
697 332 743 364 sui
760 342 845 364 anuo
861 342 890 371 v,

155 395 191 418 ac
215 385 292 418 alias
324 385 517 429 incipientes
551 384 711 428 Splendor
741 389 894 427 paternae

153 438 286 481 sslortae,
312 438 406 471 etiam
433 438 516 481 apud
542 438 571 470 S.
591 438 727 476 Petrum,
747 438 797 470 (lic
820 448 827 470 1
856 438 893 469 fe-

153 491 285 531 bruarii,
302 490 508 534 pontificatus
524 491 572 523 sui
588 501 674 523 anno
694 501 740 527 vi,
759 501 796 522 ac
814 490 891 522 alias

154 543 344 586 incipientes
381 543 493 587 Nuper
517 554 535 576 a
570 543 662 575 nobis
697 547 893 576 emanarunt

156 596 306 637 litterae,
335 597 418 640 apud
444 597 475 629 S.
503 596 631 629 Mariam
657 596 822 634 Maiorem,
842 595 892 627 dic

155 659 204 682 xiv
223 649 311 690 iulii,
332 660 367 682 ae
389 649 468 682 alias
487 649 678 692 incipientes
695 648 894 681 provisionis

154 706 293 742 nostrae,
312 703 404 736 etiam
423 703 506 746 apud
526 702 556 735 S.
574 702 703 735 Mariam
724 701 890 741 Maiorem,

156 754 209 788 dic
226 765 308 788 xxvn
327 755 519 795 novembris,
541 754 748 798 pontificatus
769 753 816 786 sui
840 762 893 785 au-

156 817 247 847 nox,
269 818 306 840 ac
331 809 409 841 alias
435 808 626 851 incipientes
651 807 779 850 Eoeponz'
802 806 894 839 nobis

156 870 261 904 nuper
276 862 432 904 fecerant,
451 861 570 904 pariter
594 860 680 903 apud
705 860 736 893 S.
765 859 892 892 Mariam

157 914 320 953 Maiorem,
338 915 368 947 in
386 915 437 947 (lie
456 925 513 947 xxv
532 914 676 952 ianuarii,
693 912 894 956 pontificatus

0 967 206 1002 regumn-xitsui
233 976 315 999 anno
340 976 400 1005 xu3
421 966 594 1009 Gregorius
620 966 703 1009 Papa
722 965 771 998 XV
797 965 892 998 etiam

158 1019 233 1062 per¹
255 1020 407 1062 quasdam
433 1030 506 1051 suas
533 1019 722 1061 incipientes
747 1018 895 1051 Iniuneli

158 1074 264 1112 nobis,
287 1073 370 1116 apud
396 1073 427 1105 S.
450 1073 593 1111 Petrum,
618 1083 651 1105 ιιι
673 1082 772 1105 nouas
796 1071 892 1109 iunii,

159 1125 361 1168 pontificatus
377 1125 561 1164 suiann01;
578 1125 720 1157 Urbanus
734 1125 818 1167 Papa
832 1124 893 1156 Ylll

159 1178 254 1211 etiam
281 1189 338 1221 per
363 1179 518 1221 quasdam
546 1189 619 1211 suas
645 1178 676 1210 in
704 1178 804 1214 forma
825 1177 896 1210 Bre-

158 1231 204 1264 vis
223 1231 412 1274 incipientes
428 1232 524 1264 Alias
539 1232 644 1274 felicis
661 1230 896 1263 recordationis

160 1284 348 1318 Clementem
376 1285 505 1327 Papam
534 1284 637 1319 rm,
667 1283 749 1327 apud
775 1284 805 1316 S.
834 1283 895 1315 Ma-

158 1336 236 1368 riam
261 1336 431 1376 Maiorem,
456 1337 507 1370 die
532 1347 607 1370 xxui
633 1336 726 1371 maii.
757 1346 793 1368 ac
817 1336 895 1369 alias

158 1389 348 1433 incipientes
374 1390 422 1422 Em
457 1390 599 1422 iniuncti
633 1389 746 1427 nobis,
774 1390 897 1432 pariter

158 1442 243 1485 apud
268 1443 296 1475 S.
323 1442 451 1475 Mariam
478 1442 648 1483 Maiorem,
677 1442 726 1475 die
745 1452 795 1475 xxl
816 1441 894 1482 iulii,

159 1495 366 1538 pontificatus
380 1495 429 1527 sui
448 1505 532 1528 anno
551 1505 578 1534 v,
597 1506 633 1527 ac
650 1495 727 1527 alias
745 1494 898 1538 iucipien-

159 1552 206 1581 tes
231 1548 322 1581 Inter
356 1552 473 1580 celeras
509 1548 701 1590 apostolicae
731 1548 896 1580 servitulis

159 1610 269 1639 curas,
289 1601 409 1643 pariter
429 1601 511 1643 apud
533 1600 565 1633 S.
588 1600 716 1633 Mariam
742 1601 895 1633 Maiorem

160 1653 213 1686 die
230 1664 246 1686 x
266 1654 351 1693 maii,
376 1653 581 1696 pontificatus
607 1653 656 1686 sui
681 1663 765 1686 anno
790 1663 834 1692 vt,
860 1663 896 1686 ac

160 1707 238 1739 alias
256 1706 445 1749 incipientes
469 1706 598 1750 Eoeponi
621 1706 710 1740 nobis
734 1717 838 1750 nuper
856 1707 897 1748 se·

161 1759 225 1799 cit,
252 1760 336 1802 apud
355 1759 387 1792 S.
407 1759 546 1799 Petrum,
571 1760 621 1792 die
646 1770 722 1793 xxtu
748 1758 896 1800 ianuarii,

161 1812 365 1856 pontificatus
391 1813 438 1845 sui
464 1823 546 1846 anno
572 1824 633 1853 xv·,
666 1813 814 1846 Clemens
841 1813 896 1846 Pa-

162 1876 203 1909 pa
226 1865 263 1898 lX
290 1876 348 1908 per
373 1867 528 1909 quasdam
552 1877 625 1899 suas
650 1866 682 1899 in
702 1867 802 1899 forma
824 1867 896 1900 Bre-

162 1918 208 1950 vis
232 1917 422 1960 incipientes
444 1918 523 1952 Cum
545 1919 627 1951 sicut
647 1918 791 1958 dilectus,
811 1919 895 1962 apud

164 1970 195 2002 S.
222 1970 354 2003 Maritim
381 1971 551 2010 Maiorem,
578 1971 628 2004 die
652 1982 704 2005 xiv
730 1972 897 2012 februarii,

165 2023 368 2065 pontificatus
385 2024 431 2055 sui
451 2034 535 2056 anno
554 2035 580 2063 ι;
599 2023 743 2057 Clemens
760 2025 844 2067 Papa
860 2025 895 2063 X,

166 2076 260 2109 etiam
285 2087 342 2120 per
366 2077 520 2119 quasdam
546 2087 619 2109 suas
645 2077 676 2109 in
705 2077 804 2110 forma
825 2078 899 2110 Bre-

164 2132 210 2164 vis
236 2131 425 2174 incipientes
453 2130 619 2173 Uniqenilz‘
636 2131 695 2163 Dei
717 2131 794 2173 filii,
814 2132 897 2174 apud

165 2183 196 2216 S.
213 2183 341 2216 Mariam
360 2183 522 2223 Maiorem,
542 2183 592 2216 die
612 2193 684 2217 xvui
703 2185 898 2225 decembris,

165 2236 368 2280 pontificatus
404 2236 451 2268 sui
488 2246 572 2269 anno
597 2245 630 2276 11,
658 2246 694 2269 ac
718 2236 796 2269 alias
821 2236 899 2270 inei-

165 2291 291 2333 picntes
315 2289 364 2323 Em
388 2289 534 2322 iniuncto
559 2289 659 2329 nobis,
676 2290 797 2332 pariter
813 2291 898 2333 apud

165 2343 196 2376 S.
223 2343 354 2376 Mariam
386 2342 557 2383 Maiorem,
585 2343 637 2376 die
662 2352 746 2376 xxvii
771 2343 897 2383 martii,

166 2396 368 2438 pontificatus
395 2396 442 2428 sui
479 2405 563 2428 anno
589 2406 627 2436 v,
654 2406 690 2428 ac
722 2396 799 2428 alias
824 2395 900 2429 inci-

164 2448 290 2492 pientes
310 2449 437 2492 Emponi
453 2448 542 2481 nobis
558 2459 663 2493 nuper
675 2449 758 2491 feeit,
779 2449 901 2492 pariter

166 2503 250 2546 apud
275 2502 307 2535 S.
334 2502 462 2534 Mariam
488 2501 657 2541 Maiorem,
685 2501 736 2534 die
763 2512 791 2535 ix
816 2502 900 2542 maii,

0 2555 370 2599 uocem-1<xtpontineatus
406 2555 455 2587 sui
493 2565 576 2587 anno
612 2565 667 2595 vr,
698 2555 901 2588 innocentius

0 1136 82 1156 Iulianus
94 1135 138 1155 Ylll

0 1823 88 1843 [ΣΙιιιιι-ιιέ
106 1822 137 1842 ΙΧ.

0 2033 92 2053 utentem
109 2033 131 2054 X.

202 2619 212 2643 1
236 2616 284 2643 ΕΛ.
307 2616 387 2643 Maiu.
411 2616 473 2650 legit
494 2616 573 2651 ‹tpml
595 2624 642 2651 pro
662 2624 715 2650 per
734 2619 773 2651 (rx,
788 2617 824 2651 T).

724 228 920 254 BENEDICTUS
945 228 1002 253 xm
1029 229 1076 254 ΓΡ.

1573 217 1637 251 6⁶20
1685 228 1733 254 Αη.
1750 227 1778 254 c.
1800 228 1869 254 1728

939 278 1023 322 Papa
1057 278 1095 312 xt
1130 289 1187 322 per
1223 278 1378 322 quasdam
1415 287 1488 310 suas
1518 277 1548 310 in
1575 277 1678 310 forma

938 331 1047 364 Brevis
1073 332 1262 375 incipientes
1298 331 1427 375 Eacpom'
1456 331 1547 364 nohis
1572 340 1677 374 nuper

937 385 1034 425 feeit,
1069 385 1153 427 apud
1179 384 1209 417 S.
1231 384 1371 424 Petrum,
1390 384 1442 416 die
1460 393 1524 416 xvu
1550 382 1675 426 apriliS,

938 438 1145 480 pontificatus
1170 438 1216 470 sui
1243 448 1327 471 anno
1353 447 1412 476 ιιι,
1438 447 1475 469 ac
1499 437 1578 469 alias
1602 446 1675 469 suas

938 495 971 522 ut
987 500 1085 533 supra
1103 490 1296 534 incipientes
1313 490 1443 533 Easponi
1457 489 1550 522 nobis
1571 498 1677 532 nuper

936 543 1021 584 fecit,
1042 543 1164 586 pariter
1181 543 1265 586 apud
1282 543 1313 576 S.
1333 543 1474 582 Petrum,
1491 543 1542 575 die
1559 552 1577 575 v
1595 540 1675 581 iulii,

938 595 1145 638 pontificatus
1181 596 1229 628 sui
1255 606 1340 629 anno
1367 607 1419 635 1v;
1446 606 1505 629 nos
1529 595 1591 639 ipsi
1616 604 1870 639 perlitatum-tumui

938 648 1060 681 litteras
1086 649 1118 681 in
1144 649 1248 682 forma
1273 649 1381 682 Brevis
1407 649 1600 692 incipientes
1620 647 1678 681 Cu-

937 702 1060 744 pientes
1085 706 1121 734 ut
1145 702 1291 742 debitus,
1322 702 1452 742 Romae,
1471 702 1522 735 dic
1539 711 1571 735 vi
1588 701 1674 741 maii,

939 753 1144 797 pontificatus
1169 765 1255 787 anno
1282 765 1317 788 ιι.

982 807 1155 850 llucusque
1182 807 1309 841 litterae
1335 807 1553 851 apostolicae,
1581 811 1678 849 prout

940 859 970 892 in
996 860 1132 902 singulis
1157 860 1360 903 singulorum
1386 860 1677 904 praedecessorum

939 918 969 945 et
990 913 1109 946 nostris
1134 913 1251 946 litteris
1275 914 1403 956 plenius
1428 914 1623 946 continetur.

983 965 1046 998 Nos
1074 975 1148 998 vero
1173 966 1211 998 ad
1237 965 1471 998 confovendam
1498 964 1529 997 in
1557 964 1677 997 Ordine
1716 976 1744 995 ,ιιι
1761 980 1835 1001 pacem
1852 976 1870 994 m

939 1018 1009 1061 ipso
1036 1018 1208 1060 religiosae
1239 1018 1356 1062 quietis
1390 1002 1872 1061 tranquillitatem,23¹¹''20t'lilfslll

1689 1055 1735 1074 ulam
1746 1060 1869 1074 enumeran·

939 1072 1160 1115 praesentium
1186 1077 1312 1110 tenore,
1339 1076 1469 1115 praeter
1502 1071 1560 1103 lias
1594 1070 1836 1115 litte-igu-Jmm
1861 1086 1871 1099 ιι

940 1134 1008 1164 ras,
1045 1124 1271 1157 confirmamus
1306 1124 1402 1157 etiam
1435 1123 1595 1156 nonnulla
1628 1107 1873 1159 de·?2⁸.ii¹.i1n.¹³‘c0⁰‹‘i{2·¹iss

939 1182 1050 1217 creta,
1078 1188 1161 1220 quae
1193 1177 1232 1210 ab
1258 1176 1474 1219 infrascriptis
1507 1175 1538 1209 S.
1574 1175 1610 1208 R.
1641 1160 1874 1217 E.i3lssssf⁰'lllllnffssssg

939 1229 1149 1263 cardinalium
1186 1229 1499 1272 Congrcgationibus
1541 1214 1840 1271 prodie-⁰¹⁸⁰''‘'”'‘¹''‘¹⁵''

941 1289 1036 1315 runt:
1061 1293 1159 1316 unum
1197 1282 1350 1315 videlicet
1374 1293 1391 1315 a
1415 1281 1677 1324 Congregatione

940 1346 1106 1368 sacrorum
1125 1335 1245 1367 rituum
1264 1334 1328 1368 diei
1342 1345 1393 1368 xix
1410 1334 1530 1367 mensis
1549 1334 1677 1367 decem-

940 1389 1005 1420 bris
1030 1389 1105 1420 anni
1143 1387 1267 1420 Domini
1304 1396 1466 1425 itincxxxi,
1501 1397 1559 1430 per
1591 1386 1678 1429 quod

940 1441 1128 1474 decernitur
1154 1446 1187 1473 ut
1211 1441 1259 1473 Ss.
1290 1440 1458 1483 Augustini
1493 1445 1525 1472 et
1556 1439 1678 1471 Nicolai

940 1494 979 1526 de
997 1494 1169 1527 Tolentino
1188 1494 1391 1535 aliorumque
1410 1493 1576 1526 beatorum
1595 1491 1679 1524 cius-

940 1548 1013 1580 dem
1038 1546 1168 1580 Ordinis
1193 1547 1350 1589 imagines
1377 1558 1394 1579 a
1420 1546 1570 1579 fratribus
1587 1545 1679 1578 Ordi-

940 1601 989 1633 nis
1018 1600 1174 1643 praedicti
1200 1599 1464 1633 Excaleeatorum
1494 1598 1678 1632 huiusmodi

940 1654 1084 1697 depictas
1109 1659 1166 1686 aut
1202 1654 1396 1696 impressaS,
1433 1652 1533 1685 iidem
1565 1652 1679 1684 fratres

940 1706 1118 1739 Excalceati
1145 1706 1316 1745 aboleant,
1348 1706 1450 1749 iisque
1481 1703 1677 1747 iniungitur,

940 1760 999 1792 sub
1025 1760 1139 1803 poenis
1166 1759 1300 1792 arbitrio
1325 1757 1610 1802 Congregationis,
1638 1768 1679 1790 ne

941 1813 1015 1847 talia
1033 1823 1176 1846 asserere
1202 1812 1340 1855 amplius
1357 1812 1515 1850 audeant;
1541 1811 1679 1844 alterum

940 1867 1001 1899 sub
1027 1866 1078 1899 die
1104 1876 1160 1899 xui
1185 1865 1298 1909 aprilis
1334 1865 1408 1897 anni
1442 1864 1585 1897 eiusdem
1611 1863 1677 1896 Do-

941 1920 1018 1952 mini
1044 1929 1220 1958 nnexxvni,
1246 1928 1304 1962 per
1329 1918 1417 1961 quod
1442 1928 1459 1950 a
1485 1917 1603 1950 decisis
1629 1927 1680 1949 re-

941 1973 1121 2005 cedendum
1140 1982 1203 2004 non
1226 1981 1295 2004 esse
1313 1975 1467 2003 statutum
1486 1974 1549 2009 est,
1567 1980 1584 2002 a
1602 1969 1681 2002 Con-

941 2025 1132 2067 gregatione
1158 2035 1235 2057 vero
1260 2032 1422 2056 sacrorum
1449 2022 1570 2055 rituum
1591 2022 1679 2055 aliud

942 2078 1107 2111 decretum
1143 2078 1308 2119 vulgatum
1342 2076 1393 2109 die
1426 2086 1463 2108 xx
1500 2075 1577 2107 iunii
1604 2075 1678 2107 anni

943 2131 1067 2164 Domini
1100 2139 1287 2169 tuocxxvni,
1324 2140 1384 2172 per
1414 2128 1502 2171 quod
1538 2128 1681 2160 sancitur

943 2183 1097 2216 vicarium
1135 2183 1319 2226 generalem
1356 2182 1491 2214 fratrum
1523 2181 1599 2214 dicti
1624 2181 1681 2213 Or-

943 2236 1027 2269 dinis
1052 2235 1332 2275 Excalceatorum,
1359 2234 1414 2278 qui
1447 2239 1542 2267 antea
1567 2244 1602 2267 se
1627 2244 1682 2276 ge-

944 2290 1088 2322 neralem
1115 2288 1190 2321 dicti
1222 2287 1352 2321 Ordinis
1388 2297 1578 2331 nuncupare
1604 2297 1681 2320 con·

944 2346 1111 2381 sueverat,
1146 2351 1200 2380 sc,
1231 2341 1316 2373 iuxta
1350 2341 1488 2373 alterum
1515 2340 1680 2373 decretum

944 2393 1130 2438 praedictae
1171 2393 1442 2436 Congregationis
1482 2392 1682 2426 visitationis

945 2447 1130 2480 huiusmodi
1169 2446 1227 2479 sub
1262 2446 1314 2479 dic
1351 2455 1426 2480 xxut
1459 2446 1579 2479 mensis
1606 2446 1681 2479 maii

945 2501 1019 2533 anni
1046 2500 1121 2532 dicti
1148 2499 1274 2532 Domini
1304 2508 1463 2539 tuncxxvi,
1495 2509 1559 2532 non
1585 2509 1683 2541 genc-

946 2554 1048 2587 ralem
1073 2552 1149 2586 dicti
1175 2552 1303 2584 Ordinis
1328 2551 1598 2591 Excalceatorum,
1625 2552 1681 2584 sed

947 2612 1068 2640 tantum
1094 2606 1250 2639 vicarium
1275 2608 1460 2649 generalem
1482 2608 1613 2639 fratrum
1635 2606 1681 2637 di«
