2170 3147
0 271 14 291 ι.
29 261 61 290 C·
78 260 148 289 '17028

39 1110 147 1131 Decretum

0 1138 140 1158 satist-unionis

0 1165 71 1184 iod-eti
94 1170 147 1184 serii

3 1191 149 1215 tacunarega-

3 1223 27 1237 no
42 1222 149 1237 sacrorum

0 1248 47 1264 uum
66 1249 149 1264 emanu-

737 261 930 285 BENEDICTL's
957 261 1011 284 xul
1037 260 1086 284 ΓΡ.

155 313 283 341 nostrae
303 307 386 340 inter
403 308 524 340 saeculi
547 308 709 351 procellas
727 308 888 341 aestuanti

155 360 304 394 caelestis
324 360 445 403 gratiae
471 370 603 393 munera
622 361 804 404 impetrent,
824 361 891 404 qui-
911 375 912 384 π

155 415 213 447 bus
239 419 271 446 et
296 424 353 447 nos
379 420 500 447 rectum
522 414 604 447 vitae
625 424 754 447 cursum
782 420 890 448 tenere
911 420 913 459 j

155 473 187 500 et
205 467 406 510 propositum
430 467 523 500 nobis
544 473 694 500 aeternae
721 467 891 500 beatitudi-
912 464 913 479 ¹

154 520 203 552 nis
220 519 365 552 bravium
384 521 541 563 consequi
559 521 733 553 valeamus.
754 520 786 552 ln
808 520 892 552 lianc

153 582 213 605 nos
238 583 347 605 curam
380 583 417 605 ex
450 572 560 606 debito
586 572 758 616 pastoralis
783 572 891 611 officii,

154 625 239 668 quod
265 624 442 658 infirmitati
461 631 590 658 nostrae
608 625 770 658 commisit
787 625 893 657 dii-ina

155 678 310 721 dignatio,
329 678 500 722 propensis
517 679 631 712 studiis
657 678 891 717 incumbentes,

155 731 332 774 flagitantia
357 731 496 775 idipsum
515 732 753 765 catholicorum
780 742 892 774 regum

156 789 186 817 et
207 777 342 817 aliorum
367 784 625 819 christifidelium
660 791 729 818 vota
755 785 895 818 libenter

158 837 356 878 exaudimus,
376 837 458 870 sicut
477 838 515 870 ad
537 839 673 880 gloriam
694 837 895 881 omnipoten-

158 889 196 922 tis
221 889 275 922 Dei
302 895 333 922 et
358 891 587 923 exaltationem
618 891 688 923 fidei
715 891 895 924 catholicae

157 943 427 987 spiritualemque
459 944 604 978 fidelium
637 945 918 978 consolationenr

157 1002 252 1040 atque
289 997 546 1031 aedificationem
580 999 755 1031 salubriter
780 999 809 1030 in
838 999 896 1031 lto-

158 1050 246 1083 mino
271 1052 424 1094 expedire
450 1052 658 1085 arbitramur.

203 1104 216 1146 §
242 1103 272 1135 l.
292 1103 369 1137 Cum
389 1106 495 1148 itaque
512 1111 635 1138 mature
658 1106 897 1148 diligenterque

159 1156 309 1189 discussis
335 1163 365 1190 et
390 1159 560 1201 perpensis
586 1169 644 1202 per
668 1159 920 1202 &aggregatio-‘1

160 1219 233 1242 nem
269 1211 502 1244 venerabilium
543 1213 675 1245 fratrum
714 1216 898 1245 nostrorum

161 1262 288 1296 S.R.E.
312 1263 521 1297 cardinalium
546 1266 643 1298 sacris
670 1265 784 1298 ritibus
808 1275 899 1308 prae·
920 1273 922 1302 ι

161 1315 340 1357 positorum
359 1317 576 1360 processibus,
593 1319 631 1351 de
655 1318 749 1350 buius
769 1323 898 1351 sanctae
920 1306 922 1340 i

161 1368 253 1402 Sedis
275 1370 482 1412 Apostolicae
501 1371 634 1404 licentia
655 1372 824 1412 confectis,
850 1382 901 1404 su-

162 1432 220 1464 per
237 1423 391 1466 martyrio
409 1430 440 1457 et
461 1426 556 1457 causa
579 1425 724 1468 martyrii
743 1425 796 1458 Dei
818 1425 900 1458 servi
922 1438 923 1441 ¹

161 1474 289 1508 Ioannis
326 1476 364 1508 de
402 1476 506 1510 Prado
541 1478 718 1511 sacerdotis
752 1488 902 1521 expresse
923 1493 924 1500 1

162 1528 299 1571 professi
337 1539 371 1562 ac
398 1529 492 1573 primi
525 1531 663 1564 ministri
695 1531 903 1574 provincialis

162 1582 348 1624 provinciae
367 1583 512 1616 Baeticae
526 1583 556 1616 S.
574 1583 681 1617 Didaci
695 1583 824 1617 Ordinis
844 1584 904 1617 fra·
925 1614 927 1627 ,

164 1638 245 1666 trum
271 1635 429 1668 Minorum
455 1637 555 1668 sancti
582 1637 742 1670 Francisci
781 1638 820 1670 dc
846 1630 927 1669 [lb-3

164 1688 324 1720 servantia
349 1688 611 1722 Excalceatorum
633 1695 904 1733 nuncupatorum,
926 1709 928 1723 ›

165 1741 232 1784 qui,
250 1742 327 1774 olim
347 1753 363 1775 a
381 1748 456 1775 tunc
473 1743 674 1786 temporibus
692 1744 906 1776 existentibus

167 1793 310 1827 eiusdem
345 1795 377 1828 S.
395 1795 430 1828 R.
450 1796 484 1828 E.
513 1796 730 1829 cardinalibus
767 1797 906 1839 negotiis
926 1793 929 1834 ἶ

167 1846 398 1890 Propagandae
416 1848 504 1881 Fidei
522 1849 719 1892 praepositis
734 1850 771 1882 ad
788 1860 907 1882 annun-
927 1839 929 1890 ἶ

169 1899 317 1932 ciandum
334 1900 451 1934 Christi
470 1903 671 1943 evangelium
697 1908 727 1935 et
746 1903 907 1935 docendas
928 1935 930 1959 Ι

170 1956 282 1992 gentes
319 1963 493 1994 regnorum
528 1954 644 1987 Fezzae
686 1961 718 1987 et
754 1955 930 2005 Marocliii',

170 2004 298 2045 missus,
326 2006 358 2038 in
383 2006 491 2038 odium
518 2007 697 2041 catholicae
729 2008 801 2040 fidei
835 2009 931 2060 post}

172 2057 372 2090 atrocissima
412 2065 441 2091 et
481 2059 711 2092 immanissima
751 2065 910 2092 tormenta
930 2061 931 2071 ¹

172 2119 258 2142 anno
283 2119 420 2143 ichxxxl
446 2111 637 2151 trucidatus,
665 2113 802 2155 palmam
830 2124 910 2145 mar-

174 2161 246 2204 tyrii
272 2162 433 2206 accepisse
459 2164 673 2203 asserebatur,
694 2175 729 2196 ac
754 2165 911 2208 supersi-

174 2215 268 2257 gnis,
293 2211 450 2258 prodigiis
475 2223 505 2248 et
536 2217 725 2256 miraculis,
753 2228 834 2260 quae
871 2218 909 2250 ad

173 2266 442 2300 manifestandam
468 2269 588 2301 mundo
607 2269 734 2302 finalem
754 2270 822 2302 eius
841 2280 913 2312 per-

175 2320 390 2352 severantiam
409 2330 426 2352 a
441 2320 506 2354 Deo
524 2321 609 2354 edita
628 2328 658 2354 ct
675 2328 799 2365 patrata
816 2323 911 2355 fuisse

176 2373 385 2413 dicebantur,
419 2374 582 2416 praedicta
605 2374 818 2417 Congregatio
845 2386 914 2407 car-

177 2426 332 2460 dinalium
353 2436 457 2459 coram
477 2426 568 2459 nobis
586 2427 773 2466 constituta,
797 2428 913 2460 auditis

176 2480 271 2512 ctiam
297 2480 519 2512 consultorum
544 2480 723 2522 suffragiis,
750 2481 916 2513 censuerit

176 2542 271 2575 posse
288 2559 295 2571 ,
323 2532 589 2575 quandocumque
614 2532 705 2565 nobis
729 2533 913 2567 videretur,

178 2585 326 2618 eumdem
351 2585 406 2617 Dei
433 2595 577 2625 servum,
612 2586 713 2618 donec
745 2586 783 2618 ad
809 2591 914 2618 actum

180 2639 333 2672 solemnis
366 2638 451 2671 illius
486 2638 738 2673 canonizationis
765 2638 914 2671 devenia-

928 1898 930 1931 ἰ
952 1902 1056 1934 latinis
1096 1901 1146 1933 die

1565 250 1624 285 651

934 313 992 347 tur,
1019 308 1148 351 publice
1173 309 1304 342 Beatum
1327 309 1504 352 nuncupari
1531 320 1601 342 cum
1627 320 1673 342 so-

934 361 996 393 litis
1021 361 1177 394 indultis:

978 413 993 455 §
1018 413 1047 445 02.
1076 413 1156 447 llinc
1181 420 1228 447 cst
1255 415 1341 458 quod
1372 426 1448 455 nos,
1484 415 1543 458 piis
1578 421 1754 458 atquc-ona..
1772 427 1869 447 remeia,

912 466 1038 510 {enixis
1075 467 1232 500 carissimi
1268 468 1300 500 in
1330 468 1455 501 Christo
1484 468 1539 500 sitii
1575 455 1869 504 nosti-iill-,Ssslffi‘sstfiii'fii

1693 509 1822 526 immittitur.

937 519 1079 562 Philippi
1123 520 1351 563 Hispaniarum
1396 523 1480 565 regis
1524 513 1691 554 catholici*

937 573 1139 616 aliorumque
1176 574 1375 617 principum,
1402 586 1528 608 necnon
1567 586 1677 617 quam-

937 626 1151 668 plurimorum
1185 637 1221 659 ex
1260 628 1498 660 venerabilibus
1526 628 1677 660 fratribus

938 678 1196 722 archiepiscopis
1223 685 1253 712 et
1278 681 1458 723 episcopis,
1484 692 1520 713 ae
1551 681 1677 714 dilectis

938 730 1012 763 filiis
1037 732 1187 774 capitulis
1214 739 1243 765 ct
1269 733 1435 766 canonicis
1462 733 1679 776 metropolita-

940 794 1053 816 narum
1080 790 1110 817 et
1136 785 1371 829 cathedralium
1398 785 1608 819 ecclesiarum
1635 796 1680 818 re-

940 847 1075 879 gnorum
1101 838 1288 871 earumdem
1314 838 1551 881 Hispaniarum,
1572 837 1680 871 totius-

916 901 1002 933 ,que
1033 890 1162 923 Ordinis
1208 892 1341 924 fratrum
1384 891 1542 923 Minorum
1580 891 1678 933 ipsius

940 945 1042 977 sancti
1068 945 1236 984 Francisci,
1263 952 1357 988 atque
1384 946 1492 978 dilecti
1519 945 1574 977 tilii
1593 945 1681 977 Ioan-

917 1040 919 1046 ,
941 997 988 1030 nis
1007 998 1078 1030 Diaz
1097 1009 1113 1030 a
1130 997 1351 1041 Coneeptione
1369 998 1455 1030 illius
1475 997 1680 1040 professoris,

917 1056 972 1098 ⁴et
997 1051 1126 1083 fratrum
1154 1051 1298 1084 eiusdem
1324 1050 1452 1083 Ordinis
1478 1051 1682 1083 Excalceatu-

942 1114 1011 1136 rum
1052 1109 1082 1136 ct
1122 1104 1382 1137 Recollectorum
1422 1109 1682 1147 nuncupatorum

942 1159 1202 1190 ultramontanae
1228 1157 1366 1190 familiae
1393 1157 1609 1200 procuratoris
1629 1167 1684 1199 ge-

943 1210 1081 1250 neralis,
1114 1210 1274 1253 huiusque
1305 1221 1421 1243 causae
1454 1210 1681 1252 postulatoris,

943 1263 1235 1307 supplicationibus
1261 1263 1355 1296 nobis
1388 1269 1419 1296 et
1447 1262 1583 1296 Sanctae
1608 1262 1683 1295 Sedi

944 1316 1129 1359 praedictae
1147 1326 1243 1358 super
1260 1316 1323 1348 hoc
1341 1316 1508 1349 humiliter
1524 1315 1682 1358 porrectis

944 1369 1096 1408 inclinati,
1123 1370 1161 1402 de
1188 1375 1385 1401 memoratae
1411 1368 1683 1411 Congregationis

945 1422 1155 1455 cardinalium
1181 1422 1318 1455 consilio
1344 1428 1375 1454 et
1401 1432 1547 1460 assensu,
1573 1426 1683 1454 aucto-

946 1476 1038 1509 ritate
1065 1475 1261 1519 apostolica,
1299 1481 1411 1508 tenore
1445 1475 1684 1518 praesentium,

945 1530 1151 1572 indulgemus
1192 1535 1226 1561 ut
1268 1528 1433 1572 praefatus
1478 1527 1532 1560 [tei
1575 1538 1685 1560 servus

947 1584 1084 1615 Ioannes
1111 1583 1149 1615 do
1168 1582 1272 1615 Prado
1298 1582 1497 1624 inposterum
1516 1581 1602 1614 Beati
1630 1592 1686 1613 no-

947 1637 1031 1669 mine
1071 1641 1293 1679 nuncupetur,
1331 1635 1467 1678 eiusque
1504 1645 1622 1677 corpus
1656 1641 1688 1667 ct

948 1689 1105 1732 reliquiae
1132 1688 1331 1721 venerationi
1356 1686 1499 1720 fidelium
1527 1693 1617 1730 (uon
1644 1694 1688 1720 ta-

949 1754 1023 1775 men
1054 1743 1084 1774 iu
1117 1741 1384 1785 processionibus
1409 1741 1688 1783 circumferenda)

949 1801 1163 1839 exponantur,
1182 1795 1338 1837 imagines
1358 1805 1487 1837 quoque
1506 1794 1602 1826 radiis
1630 1805 1687 1827 seu

950 1849 1176 1891 splendoribus
1202 1853 1423 1886 exornentur,
1442 1858 1477 1878 ac
1495 1848 1533 1879 de
1553 1858 1591 1880 co
1610 1858 1689 1890 quo-

1189 1901 1290 1933 felicis
1331 1911 1399 1933 eius
1441 1900 1592 1932 transitus
1633 1912 1689 1933 seu

951 1956 1011 1988 alia
1037 1956 1088 1988 die
1114 1965 1178 1987 non
1205 1953 1360 1996 impedita
1391 1954 1478 1986 illam
1506 1953 1688 1986 immediate

951 2008 1100 2051 sequenti
1131 2007 1288 2039 recitetur
1306 2006 1445 2038 officium
1473 2012 1503 2038 et
1527 2007 1621 2038 missa
1639 2017 1690 2039 ee-

951 2063 1094 2094 lebretur
1131 2060 1168 2092 de
1205 2059 1367 2092 communi
1411 2059 1505 2091 unius
1542 2059 1689 2102 martyris

952 2114 1037 2145 iuxta
1063 2113 1208 2145 rubricas
1233 2111 1383 2144 breviarii
1417 2118 1447 2144 et
1479 2112 1618 2145 missalis
1643 2123 1693 2145 ro—

952 2166 1050 2198 mani.
1074 2166 1174 2198 Porro
1200 2164 1422 2198 recitationem
1441 2165 1538 2198 ossicii
1565 2172 1596 2198 ct
1620 2166 1693 2198 inis—

953 2230 1005 2251 sae
1031 2219 1282 2251 celebrationem
1308 2218 1496 2251 huiusmodi
1522 2219 1591 2251 lieri
1617 2229 1693 2251 con-

954 2272 1097 2304 cedimus
1128 2272 1293 2303 dumtaxat
1327 2272 1358 2303 in
1395 2271 1547 2304 universo
1573 2272 1690 2305 Ordiuc

955 2324 1111 2356 Minorum
1137 2323 1240 2356 saneti
1264 2323 1426 2356 Francisci
1453 2324 1617 2367 utriusque
1645 2336 1694 2358 se-

956 2386 1022 2415 xus,
1048 2386 1143 2419 quem
1170 2375 1299 2418 quidem
1318 2376 1370 2409 Dei
1397 2387 1506 2409 servus
1531 2388 1589 2410 suo
1613 2388 1695 2410 mar-

956 2429 1038 2471 tyrio
1073 2429 1257 2468 illustravit,
1293 2429 1325 2461 in
1361 2430 1482 2472 oppido
1507 2430 1694 2473 Mogrobeio

956 2481 1168 2523 Legionensis
1186 2481 1346 2514 dioecesis
1365 2481 1397 2514 in
1409 2482 1570 2525 Hispania,
1586 2483 1614 2515 in
1631 2494 1695 2526 quo

956 2540 1061 2566 ortum
1090 2533 1214 2571 babuit,
1239 2544 1274 2566 ac
1301 2534 1395 2566 etiam
1420 2534 1451 2567 iu
1478 2546 1578 2577 reguo
1596 2536 1696 2568 Maro-

957 2586 1096 2625 cliitano,
1123 2585 1176 2617 ubi
1208 2586 1395 2630 martyrium
1422 2598 1537 2630 passus
1564 2595 1631 2625 est,
1658 2590 1695 2620 ab

958 2639 1105 2671 omnibus
1119 2639 1283 2682 utriusque
1303 2650 1396 2673 sexus
1416 2641 1694 2682 clii-istitidclilms,

1676 262 1729 287 Au.
1747 262 1776 288 C.
1798 259 1866 288 1728
