2170 3147
167 194 215 220 An.
233 193 263 220 C.
287 191 353 219 ¹729

204 411 298 432 Peritum
324 418 342 430 at

167 444 190 459 nn·
205 441 280 459 ament
301 444 351 459 cau-

209 1366 354 1390 &integratio

173 1394 199 1413 Ril
225 1392 356 1413 fallit-drah-

173 1423 237 1440 tatem
272 1420 356 1445 praeib-

218 1453 228 1465 n
251 1447 356 1466 etrlesiae

174 1473 196 1493 S.
212 1473 296 1494 Leonum
310 1478 356 1492 cuni

174 1499 298 1535 quibunlaru
325 1505 335 1516 s«
350 1509 357 1514 .

175 1527 328 1546 uiuat-onibus.

400 182 464 215 822

361 240 481 274 latione
507 245 538 273 et
570 245 641 273 voto
675 236 938 273 reverendissimi
975 235 1099 269 archie-

362 293 485 337 piscopi
510 292 754 331 Urbinatensis,
781 289 967 334 praemissis
993 288 1100 332 prori-

363 348 440 380 dere
467 352 564 390 prout
590 346 673 378 inl‘ra
697 344 914 377 decrevimus.

406 401 420 443 ἓ
448 399 480 432 lt.
508 400 645 432 Litteras
663 398 773 440 itaque
796 396 979 440 praedictas
1001 394 1100 428 selieiS

362 451 600 484 recordationis
634 450 780 492 Gregorii
813 449 880 482 XIII
910 448 1102 492 praedeces-

363 506 457 544 soris,
477 505 608 537 decreta
633 503 664 536 S.
684 503 729 535 Pii
748 503 768 534 V
791 513 825 534 ac
850 501 1029 534 Innocentii
1049 500 1099 539 xt,

362 557 520 600 rescripta
541 562 570 590 et
587 556 807 589 resolutiones
822 554 1007 598 praedictae
1026 553 1103 586 Con-

362 611 561 654 gregatIOnis
587 609 741 649 concilii,
768 614 885 641 statum
922 612 953 640 et
987 606 1102 638 merita

363 675 478 697 causae
516 674 624 697 coram
667 666 703 696 ea
740 662 942 695 introductae
970 666 1001 693 et
1025 659 1101 692 olIm

364 717 484 750 ibidem
521 716 716 760 pendentis,
756 715 948 748 modernum
986 718 1102 745 statum

364 776 427 803 tam
454 770 597 803 clusdem
624 769 782 802 ecclesiae
808 768 839 801 S.
859 767 988 807 Leonis,
1007 777 1102 810 quam

364 824 498 857 alterius
524 823 555 856 S.
585 822 827 856 Bartliolomaci
853 821 975 854 Pinnae
1008 820 1104 853 Billo—

363 888 437 910 rum
477 877 507 909 in
547 877 734 920 praemissis
771 886 831 920 pro
870 875 1032 918 expressis
1068 884 1103 906 ac

365 931 547 974 respective
574 931 613 963 ‹le
636 931 735 963 verbo
754 930 793 962 ad
811 929 944 961 verbum
970 927 1102 961 insertis

364 984 532 1023 habentes,
552 994 679 1016 cansam
700 982 898 1021 huiusmodi,
915 992 988 1014 enm
1002 980 1104 1014 omni-

363 1039 422 1072 bus
452 1037 517 1071 suis
544 1037 811 1079 emergentibus,
840 1035 1104 1079 dependentibus

365 1091 498 1124 annexis
531 1095 563 1123 et
588 1090 844 1133 spiibnseumque
871 1088 1045 1128 connexis,
1072 1088 1103 1120 in
1125 1103 1126 1111 κ

365 1150 446 1177 statu
474 1150 505 1177 et
529 1143 672 1176 terminis
691 1143 722 1175 in
742 1143 858 1186 quibus
877 1142 1046 1186 reperitur,
1066 1143 1103 1175 ad

366 1209 425 1231 nos
450 1202 645 1237 avocantes,
673 1197 761 1229 illam
787 1196 917 1239 penitus
944 1205 1105 1228 cassamus

366 1256 397 1283 et
422 1251 589 1284 abolemus
615 1255 647 1282 et
667 1249 902 1292 extinguimus,
931 1259 966 1281 ae
984 1249 1107 1292 pariter

366 1310 562 1349 perpetuum
581 1302 745 1336 silentium
767 1302 979 1346 imponimus.

411 1359 425 1402 §
450 1358 481 1391 5.
509 1359 552 1390 Ae
578 1362 664 1390 motu
690 1356 835 1400 proprio,
861 1367 927 1389 non
953 1357 991 1389 ad
1010 1356 1108 1389 alicu-

368 1413 416 1445 ius
435 1422 534 1455 super
553 1412 613 1444 hoc
631 1410 725 1443 nobis
747 1416 917 1453 porrectae
936 1410 1107 1452 petitionis

368 1465 569 1502 instantiam,
589 1463 646 1496 sed
665 1473 701 1496 ex
722 1464 829 1496 nostra
847 1464 937 1495 certa
955 1463 1106 1502 scientia,

369 1519 460 1551 mera
485 1517 745 1556 deliberatione,
775 1527 811 1549 ac
836 1517 875 1548 de
911 1516 1107 1559 apostolicae

369 1572 539 1616 potcstatis
567 1570 785 1614 plenitudine,
812 1570 981 1602 ecelesiam
1019 1581 1110 1614 prae-

371 1625 487 1658 diCtam
526 1624 557 1656 S.
587 1623 702 1656 Leonis
737 1622 873 1655 civitatis
912 1623 1108 1656 Feretrauae

370 1678 409 1711 ad
435 1678 593 1710 actualem
625 1677 848 1720 episcopatum
881 1681 912 1708 et
937 1677 1109 1710 cathedra-

369 1731 503 1771 litatem‚
532 1730 675 1774 episcopi
703 1734 734 1762 et
759 1729 892 1773 capituli
919 1735 950 1762 et
974 1730 1108 1763 canoni-

369 1795 479 1818 corum
499 1783 725 1822 residentiam,
746 1783 832 1815 iuxta
854 1783 1054 1826 primaevum
1077 1790 1109 1816 et

368 1838 535 1882 antiquum
560 1842 694 1877 statum,
715 1836 744 1868 in
765 1836 914 1870 omnibus
941 1842 972 1869 et
997 1847 1055 1880 per
1080 1848 1108 1870 o-

369 1892 454 1924 nmia
480 1891 719 1933 reintegramus
745 1895 776 1922 et
801 1890 1000 1933 reponimus,
1024 1901 1109 1923 man-

369 1946 481 1977 dantes
508 1944 695 1987 praeposito
715 1949 747 1977 et
772 1944 935 1977 canonicis
962 1945 1107 1977 ciusdem

370 1998 525 2031 ecelesiae
551 1998 582 2029 S.
611 1998 727 2030 Leonis
751 1996 900 2040 antiquas
937 1997 1108 2040 possiden-

370 2051 453 2084 tibus
479 2051 701 2094 praebendas,
737 2050 854 2093 quibus
880 2061 993 2084 eorum
1020 2061 1109 2094 prae-

370 2106 560 2138 decessores
600 2110 674 2137 ante
712 2104 827 2136 dictam
861 2105 1107 2137 translationem

372 2157 581 2197 fruebantur,
608 2162 642 2189 ut
678 2156 716 2189 ad
756 2157 902 2190 eamdem
940 2157 1108 2190 eeclesiam

371 2212 543 2251 accedere,
570 2221 674 2254 penes
701 2221 771 2243 eam
804 2210 971 2250 residere,
999 2211 1108 2254 ibique

371 2275 461 2297 more
487 2265 622 2297 aliarum
652 2264 890 2297 cathedralium
928 2264 1036 2297 diviua
1061 2274 1110 2297 re·

372 2318 470 2350 citare
498 2318 600 2350 ot'ticia
638 2323 669 2350 et
701 2328 790 2351 sacra
820 2328 980 2361 peragere
1013 2328 1108 2361 quam

373 2370 467 2402 citius
493 2370 629 2403 debeant
663 2381 698 2403 ac
733 2376 925 2411 teneantur,
951 2381 987 2403 ae
1012 2371 1036 2402 si
1060 2381 1111 2403 eo-

374 2433 443 2455 rum
471 2424 635 2456 translatio
673 2424 710 2457 ad
752 2424 899 2457 eamdem
939 2425 1110 2457 ecclesiam

374 2476 405 2508 S.
433 2476 669 2509 Bartholomaei
685 2482 814 2519 peracta
830 2487 996 2520 nunquam
1019 2478 1110 2518 soret,

375 2529 638 2572 praedictamcpte
665 2530 839 2563 ecclesiam
864 2530 985 2563 Pinnae
1012 2531 1112 2564 Billo-

376 2593 458 2623 inm,
479 2594 550 2615 (tum
569 2583 632 2614 suis
660 2583 870 2625 dignitatibus
891 2589 921 2616 ct
947 2583 1111 2617 canonicis

943 185 1126 211 nULmnttJit
1149 184 1306 210 ROMANUM

1144 234 1238 266 etiam
1255 239 1329 277 post
1343 233 1586 267 translationem
1600 232 1830 276 superadditis,
1844 232 1884 264 ad

1145 288 1293 320 eumdem
1320 292 1438 320 statum
1464 286 1704 329 collegialitatis
1721 313 1728 326 ,
1757 286 1788 318 in
1818 295 1882 328 quo

1145 345 1219 373 ante
1234 341 1478 374 translationem
1493 339 1695 384 praedictam
1708 339 1885 372 constituta

1146 394 1381 437 reperiebatur,
1409 393 1596 436 reponimus
1623 398 1653 425 et
1678 392 1882 431 reducimus;

1146 452 1188 486 ct,
1203 448 1241 479 ad
1258 448 1358 490 magis
1374 447 1610 481 occurrendum
1630 445 1755 479 decenti
1775 455 1886 478 manu-

1148 501 1284 533 tentioni
1318 501 1560 544 praedictorum
1589 499 1722 543 capituli
1741 504 1772 531 et
1789 508 1887 531 cano-

1122 586 1124 592 ,
1147 554 1294 587 nieorum
1319 554 1350 587 S.
1371 554 1497 593 Leonis,
1525 553 1714 586 mandamus
1740 557 1770 585 et
1795 560 1888 595 prae-

1147 608 1282 651 cipimus
1318 608 1540 640 communitati
1573 606 1720 639 eiusdem
1753 609 1886 638 nostrae

1147 661 1283 694 civitatis
1303 667 1334 694 et
1351 660 1570 693 confratribus
1585 659 1749 693 societatis
1767 658 1820 692 SS.
1837 657 1886 691 Sa·

1148 713 1305 747 eramenti
1332 714 1364 746 iu
1390 714 1504 746 eadem
1530 713 1668 747 ecclesia
1694 718 1831 752 erectae,
1853 716 1889 743 ut

1148 768 1285 811 singulis
1310 767 1402 800 annis
1428 767 1459 799 in
1482 772 1673 811 perpetuum
1700 765 1888 809 praeposito

1148 827 1178 854 ct
1203 821 1366 854 canonicis
1392 821 1436 853 sic
1463 820 1618 854 restitutis
1643 820 1832 863 persolvere
1851 828 1888 850 ae

1148 875 1320 907 exbursare
1347 874 1487 907 debeant
1512 879 1603 906 scuta
1627 872 1794 915 sexaginta
1827 881 1889 904 mo·

1149 934 1242 961 netae
1268 938 1434 968 romanae,
1454 938 1514 971 pro
1532 927 1708 960 medietate
1734 934 1853 968 nempe
1872 934 1891 956 a

1149 982 1381 1015 communitate
1407 987 1437 1014 et
1464 992 1521 1024 pro
1547 982 1649 1014 altera
1674 979 1845 1012 medietate
1872 989 1890 1010 a

1150 1035 1305 1069 societate
1331 1035 1501 1078 praedicta
1526 1034 1572 1067 sic
1604 1033 1787 1077 aequaliter
1812 1030 1891 1064 divi-

1150 1089 1256 1122 denda
1281 1088 1313 1120 iu
1338 1093 1547 1131 augmentum
1583 1097 1692 1120 earum
1729 1084 1891 1128 praeben-

1151 1142 1274 1182 darum,
1312 1152 1393 1185 quae
1434 1141 1511 1184 ipsis
1551 1139 1742 1173 auctoritate
1780 1139 1890 1171 nostra

1151 1195 1365 1239 assignamus,
1381 1200 1421 1235 ct,
1436 1195 1468 1227 in
1483 1194 1672 1227 uberiorem
1689 1194 1893 1237 supplemen-

1152 1255 1217 1281 tum
1255 1248 1393 1282 euiusris
1431 1258 1575 1281 summae
1623 1257 1719 1291 quam
1756 1246 1892 1280 sortasse

1152 1303 1339 1336 amitterent
1354 1313 1412 1346 per
1429 1301 1616 1334 huiusmodi
1632 1300 1894 1344 segregationem

1153 1367 1169 1389 a
1206 1355 1420 1399 dignitatibus
1461 1360 1493 1388 et
1529 1354 1696 1388 canonicis
1736 1352 1894 1387 ecclesiae

1153 1409 1274 1442 Pinnae
1293 1410 1460 1448 Billorum,
1481 1408 1624 1451 ipsisque
1643 1405 1894 1451 quomodolibet

1154 1473 1253 1507 nsque
1279 1463 1374 1495 modo
1400 1462 1576 1501 obventae,
1604 1467 1666 1494 tam
1693 1471 1730 1493 ex
1756 1459 1893 1503 disposi-

1155 1517 1242 1550 tione
1268 1516 1473 1559 supradietae
1510 1515 1750 1548 constitutionis
1775 1513 1894 1556 Grego-

1155 1571 1193 1603 rii
1220 1570 1285 1603 Xlll
1312 1576 1344 1603 et
1368 1569 1399 1602 S.
1428 1569 1473 1601 Pii
1499 1569 1543 1609 V,
1571 1578 1627 1601 sen
1655 1567 1733 1601 alias
1760 1577 1895 1611 quomo-

1155 1624 1290 1665 delibet,
1318 1622 1486 1656 statuimus
1508 1622 1620 1655 itidem
1648 1626 1679 1654 et
1703 1621 1895 1654 mandamus

1154 1683 1199 1718 ut,
1221 1678 1310 1710 firmo
1329 1681 1517 1710 remanente
1540 1677 1697 1710 moderno
1716 1675 1896 1718 archipres-

1153 1731 1268 1775 bytero
1309 1742 1365 1764 seu
1406 1730 1551 1774 parocho
1592 1729 1696 1762 dictae
1737 1728 1894 1762 ecclesiae

1152 1785 1183 1818 S.
1212 1784 1329 1817 Leonis
1363 1784 1432 1816 eius
1467 1783 1529 1816 vita
1560 1783 1701 1816 naturali
1733 1782 1895 1822 durante,

1153 1843 1225 1881 post
1251 1838 1337 1870 illius
1361 1837 1485 1870 obitum
1504 1847 1583 1870 cura
1601 1836 1780 1869 animarum
1805 1845 1896 1878 prae·

1153 1892 1238 1924 dieta
1264 1902 1280 1923 a
1305 1890 1462 1923 moderno
1481 1895 1566 1922 statu
1584 1889 1718 1933 parochi
1743 1889 1781 1921 ad
1805 1898 1897 1932 prae-

1153 1944 1332 1987 posituram
1368 1948 1566 1983 revertatur,
1605 1942 1719 1985 illique
1745 1946 1782 1974 ut
1806 1941 1896 1985 prius

1152 1998 1392 2040 incorporetur,
1413 1996 1572 2029 restitutis
1599 1995 1696 2028 etiam
1721 1994 1816 2028 bonis
1834 2005 1895 2037 pro

1153 2050 1339 2094 praebenda
1365 2049 1498 2094 parochi
1524 2049 1704 2092 segregatis
1730 2053 1761 2081 et
1790 2048 1896 2091 appli-

1152 2105 1250 2144 catis·,
1279 2109 1327 2144 et,
1353 2104 1392 2136 ad
1419 2104 1482 2136 hoc
1507 2109 1542 2135 nt
1566 2103 1668 2146 magis
1695 2102 1727 2135 in
1753 2102 1822 2135 dies
1848 2101 1896 2135 di-

1154 2158 1244 2190 vinus
1280 2158 1384 2190 cultus
1422 2162 1602 2200 augeatur,
1627 2155 1895 2189 communitatem

1153 2211 1368 2254 praedictam,
1389 2221 1424 2244 ac
1449 2210 1535 2244 cives
1562 2215 1595 2243 et
1618 2209 1840 2243 distrIctuaIes
1861 2209 1895 2241 in

1155 2264 1290 2297 Domino
1317 2265 1506 2305 hortamur,
1533 2269 1567 2296 nt
1596 2273 1656 2307 per
1693 2262 1894 2296 erectionem

1155 2328 1310 2351 novarum
1336 2317 1597 2361 praebendarum
1619 2321 1769 2359 satagant
1787 2325 1896 2359 quam-

1155 2371 1295 2413 primum
1328 2381 1493 2403 sacrorum
1529 2369 1752 2403 ministrorum
1786 2378 1896 2401 nume—

1155 2435 1224 2458 rum
1249 2435 1380 2467 augere,
1406 2424 1560 2467 idemque
1582 2424 1716 2467 explere
1742 2423 1895 2456 studeant

1155 2478 1252 2511 etiam
1279 2477 1417 2511 ministri
1444 2479 1590 2511 Iocorum
1611 2477 1749 2521 piorum,
1769 2476 1796 2509 si
1814 2486 1896 2509 com-

1156 2532 1251 2564 mode
1268 2531 1335 2564 ficri
1350 2531 1461 2571 valeat,
1477 2541 1592 2564 eorum
1606 2530 1775 2570 institutis,
1791 2528 1896 2562 oneri-

1156 2584 1215 2616 bus
1232 2590 1263 2616 et
1281 2584 1495 2619 laudabilibus
1510 2584 1802 2619 consuetudinibus
1816 2592 1897 2617 sem-

1890 183 1939 210 an.
1956 182 1984 210 c.
2007 184 2072 213 1729
2091 174 2093 176 ’
