2170 3147
233 223 278 246 Αη,
301 222 317 245 (1
352 220 417 247 ιἰἓό

298 443 367 463 turtur.
383 443 415 464 ut

300 445 549 539 ¹n.²¹s¹iptitit1s
575 482 717 525 proptiis
743 483 908 516 seminarii
931 484 1125 525 iedditibus,
1143 484 1168 517 si

321 527 347 566 ἰ,
352 553 369 566 ι.
383 522 415 593 εξε-
409 534 480 592 qlui
498 535 570 575 sint,
587 546 715 569 necnon
733 536 969 570 beneficiorum
986 543 1082 571 antea
1098 548 1168 570 cuni

349 579 414 625 ,0¹35
409 580 538 620 'elfectu
561 588 607 621 illi
635 589 800 622 unitolum
819 600 854 622 ac
876 590 1035 623 tractibus
1053 601 1169 633 ptffuxo-

230 553 256 592 ἐς
230 473 256 540 ΕἘὉ

252 580 323 592 inditi-

229 581 269 619 bien
273 601 304 619 eti·

230 631 255 671 eii
258 606 333 652 ιιιιιέἀιιι
336 633 372 646 ιι
362 627 414 651 nplt-

275 2573 304 2594 De
308 2574 415 2594 ultr-'intur

231 2600 311 2621 benetie
302 2602 334 2621 ιιιι
351 2606 415 2626 quae·

466 212 527 244 176

428 270 657 302 documentum
685 281 744 313 per
780 270 912 303 eosdem
944 271 1116 314 episcopos
1141 275 1172 304 et

427 322 569 365 capitula
606 323 643 355 ad
681 323 863 356 antedictae
900 323 1170 366 Congregationis

428 375 638 450 secretarium
662 375 836 418 quotannis
864 376 1112 409 transmittatur.

472 428 543 471 {5
563 427 654 466 Quod
675 428 700 462 si
719 430 751 462 in
777 429 885 473 aliqua
904 430 1064 470 dioecesi,
1084 441 1170 463 coni-

425 652 495 674 rum
522 647 778 675 conventuum
765 653 1013 686 S‘tlppteSSOt'um
1040 654 1169 686 piaece-

425 696 539 728 denter
564 696 735 739 applicatis
762 697 858 740 <quas
884 697 1015 740 quidem
1033 703 1098 729 tum
1117 698 1168 730 be-

424 749 615 782 neficiorum
651 751 789 783 uniones
827 756 891 783 tum
930 751 1167 794 applicationes

424 801 583 835 fructuum
609 813 782 845 parvorum
815 810 1034 837 conventuum
1059 803 1166 837 firmas

425 865 496 888 esse
523 856 698 898 volumus),
718 867 779 899 per
804 856 990 890 huiusmodi
1010 857 1105 890 etiam
1127 863 1168 890 ta-

424 916 494 937 xum
509 905 664 939 erectioni
680 912 711 939 ct
725 907 977 940 substentationi
992 908 1166 949 seminarii,

426 959 464 992 ad
491 959 720 992 necessitatem
740 960 893 993 nimirum
912 961 1167 1004 uniuscuiusque

425 1012 586 1045 dioecesis
612 1018 643 1046 ct
666 1014 884 1054 alumnorum,
904 1024 969 1047 non
996 1020 1102 1047 autem
1129 1014 1167 1047 ad

424 1071 612 1108 promptum
646 1071 677 1098 et
713 1067 938 1107 voluntatem,
971 1067 1169 1100 sufficienter

424 1117 589 1161 provideri
616 1117 818 1161 nequiverit,
845 1125 937 1159 tunc,
963 1126 993 1152 et
1019 1130 1055 1152 eo
1081 1130 1168 1160 casu,

425 1181 461 1203 ae
479 1171 510 1203 in
536 1170 715 1203 subsidium
736 1176 871 1212 tantum,
891 1172 1051 1205 Ordinarii
1077 1174 1167 1205 loco-

425 1233 497 1255 rum
515 1223 622 1256 eidem
648 1223 822 1257 seminario
845 1225 935 1257 unire
954 1231 985 1258 et
1001 1225 1168 1269 applicare

424 1275 551 1319 possint
576 1285 611 1308 ac
637 1276 776 1309 debeant
800 1276 959 1310 beneficia
985 1278 1166 1321 simplicia,

424 1328 657 1372 cuiuscumque
684 1329 848 1372 qualitatis
869 1335 899 1363 et
917 1331 1084 1373 dignitatis
1103 1332 1169 1364 fue-

425 1381 505 1422 rint,
527 1381 622 1414 etiam
649 1382 922 1426 jurispatronatus
940 1384 1167 1424 ecclesiastici,

424 1437 473 1469 vel
499 1437 808 1480 quomodocumque
842 1437 955 1470 allecta
982 1443 1013 1471 et
1038 1438 1170 1482 disposi-

425 1490 504 1524 tioni
531 1489 623 1523 Sedis
650 1490 855 1533 Apostolicae
888 1497 1069 1532 reservata,
1100 1492 1168 1525 sine

426 1549 534 1575 tamen
560 1543 626 1576 ullo
652 1543 751 1575 divini
772 1545 877 1576 cultus
895 1555 930 1577 ac
947 1545 1002 1577 illa
1019 1545 1170 1578 obtinen-

426 1597 505 1629 tium
531 1596 747 1640 praeiudicio.
776 1598 861 1631 Haec
894 1609 991 1641 porro
1016 1598 1091 1631 unio
1117 1599 1171 1631 liat

427 1650 534 1683 statim
558 1655 590 1683 et
615 1655 688 1683 ante
716 1652 907 1685 eorumdem
933 1651 1169 1685 beneficiorum

425 1703 644 1744 vacationem;
671 1715 790 1748 nempe
827 1705 982 1738 uniantur
1012 1705 1169 1739 beneficii

425 1756 531 1800 primo
557 1758 628 1790 loco
656 1763 805 1790 vacatura
841 1769 946 1801 usque
979 1759 1017 1791 ad
1048 1765 1169 1793 certain

425 1810 524 1843 annui
544 1810 689 1843 redditus
708 1812 923 1854 quantitatem
944 1812 973 1844 in
994 1813 1062 1856 ipsa
1081 1813 1169 1846 unio-

425 1874 464 1897 ne
486 1863 750 1907 specisifflindam,
772 1876 866 1908 quae,
887 1869 1073 1910 computata
1100 1869 1168 1899 taxa

424 1916 644 1957 insufficienti,
664 1918 740 1950 satis
766 1928 836 1951 esse
860 1919 961 1962 possit
986 1920 1170 1953 substenta-

426 1970 504 2004 tioni
531 1970 610 2003 certi
638 1971 765 2004 numeri
792 1973 996 2005 alumnorum
1015 1983 1074 2015 pro
1093 1984 1170 2006 uno-

425 2034 555 2066 quoque
568 2023 744 2057 seminario
759 2025 1017 2068 designatort11n;
1035 2026 1169 2069 ipsaque

424 2077 510 2117 unio,
530 2078 635 2110 statim
661 2089 697 2111 ac
722 2078 880 2112 beneficia
904 2080 1072 2122 praedicta
1091 2091 1170 2123 quo-

424 2131 662 2174 modocumque
681 2132 875 2173 vacaverint,
897 2132 1043 2165 debitum
1072 2139 1168 2176 atque

424 2184 586 2226 integrum
608 2185 769 2227 sortiatur
801 2183 968 2226 effectum,
995 2186 1097 2219 felicis
1123 2197 1171 2220 re-

425 2237 624 2270 cordationis
652 2237 827 2271 Clementis
847 2238 910 2271 Vllt
928 2249 963 2271 ac
981 2238 1100 2272 Urbani
1121 2251 1171 2283 pa-

425 2291 506 2323 riter
532 2291 595 2323 Vlll
622 2302 750 2324 necnon
777 2292 915 2325 aliorum
948 2303 1171 2336 quorumcum-

425 2353 563 2385 cumque
598 2343 817 2378 Romanorum
850 2344 1042 2378 Pontificum
1076 2357 1170 2389 prae-

426 2396 635 2429 decessorum
665 2402 854 2432 nostrorum
885 2398 1170 2432 constitutionibus

426 2449 474 2481 vel
503 2449 642 2482 decretis
675 2451 706 2482 in
744 2452 942 2484 contrarium
978 2452 1169 2485 facientibus

426 2511 488 2534 non
516 2501 729 2535 obstantibus.

470 2554 484 2597 ἓ
507 2554 538 2586 6.
558 2553 704 2587 Ceterum
724 2557 981 2597 considerantes,
1009 2563 1170 2591 monaste-

426 2607 485 2649 iia,
520 2607 609 2652 prior
614 2613 683 2642 atus
716 2614 746 2643 ct
776 2609 931 2644 beneficia
958 2611 1168 2645 consistoria-

1009 222 1188 246 BL'LLARIUM
1214 222 1370 246 ROMANUM

1214 324 1397 357 necessaria
1431 336 1500 358 esse
1538 336 1575 358 ac
1610 326 1680 359 fore
1713 337 1773 369 pro
1806 327 1952 369 congrua

1214 376 1474 411 substentatione
1499 377 1529 411 S.
1552 378 1587 410 R.
1608 378 1642 410 E.
1675 378 1887 412 cardinalium
1919 385 1952 412 et

1212 429 1435 463 ministrorum
1465 431 1610 464 Romano
1640 431 1786 464 Pontifici
1816 437 1847 465 et
1875 432 1949 465 Sedi

1214 483 1418 526 Apostolicae
1437 484 1607 517 actualiter
1625 484 1881 525 inservientium,
1898 496 1951 519 vo-

1190 537 1317 569 lumus
1351 542 1381 569 et
1408 537 1631 577 declaramus,
1666 537 1753 580 quod
1782 537 1949 579 abbatiae,

1213 590 1375 632 prioratus
1411 596 1441 623 et
1475 591 1671 624 monasteria
1714 591 1952 626 consistorialia

1211 654 1267 676 seu
1285 642 1444 676 beneficia
1458 643 1570 686 quovis
1588 644 1686 677 modo
1707 644 1884 687 apostolica
1901 656 1953 678 au-

1212 696 1361 729 ctoritate
1377 696 1604 729 commendata
1622 701 1653 729 et
1671 697 1709 730 ad
1727 707 1882 739 praesens
1900 699 1954 731 ob-

1213 752 1299 779 tenta
1317 750 1347 780 et
1364 747 1396 779 in
1415 748 1555 779 futurum
1575 747 1753 780 obtinenda
1771 747 1850 790 per¹
1869 753 1953 782 ante·

1212 800 1315 833 dictos
1336 800 1367 833 S.
1388 800 1423 832 R.
1441 800 1475 833 E.
1495 800 1693 841 cardinales,
1719 811 1777 834 seu
1802 811 1896 835 veros
1921 808 1953 835 et

1211 854 1365 897 proprios
1386 853 1492 897 Papae
1511 854 1699 894 familiares,
1717 853 1853 888 nuncios
1875 866 1953 898 apo-

1211 907 1363 946 nonnos,
1391 912 1421 939 et
1447 907 1609 950 praelatos
1636 906 1950 950 Congregationum,

1212 960 1329 1003 quibus
1356 959 1455 992 iidem
1475 959 1506 992 S.
1527 960 1563 992 R.
1591 959 1625 992 E.
1650 960 1830 993 cardinales
1855 961 1954 995 inter-

1211 1018 1304 1054 sunt,
1330 1013 1525 1046 secretarios
1550 1004 1731 1054 dumtaxat,
1765 1015 1953 1049 memoratis

1212 1066 1395 1100 seminariis
1428 1066 1513 1099 uniri
1545 1072 1577 1099 et
1604 1067 1761 1110 applicari
1786 1078 1951 1111 nunquam

1211 1120 1358 1163 possint,
1385 1125 1416 1152 et
1441 1120 1579 1152 uniones
1596 1147 1603 1159 ,
1633 1130 1711 1163 quas
1749 1121 1857 1154 forsan
1884 1120 1953 1155 fieri

1213 1173 1396 1214 contigerit,
1414 1174 1524 1206 nullae
1539 1183 1575 1206 ac
1593 1173 1703 1206 irritae
1721 1183 1859 1216 prorsus
1874 1173 1953 1208 sint:

1213 1225 1302 1258 firma
1327 1226 1359 1258 in
1381 1226 1514 1269 reliquis
1536 1232 1724 1260 remanente
1749 1226 1901 1260 libertate
1923 1233 1954 1261 et

1214 1280 1362 1312 facultate
1390 1279 1522 1313 uniendi
1550 1280 1696 1323 (servata
1721 1288 1827 1314 tamen
1853 1281 1954 1315 forma

1213 1332 1360 1376 superius
1386 1335 1545 1376 expressa,
1567 1338 1599 1366 et
1624 1344 1690 1367 non
1718 1334 1826 1378 aliter)
1845 1340 1955 1369 cetera

1213 1385 1321 1418 omnia
1346 1386 1520 1426 beneficia,
1548 1387 1666 1428 etiarn,
1693 1392 1728 1419 ut
1754 1387 1953 1430 praefertur,

1212 1438 1323 1472 allecta
1350 1445 1380 1472 et
1406 1445 1579 1479 reservata,
1602 1441 1652 1473 vel
1678 1440 1757 1473 alias
1782 1441 1820 1474 ad
1847 1441 1954 1484 provi-

1213 1492 1335 1525 sionein
1361 1502 1396 1525 ac
1422 1492 1671 1536 dispositionem
1697 1493 1787 1526 Sedis
1813 1494 1953 1538 Aposto-

1213 1545 1292 1578 licae
1319 1546 1565 1589 quomodolibet
1590 1546 1798 1589 pertinentia.

1257 1600 1328 1643 §T
1357 1600 1434 1634 Cum
1460 1606 1594 1641 autern,
1625 1601 1708 1633 sicut
1742 1601 1953 1645 accepimus,

1214 1653 1389 1687 seminaria
1415 1653 1582 1696 plerisque
1604 1653 1636 1686 in
1654 1653 1735 1686 locis
1750 1653 1825 1687 ideo
1845 1660 1956 1688 erecta

1213 1866 1374 1900 beneficia
1399 1866 1582 1910 simplicia
1610 1877 1750 1910 quoium
1784 1867 1955 1912 dispositio

1213 1920 1251 1952 ad
1278 1930 1332 1953 eos
1357 1919 1460 1952 libere
1486 1925 1633 1963 spectat,
1661 1924 1852 1955 occurrente
1883 1921 1956 1954 illo·

1214 1983 1284 2005 rum
1311 1972 1491 2013 vacatione,
1513 1972 1578 2006 suis
1600 1973 1816 2006 familiaribus
1842 1974 1955 2008 aliisve

1213 2026 1362 2070 personis
1381 2026 1442 2059 sibi
1462 2026 1560 2069 gratis
1579 2032 1611 2058 et
1627 2026 1791 2060 benevisis
1806 2027 1955 2061 conferre

1213 2080 1341 2112 volunt:
1360 2079 1437 2112 liinc
1455 2084 1500 2112 est
1526 2080 1614 2122 quod
1634 2090 1703 2118 nos,
1722 2090 1852 2114 omnem
1869 2091 1957 2114 scru-

1213 2133 1323 2176 pulum
1350 2137 1381 2165 ct
1399 2131 1526 2165 obicem
1545 2131 1771 2176 impeditivum
1794 2133 1872 2167 boni
1891 2134 1957 2177 spi-

1214 2186 1340 2219 ritualis
1385 2185 1424 2218 ab
1467 2186 1657 2219 huiusmodi
1701 2187 1955 2221 seminariorurn

1214 2239 1382 2272 erectione
1408 2239 1633 2282 provenientis
1658 2250 1675 2273 e
1692 2239 1801 2273 medio
1819 2250 1954 2284 prorsus

1215 2293 1331 2326 tollere
1358 2303 1393 2326 ac
1418 2303 1586 2326 removere
1611 2293 1837 2334 intendentes
1856 2299 1955 2336 motu,

1213 2345 1352 2379 scicntia
1375 2356 1411 2379 ac
1436 2345 1610 2389 potestatis
1635 2346 1841 2389 plenitudine
1874 2347 1957 2391 pari·

1213 2399 1285 2439 bus,
1299 2398 1592 2442 Congregationern
1610 2399 1857 2432 seminariorum
1875 2411 1957 2433 nun-

1214 2452 1400 2495 cupandam
1421 2479 1428 2492 ,
1455 2452 1487 2484 in
1513 2460 1581 2496 qua
1601 2452 1803 2485 venerabiles
1840 2453 1955 2487 fratres

1215 2504 1316 2537 nostri
1335 2504 1366 2538 S.
1380 2504 1416 2538 R.
1431 2504 1464 2537 E.
1478 2504 1767 2547 Congregationis¹
1786 2515 1884 2548 super
1900 2516 1956 2539 ne-

1252 2578 1258 2600 t
1282 2575 1436 2609 Praeposit.
1454 2583 1506 2610 per
1526 2583 1574 2602 nos
1593 2574 1717 2602 addimus
1739 2575 1777 2609 (n.
1795 2575 1843 2607 T.).

1247 2620 1262 2646 2
1283 2619 1353 2647 Edit.
1375 2620 1455 2648 Main.
1477 2620 1542 2656 legit
1562 2619 1788 2655 Conqreqationi
1806 2620 1844 2655 (n.
1861 2620 1909 2657 τ.).

1957 226 2009 251 An.
2030 227 2058 252 C.
2078 228 2144 257 1725

1215 271 1268 311 lia,
1286 281 1411 305 necnon
1436 271 1544 315 aliqua
1569 272 1630 305 alia
1652 271 1952 316 indispensabiliter
1964 287 2011 308 dam
2027 289 2054 308 ab
2068 289 2108 310 hac
2121 296 2145 311 u.

1963 320 2025 335 mous
2042 318 2143 342 exempta.

1993 1612 2051 1635 Quae
2082 1614 2104 1633 ut
2128 1618 2148 1633 n·

1966 1639 2149 1697 natata:

1213 1707 1347 1739 mininie
1375 1706 1599 1750 reperiantur,
1623 1707 1671 1740 vel
1698 1707 1773 1750 quia
1806 1718 1954 1751 episcopi
1966 1693 2045 1738 immiti,
2041 1691 2120 1738 imi}
2117 1691 2147 1739 '2⁸33

1215 1766 1319 1793 tzatxim
1345 1760 1509 1792 conticere
1536 1760 1730 1800 detiectant,
1757 1770 1797 1794 ne
1824 1760 1912 1793 illam
1939 1745 2149 1823 ιιξιὲιἙῘ-ἑῖΐῗιὲἒέἓῖιὲ-

1213 1813 1395 1856 semetipsis
1423 1813 1578 1847 inchoate
1605 1819 1780 1856 cogantui,
1805 1815 1854 1847 vel
1880 1821 2005 1858 qutaistis
2046 1823 2148 1845 facultati-
