2170 3147
0 282 42 304 tn.
58 277 87 304 C.
110 276 176 303 1727

19 706 140 727 Clausulae.

30 2021 189 2048 Derugatoiiae.

769 275 963 300 BENEDICTUS

182 323 362 357 modolibet
378 328 525 362 utuntur,
547 323 696 356 fruuntur
714 329 746 356 et
766 324 918 366 gaudent,

183 387 219 409 ae
242 376 298 415 uti,
321 376 381 408 srui
408 382 439 408 et
464 376 605 418 gaudere
630 382 767 419 possunt
784 382 815 409 et
833 382 922 418 pote-

182 435 257 461 runt
278 429 307 460 in
330 429 481 467 futurum,
500 429 719 471 parisorniiter
744 435 775 461 et
799 430 922 471 absque

183 483 247 514 ulla
272 492 403 524 prorsus
429 481 619 519 dill'erentia,
639 481 684 512 uti
701 508 708 519 ‚
726 481 803 520 frui,
826 481 922 522 potiri

184 541 215 567 et
231 535 371 576 gaudere
390 534 492 566 libere
512 539 541 566 et
559 534 645 566 licite
673 534 786 571 valeat,
812 539 923 565 tenore

183 586 412 629 praesentium,
426 586 494 618 sine
510 587 700 629 cuiusquam
712 585 923 628 praeiudicio,

185 639 217 671 in
243 645 434 682 perpetuum
460 639 614 681 erigimus
639 645 670 672 et
694 639 907 671 instituimus.

230 693 244 736 g
269 692 301 725 3.
322 693 539 725 Decernentes
561 692 646 735 ipsas
665 697 854 735 praesentes
875 691 925 723 lit-

188 751 270 778 teras
308 751 339 778 et
374 746 405 777 in
432 745 476 778 eis
510 749 683 783 contenta,
710 750 791 783 etc.‚
813 754 849 776 ex
887 754 925 776 eo

187 798 274 841 quod
300 799 438 841 quilibet
462 798 494 830 in
520 797 707 841 praemissis
732 797 782 829 ius
812 797 859 829 vel
878 796 926 828 in-

188 857 307 884 teresse
326 851 496 889 babentes,
518 861 575 883 sen
601 850 722 883 babere
748 849 926 892 quomodo-

187 905 266 937 libet
291 905 565 947 praetendentes,
591 904 688 936 etiam
720 901 868 945 specifica
895 908 927 935 et

187 958 348 990 individua
367 957 531 989 mentione
550 962 580 989 et
597 956 805 998 expressione
824 955 924 997 digni,

187 1009 249 1042 illis
265 1020 328 1043 non
354 1009 593 1049 consenserint,
614 1019 673 1041 nec
691 1009 729 1041 ad
752 1019 789 1041 ea
807 1008 922 1046 vocati,

188 1063 273 1096 citati
300 1069 330 1096 et
354 1063 472 1102 auditi,
499 1072 606 1105 neque
632 1072 764 1101 causae,
790 1067 926 1104 propter

188 1127 266 1160 quas
307 1121 494 1158 praesentes
532 1115 730 1153 emanarint,
767 1115 924 1147 adductae

188 1175 242 1201 aut
260 1167 443 1201 verificatae
463 1174 494 1201 et
513 1167 702 1200 institit-atae
726 1168 852 1207 suerint,
872 1174 925 1199 aut

188 1231 224 1253 ex
251 1221 360 1264 quavis
384 1221 456 1260 alia,
475 1221 571 1253 etiarn
594 1220 830 1262 quantumlibet
851 1220 925 1251 iuri—

189 1273 273 1313 dica,
301 1273 352 1316 pia
378 1279 410 1305 et
434 1273 639 1316 privilegiata
665 1274 778 1312 causa,
799 1273 923 1313 colore,

189 1333 356 1370 praetextu
383 1333 414 1360 et
445 1327 570 1369 capite,
596 1327 693 1359 etiam
726 1327 757 1359 in
790 1337 926 1369 corpore
969 1357 974 1362 ,

190 1381 267 1413 iuris
293 1382 414 1419 clauso,
442 1381 537 1413 etiam
563 1380 714 1419 enormis,
737 1379 927 1412 enormissi-

190 1444 260 1466 inae
287 1439 317 1466 et
344 1435 452 1466 totalis
478 1433 642 1471 laesionis,
668 1434 758 1465 nullo
784 1443 926 1475 unquam

192 1493 338 1530 tempore
357 1487 395 1519 de
413 1486 637 1528 subreptionis
655 1486 705 1518 vel
724 1485 926 1528 obreptionis

192 1545 244 1572 aut
269 1539 426 1572 nullitatis
452 1538 547 1578 vitio,
575 1549 632 1570 seu
658 1537 850 1570 intentionis
876 1548 929 1570 no-

191 1597 288 1633 strae,
311 1597 365 1624 aut
390 1593 550 1624 interesse
577 1591 769 1624 habentium
796 1601 929 1624 consen-

193 1646 268 1685 sus,
296 1645 397 1677 aliove
423 1644 572 1687 quolibet
605 1644 701 1676 etiam
727 1642 929 1687 quantumvis

195 1698 319 1731 formali
358 1703 389 1730 et
424 1697 628 1730 substantiali
664 1696 929 1740 individuamque

195 1751 438 1794 expressionem
465 1750 654 1793 requirente
688 1750 815 1783 defectu
841 1755 932 1782 nota-

196 1804 239 1845 ri,
266 1803 367 1844 etc.¹;
397 1804 453 1837 sed
481 1804 565 1847 ipsas
594 1809 782 1846 praesentes
807 1803 932 1836 litteras

197 1867 326 1900 semper
353 1857 460 1889 firmas
488 1862 566 1897 etex,
594 1868 630 1889 ae
655 1856 717 1889 illis
742 1862 803 1889 etc.
823 1855 934 1889 suffra-

198 1910 282 1952 gari,
307 1915 338 1942 et
363 1911 402 1942 ab
428 1910 472 1942 eis
499 1909 677 1953 respective
703 1909 935 1943 inviolabiliter

200 1962 379 2002 observari3
405 1963 538 2005 sieque,
564 1968 625 1995 etc.

244 2015 258 2057 ἓ
282 2015 314 2047 4.
340 2015 409 2048 Non
436 2015 638 2048 obstantibus
671 2016 875 2058 praemissis,
902 2026 937 2049 ac

201 2067 486 2100 constitutionibus
512 2073 543 2100 et
567 2067 829 2101 ordinationibus
861 2080 937 2112 apo-

201 2119 343 2159 stolicis,
367 2130 495 2152 necnon
519 2119 647 2152 Ordinis
678 2120 829 2163 illiusque
855 2122 939 2164 capi-

204 2173 343 2204 tulorum
369 2173 570 2214 generalium
590 2178 621 2205 et
638 2174 802 2206 custodiae
829 2174 939 2206 liuius-

202 2225 296 2265 modi,
308 2224 419 2257 aliisve
437 2225 615 2268 quibusvis,
631 2226 726 2258 etiam
744 2226 939 2267 iuramento,

202 2278 449 2312 confirmatione
475 2278 664 2322 apostoliea,
682 2280 730 2312 vel
757 2280 867 2322 quavis
893 2280 941 2312 fn·-

202 2330 313 2363 mitate
340 2331 402 2363 alia
426 2331 612 2371 roboratis,
637 2332 774 2371 statutis,
802 2332 940 2364 decretis

203 2389 235 2415 et
259 2383 549 2416 consuetudinibus
566 2409 573 2423 ,
601 2384 696 2416 etiam
728 2384 937 2417 immemora-

204 2435 342 2475 bilibus,
369 2435 546 2479 privilegiis
573 2446 723 2479 quoque,
749 2436 885 2469 indultis
911 2442 942 2469 et

204 2488 319 2521 litteris
346 2488 555 2531 apostolicis,
582 2489 679 2521 etiam
705 2488 791 2521 dicto
816 2488 940 2529 Ordini,

205 2541 340 2584 eiusque
372 2541 595 2584 superioribus
626 2547 656 2574 et
681 2542 847 2584 quibusvis
872 2543 942 2576 aliis

205 2594 351 2637 personis
366 2599 397 2627 et
411 2595 499 2635 locis,
515 2594 572 2627 sul)
587 2594 752 2637 quibusvis
771 2595 941 2629 verborum

241 2658 253 2682 1
271 2657 342 2686 Quae
357 2656 465 2690 desunt,
482 2664 562 2684 suine
577 2664 608 2684 ex
624 2664 685 2691 pag.
701 2656 753 2685 514
768 2657 783 2683 b
802 2657 841 2692 (n.
856 2658 903 2692 T.).

991 275 1047 299 xui
1073 276 1121 299 Pr.
1599 264 1663 298 580

966 323 1133 356 tenoribus
1159 329 1190 356 et
1216 323 1346 362 formis,
1375 334 1411 356 ac
1435 334 1507 355 cuni
1539 322 1704 365 quibusvis

966 376 1060 408 etiam
1082 376 1358 418 derogatoriarnni
1377 376 1602 418 derogatoriis,
1620 376 1706 408 aliis-

966 440 1027 470 que
1046 429 1292 467 efficacioribus,
1319 429 1549 462 efficacissimis
1571 436 1602 461 et
1622 430 1706 460 inso-

966 481 1030 513 litis
1046 483 1197 514 clausulis
1212 488 1242 514 et
1257 483 1405 520 decretis,
1421 483 1451 514 in
1470 493 1590 523 genere
1609 483 1656 513 vel
1674 483 1704 512 in

967 534 1085 576 speeie,
1104 535 1134 566 in
1149 535 1345 567 contrarium
1361 535 1610 576 praemissoriun
1630 534 1704 566 etc.¹

1011 587 1124 619 Datum
1150 588 1284 626 Rornae,
1304 589 1389 630 apud
1419 588 1451 620 S.
1479 589 1624 627 Petrum,
1645 588 1706 620 sub

967 641 1086 672 annulo
1099 640 1281 679 Piscatoris,
1294 642 1345 674 die
1361 652 1416 674 xxx
1429 642 1506 674 iunii
1521 651 1706 679 nnccxxvn,

969 693 1181 735 pontificatus
1206 694 1311 726 nostri
1338 705 1424 727 anno
1449 705 1492 727 iv.

1004 754 1065 779 Dat.
1085 754 1130 780 die
1151 755 1185 781 30
1205 755 1262 781 iulii
1286 755 1363 789 1727,
1387 755 1485 790 pontis.
1507 763 1580 782 anno
1601 762 1637 782 iv.

1273 896 1398 929 CXCIV.

971 975 1189 1017 Confirmatio·
1232 975 1394 1007 decretum
1442 977 1710 1018 Conqreslaliom‘s

1012 1028 1242 1067 immmzilatis,
1263 1028 1349 1071 quod
1368 1028 1615 1061 distributiones
1638 1039 1710 1072 quo-

1013 1081 1177 1120 tidianae,
1200 1091 1283 1124 quae
1306 1081 1534 1125 percipimzlur
1556 1092 1614 1125 per
1637 1082 1711 1114 resi-

1012 1133 1188 1169 clentz'ales.
1215 1144 1280 1165 nonv
1313 1134 1630 1176 comprelwmlantur
1653 1145 1711 1177 pro

1012 1186 1155 1219 subsidio
1180 1186 1270 1220 Sedis
1294 1187 1498 1230 Apostolicae
1511 1187 1531 1219 ².

1146 1266 1329 1294 Benedictus
1349 1268 1429 1301 Papa
1453 1267 1535 1300 xm,

1110 1311 1146 1337 ad
1167 1311 1302 1337 futuram
1324 1311 1370 1337 rei
1393 1311 1575 1338 memoriam.

1014 1382 1028 1423 ἓ
1053 1381 1084 1413 1.
1112 1380 1221 1424 Nuper
1246 1393 1263 1413 a
1287 1382 1546 1424 Congregatione
1578 1393 1713 1415 venera-

970 1434 1084 1466 bilium
1112 1434 1246 1466 fratrum
1272 1440 1455 1467 nostrorum
1480 1434 1512 1467 S.
1533 1435 1570 1467 R.
1586 1435 1620 1467 E.
1645 1446 1713 1468 car·

971 1487 1128 1519 dinalium
1168 1487 1362 1519 immunitati
1404 1488 1642 1520 ecclesiasticae
1683 1494 1714 1520 et

971 1540 1202 1572 controversiis
1237 1540 1548 1573 iurisdietionalibus
1574 1552 1715 1584 praepo-

972 1593 1110 1625 sitorum
1136 1592 1297 1626 emanavit
1318 1593 1483 1626 decretum
1511 1594 1633 1627 tenoris
1659 1595 1714 1637 qui

973 1646 1129 1688 sequitur,
1152 1646 1319 1678 videlicet:

1013 1708 1235 1738 mediolanensis.
1261 1708 1402 1738 Discussis
1424 1709 1454 1738 in
1482 1711 1566 1738 sacra
1588 1711 1717 1747 Congre-

974 1757 1089 1795 gatione
1121 1766 1208 1795 super
1241 1757 1426 1787 immunitate
1458 1758 1658 1788 ecclesiastica
1690 1765 1718 1789 et

975 1807 1184 1836 controversiis
1213 1806 1498 1836 iurisdictionalibus
1529 1807 1628 1837 liabitfi
1663 1808 1717 1837 sub

976 1856 1021 1885 dic
1046 1864 1102 1885 xvn
1125 1855 1199 1885 iunii
1222 1864 1379 1884 ›incexxvn
1403 1855 1599 1895 infrascriptis
1621 1856 1717 1886 dubiis

978 1905 1135 1943 propositis
1156 1905 1191 1934 ad
1207 1905 1376 1934 instantiam
1393 1904 1463 1934 cleri
1480 1905 1624 1942 regularis
1640 1905 1717 1935 dioe-

978 1954 1052 1983 cesis
1075 1958 1103 1983 εί.
1125 1953 1224 1983 Status
1252 1945 1417 1990 Mediolani,
1437 1954 1545 1983 tenoris
1568 1958 1653 1993 prout
1676 1964 1719 1984 se-

979 2002 1099 2040 quitur,
1132 2002 1286 2031 videlicet:
1311 2020 1345 2023 —
1374 2011 1392 2031 i.
1424 2001 1467 2031 An
1497 2001 1719 2032 distributiones

981 2050 1192 2089 quotidianae,
1217 2060 1290 2089 qnae
1313 2050 1497 2089 recipiuntur
1519 2060 1570 2090 per
1591 2051 1721 2081 residen-

982 2099 1065 2128 tiales
1093 2099 1380 2139 comprehendantur
1402 2103 1429 2129 et
1451 2099 1640 2130 calculandae
1662 2100 1720 2130 sint

983 2147 1037 2176 suh
1051 2157 1137 2177 onere
1150 2147 1353 2177 contribuendi
1365 2157 1414 2186 pro
1423 2147 1552 2177 subsidio
1562 2158 1595 2178 ex
1608 2149 1720 2178 indulto

982 2196 1011 2224 S.
1027 2196 1112 2225 Sedis
1130 2196 1239 2225 indicto
1259 2205 1335 2225 anno
1358 2204 1507 2233 iimccxvn3
1523 2206 1604 2226 -u.
1620 2197 1661 2226 An
1685 2198 1721 2226 sit

984 2243 1066 2272 locus
1085 2253 1176 2273 novae
1199 2244 1398 2282 repartitionis
1420 2253 1455 2273 ex
1478 2244 1591 2282 integro
1615 2245 1722 2274 sacien-

982 2292 1035 2321 dsse
1051 2292 1086 2321 ad
1102 2292 1236 2321 effectum
1260 2292 1289 2321 in
1313 2292 1369 2321 ista,
1391 2292 1554 2322 calculandi
1577 2302 1677 2323 omnes
1693 2298 1721 2323 et

983 2349 1182 2379 quascumque
1213 2340 1434 2370 distributiones
1463 2351 1520 2371 non
1548 2342 1719 2376 calculatas.

983 2393 1011 2418 et
1033 2398 1108 2428 quae
1130 2398 1222 2428 usque
1245 2389 1280 2418 ab
1303 2389 1387 2419 initio
1409 2394 1493 2420 erant
1522 2390 1720 2429 calculandae3

1022 2482 1030 2506 1
1055 2480 1086 2507 Ut
1106 2489 1188 2516 supra
1209 2489 1269 2517 pag.
1291 2482 1343 2509 515
1362 2490 1378 2509 a
1397 2485 1436 2517 (R.
1452 2483 1502 2519 τ.).

1018 2524 1033 2551 2
1054 2525 1111 2551 Alia
1131 2525 1209 2552 liuius
1231 2526 1366 2554 Pontilicis
1385 2527 1493 2554 constit.
1510 2527 1575 2555 edit.
1591 2535 1720 2562 tinctum,

983 2569 1026 2596 die
1037 2570 1070 2596 28
1090 2570 1195 2605 aprilis,
1217 2570 1312 2605 pontif.
1333 2577 1351 2603 1,
1372 2572 1510 2599 deeretum
1523 2573 1611 2600 suitut
1623 2574 1722 2609 provisi

984 2614 1017 2640 de
1038 2614 1175 2640 beneficiis
1197 2614 1312 2641 mediam
1338 2620 1462 2643 annatam
1483 2617 1618 2644 solverent
1639 2618 1722 2644 fabri-

983 2666 1030 2686 cae
1049 2666 1161 2685 suarum
1181 2659 1330 2693 respective
1350 2659 1536 2688 ecclesiarum.

1712 276 1759 299 An.
1779 274 1806 299 (J.
1833 275 1896 301 1757

1796 1390 1907 1410 Decretum

1724 1417 1862 1442 pret-dicium.
