2170 3147
232 217 280 244 An.
304 219 331 245 C.
352 218 420 245 1722

468 209 508 230 *a

472 221 508 243 12

426 269 552 302 litteras
577 276 607 302 et
629 270 660 302 in
681 270 726 303 eis
752 275 904 303 contenta
930 280 1170 313 quaecumque,

428 323 523 356 etiam
551 335 586 356 ex
615 334 653 356 eo
680 324 768 367 quod
796 324 997 367 quicumque
1023 323 1055 356 in
1082 335 1174 366 prae-

427 376 533 409 missis
567 388 623 409 seu
658 387 772 410 eorum
800 376 909 420 aliquo
935 376 1096 409 interesse
1119 376 1174 409 ba-

427 430 543 463 bentes
567 441 621 462 seu
650 430 772 463 habere
804 429 1054 473 quomodolibet
1084 440 1174 472 prae-

428 484 615 523 tendentes,
634 483 870 526 cuiuscumque
892 483 1021 526 gradus,
1038 482 1173 523 ordinis,

427 535 708 578 praeeminentiae
742 541 774 569 et
807 536 974 578 dignitatis
1013 536 1171 575 existant,

428 590 522 623 etiam
541 590 762 623 cardinalatus
781 590 910 623 honore
930 589 1104 632 fulgentes,
1121 594 1175 622 aut

429 642 508 676 alias
535 643 689 686 specifica
715 649 746 676 et
772 642 938 676 individua
958 642 1122 675 mentione
1144 647 1174 675 et

428 695 637 739 expressione
657 696 837 739 digni‚illis
854 706 917 729 non
937 695 1173 735 consenserint,

428 760 488 783 nec
514 749 552 782 ad
579 759 615 782 ea
641 751 754 789 vocati,
773 749 861 782 citati
879 754 911 782 et
936 748 1048 789 auditi,
1065 759 1173 792 neque

428 813 556 841 causae,
572 808 710 846 propter
727 813 807 846 quas
830 807 1020 846 praesentes
1045 812 1173 835 emana-

428 855 504 896 rint,
527 855 700 897 adductae,
721 856 901 889 veriticatae
928 862 959 890 et
984 854 1173 888 iustificatae

430 908 560 949 suerint,
580 914 634 941 aut
651 919 687 942 ex
706 909 769 942 alia
787 919 990 952 quacumque
1006 913 1173 951 quantum-

429 961 474 994 vis
499 961 591 1002 iusta,
619 961 670 1004 pia
696 968 728 995 et
753 961 956 1005 privilegiam
981 962 1090 1001 eausa,
1121 971 1173 993 co-

429 1016 508 1055 lore,
536 1020 708 1058 praetextu
735 1020 766 1047 et
791 1015 905 1058 eapite,
927 1014 1022 1047 etiam
1048 1014 1080 1046 in
1102 1024 1173 1047 cor-

427 1078 508 1111 pore
533 1068 611 1101 iuris
637 1069 756 1108 clauso,
780 1068 876 1101 etiam
902 1067 1058 1107 enormis,
1078 1077 1174 1100 enor-

428 1121 592 1155 missimae
620 1127 650 1154 et
678 1122 785 1155 totalis
811 1121 976 1161 laesionis,
1001 1120 1092 1154 nullo
1116 1131 1174 1152 un-

428 1185 523 1218 quam
547 1181 692 1218 ternpore
711 1175 750 1208 de
768 1175 989 1218 subreptionis
1011 1175 1060 1207 vel
1078 1174 1174 1207 obre—

428 1227 549 1271 ptionis
576 1234 629 1261 aut
657 1229 815 1262 nullitatis
842 1228 930 1268 vitio,
950 1239 1005 1261 seu
1025 1228 1174 1260 intentio-

428 1281 478 1314 nis
513 1286 662 1321 nostrae,
697 1288 752 1314 aut
788 1282 946 1314 interesse
984 1280 1172 1313 habentium

428 1336 623 1375 consensus,
643 1335 747 1368 aliove
775 1334 937 1378 quolibet,
958 1334 1054 1367 etiam
1077 1344 1175 1377 quan-

429 1389 546 1421 tumvis
578 1399 696 1432 magno
723 1395 754 1422 et
780 1388 985 1422 substantiali
1023 1382 1071 1421 ac¹
1095 1388 1173 1421 indi-

428 1442 555 1475 viduam
575 1443 818 1486 expressionem
839 1442 1025 1486 requirente
1045 1442 1172 1475 defectu

428 1495 558 1535 notari,
587 1496 794 1539 impugnari,
820 1496 999 1536 invalidari‚
1025 1495 1169 1538 infringi,

428 1549 610 1587 retractari,
633 1548 670 1581 ad
699 1548 855 1582 terminos
882 1548 960 1581 iuris
981 1548 1090 1581 reduci
1116 1559 1171 1581 seu

428 1601 684 1634 controversiain
713 1603 866 1639 revocari,
886 1607 940 1633 aut
965 1601 1118 1633 adversus
1140 1601 1173 1633 il-

428 1655 474 1687 las
498 1654 690 1698 aperitionis
717 1654 802 1693 oris,
828 1653 1042 1687 restitutionis
1067 1654 1099 1686 in
1126 1654 1173 1686 in-

429 1714 565 1750 tegrum,
585 1708 711 1741 aliudve
738 1708 964 1751 quodcumque
985 1708 1075 1747 iuris,
1100 1708 1171 1740 tacti
1195 1719 1197 1731 ³

426 1763 477 1795 vel
496 1762 618 1804 gratiae
645 1761 822 1794 remedium
850 1761 1027 1804 impetrare
1055 1762 1103 1794 rel
1127 1762 1172 1793 in-

429 1820 576 1853 tentare,
596 1825 651 1847 seu
672 1814 853 1857 impetrato,
874 1820 927 1846 aut
951 1815 1045 1847 etiam
1072 1819 1172 1854 motu,

427 1868 564 1901 scientia
589 1873 620 1900 et
645 1867 813 1910 potestatis
847 1867 1052 1911 plenitudiue
1087 1868 1172 1911 pari-

428 1923 487 1954 bus
509 1931 664 1954 concesso
683 1921 730 1954 vel
753 1926 911 1959 emanato,
932 1921 1117 1964 quempiam
1139 1922 1170 1954 iu

427 1974 548 2008 iudicio
569 1976 618 2008 vel
637 1980 728 2007 extra
746 1974 826 2007 illud
851 1974 896 2006 uti
922 1984 977 2007 seu
1003 1985 1036 2007 se
1064 1974 1170 2008 iuvare

426 2039 536 2072 posse,
564 2029 619 2061 sed
646 2028 729 2071 ipsas
756 2032 944 2070 praesentes
969 2027 1094 2060 litteras
1120 2028 1172 2061 tir-

427 2093 510 2122 mas,
528 2082 648 2115 validas
669 2087 700 2114 et
717 2081 864 2114 efficaces
882 2081 1020 2114 existere
1040 2087 1070 2114 et
1088 2082 1172 2122 sore,

426 2146 568 2179 suosque
605 2135 768 2179 plenarios
801 2140 833 2168 et
864 2134 1008 2178 integros
1040 2135 1172 2169 effectus

426 2189 537 2222 sortiri
558 2195 589 2222 et
610 2188 770 2228 obtinere,
792 2199 826 2221 ac
853 2187 927 2228 illis,
947 2188 984 2221 ad
1003 2199 1084 2232 quos
1103 2199 1173 2232 spe-

426 2247 491 2274 ctat
509 2248 540 2275 et
557 2241 716 2285 spectabit
742 2241 773 2274 in
800 2241 952 2282 futurum,
978 2241 1170 2285 plenissime

427 2294 610 2338 suffragari,
636 2301 667 2328 et
692 2294 731 2327 ab
758 2295 803 2327 eis
830 2295 1009 2338 respective
1036 2295 1172 2329 inviola-

427 2348 537 2381 biliter
569 2348 760 2388 observari,
789 2348 898 2392 sieque
932 2353 963 2381 et
989 2358 1053 2381 non
1079 2349 1172 2382 aliter

428 2401 460 2434 in
486 2401 671 2444 praemissis
704 2411 762 2444 per
788 2411 1012 2445 quoscumque
1047 2401 1170 2435 iudices

427 2454 609 2488 ordinarios
628 2459 659 2487 et
677 2454 863 2497 delegatos,
882 2454 979 2488 etiam
1004 2465 1171 2488 causarum

427 2508 535 2552 palatii
558 2508 727 2551 apostolici
749 2507 924 2549 auditores,
943 2520 1072 2542 necnon
1091 2509 1172 2543 elus-

428 2562 500 2595 dern
526 2561 557 2594 S.
588 2561 623 2594 R.
652 2561 685 2593 E.
714 2561 913 2602 cardinales,
941 2563 1036 2595 etiam
1063 2564 1101 2596 de
1127 2563 1172 2596 la-

428 2621 496 2650 tere
521 2616 657 2659 legatos,
675 2621 706 2650 et
724 2615 805 2650 alios
832 2616 998 2660 quoslibet
1020 2628 1171 2662 quaeum-

1016 221 1197 246 BULLAmL’M
1223 220 1378 246 ROMANUM

1194 267 1280 312 ‘que
1305 270 1561 313 praeeminentia
1587 276 1617 304 et
1642 276 1804 314 potestate
1827 270 1962 313 fungen-

1219 327 1267 355 tes
1294 328 1326 356 et
1351 323 1537 363 suneturos,
1565 324 1689 357 sublata
1717 325 1763 357 eis
1793 330 1823 357 et
1848 335 1961 358 eorum

1217 376 1352 410 cuilibet
1375 377 1486 420 quavis
1513 377 1606 410 aliter
1631 377 1793 411 iudicandi
1813 382 1841 410 et
1861 377 1962 411 inter-

1217 430 1368 472 pretandi
1395 430 1546 463 sacri-itate
1579 435 1611 463 et
1636 431 1852 469 auctoritate,
1880 430 1962 463 iudi-

1218 482 1282 515 cari
1313 488 1345 515 et
1370 481 1498 516 definiri
1530 483 1672 523 debere,
1706 494 1742 515 ae
1777 483 1905 516 irritum
1931 489 1964 517 et

1218 535 1315 568 inane
1348 534 1371 568 si
1399 546 1491 568 secus
1525 546 1623 579 super
1657 535 1708 568 his
1733 548 1750 568 a
1776 547 1963 580 quoquam,

1219 588 1331 632 quavis
1358 589 1562 628 auctoritate,
1577 589 1721 622 scienter
1738 590 1787 622 vel
1813 590 1962 632 ignoran-

1219 646 1277 681 ter,
1293 641 1470 685 contigerit
1488 642 1652 675 attentari.
1670 641 1740 675 Non
1758 642 1961 676 obstantibus

1219 695 1423 738 praemissis,
1444 706 1479 728 ac
1498 695 1650 728 omnibus
1670 700 1701 727 et
1718 695 1856 738 singulis
1875 695 1938 728 illis
1952 722 1960 735 ,

1219 759 1299 791 quae
1316 753 1516 781 memoratus
1535 748 1743 781 Innocentius
1758 748 1810 781 XII
1829 749 1963 792 praede-

1219 811 1330 834 cessor
1355 800 1387 833 in
1415 800 1480 833 suis
1508 800 1625 834 litteris
1645 800 1839 844 supradictis
1864 800 1963 834 voluit

1218 864 1282 886 non
1308 854 1460 894 obstare;
1484 853 1666 897 ceterisque
1693 853 1864 887 contrariis
1891 854 1963 897 qui-

1218 908 1433 950 buscumque.

1261 960 1275 1003 §
1308 960 1339 993 4.
1368 960 1523 993 Volumus
1558 966 1664 994 autem
1702 965 1735 992 ut
1768 961 1961 994 earumdem

1218 1014 1442 1056 praesentium
1458 1014 1642 1047 litterarum
1662 1014 1885 1057 transumptis,
1904 1025 1961 1047 seu

1218 1067 1384 1110 exemplis,
1400 1067 1494 1100 etiam
1513 1067 1690 1110 impressiS,
1712 1077 1807 1100 manu
1826 1066 1961 1100 alicuius

1219 1121 1334 1154 notarii
1360 1120 1479 1164 publici
1499 1120 1691 1163 subscriptis
1714 1126 1743 1153 et
1766 1120 1871 1162 sigillo
1890 1130 1963 1163 per-

1219 1185 1317 1207 sonae
1344 1175 1375 1207 in
1402 1174 1620 1207 ecclesiastica
1653 1174 1811 1217 dignitate
1841 1173 1962 1207 consti-

1220 1233 1304 1261 tutae
1330 1227 1473 1268 munitis,
1502 1228 1613 1261 eadem
1632 1237 1764 1271 prorsus
1790 1226 1870 1260 tides
1896 1226 1962 1260 ubi-

1218 1291 1280 1324 que
1305 1283 1453 1314 locorum
1480 1287 1542 1314 tani
1561 1281 1593 1314 in
1614 1281 1733 1314 iudicio
1755 1291 1851 1324 quani
1872 1285 1961 1314 extra

1218 1334 1297 1368 illud
1324 1334 1496 1375 habeatur,
1520 1345 1602 1378 quae
1629 1334 1707 1378 ipsis
1734 1334 1961 1378 praesentibus

1219 1388 1394 1422 haberetur
1419 1388 1444 1420 si
1470 1388 1576 1421 forent
1593 1386 1758 1420 exhibitae
1785 1388 1835 1420 vel
1853 1393 1962 1421 osten-

1218 1452 1284 1475 sae.

1263 1496 1376 1528 Datum
1403 1495 1538 1535 Romae,
1556 1495 1644 1538 apud
1662 1494 1694 1528 S.
1715 1494 1846 1528 Mariam
1864 1494 1963 1528 Maio-

1218 1560 1295 1588 rem,
1313 1549 1373 1582 sub
1398 1549 1524 1582 annulo
1548 1548 1736 1589 Piscatoris,
1753 1548 1807 1581 die
1836 1559 1873 1582 xv
1892 1548 1962 1582 iulii

1217 1612 1389 1640 nnccxxw,
1412 1602 1628 1646 pontificatus
1658 1601 1764 1634 nostri
1789 1612 1875 1635 anno
1895 1612 1916 1636 ι.

1253 1664 1312 1691 Dat.
1331 1664 1377 1691 die
1401 1664 1431 1691 15
1452 1663 1507 1690 iulii
1532 1663 1610 1697 1724,
1629 1663 1725 1699 pontif.
1749 1671 1820 1691 anno
1837 1670 1854 1691 ι.

1219 1888 1441 1930 Confirmatio*
1485 1887 1648 1920 ‹Ii-cretum
1695 1887 1962 1931 Coum-equisonis

1263 1940 1401 1974 Concz'lz'i
1426 1939 1464 1973 cle
1488 1940 1683 1972 auctoritate
1696 1940 1820 1983 prioris
1844 1941 1876 1974 S.
1897 1940 1964 1973 Μαι

1262 1995 1331 2026 riae
1355 2004 1453 2036 super
1476 1993 1661 2026 Minervam
1687 1993 1722 2025 in
1746 1993 1961 2036 poenitentia-

1262 2048 1326 2079 rios
1351 2046 1504 2079 basilicae
1528 2046 1723 2079 Libericmae
1747 2046 1766 2080 ¹.

1402 2127 1582 2155 Benedictus
1605 2127 1683 2161 Papa
1702 2127 1778 2160 XIII,

1359 2172 1394 2199 ad
1415 2173 1547 2199 futuram
1568 2172 1611 2199 rei
1632 2173 1814 2200 memoriam.

1261 2246 1274 2287 g*
1300 2244 1330 2277 l.
1350 2244 1548 2277 Emanarunt
1565 2245 1643 2277 alias
1662 2255 1679 2277 a
1695 2244 1958 2288 Congregatione

1217 2297 1453 2331 venerabilium
1472 2297 1605 2330 trau-um
1624 2304 1808 2331 nostrorum
1830 2298 1861 2331 S.
1877 2299 1913 2331 R.
1926 2298 1958 2331 Ε.

1216 2350 1430 2384 cardinalium
1449 2350 1584 2384 Concilii
1602 2350 1781 2384 Tridentini
1800 2352 1961 2395 interpre-

1217 2411 1281 2439 tum
1307 2406 1339 2438 iu
1366 2405 1462 2438 causti
1488 2416 1544 2437 seu
1571 2405 1676 2438 causis
1694 2405 1779 2439 inter
1798 2411 1872 2438 tune
1897 2406 1961 2438 exi-

1216 2464 1340 2491 stentes
1370 2458 1518 2491 eiusdem
1554 2458 1585 2491 S.
1618 2458 1655 2491 tt.
1691 2458 1725 2490 E.
1761 2458 1959 2492 cardinalem

1216 2511 1373 2545 maiorem
1391 2511 1679 2555 poenitentiarum,
1694 2521 1730 2544 ex
1748 2513 1822 2552 una,
1837 2516 1867 2545 et
1885 2523 1960 2555 pro-

1252 2583 1261 2607 1
1282 2581 1342 2608 Vid.
1364 2581 1415 2608 hac
1435 2581 1468 2608 de
1488 2589 1517 2608 re
1539 2581 1575 2608 Pii
1599 2581 1617 2607 V
1638 2584 1724 2608 const.
1747 2580 1810 2608 edit.
1831 2588 1959 2617 MDvaut,

1193 2647 1195 2654 i
1215 2624 1258 2653 die
1281 2627 1290 2653 1
1311 2624 1486 2662 septembris,
1508 2624 1603 2662 pontif.
1625 2630 1662 2652 111.

1968 224 2016 250 An.
2035 224 2060 249 C.
2087 224 2154 252 2724

2012 973 2075 994 Fure«
2101 976 2155 995 tran·

1972 1002 2108 1026 sumptorum.

1981 2247 2089 2270 Decretum
2098 2249 2145 2270 Gon·

1971 2276 2094 2300 gregaiinnis
2100 2275 2146 2297 Cou-

1971 2302 2013 2322 citu
2025 2302 2116 2324 refertur.
