2170 3147
13 189 60 217 An.
76 187 104 215 C.
127 187 194 215 1725

84 1624 197 1646 Concessio

15 1654 132 1680 praedicta.

785 189 979 213 RENEDICTUS
1005 188 1061 214 XIII
1086 191 1133 214 ΓΡ.

204 235 356 269 Romanis
386 236 596 270 Pontificibus
634 236 945 280 praedecessoribus

205 289 324 322 nostris
351 289 427 323 olim
451 290 615 323 celebrata
634 290 751 331 fuisse,
770 291 945 334 plurimos-

204 352 266 385 que
284 342 367 375 vitae
398 343 565 375 sanctitate
585 353 619 375 ac
634 343 748 375 virtute
771 349 799 376 et
819 344 944 376 meritis

204 395 409 437 praeclaros,
436 405 564 428 necnon
601 395 799 438 amplissima
833 395 942 427 cardi-

204 448 330 480 nalatus
346 447 500 490 dignitate
518 447 662 490 insignes
682 447 767 480 viros
789 458 824 479 ex
844 447 944 490 ipsius

205 499 337 543 capituli
361 500 485 543 gremio
503 500 663 543 prodiisse
686 500 755 532 iure
774 500 944 542 glorietur,

204 562 329 585 necnon
357 552 592 596 multiplicibus
618 563 635 584 a
659 552 741 585 Sede
761 552 943 595 Apostolica

204 605 382 648 privilegiis
402 611 516 638 ornata
534 605 735 649 reperiatur;
754 616 852 637 unum
868 615 943 638 vero

205 658 444 701 exponentibus
460 658 635 702 praedictis
660 658 826 690 mitrarum
845 658 943 690 decus

204 710 300 751 desit,
325 721 459 755 quarum
481 722 540 744 usu
568 711 818 754 metropolitana
847 711 944 743 eccle·

204 763 250 796 sia
275 769 384 797 nostra
409 764 645 804 Beneventana,
667 768 755 796 arcto
782 763 943 795 fraternae

204 816 371 849 charitatis
396 816 523 850 vinculo
549 828 621 849 cum
648 816 729 849 dicta
755 815 945 859 metropoli-

204 871 279 901 tana
295 870 433 902 ecclesia
450 869 600 913 Capuana
622 870 743 903 dudum
761 870 943 909 coniuncta,

205 932 241 954 ac
265 922 346 955 aliae
372 922 462 965 regni
481 922 633 966 Neapolis
660 923 755 955 etiam
782 923 944 955 cathedra-

204 974 252 1007 les
277 974 432 1007 ecclesiae
459 985 495 1007 ex
522 975 735 1008 concessione
768 975 944 1017 apostolica

205 1028 346 1070 gaudere
372 1027 616 1070 dignoscuntur,
634 1033 677 1068 et,
698 1027 723 1060 si
743 1033 944 1070 exponentes

205 1081 339 1124 praefati
359 1081 419 1113 hac
443 1091 573 1124 quoque
600 1080 826 1124 praerogativa
849 1081 945 1114 dona-

205 1138 338 1174 rentur,
363 1144 427 1167 non
465 1134 591 1167 modica
617 1134 731 1167 exinde
755 1135 801 1166 eis
834 1136 940 1168 eccle·

205 1187 337 1230 siaeque
361 1187 525 1231 praefatae
556 1187 740 1230 splendoris
775 1198 811 1220 ae
844 1187 944 1230 digni-

207 1241 278 1273 tatis
307 1240 399 1273 steret
434 1241 597 1281 accessio,
626 1241 816 1284 divinusque
842 1240 874 1273 in
907 1243 943 1273 ea

206 1295 311 1327 cultus
337 1305 373 1327 ac
398 1294 510 1337 populi
538 1293 668 1327 devotio
686 1294 809 1326 maiora
826 1294 857 1326 in
877 1294 944 1327 dies

206 1347 387 1391 susciperet
414 1348 632 1381 incrementa:
655 1349 750 1381 nobis
768 1353 943 1391 propterea

207 1400 284 1433 dicti
302 1406 504 1444 exponentes
523 1401 688 1433 humiliter
709 1400 885 1444 supplicari
905 1401 945 1433 fe-

207 1459 321 1487 cerunt
345 1459 378 1486 ut
398 1454 431 1486 in
455 1453 639 1498 praemissis
664 1459 849 1497 opportune
874 1464 945 1497 pro-

207 1507 318 1540 videre
343 1512 374 1540 et
397 1512 432 1539 ut
457 1507 542 1540 infra
577 1507 751 1549 indulgere
783 1507 821 1540 de
852 1506 946 1540 beni-

208 1560 329 1603 gnitate
355 1560 534 1603 apostolica
558 1560 782 1603 dignaremur.

251 1615 267 1658 ἓ
288 1613 319 1647 Ξ.
339 1613 402 1647 Nos
427 1614 539 1656 igitur,
559 1614 612 1657 qui
639 1614 757 1647 dictam
783 1618 947 1656 metropo-

208 1666 341 1700 litanam
379 1667 548 1700 ecclesiam
579 1666 762 1709 Capuanam
788 1666 944 1709 peculiari

208 1730 336 1763 semper
361 1720 522 1764 prosecuti
552 1731 660 1753 sumus
688 1726 719 1753 et
743 1720 850 1753 adhuc
874 1730 947 1763 pro-

208 1774 374 1817 sequimur
399 1774 579 1807 devotionis
613 1773 726 1806 affectu
743 1801 750 1813 ,
778 1784 813 1806 ac
836 1779 945 1807 vetere

209 1838 282 1860 cum
309 1833 488 1861 memorato
513 1827 642 1860 Nicolao
673 1827 828 1860 cardinali
856 1838 947 1870 prae-

209 1881 277 1914 sule
296 1881 392 1914 etiam
410 1881 575 1923 iungimur
592 1880 844 1920 necessitudine,
863 1881 948 1924 ipso-

209 1943 279 1967 rum
294 1934 526 1977 exponentium
548 1933 628 1967 votis
655 1934 764 1966 bacin
782 1944 826 1973 re,
849 1944 947 1977 quan-

210 1992 275 2020 tum
289 1998 359 2020 cum
374 1987 512 2020 Domino
531 1998 710 2031 possumus,
728 1987 949 2020 favorabiliter

210 2051 353 2074 annuere
379 2040 557 2084 cupientes,
577 2045 608 2073 ct
633 2050 744 2073 eorum
770 2040 948 2082 singulares

209 2104 366 2138 personas
380 2104 397 2126 a
412 2093 575 2137 quibusvis
594 2093 948 2134 excommunicationis,

210 2147 438 2190 suspensionis
472 2152 503 2179 et
537 2146 712 2185 interdicti,
733 2146 871 2189 aliisque
900 2156 950 2178 ec-

210 2200 400 2234 clesiasticis
425 2200 610 2240 sententiiS,
635 2200 781 2233 censuris
813 2205 844 2232 et
869 2210 948 2242 poe-

211 2254 273 2294 nis,
296 2264 313 2286 a
330 2253 400 2286 iure
423 2254 471 2286 vel
489 2253 528 2285 ab
547 2253 696 2292 homine,
723 2252 834 2295 quavis
859 2263 949 2285 occa-

210 2307 301 2340 sione
328 2307 374 2340 vel
401 2308 496 2340 causa
520 2306 601 2346 latis,
628 2306 653 2338 si
671 2306 789 2350 quibus
816 2316 950 2349 quomo-

210 2359 336 2393 dolibet
358 2359 533 2392 innodatae
559 2359 712 2399 existunt,
737 2359 776 2391 ad
797 2359 947 2392 effectum

210 2413 431 2455 praesentium
459 2413 623 2445 dumtaxat
653 2412 946 2455 consequendum,

990 238 1057 271 fore
1083 243 1274 279 censentes,
1302 240 1486 273 huiusmodi
1513 239 1726 284 supplicatio·

989 292 1083 324 nibus
1102 292 1257 333 inclinati,
1276 292 1450 335 dignitates
1469 304 1505 327 ac
1523 293 1727 326 canonicatus

989 344 1021 375 in
1040 344 1124 376 dicta
1141 346 1390 388 metropolitana
1416 346 1553 380 ecclesia
1578 346 1727 389 Capuaua

989 395 1213 430 obtinentibus
1239 398 1466 440 praesentibus
1492 403 1523 431 et
1543 398 1670 438 futuris,
1693 404 1728 430 ut

989 448 1144 491 deinceps
1171 450 1339 492 perpetuis
1375 451 1490 483 futuris
1528 451 1727 494 temporibus

990 506 1052 532 tam
1079 500 1108 533 in
1136 501 1261 534 civitate
1298 513 1393 545 quarn
1420 504 1450 536 in
1489 504 1630 537 dioecesi
1665 504 1724 537 Ca·

990 554 1211 596 puana,etia1n
1227 555 1361 588 absente
1380 556 1495 589 eodem
1510 557 1641 590 Nicolao
1660 567 1728 589 car-

990 605 1089 638 dinali
1116 608 1269 649 praesule
1305 618 1362 640 seu
1395 619 1455 651 pro
1489 614 1635 652 tempore
1662 610 1727 642 exi-

989 664 1094 692 stente
1112 659 1362 703 archiepiscopo
1380 660 1544 703 Capuano,
1561 662 1592 694 in
1610 661 1726 701 missis,

989 712 1131 756 vesperis
1157 723 1192 745 ac
1217 713 1367 746 laudibus
1392 715 1583 747 solemniter
1612 715 1728 747 decan-

991 764 1113 803 tandis,
1143 775 1180 797 ac
1204 765 1299 797 etiam
1325 765 1356 797 in
1382 765 1644 808 processionibus
1670 776 1726 798 seu

989 817 1291 861 supplicationibus,
1309 818 1595 851 benedictionibus
1616 819 1729 851 cande-

990 872 1106 911 larum,
1126 871 1284 911 cinerum,
1310 873 1490 915 palmarum
1510 878 1541 905 et
1560 872 1655 905 fontis
1673 872 1728 904 ba-

990 924 1157 967 ptismalis,
1183 935 1218 957 ac
1243 925 1377 968 reliquis
1404 925 1633 958 ecclesiasticis
1660 926 1728 958 fun-

991 977 1172 1017 ctionibus,
1203 977 1234 1009 in
1267 978 1384 1020 quibus
1417 988 1504 1010 sacra
1530 978 1728 1011 adhibentur

989 1036 1200 1073 paramenta,
1228 1031 1323 1062 mitra
1360 1031 1496 1073 aliisque
1529 1030 1726 1064 indumentis

990 1088 1021 1116 et
1039 1083 1249 1126 paramentis,
1269 1083 1301 1115 in
1321 1084 1471 1116 omnibus
1489 1089 1519 1116 et
1543 1094 1604 1127 per
1620 1084 1728 1116 omnia

990 1136 1028 1169 ad
1049 1136 1151 1168 instar
1170 1136 1363 1168 dilectorum
1381 1136 1520 1169 liliorum
1546 1137 1677 1179 capituli
1696 1142 1727 1169 et

989 1189 1218 1221 canonicorum
1236 1189 1440 1231 supradictae
1458 1189 1611 1222 ccclesiae
1627 1189 1728 1222 Bene-

988 1247 1158 1282 ventanac,
1185 1242 1230 1274 uti
1257 1242 1359 1275 libere
1386 1247 1416 1274 et
1441 1241 1527 1275 licite
1553 1242 1678 1286 possint
1696 1247 1727 1274 et

988 1295 1115 1328 valeant
1133 1323 1141 1334 ,
1176 1295 1353 1338 apostolica
1378 1296 1587 1334 auctoritate,
1615 1301 1726 1328 tenore

989 1348 1221 1391 praesentium,
1238 1348 1448 1381 concedimus
1466 1354 1496 1381 et
1513 1349 1727 1391 indulgemus,

990 1402 1101 1444 eisque
1127 1401 1159 1433 in
1185 1401 1249 1434 suis
1275 1401 1373 1434 armis
1399 1412 1455 1434 seu
1481 1401 1629 1444 insigniis
1653 1411 1728 1444 gen-

991 1455 1094 1487 tilitiis
1108 1454 1234 1487 mitram
1249 1454 1368 1498 apponi
1388 1454 1524 1487 faciendi
1540 1459 1571 1487 et
1587 1454 1726 1487 addendi

989 1508 1151 1540 licentiam
1179 1513 1211 1540 et
1236 1502 1417 1541 facultatem
1439 1507 1533 1540 etiam
1566 1512 1727 1552 perpetuo

992 1561 1160 1594 tribuimus
1186 1566 1217 1593 et
1241 1560 1455 1604 impartimur.

1034 1615 1048 1657 ᾗ
1073 1614 1105 1647 3.
1133 1613 1223 1657 ipsos
1256 1624 1331 1647 vero
1368 1624 1466 1657 super
1498 1614 1685 1657 praemissis
1711 1624 1727 1646 a

992 1677 1153 1711 quoquam
1179 1666 1292 1710 quovis
1318 1672 1498 1710 praetextu,
1516 1669 1610 1700 causa
1628 1672 1660 1700 et
1677 1678 1727 1700 oc-

991 1721 1121 1754 casione
1148 1720 1323 1759 molestari,
1343 1720 1527 1763 perturbari
1553 1725 1608 1753 aut
1631 1720 1729 1763 impe-

992 1773 1050 1806 diri
1085 1773 1268 1806 nullatenus
1300 1783 1439 1816 unquam
1476 1783 1591 1816 posse,
1619 1772 1727 1815 sicque

992 1831 1023 1859 et
1048 1836 1113 1858 non
1140 1827 1234 1859 aliter
1267 1836 1325 1869 per
1357 1836 1577 1869 quoscumque
1604 1825 1728 1858 iudices

992 1880 1174 1912 ordinarios
1196 1884 1227 1911 et.
1245 1879 1423 1921 delegatos,
1449 1879 1542 1911 etiam
1560 1888 1728 1911 causarum

992 1933 1100 1976 palatii
1127 1932 1295 1976 apostolici
1324 1931 1496 1971 auditores,
1522 1942 1557 1963 ac
1581 1930 1612 1963 S.
1635 1930 1672 1963 R.
1692 1930 1726 1963 Ε.

993 1985 1199 2023 cardinales,
1224 1984 1318 2018 etiam
1351 1984 1389 2017 de
1415 1984 1515 2016 latere
1552 1984 1675 2026 legatos
1699 1987 1730 2015 et

993 2039 1097 2071 dictae
1123 2038 1213 2072 Sedis
1237 2038 1387 2078 nuncios,
1415 2038 1539 2070 sublata
1565 2038 1610 2069 eis
1632 2042 1663 2070 et
1680 2046 1730 2070 eo-

993 2103 1064 2124 rum
1090 2092 1225 2125 cuilibet
1251 2091 1361 2134 quavis
1387 2090 1481 2124 aliter
1506 2089 1669 2122 iudicandi
1699 2094 1731 2121 et

994 2145 1228 2188 interpretandi
1268 2145 1415 2177 facultate
1452 2148 1484 2176 et
1517 2143 1730 2181 auctoritate,

993 2198 1126 2231 iudicari
1161 2203 1193 2229 et
1218 2196 1344 2229 definiri
1378 2196 1518 2235 debere,
1544 2206 1580 2229 ac
1604 2195 1729 2228 irritum

994 2257 1025 2284 et
1044 2251 1139 2283 inane
1161 2250 1186 2282 si
1213 2260 1304 2282 secus
1323 2259 1421 2292 super
1450 2248 1499 2281 his
1520 2259 1538 2281 a
1555 2259 1728 2292 quoquam,

994 2304 1103 2348 quavis
1128 2303 1328 2341 auctoritate,
1352 2301 1492 2334 scienter
1512 2302 1561 2334 vel
1583 2301 1729 2343 ignoran-

994 2364 1051 2398 ter,
1079 2356 1252 2398 contigerit
1273 2355 1433 2395 attentari,
1461 2355 1678 2388 decernimus.

1036 2410 1050 2453 ἓ
1069 2410 1099 2441 4.
1119 2409 1189 2441 Non
1208 2408 1411 2440 obstantibus
1429 2408 1626 2450 apostolicis,
1641 2419 1677 2441 ac
1695 2408 1921 2466 indoffoogffigiorum

211 2466 325 2499 harum
351 2466 435 2498 serie
460 2466 666 2499 absolventes
701 2470 731 2497 et
763 2463 947 2497 absolutas⁴
991 2461 1225 2508 universalibus
1244 2460 1562 2503 provincialibusque
1583 2466 1614 2493 et
1634 2471 1727 2504 syno-

248 2583 261 2610 1
282 2581 352 2610 Edit.
375 2581 455 2609 Maia.
478 2581 560 2608 habet
579 2581 720 2608 absolutos
740 2581 782 2616 (n.
806 2581 855 2614 T.).

991 2515 1118 2548 dalibus
1139 2513 1284 2546 conciliis
1309 2513 1419 2553 editis,
1446 2513 1651 2556 generalibus
1677 2514 1726 2545 vel

990 2567 1195 2610 specialibus,
1224 2566 1511 2601 constitutionibus
1535 2572 1567 2600 et
1597 2565 1726 2600 ordina-

1619 181 1683 215 473
1733 191 1782 217 An.
1800 190 1828 218 c.
1850 191 1919 220 1725

1765 1622 1887 1646 Clausulas,
