<?xml version="1.0" encoding="UTF-8"?>
<!DOCTYPE html PUBLIC "-//W3C//DTD XHTML 1.0 Transitional//EN"
    "http://www.w3.org/TR/xhtml1/DTD/xhtml1-transitional.dtd">
<html xmlns="http://www.w3.org/1999/xhtml" xml:lang="en" lang="en">
 <head>
  <title>
</title>
<meta http-equiv="Content-Type" content="text/html;charset=utf-8" />
  <meta name='ocr-system' content='tesseract 3.04.00' />
  <meta name='ocr-capabilities' content='ocr_page ocr_carea ocr_par ocr_line ocrx_word'/>
</head>
<body>
  <div class='ocr_page' id='page_1' title='image "./bullarumdiplomat22cath_0239.png"; bbox 0 0 2170 3147; ppageno 0'>
   <div class='ocr_carea' id='block_1_1' title="bbox 3 188 193 219">
    <p class='ocr_par' dir='ltr' id='par_1_1' title="bbox 3 188 193 219">
     <span class='ocr_line' id='line_1_1' title="bbox 3 188 193 219; baseline -0.016 -1"><span class='ocrx_word' id='word_1_1' title='bbox 3 191 50 219; x_wconf 75' lang='grc' dir='ltr'><strong>Αιι.</strong></span> <span class='ocrx_word' id='word_1_2' title='bbox 75 190 104 218; x_wconf 90' lang='lat' dir='ltr'>C.</span> <span class='ocrx_word' id='word_1_3' title='bbox 125 188 193 216; x_wconf 71' lang='lat'>¹725</span> 
     </span>
    </p>
   </div>
   <div class='ocr_carea' id='block_1_2' title="bbox 0 460 177 561">
    <p class='ocr_par' dir='ltr' id='par_1_2' title="bbox 0 460 177 561">
     <span class='ocr_line' id='line_1_2' title="bbox 25 460 177 481; baseline 0 -1"><span class='ocrx_word' id='word_1_4' title='bbox 25 460 177 481; x_wconf 66' lang='lat' dir='ltr'>Praescribitur</span> 
     </span>
     <span class='ocr_line' id='line_1_3' title="bbox 0 487 175 508; baseline -0.017 0"><span class='ocrx_word' id='word_1_5' title='bbox 0 487 59 508; x_wconf 75' lang='lat' dir='ltr'>torma</span> <span class='ocrx_word' id='word_1_6' title='bbox 68 487 175 506; x_wconf 69' lang='lat' dir='ltr'>exii-atien-</span> 
     </span>
     <span class='ocr_line' id='line_1_4' title="bbox 0 513 176 538; baseline -0.006 -5"><span class='ocrx_word' id='word_1_7' title='bbox 0 513 17 535; x_wconf 75' lang='lat' dir='ltr'>tli</span> <span class='ocrx_word' id='word_1_8' title='bbox 31 513 176 538; x_wconf 67' lang='lat' dir='ltr'>delinquentes</span> 
     </span>
     <span class='ocr_line' id='line_1_5' title="bbox 0 539 141 561; baseline -0.007 0"><span class='ocrx_word' id='word_1_9' title='bbox 0 539 22 561; x_wconf 66' lang='lat' dir='ltr'>nb</span> <span class='ocrx_word' id='word_1_10' title='bbox 37 539 141 560; x_wconf 77' lang='lat' dir='ltr'>ecelesiis.</span> 
     </span>
    </p>
   </div>
   <div class='ocr_carea' id='block_1_3' title="bbox 188 235 928 494">
    <p class='ocr_par' dir='ltr' id='par_1_3' title="bbox 188 235 928 431">
     <span class='ocr_line' id='line_1_6' title="bbox 190 235 927 277; baseline -0.001 -8"><span class='ocrx_word' id='word_1_11' title='bbox 190 242 318 277; x_wconf 77' lang='lat' dir='ltr'>sentur3</span> <span class='ocrx_word' id='word_1_12' title='bbox 355 235 410 268; x_wconf 89' lang='lat' dir='ltr'>sed</span> <span class='ocrx_word' id='word_1_13' title='bbox 445 236 476 268; x_wconf 89' lang='lat' dir='ltr'>in</span> <span class='ocrx_word' id='word_1_14' title='bbox 515 235 763 268; x_wconf 84' lang='lat' dir='ltr'>occurrentibus</span> <span class='ocrx_word' id='word_1_15' title='bbox 801 235 927 268; x_wconf 76' lang='lat' dir='ltr'>casibus</span> 
     </span>
     <span class='ocr_line' id='line_1_7' title="bbox 190 287 926 332; baseline -0.004 -8"><span class='ocrx_word' id='word_1_16' title='bbox 190 301 333 324; x_wconf 86' lang='lat' dir='ltr'>normam</span> <span class='ocrx_word' id='word_1_17' title='bbox 372 290 423 322; x_wconf 80' lang='lat' dir='ltr'>liic</span> <span class='ocrx_word' id='word_1_18' title='bbox 455 300 471 321; x_wconf 87' lang='lat' dir='ltr'>a</span> <span class='ocrx_word' id='word_1_19' title='bbox 508 287 602 321; x_wconf 88' lang='lat' dir='ltr'>nobis</span> <span class='ocrx_word' id='word_1_20' title='bbox 639 289 926 332; x_wconf 73' lang='lat' dir='ltr'>praescribendam</span> 
     </span>
     <span class='ocr_line' id='line_1_8' title="bbox 188 340 928 377; baseline -0.004 -1"><span class='ocrx_word' id='word_1_21' title='bbox 188 342 422 377; x_wconf 83' lang='lat' dir='ltr'>inviolabiliter</span> <span class='ocrx_word' id='word_1_22' title='bbox 447 341 485 373; x_wconf 79' lang='lat' dir='ltr'>ab</span> <span class='ocrx_word' id='word_1_23' title='bbox 511 340 660 373; x_wconf 85' lang='lat' dir='ltr'>omnihus</span> <span class='ocrx_word' id='word_1_24' title='bbox 686 341 851 373; x_wconf 75' lang='lat' dir='ltr'>observari</span> <span class='ocrx_word' id='word_1_25' title='bbox 874 351 928 373; x_wconf 92' lang='lat' dir='ltr'>vo-</span> 
     </span>
     <span class='ocr_line' id='line_1_9' title="bbox 189 395 550 431; baseline -0.008 0"><span class='ocrx_word' id='word_1_26' title='bbox 189 400 294 431; x_wconf 89' lang='lat' dir='ltr'>lumus</span> <span class='ocrx_word' id='word_1_27' title='bbox 321 402 348 429; x_wconf 89' lang='lat' dir='ltr'>et</span> <span class='ocrx_word' id='word_1_28' title='bbox 376 395 550 428; x_wconf 79' lang='lat' dir='ltr'>sancimus.</span> 
     </span>
    </p>

    <p class='ocr_par' dir='ltr' id='par_1_4' title="bbox 231 447 927 494">
     <span class='ocr_line' id='line_1_10' title="bbox 231 447 927 494; baseline -0.006 -11"><span class='ocrx_word' id='word_1_29' title='bbox 231 451 246 494; x_wconf 76' lang='lat'>§</span> <span class='ocrx_word' id='word_1_30' title='bbox 269 450 299 483; x_wconf 84' lang='lat'>6.</span> <span class='ocrx_word' id='word_1_31' title='bbox 326 449 595 492; x_wconf 68' lang='lat' dir='ltr'>Quotiescumque</span> <span class='ocrx_word' id='word_1_32' title='bbox 635 448 732 490; x_wconf 72' lang='lat' dir='ltr'>igitur</span> <span class='ocrx_word' id='word_1_33' title='bbox 765 447 851 480; x_wconf 87' lang='lat' dir='ltr'>curia</span> <span class='ocrx_word' id='word_1_34' title='bbox 878 458 927 480; x_wconf 88' lang='lat' dir='ltr'>ec-</span> 
     </span>
    </p>
   </div>
   <div class='ocr_carea' id='block_1_4' title="bbox 188 499 950 543">
    <p class='ocr_par' dir='ltr' id='par_1_5' title="bbox 188 499 950 543">
     <span class='ocr_line' id='line_1_11' title="bbox 188 499 950 543; baseline -0.007 -7"><span class='ocrx_word' id='word_1_35' title='bbox 188 503 368 537; x_wconf 78' lang='lat' dir='ltr'>clesiastica</span> <span class='ocrx_word' id='word_1_36' title='bbox 386 513 401 535; x_wconf 87' lang='lat' dir='ltr'>a</span> <span class='ocrx_word' id='word_1_37' title='bbox 421 501 507 534; x_wconf 74' lang='lat' dir='ltr'>curia</span> <span class='ocrx_word' id='word_1_38' title='bbox 535 501 688 533; x_wconf 80' lang='lat' dir='ltr'>saeculari</span> <span class='ocrx_word' id='word_1_39' title='bbox 710 500 803 532; x_wconf 83' lang='lat' dir='ltr'>suerit</span> <span class='ocrx_word' id='word_1_40' title='bbox 825 499 927 543; x_wconf 89' lang='lat' dir='ltr'>requi·</span> <span class='ocrx_word' id='word_1_41' title='bbox 948 515 950 522; x_wconf 60' lang='lat'><strong>⁴</strong></span> 
     </span>
    </p>
   </div>
   <div class='ocr_carea' id='block_1_5' title="bbox 180 553 926 2621">
    <p class='ocr_par' dir='ltr' id='par_1_6' title="bbox 180 553 926 2621">
     <span class='ocr_line' id='line_1_12' title="bbox 189 553 925 598; baseline -0.005 -10"><span class='ocrx_word' id='word_1_42' title='bbox 189 556 249 589; x_wconf 88' lang='lat' dir='ltr'>sita</span> <span class='ocrx_word' id='word_1_43' title='bbox 273 561 307 587; x_wconf 91' lang='lat' dir='ltr'>ut</span> <span class='ocrx_word' id='word_1_44' title='bbox 332 555 448 588; x_wconf 85' lang='lat' dir='ltr'>laicum</span> <span class='ocrx_word' id='word_1_45' title='bbox 475 554 614 598; x_wconf 86' lang='lat' dir='ltr'>aliquem</span> <span class='ocrx_word' id='word_1_46' title='bbox 646 553 890 596; x_wconf 81' lang='lat' dir='ltr'>delinquentem</span> <span class='ocrx_word' id='word_1_47' title='bbox 910 563 925 585; x_wconf 93' lang='lat' dir='ltr'>e</span> 
     </span>
     <span class='ocr_line' id='line_1_13' title="bbox 188 604 925 647; baseline -0.005 -6"><span class='ocrx_word' id='word_1_48' title='bbox 188 610 260 642; x_wconf 89' lang='lat' dir='ltr'>loco</span> <span class='ocrx_word' id='word_1_49' title='bbox 285 607 418 640; x_wconf 89' lang='lat' dir='ltr'>immuni</span> <span class='ocrx_word' id='word_1_50' title='bbox 447 607 570 640; x_wconf 77' lang='lat' dir='ltr'>extrahi</span> <span class='ocrx_word' id='word_1_51' title='bbox 598 617 632 638; x_wconf 90' lang='lat' dir='ltr'>ac</span> <span class='ocrx_word' id='word_1_52' title='bbox 658 605 701 638; x_wconf 91' lang='lat' dir='ltr'>illi</span> <span class='ocrx_word' id='word_1_53' title='bbox 739 604 925 647; x_wconf 80' lang='lat' dir='ltr'>consignari</span> 
     </span>
     <span class='ocr_line' id='line_1_14' title="bbox 189 657 926 703; baseline -0.005 -10"><span class='ocrx_word' id='word_1_54' title='bbox 189 661 291 701; x_wconf 80' lang='lat' dir='ltr'>saciat,</span> <span class='ocrx_word' id='word_1_55' title='bbox 318 670 419 703; x_wconf 87' lang='lat' dir='ltr'>eaque</span> <span class='ocrx_word' id='word_1_56' title='bbox 444 669 543 703; x_wconf 86' lang='lat' dir='ltr'>super</span> <span class='ocrx_word' id='word_1_57' title='bbox 569 658 676 691; x_wconf 79' lang='lat' dir='ltr'>delicti</span> <span class='ocrx_word' id='word_1_58' title='bbox 703 657 826 700; x_wconf 73' lang='lat' dir='ltr'>excepti</span> <span class='ocrx_word' id='word_1_59' title='bbox 851 667 926 701; x_wconf 88' lang='lat' dir='ltr'>qua-</span> 
     </span>
     <span class='ocr_line' id='line_1_15' title="bbox 186 710 925 756; baseline -0.007 -10"><span class='ocrx_word' id='word_1_60' title='bbox 186 713 274 746; x_wconf 84' lang='lat' dir='ltr'>litate</span> <span class='ocrx_word' id='word_1_61' title='bbox 288 723 324 745; x_wconf 86' lang='lat' dir='ltr'>ac</span> <span class='ocrx_word' id='word_1_62' title='bbox 342 722 500 756; x_wconf 80' lang='lat' dir='ltr'>personae</span> <span class='ocrx_word' id='word_1_63' title='bbox 517 712 664 744; x_wconf 85' lang='lat' dir='ltr'>reiterate</span> <span class='ocrx_word' id='word_1_64' title='bbox 683 710 925 743; x_wconf 79' lang='lat' dir='ltr'>subministrata</span> 
     </span>
     <span class='ocr_line' id='line_1_16' title="bbox 187 762 926 809; baseline -0.003 -12"><span class='ocrx_word' id='word_1_65' title='bbox 187 766 236 799; x_wconf 87' lang='lat' dir='ltr'>vel</span> <span class='ocrx_word' id='word_1_66' title='bbox 263 765 418 809; x_wconf 84' lang='lat' dir='ltr'>acquisita</span> <span class='ocrx_word' id='word_1_67' title='bbox 444 764 508 797; x_wconf 88' lang='lat' dir='ltr'>sint</span> <span class='ocrx_word' id='word_1_68' title='bbox 539 762 679 797; x_wconf 77' lang='lat' dir='ltr'>indicia¹</span> <span class='ocrx_word' id='word_1_69' title='bbox 705 774 786 807; x_wconf 80' lang='lat' dir='ltr'>quae</span> <span class='ocrx_word' id='word_1_70' title='bbox 813 764 852 796; x_wconf 88' lang='lat' dir='ltr'>ad</span> <span class='ocrx_word' id='word_1_71' title='bbox 878 773 926 795; x_wconf 88' lang='lat' dir='ltr'>ca-</span> 
     </span>
     <span class='ocr_line' id='line_1_17' title="bbox 187 816 924 862; baseline -0.001 -12"><span class='ocrx_word' id='word_1_72' title='bbox 187 823 315 862; x_wconf 89' lang='lat' dir='ltr'>pturam</span> <span class='ocrx_word' id='word_1_73' title='bbox 341 817 582 851; x_wconf 77' lang='lat' dir='ltr'>decernendam</span> <span class='ocrx_word' id='word_1_74' title='bbox 618 816 765 849; x_wconf 80' lang='lat' dir='ltr'>sufficere</span> <span class='ocrx_word' id='word_1_75' title='bbox 799 816 924 849; x_wconf 85' lang='lat' dir='ltr'>videan-</span> 
     </span>
     <span class='ocr_line' id='line_1_18' title="bbox 188 869 923 911; baseline -0.003 -7"><span class='ocrx_word' id='word_1_76' title='bbox 188 877 246 911; x_wconf 87' lang='lat' dir='ltr'>tur,</span> <span class='ocrx_word' id='word_1_77' title='bbox 273 876 347 903; x_wconf 87' lang='lat' dir='ltr'>tunc</span> <span class='ocrx_word' id='word_1_78' title='bbox 374 871 462 904; x_wconf 87' lang='lat' dir='ltr'>curia</span> <span class='ocrx_word' id='word_1_79' title='bbox 482 870 702 903; x_wconf 85' lang='lat' dir='ltr'>ecclesiastica</span> <span class='ocrx_word' id='word_1_80' title='bbox 720 870 758 902; x_wconf 90' lang='lat' dir='ltr'>ad</span> <span class='ocrx_word' id='word_1_81' title='bbox 777 869 923 902; x_wconf 84' lang='lat' dir='ltr'>eiusdem</span> 
     </span>
     <span class='ocr_line' id='line_1_19' title="bbox 187 922 923 968; baseline -0.004 -11"><span class='ocrx_word' id='word_1_82' title='bbox 187 923 406 968; x_wconf 88' lang='lat' dir='ltr'>delinquentis</span> <span class='ocrx_word' id='word_1_83' title='bbox 447 922 675 956; x_wconf 75' lang='lat' dir='ltr'>extructionem</span> <span class='ocrx_word' id='word_1_84' title='bbox 712 922 751 954; x_wconf 88' lang='lat' dir='ltr'>ab</span> <span class='ocrx_word' id='word_1_85' title='bbox 787 922 923 955; x_wconf 80' lang='lat' dir='ltr'>ecclesia</span> 
     </span>
     <span class='ocr_line' id='line_1_20' title="bbox 186 975 922 1021; baseline -0.005 -10"><span class='ocrx_word' id='word_1_86' title='bbox 186 976 324 1021; x_wconf 85' lang='lat' dir='ltr'>aliisque</span> <span class='ocrx_word' id='word_1_87' title='bbox 349 977 429 1009; x_wconf 90' lang='lat' dir='ltr'>locis</span> <span class='ocrx_word' id='word_1_88' title='bbox 455 976 660 1016; x_wconf 87' lang='lat' dir='ltr'>immunibus,</span> <span class='ocrx_word' id='word_1_89' title='bbox 679 986 740 1019; x_wconf 92' lang='lat' dir='ltr'>ope</span> <span class='ocrx_word' id='word_1_90' title='bbox 761 986 796 1008; x_wconf 84' lang='lat' dir='ltr'>ac</span> <span class='ocrx_word' id='word_1_91' title='bbox 815 975 922 1008; x_wconf 88' lang='lat' dir='ltr'>medio</span> 
     </span>
     <span class='ocr_line' id='line_1_21' title="bbox 186 1028 921 1073; baseline -0.004 -9"><span class='ocrx_word' id='word_1_92' title='bbox 186 1042 317 1064; x_wconf 89' lang='lat' dir='ltr'>suorum</span> <span class='ocrx_word' id='word_1_93' title='bbox 344 1035 564 1070; x_wconf 78' lang='lat' dir='ltr'>executoruin,</span> <span class='ocrx_word' id='word_1_94' title='bbox 603 1029 775 1073; x_wconf 85' lang='lat' dir='ltr'>implorato</span> <span class='ocrx_word' id='word_1_95' title='bbox 815 1028 921 1069; x_wconf 88' lang='lat' dir='ltr'>etiam,</span> 
     </span>
     <span class='ocr_line' id='line_1_22' title="bbox 187 1082 922 1128; baseline -0.001 -12"><span class='ocrx_word' id='word_1_96' title='bbox 187 1089 347 1128; x_wconf 87' lang='lat' dir='ltr'>quatenus</span> <span class='ocrx_word' id='word_1_97' title='bbox 383 1094 464 1127; x_wconf 88' lang='lat' dir='ltr'>opus</span> <span class='ocrx_word' id='word_1_98' title='bbox 502 1083 562 1123; x_wconf 86' lang='lat' dir='ltr'>sit,</span> <span class='ocrx_word' id='word_1_99' title='bbox 594 1082 718 1115; x_wconf 86' lang='lat' dir='ltr'>brachii</span> <span class='ocrx_word' id='word_1_100' title='bbox 743 1082 922 1115; x_wconf 85' lang='lat' dir='ltr'>saecularis</span> 
     </span>
     <span class='ocr_line' id='line_1_23' title="bbox 186 1136 922 1180; baseline -0.003 -10"><span class='ocrx_word' id='word_1_101' title='bbox 186 1137 313 1177; x_wconf 72' lang='lat' dir='ltr'>auxilio,</span> <span class='ocrx_word' id='word_1_102' title='bbox 333 1142 361 1169; x_wconf 89' lang='lat' dir='ltr'>et</span> <span class='ocrx_word' id='word_1_103' title='bbox 384 1147 456 1169; x_wconf 89' lang='lat' dir='ltr'>cum</span> <span class='ocrx_word' id='word_1_104' title='bbox 476 1136 659 1169; x_wconf 84' lang='lat' dir='ltr'>interventu</span> <span class='ocrx_word' id='word_1_105' title='bbox 685 1146 848 1180; x_wconf 81' lang='lat' dir='ltr'>personae</span> <span class='ocrx_word' id='word_1_106' title='bbox 875 1146 922 1168; x_wconf 88' lang='lat' dir='ltr'>ec-</span> 
     </span>
     <span class='ocr_line' id='line_1_24' title="bbox 185 1189 918 1233; baseline -0.003 -10"><span class='ocrx_word' id='word_1_107' title='bbox 185 1190 384 1224; x_wconf 81' lang='lat' dir='ltr'>clesiasticae</span> <span class='ocrx_word' id='word_1_108' title='bbox 424 1191 463 1222; x_wconf 73' lang='lat' dir='ltr'>al]</span> <span class='ocrx_word' id='word_1_109' title='bbox 504 1189 659 1233; x_wconf 85' lang='lat' dir='ltr'>episcopo</span> <span class='ocrx_word' id='word_1_110' title='bbox 699 1189 918 1233; x_wconf 84' lang='lat' dir='ltr'>deputandae,</span> 
     </span>
     <span class='ocr_line' id='line_1_25' title="bbox 185 1243 920 1288; baseline -0.004 -10"><span class='ocrx_word' id='word_1_111' title='bbox 185 1244 365 1288; x_wconf 79' lang='lat' dir='ltr'>procedere</span> <span class='ocrx_word' id='word_1_112' title='bbox 403 1248 563 1283; x_wconf 81' lang='lat' dir='ltr'>teneatur,</span> <span class='ocrx_word' id='word_1_113' title='bbox 601 1248 844 1286; x_wconf 76' lang='lat' dir='ltr'>extractumque</span> <span class='ocrx_word' id='word_1_114' title='bbox 882 1243 920 1275; x_wconf 89' lang='lat' dir='ltr'>ad</span> 
     </span>
     <span class='ocr_line' id='line_1_26' title="bbox 185 1296 919 1340; baseline -0.004 -10"><span class='ocrx_word' id='word_1_115' title='bbox 185 1308 260 1331; x_wconf 85' lang='lat' dir='ltr'>suos</span> <span class='ocrx_word' id='word_1_116' title='bbox 278 1307 424 1330; x_wconf 78' lang='lat' dir='ltr'>carceres</span> <span class='ocrx_word' id='word_1_117' title='bbox 443 1296 634 1340; x_wconf 85' lang='lat' dir='ltr'>adsportari,</span> <span class='ocrx_word' id='word_1_118' title='bbox 653 1307 688 1328; x_wconf 85' lang='lat' dir='ltr'>ac</span> <span class='ocrx_word' id='word_1_119' title='bbox 709 1296 750 1328; x_wconf 85' lang='lat' dir='ltr'>ibi</span> <span class='ocrx_word' id='word_1_120' title='bbox 771 1296 830 1328; x_wconf 88' lang='lat' dir='ltr'>sub</span> <span class='ocrx_word' id='word_1_121' title='bbox 852 1297 919 1327; x_wconf 74' lang='lat' dir='ltr'>tuta</span> 
     </span>
     <span class='ocr_line' id='line_1_27' title="bbox 185 1349 920 1384; baseline -0.004 0"><span class='ocrx_word' id='word_1_122' title='bbox 185 1350 332 1384; x_wconf 75' lang='lat' dir='ltr'>custodia</span> <span class='ocrx_word' id='word_1_123' title='bbox 364 1350 503 1383; x_wconf 85' lang='lat' dir='ltr'>detineri</span> <span class='ocrx_word' id='word_1_124' title='bbox 541 1355 631 1382; x_wconf 86' lang='lat' dir='ltr'>curet</span> <span class='ocrx_word' id='word_1_125' title='bbox 664 1355 695 1382; x_wconf 92' lang='lat' dir='ltr'>et</span> <span class='ocrx_word' id='word_1_126' title='bbox 729 1349 833 1381; x_wconf 80' lang='lat' dir='ltr'>saciat.</span> <span class='ocrx_word' id='word_1_127' title='bbox 860 1349 920 1382; x_wconf 75' lang='lat' dir='ltr'>Ubi</span> 
     </span>
     <span class='ocr_line' id='line_1_28' title="bbox 185 1403 922 1447; baseline -0.001 -11"><span class='ocrx_word' id='word_1_128' title='bbox 185 1415 261 1438; x_wconf 85' lang='lat' dir='ltr'>vero</span> <span class='ocrx_word' id='word_1_129' title='bbox 287 1415 323 1437; x_wconf 81' lang='lat' dir='ltr'>ex</span> <span class='ocrx_word' id='word_1_130' title='bbox 350 1414 503 1447; x_wconf 83' lang='lat' dir='ltr'>processu</span> <span class='ocrx_word' id='word_1_131' title='bbox 541 1403 746 1436; x_wconf 82' lang='lat' dir='ltr'>informativo</span> <span class='ocrx_word' id='word_1_132' title='bbox 783 1403 922 1446; x_wconf 84' lang='lat' dir='ltr'>desuper</span> 
     </span>
     <span class='ocr_line' id='line_1_29' title="bbox 185 1456 921 1500; baseline -0.003 -9"><span class='ocrx_word' id='word_1_133' title='bbox 185 1457 388 1491; x_wconf 79' lang='lat' dir='ltr'>conficiendo</span> <span class='ocrx_word' id='word_1_134' title='bbox 414 1462 538 1490; x_wconf 79' lang='lat' dir='ltr'>constet</span> <span class='ocrx_word' id='word_1_135' title='bbox 559 1457 597 1489; x_wconf 89' lang='lat' dir='ltr'>de</span> <span class='ocrx_word' id='word_1_136' title='bbox 623 1456 758 1489; x_wconf 89' lang='lat' dir='ltr'>crimine</span> <span class='ocrx_word' id='word_1_137' title='bbox 784 1462 921 1500; x_wconf 71' lang='lat' dir='ltr'>excepto</span> 
     </span>
     <span class='ocr_line' id='line_1_30' title="bbox 184 1511 921 1555; baseline -0.004 -9"><span class='ocrx_word' id='word_1_138' title='bbox 184 1523 221 1546; x_wconf 86' lang='lat' dir='ltr'>ac</span> <span class='ocrx_word' id='word_1_139' title='bbox 246 1511 377 1555; x_wconf 82' lang='lat' dir='ltr'>insuper</span> <span class='ocrx_word' id='word_1_140' title='bbox 402 1511 555 1544; x_wconf 87' lang='lat' dir='ltr'>adversus</span> <span class='ocrx_word' id='word_1_141' title='bbox 574 1511 723 1543; x_wconf 85' lang='lat' dir='ltr'>eumdem</span> <span class='ocrx_word' id='word_1_142' title='bbox 746 1515 921 1543; x_wconf 77' lang='lat' dir='ltr'>extractum</span> 
     </span>
     <span class='ocr_line' id='line_1_31' title="bbox 185 1563 921 1598; baseline -0.004 0"><span class='ocrx_word' id='word_1_143' title='bbox 185 1565 260 1598; x_wconf 84' lang='lat' dir='ltr'>talia</span> <span class='ocrx_word' id='word_1_144' title='bbox 286 1565 444 1598; x_wconf 83' lang='lat' dir='ltr'>resultent</span> <span class='ocrx_word' id='word_1_145' title='bbox 469 1563 587 1596; x_wconf 89' lang='lat' dir='ltr'>indicia</span> <span class='ocrx_word' id='word_1_146' title='bbox 614 1568 646 1595; x_wconf 92' lang='lat' dir='ltr'>ut</span> <span class='ocrx_word' id='word_1_147' title='bbox 671 1563 792 1596; x_wconf 84' lang='lat' dir='ltr'>crimen</span> <span class='ocrx_word' id='word_1_148' title='bbox 820 1563 858 1595; x_wconf 84' lang='lat' dir='ltr'>ab</span> <span class='ocrx_word' id='word_1_149' title='bbox 884 1573 921 1596; x_wconf 92' lang='lat' dir='ltr'>eo</span> 
     </span>
     <span class='ocr_line' id='line_1_32' title="bbox 185 1616 921 1661; baseline -0.004 -10"><span class='ocrx_word' id='word_1_150' title='bbox 185 1618 281 1651; x_wconf 78' lang='lat' dir='ltr'>fuisse</span> <span class='ocrx_word' id='word_1_151' title='bbox 314 1623 474 1661; x_wconf 82' lang='lat' dir='ltr'>patratum</span> <span class='ocrx_word' id='word_1_152' title='bbox 506 1617 672 1649; x_wconf 84' lang='lat' dir='ltr'>moraliter</span> <span class='ocrx_word' id='word_1_153' title='bbox 697 1616 784 1649; x_wconf 80' lang='lat' dir='ltr'>credi</span> <span class='ocrx_word' id='word_1_154' title='bbox 819 1617 921 1660; x_wconf 79' lang='lat' dir='ltr'>possit</span> 
     </span>
     <span class='ocr_line' id='line_1_33' title="bbox 184 1670 920 1716; baseline -0.001 -14"><span class='ocrx_word' id='word_1_155' title='bbox 184 1673 288 1716; x_wconf 87' lang='lat' dir='ltr'>(quae</span> <span class='ocrx_word' id='word_1_156' title='bbox 313 1670 444 1715; x_wconf 87' lang='lat' dir='ltr'>quidem</span> <span class='ocrx_word' id='word_1_157' title='bbox 471 1670 590 1703; x_wconf 84' lang='lat' dir='ltr'>indicia</span> <span class='ocrx_word' id='word_1_158' title='bbox 617 1670 702 1702; x_wconf 79' lang='lat' dir='ltr'>iuxta</span> <span class='ocrx_word' id='word_1_159' title='bbox 727 1670 854 1712; x_wconf 80' lang='lat' dir='ltr'>regulas</span> <span class='ocrx_word' id='word_1_160' title='bbox 879 1670 920 1702; x_wconf 90' lang='lat' dir='ltr'>iu-</span> 
     </span>
     <span class='ocr_line' id='line_1_34' title="bbox 184 1722 919 1766; baseline -0.005 -8"><span class='ocrx_word' id='word_1_161' title='bbox 184 1725 227 1758; x_wconf 89' lang='lat' dir='ltr'>ris</span> <span class='ocrx_word' id='word_1_162' title='bbox 245 1730 402 1757; x_wconf 87' lang='lat' dir='ltr'>vocantur</span> <span class='ocrx_word' id='word_1_163' title='bbox 419 1724 502 1756; x_wconf 87' lang='lat' dir='ltr'>ultra</span> <span class='ocrx_word' id='word_1_164' title='bbox 525 1723 712 1766; x_wconf 87' lang='lat' dir='ltr'>torturam),</span> <span class='ocrx_word' id='word_1_165' title='bbox 733 1733 771 1755; x_wconf 90' lang='lat' dir='ltr'>eo</span> <span class='ocrx_word' id='word_1_166' title='bbox 791 1722 919 1755; x_wconf 85' lang='lat' dir='ltr'>tandem</span> 
     </span>
     <span class='ocr_line' id='line_1_35' title="bbox 182 1776 921 1821; baseline -0.005 -10"><span class='ocrx_word' id='word_1_167' title='bbox 182 1788 257 1811; x_wconf 84' lang='lat' dir='ltr'>casu</span> <span class='ocrx_word' id='word_1_168' title='bbox 284 1778 462 1821; x_wconf 76' lang='lat' dir='ltr'>praefatum</span> <span class='ocrx_word' id='word_1_169' title='bbox 492 1782 671 1809; x_wconf 74' lang='lat' dir='ltr'>extractum</span> <span class='ocrx_word' id='word_1_170' title='bbox 708 1776 864 1808; x_wconf 84' lang='lat' dir='ltr'>ministris</span> <span class='ocrx_word' id='word_1_171' title='bbox 890 1780 921 1808; x_wconf 91' lang='lat' dir='ltr'>et</span> 
     </span>
     <span class='ocr_line' id='line_1_36' title="bbox 183 1829 920 1865; baseline -0.004 -1"><span class='ocrx_word' id='word_1_172' title='bbox 183 1831 373 1865; x_wconf 83' lang='lat' dir='ltr'>officialibus</span> <span class='ocrx_word' id='word_1_173' title='bbox 399 1830 507 1864; x_wconf 84' lang='lat' dir='ltr'>curiae</span> <span class='ocrx_word' id='word_1_174' title='bbox 534 1831 708 1863; x_wconf 85' lang='lat' dir='ltr'>saecularis</span> <span class='ocrx_word' id='word_1_175' title='bbox 735 1829 862 1862; x_wconf 87' lang='lat' dir='ltr'>tradere</span> <span class='ocrx_word' id='word_1_176' title='bbox 889 1835 920 1861; x_wconf 89' lang='lat' dir='ltr'>et</span> 
     </span>
     <span class='ocr_line' id='line_1_37' title="bbox 182 1883 918 1928; baseline -0.004 -11"><span class='ocrx_word' id='word_1_177' title='bbox 182 1884 375 1928; x_wconf 81' lang='lat' dir='ltr'>consignare</span> <span class='ocrx_word' id='word_1_178' title='bbox 401 1883 504 1928; x_wconf 82' lang='lat' dir='ltr'>possit</span> <span class='ocrx_word' id='word_1_179' title='bbox 529 1894 564 1916; x_wconf 88' lang='lat' dir='ltr'>ac</span> <span class='ocrx_word' id='word_1_180' title='bbox 590 1883 719 1922; x_wconf 86' lang='lat' dir='ltr'>debeat,</span> <span class='ocrx_word' id='word_1_181' title='bbox 747 1884 855 1916; x_wconf 76' lang='lat' dir='ltr'>exacta</span> <span class='ocrx_word' id='word_1_182' title='bbox 873 1887 918 1914; x_wconf 88' lang='lat' dir='ltr'>ta—</span> 
     </span>
     <span class='ocr_line' id='line_1_38' title="bbox 183 1936 918 1981; baseline -0.003 -11"><span class='ocrx_word' id='word_1_183' title='bbox 183 1948 257 1971; x_wconf 88' lang='lat' dir='ltr'>men</span> <span class='ocrx_word' id='word_1_184' title='bbox 283 1940 480 1981; x_wconf 82' lang='lat' dir='ltr'>receptaque</span> <span class='ocrx_word' id='word_1_185' title='bbox 505 1937 596 1980; x_wconf 88' lang='lat' dir='ltr'>prius</span> <span class='ocrx_word' id='word_1_186' title='bbox 621 1937 661 1969; x_wconf 88' lang='lat' dir='ltr'>ab</span> <span class='ocrx_word' id='word_1_187' title='bbox 687 1936 767 1980; x_wconf 84' lang='lat' dir='ltr'>ipsis</span> <span class='ocrx_word' id='word_1_188' title='bbox 794 1936 918 1978; x_wconf 79' lang='lat' dir='ltr'>obliga-</span> 
     </span>
     <span class='ocr_line' id='line_1_39' title="bbox 182 1988 917 2025; baseline -0.004 -1"><span class='ocrx_word' id='word_1_189' title='bbox 182 1992 270 2025; x_wconf 85' lang='lat' dir='ltr'>tione</span> <span class='ocrx_word' id='word_1_190' title='bbox 295 1991 326 2024; x_wconf 91' lang='lat' dir='ltr'>in</span> <span class='ocrx_word' id='word_1_191' title='bbox 355 1991 454 2024; x_wconf 78' lang='lat' dir='ltr'>forma</span> <span class='ocrx_word' id='word_1_192' title='bbox 482 1990 560 2022; x_wconf 90' lang='lat' dir='ltr'>iuris</span> <span class='ocrx_word' id='word_1_193' title='bbox 591 1990 694 2023; x_wconf 77' lang='lat' dir='ltr'>valida</span> <span class='ocrx_word' id='word_1_194' title='bbox 726 1988 917 2022; x_wconf 84' lang='lat' dir='ltr'>restituendi</span> 
     </span>
     <span class='ocr_line' id='line_1_40' title="bbox 182 2044 919 2086; baseline -0.005 -7"><span class='ocrx_word' id='word_1_195' title='bbox 182 2051 359 2080; x_wconf 77' lang='lat' dir='ltr'>extractum</span> <span class='ocrx_word' id='word_1_196' title='bbox 387 2045 554 2083; x_wconf 88' lang='lat' dir='ltr'>ecclesiae,</span> <span class='ocrx_word' id='word_1_197' title='bbox 581 2044 640 2076; x_wconf 83' lang='lat' dir='ltr'>sub</span> <span class='ocrx_word' id='word_1_198' title='bbox 666 2046 770 2086; x_wconf 82' lang='lat' dir='ltr'>poena</span> <span class='ocrx_word' id='word_1_199' title='bbox 796 2053 919 2076; x_wconf 82' lang='lat' dir='ltr'>excom-</span> 
     </span>
     <span class='ocr_line' id='line_1_41' title="bbox 181 2097 919 2132; baseline -0.005 0"><span class='ocrx_word' id='word_1_200' title='bbox 181 2098 408 2132; x_wconf 84' lang='lat' dir='ltr'>municationis</span> <span class='ocrx_word' id='word_1_201' title='bbox 433 2098 516 2130; x_wconf 84' lang='lat' dir='ltr'>latae</span> <span class='ocrx_word' id='word_1_202' title='bbox 548 2098 727 2130; x_wconf 89' lang='lat' dir='ltr'>sententiae</span> <span class='ocrx_word' id='word_1_203' title='bbox 758 2097 851 2129; x_wconf 88' lang='lat' dir='ltr'>nobis</span> <span class='ocrx_word' id='word_1_204' title='bbox 884 2106 919 2128; x_wconf 84' lang='lat' dir='ltr'>ac</span> 
     </span>
     <span class='ocr_line' id='line_1_42' title="bbox 180 2148 916 2196; baseline -0.007 -11"><span class='ocrx_word' id='word_1_205' title='bbox 180 2163 240 2196; x_wconf 90' lang='lat' dir='ltr'>pro</span> <span class='ocrx_word' id='word_1_206' title='bbox 266 2157 412 2194; x_wconf 89' lang='lat' dir='ltr'>tempore</span> <span class='ocrx_word' id='word_1_207' title='bbox 438 2150 584 2183; x_wconf 74' lang='lat' dir='ltr'>existenti</span> <span class='ocrx_word' id='word_1_208' title='bbox 603 2150 747 2182; x_wconf 82' lang='lat' dir='ltr'>Romano</span> <span class='ocrx_word' id='word_1_209' title='bbox 773 2148 916 2182; x_wconf 74' lang='lat' dir='ltr'>Pontifici</span> 
     </span>
     <span class='ocr_line' id='line_1_43' title="bbox 180 2203 919 2248; baseline -0.005 -10"><span class='ocrx_word' id='word_1_210' title='bbox 180 2210 374 2245; x_wconf 83' lang='lat' dir='ltr'>reservatae,</span> <span class='ocrx_word' id='word_1_211' title='bbox 403 2209 562 2248; x_wconf 84' lang='lat' dir='ltr'>quatenus</span> <span class='ocrx_word' id='word_1_212' title='bbox 587 2203 671 2237; x_wconf 88' lang='lat' dir='ltr'>idem</span> <span class='ocrx_word' id='word_1_213' title='bbox 697 2209 856 2236; x_wconf 84' lang='lat' dir='ltr'>extractus</span> <span class='ocrx_word' id='word_1_214' title='bbox 875 2203 919 2235; x_wconf 90' lang='lat' dir='ltr'>in-</span> 
     </span>
     <span class='ocr_line' id='line_1_44' title="bbox 181 2256 916 2300; baseline -0.005 -8"><span class='ocrx_word' id='word_1_215' title='bbox 181 2257 265 2292; x_wconf 86' lang='lat' dir='ltr'>dicia</span> <span class='ocrx_word' id='word_1_216' title='bbox 302 2263 413 2291; x_wconf 82' lang='lat' dir='ltr'>contra</span> <span class='ocrx_word' id='word_1_217' title='bbox 445 2257 550 2300; x_wconf 90' lang='lat' dir='ltr'>ipsum</span> <span class='ocrx_word' id='word_1_218' title='bbox 589 2256 745 2300; x_wconf 87' lang='lat' dir='ltr'>acquisita</span> <span class='ocrx_word' id='word_1_219' title='bbox 782 2257 812 2289; x_wconf 90' lang='lat' dir='ltr'>in</span> <span class='ocrx_word' id='word_1_220' title='bbox 851 2256 916 2288; x_wconf 90' lang='lat' dir='ltr'>suis</span> 
     </span>
     <span class='ocr_line' id='line_1_45' title="bbox 181 2309 916 2354; baseline -0.005 -9"><span class='ocrx_word' id='word_1_221' title='bbox 181 2310 427 2346; x_wconf 78' lang='lat' dir='ltr'>defensionibus</span> <span class='ocrx_word' id='word_1_222' title='bbox 455 2315 573 2354; x_wconf 75' lang='lat' dir='ltr'>purget</span> <span class='ocrx_word' id='word_1_223' title='bbox 604 2321 640 2343; x_wconf 78' lang='lat' dir='ltr'>ac</span> <span class='ocrx_word' id='word_1_224' title='bbox 679 2310 792 2342; x_wconf 86' lang='lat' dir='ltr'>diluat.</span> <span class='ocrx_word' id='word_1_225' title='bbox 826 2309 916 2348; x_wconf 87' lang='lat' dir='ltr'>Quod</span> 
     </span>
     <span class='ocr_line' id='line_1_46' title="bbox 180 2362 917 2407; baseline -0.005 -8"><span class='ocrx_word' id='word_1_226' title='bbox 180 2365 204 2399; x_wconf 90' lang='lat' dir='ltr'>si</span> <span class='ocrx_word' id='word_1_227' title='bbox 231 2375 267 2398; x_wconf 85' lang='lat' dir='ltr'>ea</span> <span class='ocrx_word' id='word_1_228' title='bbox 287 2364 419 2397; x_wconf 90' lang='lat' dir='ltr'>minime</span> <span class='ocrx_word' id='word_1_229' title='bbox 441 2363 639 2407; x_wconf 76' lang='lat' dir='ltr'>purgaverit,</span> <span class='ocrx_word' id='word_1_230' title='bbox 659 2369 691 2396; x_wconf 91' lang='lat' dir='ltr'>et</span> <span class='ocrx_word' id='word_1_231' title='bbox 715 2373 789 2395; x_wconf 90' lang='lat' dir='ltr'>vere</span> <span class='ocrx_word' id='word_1_232' title='bbox 815 2362 917 2396; x_wconf 88' lang='lat' dir='ltr'>delin-</span> 
     </span>
     <span class='ocr_line' id='line_1_47' title="bbox 180 2415 916 2462; baseline -0.004 -11"><span class='ocrx_word' id='word_1_233' title='bbox 180 2427 283 2462; x_wconf 84' lang='lat' dir='ltr'>quens</span> <span class='ocrx_word' id='word_1_234' title='bbox 309 2422 473 2461; x_wconf 85' lang='lat' dir='ltr'>repertum</span> <span class='ocrx_word' id='word_1_235' title='bbox 502 2417 605 2457; x_wconf 82' lang='lat' dir='ltr'>suerit,</span> <span class='ocrx_word' id='word_1_236' title='bbox 624 2416 731 2449; x_wconf 86' lang='lat' dir='ltr'>curiae</span> <span class='ocrx_word' id='word_1_237' title='bbox 758 2415 916 2448; x_wconf 87' lang='lat' dir='ltr'>saeculari</span> 
     </span>
     <span class='ocr_line' id='line_1_48' title="bbox 180 2469 915 2514; baseline -0.004 -10"><span class='ocrx_word' id='word_1_238' title='bbox 180 2471 213 2504; x_wconf 91' lang='lat' dir='ltr'>in</span> <span class='ocrx_word' id='word_1_239' title='bbox 238 2471 359 2514; x_wconf 80' lang='lat' dir='ltr'>ipsunt,</span> <span class='ocrx_word' id='word_1_240' title='bbox 386 2470 438 2503; x_wconf 83' lang='lat' dir='ltr'>tali</span> <span class='ocrx_word' id='word_1_241' title='bbox 466 2480 559 2509; x_wconf 86' lang='lat' dir='ltr'>casu,</span> <span class='ocrx_word' id='word_1_242' title='bbox 584 2475 618 2501; x_wconf 93' lang='lat' dir='ltr'>ut</span> <span class='ocrx_word' id='word_1_243' title='bbox 644 2469 719 2501; x_wconf 87' lang='lat' dir='ltr'>iuris</span> <span class='ocrx_word' id='word_1_244' title='bbox 746 2479 817 2501; x_wconf 84' lang='lat' dir='ltr'>esse</span> <span class='ocrx_word' id='word_1_245' title='bbox 842 2479 915 2502; x_wconf 90' lang='lat' dir='ltr'>cen-</span> 
     </span>
     <span class='ocr_line' id='line_1_49' title="bbox 180 2522 868 2566; baseline -0.003 -9"><span class='ocrx_word' id='word_1_246' title='bbox 180 2524 292 2564; x_wconf 88' lang='lat' dir='ltr'>suerit,</span> <span class='ocrx_word' id='word_1_247' title='bbox 318 2533 413 2566; x_wconf 85' lang='lat' dir='ltr'>agere</span> <span class='ocrx_word' id='word_1_248' title='bbox 439 2528 534 2566; x_wconf 88' lang='lat' dir='ltr'>atque</span> <span class='ocrx_word' id='word_1_249' title='bbox 559 2523 736 2565; x_wconf 89' lang='lat' dir='ltr'>procedere</span> <span class='ocrx_word' id='word_1_250' title='bbox 762 2522 868 2555; x_wconf 84' lang='lat' dir='ltr'>liceat.</span> 
     </span>
     <span class='ocr_line' id='line_1_50' title="bbox 217 2584 742 2621; baseline -0.006 -8"><span class='ocrx_word' id='word_1_251' title='bbox 217 2589 226 2613; x_wconf 85' lang='lat'>1</span> <span class='ocrx_word' id='word_1_252' title='bbox 244 2585 314 2613; x_wconf 84' lang='lat' dir='ltr'>Edit.</span> <span class='ocrx_word' id='word_1_253' title='bbox 332 2585 412 2613; x_wconf 82' lang='lat' dir='ltr'>Main.</span> <span class='ocrx_word' id='word_1_254' title='bbox 432 2585 497 2621; x_wconf 82' lang='lat' dir='ltr'>legit</span> <span class='ocrx_word' id='word_1_255' title='bbox 514 2584 617 2612; x_wconf 79' lang='lat' dir='ltr'>indicio</span> <span class='ocrx_word' id='word_1_256' title='bbox 638 2586 676 2619; x_wconf 74' lang='lat' dir='ltr'>(a.</span> <span class='ocrx_word' id='word_1_257' title='bbox 694 2584 742 2619; x_wconf 82' lang='lat' dir='ltr'>T.).</span> 
     </span>
    </p>
   </div>
   <div class='ocr_carea' id='block_1_6' title="bbox 266 2638 878 2668">
    <p class='ocr_par' dir='ltr' id='par_1_7' title="bbox 266 2638 878 2668">
     <span class='ocr_line' id='line_1_51' title="bbox 266 2638 878 2668; baseline -0.005 0"><span class='ocrx_word' id='word_1_258' title='bbox 266 2639 449 2668; x_wconf 54' lang='lat' dir='ltr'>Ruth-Rom.</span> <span class='ocrx_word' id='word_1_259' title='bbox 469 2654 503 2659; x_wconf 94' lang='lat'><strong>—</strong></span> <span class='ocrx_word' id='word_1_260' title='bbox 527 2639 587 2666; x_wconf 82' lang='lat' dir='ltr'>Vol.</span> <span class='ocrx_word' id='word_1_261' title='bbox 609 2638 700 2665; x_wconf 80' lang='lat' dir='ltr'><em>XXII.</em></span> <span class='ocrx_word' id='word_1_262' title='bbox 845 2638 878 2665; x_wconf 65' lang='lat'>⁹26</span> 
     </span>
    </p>
   </div>
   <div class='ocr_carea' id='block_1_7' title="bbox 780 189 973 212">
    <p class='ocr_par' dir='ltr' id='par_1_8' title="bbox 780 189 973 212">
     <span class='ocr_line' id='line_1_52' title="bbox 780 189 973 212; baseline 0.005 -1"><span class='ocrx_word' id='word_1_263' title='bbox 780 189 931 212; x_wconf 56' lang='lat' dir='ltr'>manenter</span> <span class='ocrx_word' id='word_1_264' title='bbox 939 189 973 212; x_wconf 72' lang='lat' dir='ltr'>t&#39;s</span> 
     </span>
    </p>
   </div>
   <div class='ocr_carea' id='block_1_8' title="bbox 937 267 952 2545">
    <p class='ocr_par' dir='ltr' id='par_1_9' title="bbox 937 267 952 2545">
     <span class='ocr_line' id='line_1_53' title="bbox 937 267 952 2545; baseline 0 0"><span class='ocrx_word' id='word_1_265' title='bbox 937 267 952 2545; x_wconf 95' lang='lat' dir='ltr'> </span> 
     </span>
    </p>
   </div>
   <div class='ocr_carea' id='block_1_9' title="bbox 959 182 1909 2620">
    <p class='ocr_par' dir='ltr' id='par_1_10' title="bbox 970 182 1909 601">
     <span class='ocr_line' id='line_1_54' title="bbox 999 182 1909 221; baseline 0.01 -9"><span class='ocrx_word' id='word_1_266' title='bbox 999 190 1053 213; x_wconf 78' lang='lat' dir='ltr'>xiu</span> <span class='ocrx_word' id='word_1_267' title='bbox 1079 191 1126 213; x_wconf 74' lang='lat' dir='ltr'>pp,</span> <span class='ocrx_word' id='word_1_268' title='bbox 1614 182 1671 215; x_wconf 64' lang='lat' dir='ltr'>Qut</span> <span class='ocrx_word' id='word_1_269' title='bbox 1725 193 1772 219; x_wconf 71' lang='lat' dir='ltr'>An.</span> <span class='ocrx_word' id='word_1_270' title='bbox 1795 193 1822 219; x_wconf 85' lang='lat' dir='ltr'>c.</span> <span class='ocrx_word' id='word_1_271' title='bbox 1844 195 1909 221; x_wconf 64' lang='lat' dir='ltr'>t725</span> 
     </span>
     <span class='ocr_line' id='line_1_55' title="bbox 1014 239 1783 283; baseline 0.003 -13"><span class='ocrx_word' id='word_1_272' title='bbox 1014 239 1028 282; x_wconf 62' lang='grc' dir='ltr'><strong>ἓ</strong></span> <span class='ocrx_word' id='word_1_273' title='bbox 1054 239 1082 271; x_wconf 85' lang='grc'>7.</span> <span class='ocrx_word' id='word_1_274' title='bbox 1107 239 1291 279; x_wconf 83' lang='lat' dir='ltr'>Praeterea,</span> <span class='ocrx_word' id='word_1_275' title='bbox 1318 239 1561 273; x_wconf 80' lang='lat' dir='ltr'>considerantes</span> <span class='ocrx_word' id='word_1_276' title='bbox 1594 251 1713 283; x_wconf 83' lang='lat' dir='ltr'>saepe·</span> <span class='ocrx_word' id='word_1_277' title='bbox 1732 253 1783 274; x_wconf 54' lang='lat' dir='ltr'>stas.</span> 
     </span>
     <span class='ocr_line' id='line_1_56' title="bbox 971 286 1738 336; baseline 0.003 -13"><span class='ocrx_word' id='word_1_278' title='bbox 971 292 1090 324; x_wconf 85' lang='lat' dir='ltr'>dictum</span> <span class='ocrx_word' id='word_1_279' title='bbox 1128 291 1322 334; x_wconf 82' lang='lat' dir='ltr'>Gregorium</span> <span class='ocrx_word' id='word_1_280' title='bbox 1359 293 1646 336; x_wconf 81' lang='lat' dir='ltr'>praedecessorem</span> <span class='ocrx_word' id='word_1_281' title='bbox 1682 286 1738 332; x_wconf 54' lang='lat' dir='ltr'>ing</span> 
     </span>
     <span class='ocr_line' id='line_1_57' title="bbox 971 339 1881 390; baseline 0.007 -16"><span class='ocrx_word' id='word_1_282' title='bbox 971 346 1028 376; x_wconf 73' lang='lat' dir='ltr'>sua</span> <span class='ocrx_word' id='word_1_283' title='bbox 1053 344 1285 378; x_wconf 86' lang='lat' dir='ltr'>constitutione</span> <span class='ocrx_word' id='word_1_284' title='bbox 1322 345 1444 389; x_wconf 87' lang='lat' dir='ltr'>optimo</span> <span class='ocrx_word' id='word_1_285' title='bbox 1482 346 1611 390; x_wconf 78' lang='lat' dir='ltr'>quidem</span> <span class='ocrx_word' id='word_1_286' title='bbox 1643 340 1768 380; x_wconf 59' lang='lat' dir='ltr'>iuressila-</span> <span class='ocrx_word' id='word_1_287' title='bbox 1785 339 1796 359; x_wconf 55' lang='grc' dir='ltr'>Ρ</span> <span class='ocrx_word' id='word_1_288' title='bbox 1818 342 1825 353; x_wconf 62' lang='lat'><em>‘</em></span> <span class='ocrx_word' id='word_1_289' title='bbox 1845 339 1857 359; x_wconf 61' lang='grc' dir='ltr'><strong>Ρ</strong></span> <span class='ocrx_word' id='word_1_290' title='bbox 1878 388 1881 389; x_wconf 20' lang='lat'><em>⁷</em></span> 
     </span>
     <span class='ocr_line' id='line_1_58' title="bbox 970 386 1907 441; baseline 0.006 -14"><span class='ocrx_word' id='word_1_291' title='bbox 970 396 1113 428; x_wconf 78' lang='lat' dir='ltr'>sanxisse</span> <span class='ocrx_word' id='word_1_292' title='bbox 1139 401 1173 428; x_wconf 90' lang='lat' dir='ltr'>ut</span> <span class='ocrx_word' id='word_1_293' title='bbox 1209 397 1269 430; x_wconf 86' lang='lat' dir='ltr'>soli</span> <span class='ocrx_word' id='word_1_294' title='bbox 1308 399 1473 441; x_wconf 85' lang='lat' dir='ltr'>episcopi,</span> <span class='ocrx_word' id='word_1_295' title='bbox 1502 404 1533 431; x_wconf 86' lang='lat' dir='ltr'>et</span> <span class='ocrx_word' id='word_1_296' title='bbox 1557 410 1621 431; x_wconf 90' lang='lat' dir='ltr'>non</span> <span class='ocrx_word' id='word_1_297' title='bbox 1659 386 1850 433; x_wconf 37' lang='lat' dir='ltr'>aliii‘i&#39;eiiiiiiiiiio</span> <span class='ocrx_word' id='word_1_298' title='bbox 1866 390 1907 433; x_wconf 52' lang='lat' dir='ltr'>{T}</span> 
     </span>
     <span class='ocr_line' id='line_1_59' title="bbox 971 441 1838 491; baseline 0.007 -11"><span class='ocrx_word' id='word_1_299' title='bbox 971 448 1133 491; x_wconf 86' lang='lat' dir='ltr'>episcopis</span> <span class='ocrx_word' id='word_1_300' title='bbox 1174 449 1362 490; x_wconf 81' lang='lat' dir='ltr'>inferiores,</span> <span class='ocrx_word' id='word_1_301' title='bbox 1402 451 1525 484; x_wconf 85' lang='lat' dir='ltr'>etiamsi</span> <span class='ocrx_word' id='word_1_302' title='bbox 1567 453 1711 485; x_wconf 87' lang='lat' dir='ltr'>locorum</span> <span class='ocrx_word' id='word_1_303' title='bbox 1724 441 1838 465; x_wconf 42' lang='lat' dir='ltr'>prmm’</span> 
     </span>
     <span class='ocr_line' id='line_1_60' title="bbox 970 500 1714 545; baseline 0.007 -13"><span class='ocrx_word' id='word_1_304' title='bbox 970 500 1130 533; x_wconf 78' lang='lat' dir='ltr'>Ordinarii</span> <span class='ocrx_word' id='word_1_305' title='bbox 1157 502 1229 542; x_wconf 86' lang='lat' dir='ltr'>sint,</span> <span class='ocrx_word' id='word_1_306' title='bbox 1251 507 1305 535; x_wconf 88' lang='lat' dir='ltr'>aut</span> <span class='ocrx_word' id='word_1_307' title='bbox 1322 503 1440 536; x_wconf 86' lang='lat' dir='ltr'>nullius</span> <span class='ocrx_word' id='word_1_308' title='bbox 1466 504 1638 545; x_wconf 86' lang='lat' dir='ltr'>dioecesis,</span> <span class='ocrx_word' id='word_1_309' title='bbox 1659 511 1714 537; x_wconf 89' lang='lat' dir='ltr'>aut</span> 
     </span>
     <span class='ocr_line' id='line_1_61' title="bbox 970 555 1713 601; baseline 0.008 -16"><span class='ocrx_word' id='word_1_310' title='bbox 970 559 1214 587; x_wconf 77' lang='lat' dir='ltr'>conservatores</span> <span class='ocrx_word' id='word_1_311' title='bbox 1239 566 1255 588; x_wconf 85' lang='lat' dir='ltr'>a</span> <span class='ocrx_word' id='word_1_312' title='bbox 1281 555 1361 589; x_wconf 87' lang='lat' dir='ltr'>Sede</span> <span class='ocrx_word' id='word_1_313' title='bbox 1388 556 1571 599; x_wconf 77' lang='lat' dir='ltr'>Apostolica</span> <span class='ocrx_word' id='word_1_314' title='bbox 1592 559 1713 601; x_wconf 86' lang='lat' dir='ltr'>specia-</span> 
     </span>
    </p>

    <p class='ocr_par' dir='ltr' id='par_1_11' title="bbox 970 606 1712 653">
     <span class='ocr_line' id='line_1_62' title="bbox 970 606 1712 653; baseline 0.008 -15"><span class='ocrx_word' id='word_1_315' title='bbox 970 606 1044 639; x_wconf 86' lang='lat' dir='ltr'>liter</span> <span class='ocrx_word' id='word_1_316' title='bbox 1062 607 1109 640; x_wconf 87' lang='lat' dir='ltr'>vel</span> <span class='ocrx_word' id='word_1_317' title='bbox 1128 609 1325 650; x_wconf 79' lang='lat' dir='ltr'>generaliter</span> <span class='ocrx_word' id='word_1_318' title='bbox 1344 610 1497 652; x_wconf 84' lang='lat' dir='ltr'>deputati,</span> <span class='ocrx_word' id='word_1_319' title='bbox 1513 621 1712 653; x_wconf 82' lang='lat' dir='ltr'>cognoscere</span> 
     </span>
    </p>

    <p class='ocr_par' dir='ltr' id='par_1_12' title="bbox 970 660 1711 706">
     <span class='ocr_line' id='line_1_63' title="bbox 970 660 1711 706; baseline 0.007 -15"><span class='ocrx_word' id='word_1_320' title='bbox 970 664 998 691; x_wconf 90' lang='lat' dir='ltr'>et</span> <span class='ocrx_word' id='word_1_321' title='bbox 1026 660 1194 693; x_wconf 85' lang='lat' dir='ltr'>declarare</span> <span class='ocrx_word' id='word_1_322' title='bbox 1213 661 1338 694; x_wconf 84' lang='lat' dir='ltr'>valeant</span> <span class='ocrx_word' id='word_1_323' title='bbox 1365 673 1403 706; x_wconf 83' lang='lat' dir='ltr'>an</span> <span class='ocrx_word' id='word_1_324' title='bbox 1423 663 1549 703; x_wconf 86' lang='lat' dir='ltr'>delicta,</span> <span class='ocrx_word' id='word_1_325' title='bbox 1569 675 1628 706; x_wconf 90' lang='lat' dir='ltr'>pro</span> <span class='ocrx_word' id='word_1_326' title='bbox 1647 664 1711 706; x_wconf 90' lang='lat' dir='ltr'>qui-</span> 
     </span>
    </p>

    <p class='ocr_par' dir='ltr' id='par_1_13' title="bbox 969 712 1712 759">
     <span class='ocr_line' id='line_1_64' title="bbox 969 712 1712 759; baseline 0.005 -14"><span class='ocrx_word' id='word_1_327' title='bbox 969 713 1029 745; x_wconf 88' lang='lat' dir='ltr'>bus</span> <span class='ocrx_word' id='word_1_328' title='bbox 1055 712 1199 756; x_wconf 87' lang='lat' dir='ltr'>inquisiti</span> <span class='ocrx_word' id='word_1_329' title='bbox 1227 714 1264 746; x_wconf 86' lang='lat' dir='ltr'>ad</span> <span class='ocrx_word' id='word_1_330' title='bbox 1291 715 1361 747; x_wconf 83' lang='lat' dir='ltr'>loca</span> <span class='ocrx_word' id='word_1_331' title='bbox 1379 714 1535 747; x_wconf 85' lang='lat' dir='ltr'>immunia</span> <span class='ocrx_word' id='word_1_332' title='bbox 1561 717 1712 759; x_wconf 71' lang='lat' dir='ltr'>contuge-</span> 
     </span>
    </p>

    <p class='ocr_par' dir='ltr' id='par_1_14' title="bbox 969 765 1711 810">
     <span class='ocr_line' id='line_1_65' title="bbox 969 765 1711 810; baseline 0.008 -14"><span class='ocrx_word' id='word_1_333' title='bbox 969 771 1044 797; x_wconf 89' lang='lat' dir='ltr'>runt</span> <span class='ocrx_word' id='word_1_334' title='bbox 1070 771 1101 797; x_wconf 85' lang='lat' dir='ltr'>et</span> <span class='ocrx_word' id='word_1_335' title='bbox 1126 765 1156 798; x_wconf 91' lang='lat' dir='ltr'>in</span> <span class='ocrx_word' id='word_1_336' title='bbox 1176 766 1221 798; x_wconf 88' lang='lat' dir='ltr'>eis</span> <span class='ocrx_word' id='word_1_337' title='bbox 1239 777 1271 798; x_wconf 87' lang='lat' dir='ltr'>se</span> <span class='ocrx_word' id='word_1_338' title='bbox 1292 774 1495 810; x_wconf 87' lang='lat' dir='ltr'>receperunt,</span> <span class='ocrx_word' id='word_1_339' title='bbox 1516 768 1581 800; x_wconf 89' lang='lat' dir='ltr'>sint</span> <span class='ocrx_word' id='word_1_340' title='bbox 1609 779 1711 802; x_wconf 88' lang='lat' dir='ltr'>necne</span> 
     </span>
    </p>

    <p class='ocr_par' dir='ltr' id='par_1_15' title="bbox 966 818 1711 970">
     <span class='ocr_line' id='line_1_66' title="bbox 969 818 1711 864; baseline 0.007 -14"><span class='ocrx_word' id='word_1_341' title='bbox 969 818 1007 850; x_wconf 84' lang='lat' dir='ltr'>de</span> <span class='ocrx_word' id='word_1_342' title='bbox 1027 828 1147 861; x_wconf 85' lang='lat' dir='ltr'>genere</span> <span class='ocrx_word' id='word_1_343' title='bbox 1166 830 1201 852; x_wconf 88' lang='lat' dir='ltr'>ac</span> <span class='ocrx_word' id='word_1_344' title='bbox 1228 830 1364 853; x_wconf 86' lang='lat' dir='ltr'>numero</span> <span class='ocrx_word' id='word_1_345' title='bbox 1386 826 1619 864; x_wconf 75' lang='lat' dir='ltr'>exceptorum:</span> <span class='ocrx_word' id='word_1_346' title='bbox 1640 832 1711 863; x_wconf 71' lang='lat' dir='ltr'>nOS,</span> 
     </span>
     <span class='ocr_line' id='line_1_67' title="bbox 967 871 1710 918; baseline 0.007 -16"><span class='ocrx_word' id='word_1_347' title='bbox 967 871 1134 914; x_wconf 81' lang='lat' dir='ltr'>providam</span> <span class='ocrx_word' id='word_1_348' title='bbox 1171 871 1331 905; x_wconf 87' lang='lat' dir='ltr'>eiusmodi</span> <span class='ocrx_word' id='word_1_349' title='bbox 1372 872 1619 916; x_wconf 85' lang='lat' dir='ltr'>dispositionem</span> <span class='ocrx_word' id='word_1_350' title='bbox 1656 885 1710 918; x_wconf 88' lang='lat' dir='ltr'>ap-</span> 
     </span>
     <span class='ocr_line' id='line_1_68' title="bbox 966 925 1711 970; baseline 0.005 -14"><span class='ocrx_word' id='word_1_351' title='bbox 966 925 1143 966; x_wconf 84' lang='lat' dir='ltr'>probantes</span> <span class='ocrx_word' id='word_1_352' title='bbox 1166 932 1195 957; x_wconf 90' lang='lat' dir='ltr'>et</span> <span class='ocrx_word' id='word_1_353' title='bbox 1216 925 1455 968; x_wconf 77' lang='lat' dir='ltr'>confirmantes,</span> <span class='ocrx_word' id='word_1_354' title='bbox 1482 927 1576 970; x_wconf 85' lang='lat' dir='ltr'>eique</span> <span class='ocrx_word' id='word_1_355' title='bbox 1602 927 1711 960; x_wconf 88' lang='lat' dir='ltr'>inhae-</span> 
     </span>
    </p>

    <p class='ocr_par' dir='ltr' id='par_1_16' title="bbox 965 978 1710 1129">
     <span class='ocr_line' id='line_1_69' title="bbox 968 978 1710 1023; baseline 0.008 -16"><span class='ocrx_word' id='word_1_356' title='bbox 968 981 1091 1018; x_wconf 72' lang='lat' dir='ltr'>renteS,</span> <span class='ocrx_word' id='word_1_357' title='bbox 1117 983 1221 1018; x_wconf 89' lang='lat' dir='ltr'>motu,</span> <span class='ocrx_word' id='word_1_358' title='bbox 1241 978 1376 1011; x_wconf 82' lang='lat' dir='ltr'>scientia</span> <span class='ocrx_word' id='word_1_359' title='bbox 1402 985 1432 1012; x_wconf 88' lang='lat' dir='ltr'>et</span> <span class='ocrx_word' id='word_1_360' title='bbox 1457 980 1622 1023; x_wconf 84' lang='lat' dir='ltr'>potestatis</span> <span class='ocrx_word' id='word_1_361' title='bbox 1648 982 1710 1023; x_wconf 89' lang='lat' dir='ltr'>ple·</span> 
     </span>
     <span class='ocr_line' id='line_1_70' title="bbox 968 1029 1706 1076; baseline 0.005 -15"><span class='ocrx_word' id='word_1_362' title='bbox 968 1029 1115 1062; x_wconf 89' lang='lat' dir='ltr'>nitudine</span> <span class='ocrx_word' id='word_1_363' title='bbox 1141 1030 1313 1073; x_wconf 78' lang='lat' dir='ltr'>similibus,</span> <span class='ocrx_word' id='word_1_364' title='bbox 1339 1038 1448 1066; x_wconf 86' lang='lat' dir='ltr'>tenore</span> <span class='ocrx_word' id='word_1_365' title='bbox 1474 1034 1706 1076; x_wconf 82' lang='lat' dir='ltr'>praesentium,</span> 
     </span>
     <span class='ocr_line' id='line_1_71' title="bbox 965 1083 1708 1129; baseline 0.007 -15"><span class='ocrx_word' id='word_1_366' title='bbox 965 1083 1223 1128; x_wconf 86' lang='lat' dir='ltr'>quibuscumque</span> <span class='ocrx_word' id='word_1_367' title='bbox 1259 1086 1526 1129; x_wconf 83' lang='lat' dir='ltr'>magistratibus,</span> <span class='ocrx_word' id='word_1_368' title='bbox 1561 1087 1708 1121; x_wconf 72' lang='lat' dir='ltr'>officiali-</span> 
     </span>
    </p>

    <p class='ocr_par' dir='ltr' id='par_1_17' title="bbox 966 1137 1708 1237">
     <span class='ocr_line' id='line_1_72' title="bbox 966 1137 1706 1181; baseline 0.005 -12"><span class='ocrx_word' id='word_1_369' title='bbox 966 1137 1025 1169; x_wconf 82' lang='lat' dir='ltr'>bus</span> <span class='ocrx_word' id='word_1_370' title='bbox 1064 1142 1095 1170; x_wconf 90' lang='lat' dir='ltr'>et</span> <span class='ocrx_word' id='word_1_371' title='bbox 1132 1138 1287 1171; x_wconf 85' lang='lat' dir='ltr'>ministris</span> <span class='ocrx_word' id='word_1_372' title='bbox 1313 1140 1553 1181; x_wconf 83' lang='lat' dir='ltr'>saecularibus,</span> <span class='ocrx_word' id='word_1_373' title='bbox 1580 1151 1706 1174; x_wconf 83' lang='lat' dir='ltr'>necnon</span> 
     </span>
     <span class='ocr_line' id='line_1_73' title="bbox 966 1190 1708 1237; baseline 0.009 -16"><span class='ocrx_word' id='word_1_374' title='bbox 966 1190 1132 1233; x_wconf 83' lang='lat' dir='ltr'>quibusvis</span> <span class='ocrx_word' id='word_1_375' title='bbox 1170 1191 1240 1224; x_wconf 85' lang='lat' dir='ltr'>aliis</span> <span class='ocrx_word' id='word_1_376' title='bbox 1278 1193 1448 1236; x_wconf 83' lang='lat' dir='ltr'>personis,</span> <span class='ocrx_word' id='word_1_377' title='bbox 1477 1195 1708 1237; x_wconf 81' lang='lat' dir='ltr'>cuiuscumque</span> 
     </span>
    </p>

    <p class='ocr_par' dir='ltr' id='par_1_18' title="bbox 965 1245 1707 1345">
     <span class='ocr_line' id='line_1_74' title="bbox 965 1245 1707 1288; baseline 0.008 -13"><span class='ocrx_word' id='word_1_378' title='bbox 965 1245 1083 1286; x_wconf 84' lang='lat' dir='ltr'>gradus</span> <span class='ocrx_word' id='word_1_379' title='bbox 1110 1250 1140 1277; x_wconf 91' lang='lat' dir='ltr'>et</span> <span class='ocrx_word' id='word_1_380' title='bbox 1165 1245 1363 1279; x_wconf 84' lang='lat' dir='ltr'>conditionis</span> <span class='ocrx_word' id='word_1_381' title='bbox 1400 1247 1548 1288; x_wconf 80' lang='lat' dir='ltr'>existant,</span> <span class='ocrx_word' id='word_1_382' title='bbox 1581 1248 1707 1281; x_wconf 84' lang='lat' dir='ltr'>etiamsi</span> 
     </span>
     <span class='ocr_line' id='line_1_75' title="bbox 966 1298 1706 1345; baseline 0.007 -15"><span class='ocrx_word' id='word_1_383' title='bbox 966 1298 1148 1342; x_wconf 82' lang='lat' dir='ltr'>imperiali,</span> <span class='ocrx_word' id='word_1_384' title='bbox 1174 1300 1280 1343; x_wconf 78' lang='lat' dir='ltr'>regia,</span> <span class='ocrx_word' id='word_1_385' title='bbox 1308 1301 1431 1341; x_wconf 81' lang='lat' dir='ltr'>ducali,</span> <span class='ocrx_word' id='word_1_386' title='bbox 1456 1307 1509 1333; x_wconf 86' lang='lat' dir='ltr'>aut</span> <span class='ocrx_word' id='word_1_387' title='bbox 1545 1301 1606 1334; x_wconf 76' lang='lat' dir='ltr'>alia</span> <span class='ocrx_word' id='word_1_388' title='bbox 1632 1313 1706 1345; x_wconf 87' lang='lat' dir='ltr'>qua·</span> 
     </span>
    </p>

    <p class='ocr_par' dir='ltr' id='par_1_19' title="bbox 965 1352 1706 1607">
     <span class='ocr_line' id='line_1_76' title="bbox 966 1352 1706 1396; baseline 0.005 -12"><span class='ocrx_word' id='word_1_389' title='bbox 966 1352 1010 1384; x_wconf 78' lang='lat' dir='ltr'>ris</span> <span class='ocrx_word' id='word_1_390' title='bbox 1036 1353 1196 1386; x_wconf 79' lang='lat' dir='ltr'>mundana</span> <span class='ocrx_word' id='word_1_391' title='bbox 1229 1354 1386 1396; x_wconf 77' lang='lat' dir='ltr'>dignitate</span> <span class='ocrx_word' id='word_1_392' title='bbox 1424 1360 1477 1387; x_wconf 90' lang='lat' dir='ltr'>aut</span> <span class='ocrx_word' id='word_1_393' title='bbox 1512 1356 1706 1388; x_wconf 86' lang='lat' dir='ltr'>auctoritate</span> 
     </span>
     <span class='ocr_line' id='line_1_77' title="bbox 965 1407 1706 1449; baseline 0.005 -11"><span class='ocrx_word' id='word_1_394' title='bbox 965 1407 1215 1449; x_wconf 76' lang='lat' dir='ltr'>praefulgeant,</span> <span class='ocrx_word' id='word_1_395' title='bbox 1246 1407 1389 1441; x_wconf 89' lang='lat' dir='ltr'>districte</span> <span class='ocrx_word' id='word_1_396' title='bbox 1416 1408 1640 1441; x_wconf 82' lang='lat' dir='ltr'>interdicimus</span> <span class='ocrx_word' id='word_1_397' title='bbox 1670 1421 1706 1443; x_wconf 86' lang='lat' dir='ltr'>ac</span> 
     </span>
     <span class='ocr_line' id='line_1_78' title="bbox 966 1459 1703 1501; baseline 0.005 -10"><span class='ocrx_word' id='word_1_398' title='bbox 966 1459 1172 1500; x_wconf 86' lang='lat' dir='ltr'>inhibemus,</span> <span class='ocrx_word' id='word_1_399' title='bbox 1206 1471 1244 1493; x_wconf 91' lang='lat' dir='ltr'>ne</span> <span class='ocrx_word' id='word_1_400' title='bbox 1269 1461 1454 1494; x_wconf 84' lang='lat' dir='ltr'>huiusmodi</span> <span class='ocrx_word' id='word_1_401' title='bbox 1493 1462 1621 1501; x_wconf 84' lang='lat' dir='ltr'>causis,</span> <span class='ocrx_word' id='word_1_402' title='bbox 1655 1464 1703 1496; x_wconf 75' lang='lat' dir='ltr'>rel</span> 
     </span>
     <span class='ocr_line' id='line_1_79' title="bbox 965 1513 1706 1558; baseline 0.004 -14"><span class='ocrx_word' id='word_1_403' title='bbox 965 1513 1168 1546; x_wconf 77' lang='lat' dir='ltr'>conficiendo</span> <span class='ocrx_word' id='word_1_404' title='bbox 1195 1524 1374 1557; x_wconf 71' lang='lat' dir='ltr'>processus,</span> <span class='ocrx_word' id='word_1_405' title='bbox 1397 1517 1445 1548; x_wconf 82' lang='lat' dir='ltr'>vel</span> <span class='ocrx_word' id='word_1_406' title='bbox 1471 1515 1626 1558; x_wconf 87' lang='lat' dir='ltr'>inquisito</span> <span class='ocrx_word' id='word_1_407' title='bbox 1653 1527 1706 1549; x_wconf 53' lang='lat' dir='ltr'>ex&gt;-</span> 
     </span>
     <span class='ocr_line' id='line_1_80' title="bbox 967 1566 1705 1607; baseline 0.004 -10"><span class='ocrx_word' id='word_1_408' title='bbox 967 1566 1126 1599; x_wconf 83' lang='lat' dir='ltr'>trahendo</span> <span class='ocrx_word' id='word_1_409' title='bbox 1152 1577 1167 1599; x_wconf 88' lang='lat' dir='ltr'>a</span> <span class='ocrx_word' id='word_1_410' title='bbox 1193 1567 1272 1600; x_wconf 77' lang='lat' dir='ltr'>loris</span> <span class='ocrx_word' id='word_1_411' title='bbox 1298 1568 1504 1607; x_wconf 78' lang='lat' dir='ltr'>immunibus,</span> <span class='ocrx_word' id='word_1_412' title='bbox 1527 1568 1573 1601; x_wconf 82' lang='lat' dir='ltr'>vel</span> <span class='ocrx_word' id='word_1_413' title='bbox 1601 1569 1705 1602; x_wconf 85' lang='lat' dir='ltr'>decla-</span> 
     </span>
    </p>

    <p class='ocr_par' dir='ltr' id='par_1_20' title="bbox 966 1618 1703 1660">
     <span class='ocr_line' id='line_1_81' title="bbox 966 1618 1703 1660; baseline 0.005 -11"><span class='ocrx_word' id='word_1_414' title='bbox 966 1618 1068 1651; x_wconf 88' lang='lat' dir='ltr'>rando</span> <span class='ocrx_word' id='word_1_415' title='bbox 1094 1619 1239 1660; x_wconf 86' lang='lat' dir='ltr'>crimina,</span> <span class='ocrx_word' id='word_1_416' title='bbox 1256 1620 1295 1653; x_wconf 87' lang='lat' dir='ltr'>ab</span> <span class='ocrx_word' id='word_1_417' title='bbox 1319 1620 1365 1653; x_wconf 84' lang='lat' dir='ltr'>eis</span> <span class='ocrx_word' id='word_1_418' title='bbox 1392 1620 1542 1660; x_wconf 86' lang='lat' dir='ltr'>admissa,</span> <span class='ocrx_word' id='word_1_419' title='bbox 1569 1632 1639 1653; x_wconf 70' lang='lat' dir='ltr'>esse</span> <span class='ocrx_word' id='word_1_420' title='bbox 1666 1622 1703 1653; x_wconf 83' lang='lat' dir='ltr'>‹lc</span> 
     </span>
    </p>

    <p class='ocr_par' dir='ltr' id='par_1_21' title="bbox 965 1672 1703 1717">
     <span class='ocr_line' id='line_1_82' title="bbox 965 1672 1703 1717; baseline 0.004 -14"><span class='ocrx_word' id='word_1_421' title='bbox 965 1672 1108 1715; x_wconf 82' lang='lat' dir='ltr'>exceptis</span> <span class='ocrx_word' id='word_1_422' title='bbox 1128 1672 1158 1704; x_wconf 92' lang='lat' dir='ltr'>in</span> <span class='ocrx_word' id='word_1_423' title='bbox 1177 1672 1378 1716; x_wconf 76' lang='lat' dir='ltr'>Gregoriana</span> <span class='ocrx_word' id='word_1_424' title='bbox 1409 1679 1461 1706; x_wconf 89' lang='lat' dir='ltr'>aut</span> <span class='ocrx_word' id='word_1_425' title='bbox 1486 1674 1516 1706; x_wconf 90' lang='lat' dir='ltr'>iu</span> <span class='ocrx_word' id='word_1_426' title='bbox 1540 1676 1703 1717; x_wconf 80' lang='lat' dir='ltr'>praesenti</span> 
     </span>
    </p>

    <p class='ocr_par' dir='ltr' id='par_1_22' title="bbox 964 1725 1705 1769">
     <span class='ocr_line' id='line_1_83' title="bbox 964 1725 1705 1769; baseline 0.005 -14"><span class='ocrx_word' id='word_1_427' title='bbox 964 1727 1075 1757; x_wconf 78' lang='lat' dir='ltr'>nostra</span> <span class='ocrx_word' id='word_1_428' title='bbox 1100 1725 1342 1766; x_wconf 85' lang='lat' dir='ltr'>constitutione,</span> <span class='ocrx_word' id='word_1_429' title='bbox 1362 1727 1428 1759; x_wconf 88' lang='lat' dir='ltr'>ullo</span> <span class='ocrx_word' id='word_1_430' title='bbox 1448 1732 1540 1769; x_wconf 85' lang='lat' dir='ltr'>pacto</span> <span class='ocrx_word' id='word_1_431' title='bbox 1566 1737 1636 1759; x_wconf 85' lang='lat' dir='ltr'>sese</span> <span class='ocrx_word' id='word_1_432' title='bbox 1660 1727 1705 1759; x_wconf 85' lang='lat' dir='ltr'>in-</span> 
     </span>
    </p>

    <p class='ocr_par' dir='ltr' id='par_1_23' title="bbox 963 1778 1703 1876">
     <span class='ocr_line' id='line_1_84' title="bbox 963 1778 1703 1819; baseline 0.003 -10"><span class='ocrx_word' id='word_1_433' title='bbox 963 1783 1077 1819; x_wconf 77' lang='lat' dir='ltr'>gerant</span> <span class='ocrx_word' id='word_1_434' title='bbox 1113 1783 1167 1810; x_wconf 91' lang='lat' dir='ltr'>aut</span> <span class='ocrx_word' id='word_1_435' title='bbox 1203 1778 1416 1812; x_wconf 80' lang='lat' dir='ltr'>immisceant.</span> <span class='ocrx_word' id='word_1_436' title='bbox 1445 1779 1534 1818; x_wconf 85' lang='lat' dir='ltr'>Quod</span> <span class='ocrx_word' id='word_1_437' title='bbox 1561 1779 1584 1811; x_wconf 76' lang='lat' dir='ltr'>si</span> <span class='ocrx_word' id='word_1_438' title='bbox 1611 1790 1703 1812; x_wconf 81' lang='lat' dir='ltr'>secus</span> 
     </span>
     <span class='ocr_line' id='line_1_85' title="bbox 963 1830 1701 1876; baseline 0.009 -17"><span class='ocrx_word' id='word_1_439' title='bbox 963 1830 1137 1873; x_wconf 85' lang='lat' dir='ltr'>quidquam</span> <span class='ocrx_word' id='word_1_440' title='bbox 1164 1837 1322 1864; x_wconf 87' lang='lat' dir='ltr'>attentare</span> <span class='ocrx_word' id='word_1_441' title='bbox 1350 1833 1638 1876; x_wconf 79' lang='lat' dir='ltr'>praesuinpscrint‚</span> <span class='ocrx_word' id='word_1_442' title='bbox 1666 1844 1701 1866; x_wconf 80' lang='lat' dir='ltr'>cx</span> 
     </span>
    </p>

    <p class='ocr_par' dir='ltr' id='par_1_24' title="bbox 963 1885 1703 1929">
     <span class='ocr_line' id='line_1_86' title="bbox 963 1885 1703 1929; baseline 0.003 -13"><span class='ocrx_word' id='word_1_443' title='bbox 963 1894 1049 1916; x_wconf 88' lang='lat' dir='ltr'>nunc</span> <span class='ocrx_word' id='word_1_444' title='bbox 1074 1885 1200 1925; x_wconf 87' lang='lat' dir='ltr'>omnia,</span> <span class='ocrx_word' id='word_1_445' title='bbox 1227 1885 1259 1918; x_wconf 91' lang='lat' dir='ltr'>iu</span> <span class='ocrx_word' id='word_1_446' title='bbox 1286 1886 1482 1918; x_wconf 82' lang='lat' dir='ltr'>eontrarium</span> <span class='ocrx_word' id='word_1_447' title='bbox 1509 1886 1703 1929; x_wconf 86' lang='lat' dir='ltr'>praemisso-</span> 
     </span>
    </p>

    <p class='ocr_par' dir='ltr' id='par_1_25' title="bbox 963 1939 1702 1981">
     <span class='ocr_line' id='line_1_87' title="bbox 963 1939 1702 1981; baseline 0.004 -12"><span class='ocrx_word' id='word_1_448' title='bbox 963 1948 1032 1970; x_wconf 85' lang='lat' dir='ltr'>rum</span> <span class='ocrx_word' id='word_1_449' title='bbox 1060 1939 1223 1981; x_wconf 71' lang='lat' dir='ltr'>gerenda,</span> <span class='ocrx_word' id='word_1_450' title='bbox 1244 1939 1333 1972; x_wconf 86' lang='lat' dir='ltr'>irrita</span> <span class='ocrx_word' id='word_1_451' title='bbox 1359 1945 1387 1972; x_wconf 87' lang='lat' dir='ltr'>et</span> <span class='ocrx_word' id='word_1_452' title='bbox 1415 1939 1538 1980; x_wconf 84' lang='lat' dir='ltr'>inania,</span> <span class='ocrx_word' id='word_1_453' title='bbox 1566 1941 1702 1973; x_wconf 86' lang='lat' dir='ltr'>nullius-</span> 
     </span>
    </p>

    <p class='ocr_par' dir='ltr' id='par_1_26' title="bbox 962 1992 1702 2090">
     <span class='ocr_line' id='line_1_88' title="bbox 962 1992 1702 2036; baseline 0.004 -13"><span class='ocrx_word' id='word_1_454' title='bbox 962 2002 1025 2035; x_wconf 87' lang='lat' dir='ltr'>que</span> <span class='ocrx_word' id='word_1_455' title='bbox 1045 1992 1171 2025; x_wconf 87' lang='lat' dir='ltr'>roboris</span> <span class='ocrx_word' id='word_1_456' title='bbox 1191 1993 1240 2025; x_wconf 86' lang='lat' dir='ltr'>vel</span> <span class='ocrx_word' id='word_1_457' title='bbox 1260 1993 1413 2026; x_wconf 87' lang='lat' dir='ltr'>momenti</span> <span class='ocrx_word' id='word_1_458' title='bbox 1435 1998 1593 2036; x_wconf 87' lang='lat' dir='ltr'>perpetuo</span> <span class='ocrx_word' id='word_1_459' title='bbox 1622 1994 1702 2033; x_wconf 80' lang='lat' dir='ltr'>sore,</span> 
     </span>
     <span class='ocr_line' id='line_1_89' title="bbox 963 2045 1701 2090; baseline 0.004 -14"><span class='ocrx_word' id='word_1_460' title='bbox 963 2045 1115 2090; x_wconf 83' lang='lat' dir='ltr'>ipsosque</span> <span class='ocrx_word' id='word_1_461' title='bbox 1134 2051 1329 2079; x_wconf 81' lang='lat' dir='ltr'>attentantes</span> <span class='ocrx_word' id='word_1_462' title='bbox 1352 2047 1382 2078; x_wconf 92' lang='lat' dir='ltr'>in</span> <span class='ocrx_word' id='word_1_463' title='bbox 1402 2057 1552 2079; x_wconf 86' lang='lat' dir='ltr'>censuras</span> <span class='ocrx_word' id='word_1_464' title='bbox 1570 2052 1602 2080; x_wconf 85' lang='lat' dir='ltr'>et</span> <span class='ocrx_word' id='word_1_465' title='bbox 1625 2048 1701 2080; x_wconf 87' lang='lat' dir='ltr'>alias</span> 
     </span>
    </p>

    <p class='ocr_par' dir='ltr' id='par_1_27' title="bbox 962 2100 1702 2143">
     <span class='ocr_line' id='line_1_90' title="bbox 962 2100 1702 2143; baseline 0.001 -11"><span class='ocrx_word' id='word_1_466' title='bbox 962 2110 1095 2143; x_wconf 84' lang='lat' dir='ltr'>poenas,</span> <span class='ocrx_word' id='word_1_467' title='bbox 1123 2110 1140 2132; x_wconf 85' lang='lat' dir='ltr'>a</span> <span class='ocrx_word' id='word_1_468' title='bbox 1161 2100 1260 2133; x_wconf 83' lang='lat' dir='ltr'>sacris</span> <span class='ocrx_word' id='word_1_469' title='bbox 1286 2100 1465 2133; x_wconf 88' lang='lat' dir='ltr'>canonibus</span> <span class='ocrx_word' id='word_1_470' title='bbox 1491 2106 1521 2133; x_wconf 88' lang='lat' dir='ltr'>et</span> <span class='ocrx_word' id='word_1_471' title='bbox 1546 2101 1702 2133; x_wconf 87' lang='lat' dir='ltr'>constitu-</span> 
     </span>
    </p>

    <p class='ocr_par' dir='ltr' id='par_1_28' title="bbox 962 2153 1703 2250">
     <span class='ocr_line' id='line_1_91' title="bbox 963 2153 1703 2197; baseline 0.001 -12"><span class='ocrx_word' id='word_1_472' title='bbox 963 2153 1101 2186; x_wconf 84' lang='lat' dir='ltr'>tionibus</span> <span class='ocrx_word' id='word_1_473' title='bbox 1119 2153 1304 2196; x_wconf 78' lang='lat' dir='ltr'>apostolicis</span> <span class='ocrx_word' id='word_1_474' title='bbox 1322 2153 1475 2186; x_wconf 83' lang='lat' dir='ltr'>adversus</span> <span class='ocrx_word' id='word_1_475' title='bbox 1494 2164 1549 2187; x_wconf 87' lang='lat' dir='ltr'>eos</span> <span class='ocrx_word' id='word_1_476' title='bbox 1575 2154 1629 2197; x_wconf 89' lang='lat' dir='ltr'>qui</span> <span class='ocrx_word' id='word_1_477' title='bbox 1655 2154 1703 2186; x_wconf 89' lang='lat' dir='ltr'>iu-</span> 
     </span>
     <span class='ocr_line' id='line_1_92' title="bbox 962 2206 1701 2250; baseline 0.003 -12"><span class='ocrx_word' id='word_1_478' title='bbox 962 2206 1185 2239; x_wconf 84' lang='lat' dir='ltr'>risdictionem</span> <span class='ocrx_word' id='word_1_479' title='bbox 1203 2207 1455 2239; x_wconf 81' lang='lat' dir='ltr'>ecclesiasticam</span> <span class='ocrx_word' id='word_1_480' title='bbox 1470 2209 1701 2250; x_wconf 87' lang='lat' dir='ltr'>quoquomodo</span> 
     </span>
    </p>

    <p class='ocr_par' dir='ltr' id='par_1_29' title="bbox 959 2260 1702 2514">
     <span class='ocr_line' id='line_1_93' title="bbox 960 2260 1700 2299; baseline 0.003 -8"><span class='ocrx_word' id='word_1_481' title='bbox 960 2260 1093 2292; x_wconf 86' lang='lat' dir='ltr'>laedunt</span> <span class='ocrx_word' id='word_1_482' title='bbox 1129 2270 1164 2292; x_wconf 85' lang='lat' dir='ltr'>ac</span> <span class='ocrx_word' id='word_1_483' title='bbox 1199 2260 1320 2292; x_wconf 81' lang='lat' dir='ltr'>violant</span> <span class='ocrx_word' id='word_1_484' title='bbox 1344 2260 1503 2299; x_wconf 74' lang='lat' dir='ltr'>inflictas,</span> <span class='ocrx_word' id='word_1_485' title='bbox 1531 2260 1700 2293; x_wconf 86' lang='lat' dir='ltr'>incurrere</span> 
     </span>
     <span class='ocr_line' id='line_1_94' title="bbox 961 2312 1702 2353; baseline 0.003 -9"><span class='ocrx_word' id='word_1_486' title='bbox 961 2313 1167 2345; x_wconf 88' lang='lat' dir='ltr'>decernimus</span> <span class='ocrx_word' id='word_1_487' title='bbox 1186 2318 1217 2345; x_wconf 91' lang='lat' dir='ltr'>et</span> <span class='ocrx_word' id='word_1_488' title='bbox 1235 2312 1435 2345; x_wconf 81' lang='lat' dir='ltr'>declaramus</span> <span class='ocrx_word' id='word_1_489' title='bbox 1452 2323 1458 2352; x_wconf 93' lang='lat'>;</span> <span class='ocrx_word' id='word_1_490' title='bbox 1484 2314 1637 2353; x_wconf 84' lang='lat' dir='ltr'>volentes,</span> <span class='ocrx_word' id='word_1_491' title='bbox 1655 2313 1702 2346; x_wconf 88' lang='lat' dir='ltr'>in-</span> 
     </span>
     <span class='ocr_line' id='line_1_95' title="bbox 962 2365 1700 2409; baseline 0.001 -11"><span class='ocrx_word' id='word_1_492' title='bbox 962 2365 1135 2398; x_wconf 84' lang='lat' dir='ltr'>tendentes</span> <span class='ocrx_word' id='word_1_493' title='bbox 1166 2376 1202 2398; x_wconf 80' lang='lat' dir='ltr'>ac</span> <span class='ocrx_word' id='word_1_494' title='bbox 1228 2375 1380 2408; x_wconf 83' lang='lat' dir='ltr'>expresse</span> <span class='ocrx_word' id='word_1_495' title='bbox 1401 2366 1591 2399; x_wconf 86' lang='lat' dir='ltr'>mandantes</span> <span class='ocrx_word' id='word_1_496' title='bbox 1614 2367 1700 2409; x_wconf 90' lang='lat' dir='ltr'>quod</span> 
     </span>
     <span class='ocr_line' id='line_1_96' title="bbox 961 2418 1700 2461; baseline 0 -10"><span class='ocrx_word' id='word_1_497' title='bbox 961 2419 1146 2452; x_wconf 88' lang='lat' dir='ltr'>omnimoda</span> <span class='ocrx_word' id='word_1_498' title='bbox 1171 2419 1315 2461; x_wconf 80' lang='lat' dir='ltr'>cognitio</span> <span class='ocrx_word' id='word_1_499' title='bbox 1352 2424 1449 2461; x_wconf 85' lang='lat' dir='ltr'>atque</span> <span class='ocrx_word' id='word_1_500' title='bbox 1481 2418 1634 2452; x_wconf 88' lang='lat' dir='ltr'>iudicium</span> <span class='ocrx_word' id='word_1_501' title='bbox 1661 2420 1700 2452; x_wconf 84' lang='lat' dir='ltr'>de</span> 
     </span>
     <span class='ocr_line' id='line_1_97' title="bbox 959 2471 1700 2514; baseline 0.003 -11"><span class='ocrx_word' id='word_1_502' title='bbox 959 2471 1151 2504; x_wconf 79' lang='lat' dir='ltr'>criminibus</span> <span class='ocrx_word' id='word_1_503' title='bbox 1177 2472 1208 2504; x_wconf 92' lang='lat' dir='ltr'>in</span> <span class='ocrx_word' id='word_1_504' title='bbox 1234 2471 1433 2514; x_wconf 72' lang='lat' dir='ltr'>Gregoriana</span> <span class='ocrx_word' id='word_1_505' title='bbox 1455 2472 1700 2506; x_wconf 79' lang='lat' dir='ltr'>constitutione</span> 
     </span>
    </p>

    <p class='ocr_par' dir='ltr' id='par_1_30' title="bbox 960 2522 1699 2567">
     <span class='ocr_line' id='line_1_98' title="bbox 960 2522 1699 2567; baseline 0 -12"><span class='ocrx_word' id='word_1_506' title='bbox 960 2522 1101 2565; x_wconf 82' lang='lat' dir='ltr'>exceptis</span> <span class='ocrx_word' id='word_1_507' title='bbox 1127 2528 1158 2555; x_wconf 89' lang='lat' dir='ltr'>et</span> <span class='ocrx_word' id='word_1_508' title='bbox 1182 2534 1199 2555; x_wconf 87' lang='lat' dir='ltr'>a</span> <span class='ocrx_word' id='word_1_509' title='bbox 1224 2523 1319 2556; x_wconf 88' lang='lat' dir='ltr'>nobis</span> <span class='ocrx_word' id='word_1_510' title='bbox 1345 2523 1495 2567; x_wconf 90' lang='lat' dir='ltr'>superius</span> <span class='ocrx_word' id='word_1_511' title='bbox 1521 2524 1699 2567; x_wconf 71' lang='lat' dir='ltr'>explicatis,</span> 
     </span>
    </p>

    <p class='ocr_par' dir='ltr' id='par_1_31' title="bbox 961 2575 1700 2620">
     <span class='ocr_line' id='line_1_99' title="bbox 961 2575 1700 2620; baseline 0.001 -13"><span class='ocrx_word' id='word_1_512' title='bbox 961 2580 1026 2608; x_wconf 91' lang='lat' dir='ltr'>tum</span> <span class='ocrx_word' id='word_1_513' title='bbox 1052 2575 1149 2608; x_wconf 86' lang='lat' dir='ltr'>etiam</span> <span class='ocrx_word' id='word_1_514' title='bbox 1180 2575 1219 2609; x_wconf 85' lang='lat' dir='ltr'>de</span> <span class='ocrx_word' id='word_1_515' title='bbox 1253 2575 1324 2610; x_wconf 85' lang='lat' dir='ltr'>aliis</span> <span class='ocrx_word' id='word_1_516' title='bbox 1356 2586 1438 2620; x_wconf 87' lang='lat' dir='ltr'>quae</span> <span class='ocrx_word' id='word_1_517' title='bbox 1470 2576 1500 2609; x_wconf 88' lang='lat' dir='ltr'>in</span> <span class='ocrx_word' id='word_1_518' title='bbox 1535 2575 1700 2620; x_wconf 87' lang='lat' dir='ltr'>praesenti</span> 
     </span>
    </p>
   </div>
   <div class='ocr_carea' id='block_1_10' title="bbox 1768 240 1907 380">
    <p class='ocr_par' dir='ltr' id='par_1_32' title="bbox 1768 240 1907 380">
     <span class='ocr_line' id='line_1_100' title="bbox 1768 240 1907 380; baseline 0 -63"><span class='ocrx_word' id='word_1_519' title='bbox 1768 240 1907 380; x_wconf 95' lang='lat' dir='ltr'>   </span> 
     </span>
    </p>
   </div>
  </div>
 </body>
</html>
