2170 3147
1 205 50 232 An.
65 204 94 230 C.
116 203 183 231 ¹726

193 252 300 285 stabat
326 258 358 285 et
383 258 528 291 constat,
548 255 612 286 una
633 264 704 287 cum
724 254 828 287 beatis
852 254 930 286 viris

193 305 329 346 perinde
355 305 592 338 consessoribus
627 317 692 339 non
724 307 930 349 pontificibus

194 356 369 399 Peregrino
406 357 535 390 Latioso
572 368 589 390 a
615 358 764 391 Forolivii
801 359 929 391 Ordinis

193 409 326 441 fratrum
351 409 521 442 Servorum
548 410 580 442 B.
605 410 644 442 M.
674 411 721 450 V„
748 416 780 443 et
811 411 929 443 Ioanne

193 472 210 494 a
234 461 334 495 Cruce
358 461 489 494 Ordinis
515 463 648 494 fratrum
666 463 930 496 Excalceatorum

193 514 228 546 B.
256 514 373 546 Mariae
409 514 549 555 Virginis
580 525 597 547 a
621 514 729 547 Monte
766 515 931 553 Carmelo‚

192 573 337 600 sanctum
374 577 446 599 esse
483 566 709 606 definivimus,
744 573 929 600 sanctorum

193 620 414 652 consessorum
442 630 506 652 non
531 619 720 662 pontificum
743 620 857 652 canoni
877 621 932 652 ad-

192 672 398 704 scribendum
424 672 626 705 decrevimus
653 678 683 705 et
709 672 930 712 definivimus,

192 731 289 767 prout
314 725 533 767 praesentium
560 731 674 757 tenore
704 726 929 764 decernimus,

193 777 364 809 desinimus
400 783 432 810 et
466 777 691 817 adscribimus,
716 778 930 820 eumdemque

193 839 252 872 per
275 841 388 863 omnes
415 830 642 863 christifideles
669 836 831 873 tamquam
859 841 931 863 vere

193 887 340 914 sanctum
367 883 521 915 honorari
547 883 771 916 mandavimus
795 889 828 915 et
844 894 932 915 man-

194 935 326 975 damus,
353 940 530 968 statuentes
567 941 601 968 ut
626 937 665 968 ab
690 936 834 969 Ecclesia
857 936 931 968 uni-

192 989 308 1021 versali
334 989 365 1020 in
392 988 461 1021 eius
497 989 655 1022 honorem
689 990 786 1021 aedes
820 1000 931 1022 sacrae

194 1046 226 1073 et
250 1041 372 1083 altaria,
400 1041 431 1073 in
457 1042 573 1084 quihus
603 1042 809 1074 incruentum
835 1042 932 1074 sacri-

194 1094 301 1126 ficium
325 1095 390 1127 Deo
421 1094 586 1133 offeratur,
614 1095 759 1127 construi
785 1096 929 1138 possint,

195 1152 227 1179 et
253 1147 427 1190 quotannis
453 1147 558 1190 pridie
583 1148 655 1180 idus
675 1148 777 1186 iulias,
797 1159 861 1190 quo
879 1148 931 1181 die

194 1200 233 1232 ad
251 1201 424 1233 caelestem
442 1201 578 1243 patriam
603 1201 754 1240 evolavit,
773 1201 932 1233 solemnia

194 1252 261 1285 eius
286 1253 433 1286 natalitia
458 1259 492 1285 ut
515 1254 615 1285 sancti
641 1253 840 1286 confessoris
866 1263 931 1285 non

194 1305 355 1347 pontificis
380 1306 538 1338 celebrari
563 1306 698 1348 possint.

2 1362 185 1409 .;„{”.³.⁰.!ifi'.¹¹5fi
239 1357 253 1400 ἓ
277 1357 307 1389 6.
333 1357 468 1400 Insuper
485 1358 597 1391 eadem
614 1358 815 1395 auctoritate,
833 1359 933 1391 omni-

2 1404 256 1461 gssrfgtuw‘con-lius
280 1410 546 1443 christifidelibus
579 1421 653 1443 vere
689 1411 933 1453 poenitentibus

196 1468 228 1495 et
252 1463 430 1503 confessis,
470 1464 524 1507 qui
561 1465 677 1497 eodem
710 1464 847 1497 solemni
881 1464 932 1496 die

196 1516 344 1549 natalitio
371 1517 402 1548 in
428 1517 618 1549 memoriani
646 1517 679 1549 B.
702 1517 863 1549 Francisci
881 1516 935 1549 So-

196 1569 261 1601 lani
287 1570 458 1612 quotannis
498 1571 537 1602 ad
563 1579 671 1603 sacras
707 1570 776 1602 eius
803 1570 934 1603 exuvias

195 1623 399 1655 venerandas
419 1623 632 1663 accesserint,
658 1634 778 1656 annum
805 1630 837 1656 et
861 1634 935 1667 qua-

196 1675 388 1718 dragenam;
415 1676 453 1708 iis
479 1686 569 1715 vero,
595 1676 649 1719 qui
675 1676 708 1708 in
727 1679 838 1709 octava
853 1677 934 1709 eius-

197 1727 269 1761 dem
295 1729 378 1769 sesti,
404 1729 619 1771 quadraginta
638 1729 706 1763 dies
723 1730 762 1762 de
781 1730 933 1763 iniunctis

196 1790 252 1813 seu
278 1781 528 1824 quomodolibet
553 1781 599 1814 eis
625 1782 742 1815 debitis
768 1783 935 1825 poeniten-

198 1833 248 1866 tiis
283 1834 541 1867 misericorditer
574 1835 605 1867 in
641 1835 779 1868 Domino
816 1836 935 1868 relaxa-

197 1883 299 1917 vimus
325 1889 356 1916 et
380 1885 574 1918 relaxamus.

5 1940 187 1993 Phbuflssffissffiffi
241 1937 257 1980 ἓ
282 1937 310 1969 7.
336 1937 502 1971 Postremo
527 1938 639 1980 gratiis
657 1938 722 1971 Deo
741 1939 829 1978 actis,
848 1939 934 1982 quod

4 1996 176 2017 ⁶³¹¹⁰uizati0==i<-
199 1990 374 2023 Ecclesiam
410 2001 500 2023 suam
536 1991 655 2033 insigni
693 1992 756 2024 hoc
787 2003 936 2035 novoque

199 2041 351 2074 luminari
377 2042 538 2076 illustrare
562 2043 728 2083 voluisset,
756 2046 882 2076 cantata
903 2044 934 2076 in

200 2095 358 2128 honorem
389 2101 577 2128 sanctorum
614 2096 777 2128 Francisci
801 2096 909 2129 Solani
926 2123 933 2137 ‚

200 2146 367 2189 Peregrini
403 2147 519 2180 Latiosi
556 2151 586 2181 et
620 2148 747 2181 Ioannis
783 2159 801 2180 a
836 2148 936 2181 Cruce

200 2200 336 2233 solemni
361 2201 519 2239 oratione,
544 2201 576 2232 in
601 2203 655 2234 ara
679 2200 816 2234 maxima
840 2211 937 2244 supra

199 2253 442 2287 consessionem
463 2253 620 2297 Principis
639 2255 870 2297 Apostolorum
887 2264 937 2286 sa-

199 2312 403 2339 crosanctum
427 2307 545 2339 missac
575 2307 767 2339 sacrificium
792 2307 937 2339 celebra-

198 2358 303 2391 vimus
323 2384 331 2399 ,
372 2368 445 2391 cum
485 2359 630 2392 eiusdem
671 2359 870 2392 confessoris
906 2364 938 2391 et

200 2416 384 2445 ceterorum
409 2412 721 2445 commemoratione
737 2439 745 2452 ‚
772 2411 938 2445 omnibus-

201 2474 264 2507 que
300 2464 569 2498 christifidelibus
602 2470 677 2497 tunc
713 2465 938 2507 praesentibus

201 2517 381 2560 plenariam
414 2518 558 2550 omnium
594 2522 800 2561 peccatorum
836 2517 940 2551 indul-

201 2571 344 2613 gentiam
369 2571 603 2604 concessimus.

779 205 974 231 BENEDICTUS
1000 207 1056 230 xm
1080 207 1130 231 PP.

1612 196 1677 230 [177
1723 207 1772 232 An.
1789 206 1816 231 c.
1841 206 1907 232 1726

1017 255 1031 298 ἓ
1057 254 1088 287 8.
1116 255 1213 288 Decet
1242 254 1360 298 igitur,
1384 259 1420 287 ut
1444 265 1505 298 pro
1531 259 1593 287 tam
1618 264 1713 297 pecu-
1784 267 1906 287 esaum-um

974 307 1045 339 liari
1071 317 1254 350 magnoque
1280 308 1439 341 beneficio
1464 305 1557 340 etc.¹.
1723 295 1788 314 ‘ww'

1019 360 1091 402 §9-
1128 360 1295 393 Caeterum
1331 362 1405 403 quia
1441 361 1570 393 difficile
1608 360 1711 400 soret,
1774 371 1907 392 mimum.

1723 401 1812 424 sumpto!
1820 405 1859 418 11111.

975 417 1164 454 praesentes
1189 418 1313 446 nostras
1338 413 1469 452 litteras,
1497 411 1594 446 etcfl.

1018 463 1033 505 §l
1058 463 1109 496 10.
1139 464 1223 497 Nulli
1260 476 1338 507 ergo
1374 465 1507 499 omnino
1544 465 1713 498 hominum
1751 477 1838 496 sumn..
1857 483 1909 502 μω-

975 515 1072 548 lieeat
1089 516 1173 549 hanc
1188 517 1351 559 paginam,
1369 523 1430 551 etc.
1445 518 1467 550 ³.
1725 503 1788 524 ''⁸¹¹'‘

1018 568 1131 601 Datum
1150 569 1284 609 Romae,
1304 571 1388 613 apud
1415 570 1446 604 S.
1469 571 1611 610 Petrum,
1629 580 1713 604 anno

975 620 1210 653 incarnationis
1228 623 1408 655 dominicae
1426 632 1595 662 ninccxxw,
1619 624 1716 656 v1ka-

976 673 1087 705 lendas
1106 673 1279 714 ianuarias,
1300 675 1511 717 pontificatus
1530 676 1635 708 nostri
1662 686 1716 708 an-

975 735 1017 758 no
1042 735 1090 758 111.

1011 786 1071 813 [tat.
1093 787 1138 814 die
1151 787 1184 814 27
1201 787 1354 815 decembris
1372 788 1449 821 17226,
1471 788 1571 823 pontif.
1589 797 1661 815 anno
1677 795 1715 815 111.

1110 873 1160 922 ᾖ
1186 874 1271 910 EGO
1299 875 1573 910 BENEDICTUS

1027 949 1233 973 CATHOLtCAE
1266 950 1442 973 ECCLESlAE
1468 950 1637 974 EPISCOPUS
1648 941 1669 974 ⁴.

1297 1094 1397 1127 CLIX.

975 1172 1213 1215 Promulyalur
1243 1174 1448 1205 canonizatio
1478 1174 1517 1206 Β.
1545 1174 1719 1216 Pereyrim·

1019 1225 1145 1257 Latiosi
1171 1225 1305 1258 Ordinis
1330 1226 1501 1259 Servorum
1521 1227 1560 1259 B.
1580 1227 1624 1259 M.
1652 1227 1719 1258 Vir-

1019 1278 1120 1320 yim's,
1149 1279 1344 1312 Sanctormn
1367 1280 1461 1321 fastis
1478 1279 1636 1323 adscripti
1651 1280 1673 1311 ⁵.

1151 1358 1332 1385 Benedictus
1360 1358 1542 1392 episcopus,

1166 1410 1276 1429 servus
1298 1410 1456 1429 servorum
1477 1403 1541 1436 Dei,

1101 1446 1138 1472 ad
1153 1449 1332 1480 perpetuam
1348 1446 1393 1473 rei
1412 1447 1597 1473 memoriam.

1022 1516 1220 1559 Redemptor
1256 1516 1388 1549 humani
1414 1517 1544 1559 generis
1568 1517 1718 1550 Christus
1761 1557 1785 1569 ΗΠ

978 1568 1135 1608 dominus,
1163 1569 1215 1612 qui
1243 1569 1355 1602 fideles
1378 1569 1517 1602 famulos
1543 1580 1619 1602 suos
1651 1580 1736 1621 cae-(

978 1621 1066 1654 lestis
1083 1622 1295 1654 beatitudinis
1312 1628 1479 1655 consortes
1498 1622 1626 1655 efficere
1645 1632 1735 1655 con-1

978 1674 1092 1712 suevit,
1119 1684 1175 1707 eos
1201 1674 1355 1716 peculiari
1382 1674 1602 1717 praemiorum
1629 1662 1766 1727 setsi'h„

979 1726 1157 1759 tributione
1186 1726 1414 1769 prosequitur,
1446 1737 1529 1769 quos
1554 1727 1720 1769 ingentior

979 1780 1171 1812 meritorum
1197 1779 1389 1812 excellentia
1414 1780 1636 1819 commendat,
1661 1780 1720 1812 sic-

979 1843 1041 1876 que
1067 1837 1176 1864 sancta
1211 1836 1313 1865 mater
1349 1831 1492 1864 Ecclesia
1524 1832 1572 1864 sui
1607 1832 1720 1875 sponsi

980 1885 1124 1927 vestigiis
1148 1884 1311 1924 insistens,
1336 1884 1411 1917 licet
1427 1894 1540 1917 omnes
1558 1894 1629 1917 cum
1648 1885 1720 1927 ipso

979 1937 1120 1970 viventes
1146 1937 1177 1968 in
1203 1938 1292 1969 caelo
1307 1936 1455 1969 sollicitis
1480 1937 1596 1969 studiis
1621 1937 1721 1970 hono-

980 1995 1051 2029 ret,
1089 1990 1162 2022 illos
1201 1995 1333 2029 tamen,
1371 1989 1426 2032 qui
1462 1999 1560 2032 supra
1596 1994 1721 2022 ceteros

980 2043 1134 2075 virtutum
1159 2048 1190 2074 et
1215 2042 1444 2074 miraculorum
1470 2042 1670 2084 praestantia
1688 2042 1720 2074 in

982 2095 1074 2127 terris
1109 2095 1284 2133 fulserunt,
1321 2094 1506 2137 praecipuiS
1538 2093 1720 2127 honoribus

981 2147 1127 2180 venerari
1166 2147 1322 2190 disponit.
1362 2147 1436 2179 Tam
1462 2147 1524 2190 piis
1549 2147 1652 2179 causis
1677 2147 1722 2179 in-

982 2201 1088 2241 ducti,
1114 2200 1244 2233 beatum
1271 2200 1481 2242 Peregrinum
1510 2211 1527 2233 a
1556 2200 1720 2240 Forolivii,

1018 2314 1028 2339 1
1054 2313 1085 2339 Ut
1111 2321 1193 2347 supra
1220 2321 1280 2347 pag.
1303 2313 1354 2339 462
1374 2313 1389 2339 b
1416 2313 1474 2340 solo
1503 2312 1650 2340 substituto
1670 2320 1720 2339 no-

982 2356 1052 2383 mine
1072 2357 1226 2384 Francisci
1246 2357 1349 2384 Solam*
1367 2359 1406 2390 (n.
1423 2358 1472 2391 T.).

1015 2401 1031 2427 2
1053 2401 1086 2427 Ut
1104 2408 1185 2435 supra
1206 2409 1266 2435 pag.
1287 2401 1340 2427 462
1361 2401 1375 2426 b
1395 2402 1493 2433 (ΒΛ-,1.

1015 2445 1032 2471 3
1052 2444 1083 2471 Ut
1104 2452 1186 2479 supra
1207 2452 1267 2479 pag.
1289 2445 1339 2471 462
1360 2445 1375 2470 b
1394 2445 1434 2479 (11.
1454 2445 1501 2478 Τ.).

1017 2489 1032 2514 4
1052 2487 1205 2523 Sequuntur
1225 2488 1319 2514 eadem
1347 2488 1434 2515 sorma
1460 2488 1540 2523 sigilli
1560 2491 1587 2516 et
1606 2488 1720 2516 eaedem

981 2532 1195 2566 subscriptiones
1212 2539 1243 2558 ac
1257 2540 1338 2566 supra
1353 2532 1475 2568 pag.462
1487 2533 1502 2558 b
1517 2536 1543 2560 et
1558 2541 1605 2569 seq
1628 2535 1717 2568 (nr).

1016 2577 1032 2603 5
1051 2576 1118 2603 Vide
1138 2580 1224 2603 const.
1245 2577 1372 2611 praeced.
1394 2580 1421 2604 et
1441 2581 1594 2612 sequentes.
