2139 3142
443 190 509 222 904
994 195 1171 218 uenantum
1197 196 1348 218 nomisma

486 262 583 295 super
607 249 831 284 constitutione
850 249 1017 282 Pretiosus
1041 247 1080 280 ad
1103 247 1243 280 favorem
1264 246 1449 279 eorumdem
1470 247 1656 291 iampridem
1674 248 1767 290 edita,
1785 254 1818 282 ut
1834 249 1945 292 refert,

491 304 554 337 730
579 304 596 337 b
621 309 653 336 et
676 314 754 346 δειμ-
778 301 895 335 eisdem
921 301 1013 333 allata
1037 300 1134 333 dubia
1158 299 1345 339 declaravit,
1370 298 1434 332 733
1460 301 1475 332 b
1499 304 1530 332 et
1552 311 1629 344 seq.;
1657 300 1738 334 inter
1765 302 1942 345 praefatum

488 356 636 389 Ordinem
662 361 691 388 et
718 355 876 387 ministros
906 354 1059 387 Gamerae
1089 352 1287 396 Apostolicae
1312 352 1509 395 provisiones
1533 357 1564 384 et
1595 354 1817 387 conventiones
1846 365 1943 399 super

489 409 687 452 exemptione
720 419 737 440 a
772 407 925 450 gabellis,
957 406 1095 440 collectis
1120 411 1150 439 et
1180 406 1271 440 datiis
1301 405 1392 438 initas
1415 405 1510 438 fuisse
1535 405 1649 445 refert,
1674 405 1737 439 752
1762 418 1782 440 α
1807 411 1837 440 et
1860 418 1944 451 seq.;

487 461 760 494 Praedicatoribus
785 460 902 493 eisdem
928 459 1041 491 relatas
1065 459 1288 491 conventiones
1313 464 1399 491 motu
1423 458 1554 501 proprio
1578 457 1794 500 confirmavit,
1821 459 1886 492 754
1909 459 1942 500 b;

488 525 599 547 eorum
624 514 773 547 Ordinem
798 524 815 545 a
840 512 1054 556 prohibitione
1078 521 1175 554 super
1198 521 1352 543 novorum
1378 513 1588 543 conventuum
1615 511 1774 544 erectione
1807 511 1942 552 exemit,

489 567 553 601 784
577 579 596 600 α
623 573 652 599 et
676 567 708 606 b,
735 566 947 609 praefatorum
974 564 1101 608 capituli
1125 564 1282 606 generalis
1306 563 1467 596 decretum
1486 574 1582 606 super
1603 563 1864 606 Congregationis
1882 565 1944 597 An-

488 622 632 665 gelorum
658 620 883 664 suppressione
907 619 939 651 in
963 618 1126 662 provincia
1150 617 1421 661 Galloprovinciae
1445 617 1521 649 alias
1549 622 1694 657 erectae,
1722 617 1945 658 confirmavit,

492 674 550 706 711
580 673 595 706 b
621 680 650 706 et
674 685 737 716 seq.

401 728 580 760 Praefectus
605 726 711 770 palatii
736 725 911 769 apostolici.
935 744 979 748 ——
1004 723 1165 756 Praedicto
1193 733 1252 766 pro
1282 728 1426 766 tempore
1458 722 1600 756 existenti
1631 722 1880 756 iurisdictionem
1913 729 1945 756 et

491 781 631 813 diversas
663 779 825 812 facultates
861 777 1032 816 concessit,
1059 776 1123 809 7⁶24
1147 788 1165 810 a
1184 782 1213 809 et
1230 788 1310 820 seq.;
1335 776 1551 820 praefecturae
1574 776 1733 819 praefatae
1757 787 1814 820 per
1837 777 1942 810 chiro-

489 833 646 876 graphum
665 831 768 864 denuo
784 831 882 864 Castri
899 829 1077 873 Gandulphi
1098 829 1287 872 gubernium
1306 830 1429 862 unitum
1446 830 1541 862 fuisse
1557 830 1670 869 refert,
1692 829 1756 862 764
1779 830 1795 863 b
1820 835 1851 863 et
1869 841 1947 873 seq.;

491 886 626 918 relatum
651 884 898 927 chirographum
923 882 1106 922 confirmat,
1133 881 1196 914 766
1221 894 1241 915 α
1267 887 1296 914 et
1320 893 1384 925 seq.

404 939 744 976 praemonstratenses,
770 937 841 969 vide
865 935 1013 969 Canonici
1039 935 1213 978 regulares.

403 991 580 1035 Presbyteri
605 991 782 1024 saeculares
807 988 1065 1031 congregationis
1090 988 1255 1020 Missionis.
1282 1007 1325 1010 —
1346 986 1608 1031 Presbyterorum
1634 987 1868 1030 praedictorum
1894 997 1946 1020 su-

494 1044 637 1088 periores
661 1042 780 1076 habere
806 1042 984 1074 facultatem
1011 1040 1203 1074 concedendi
1229 1041 1348 1074 litteras
1373 1040 1568 1073 dimissorias
1593 1040 1726 1073 subditis
1751 1040 1826 1080 suis,
1843 1039 1946 1072 decla-

494 1103 592 1136 ratur,
609 1096 672 1128 267
698 1108 718 1129 α
736 1101 766 1127 et
783 1096 814 1133 b;
834 1100 1005 1128 conventus
1022 1094 1179 1136 generalis
1196 1094 1357 1126 decretum
1376 1094 1459 1126 circa
1480 1093 1609 1126 modurn
1631 1092 1809 1125 dimittendi
1829 1103 1846 1125 a
1865 1092 1948 1125 dicta

493 1150 743 1192 Congregatione
768 1158 864 1180 unum
888 1158 923 1179 ex
941 1147 1175 1186 assistentibus,
1196 1147 1221 1178 si
1247 1147 1276 1178 in
1302 1147 1425 1190 culpam
1448 1146 1577 1187 incidat,
1600 1147 1693 1179 refert
1713 1152 1743 1178 et
1763 1146 1948 1185 confirmat,

494 1203 558 1235 536
583 1203 599 1234 b
625 1209 655 1235 et
678 1213 740 1245 seq.

407 1256 549 1289 Priverni
579 1255 697 1288 civitas.
723 1273 766 1276 ἐ
799 1253 939 1286 Priverni
970 1252 1102 1284 civitatis
1133 1253 1369 1295 praerogativas
1403 1252 1532 1294 eiusque
1560 1251 1708 1284 ecclesiae
1740 1250 1868 1283 maioris
1898 1260 1948 1283 re-

495 1314 673 1345 censentur,
699 1306 762 1340 υ262
781 1318 798 1338 u
817 1312 847 1338 et
864 1307 898 1344 b;
924 1305 1163 1338 Privernensem
1189 1305 1354 1337 ecelesiam
1381 1305 1456 1337 olim
1482 1304 1694 1337 cathedralem
1721 1303 1858 1336 extitisse
1882 1303 1950 1336 eius

497 1361 654 1405 episcopis
679 1359 871 1392 enumeratis
897 1358 1150 1398 demonstratur,
1176 1357 1240 1391 ⁶263
1265 1369 1300 1397 a,
1326 1364 1435 1401 postea
1460 1368 1534 1390 vero
1560 1357 1708 1390 ecclesiae
1732 1356 1950 1390 Terracinensi

496 1414 616 1447 unitam
642 1413 759 1452 fuisse,
785 1411 849 1445 263
873 1413 903 1451 b,
929 1412 1073 1445 eamdem
1105 1412 1142 1443 ad
1175 1411 1445 1444 cathedralitatcm
1482 1411 1618 1443 restituit
1649 1409 1836 1443 Benedictus
1861 1408 1950 1448 XIII,

496 1468 597 1504 ibid.,·
623 1466 839 1499 Privernensis
863 1466 1014 1498 ecclesiae
1038 1464 1211 1507 capitulum
1236 1464 1396 1497 nonnullis
1422 1464 1596 1507 privilegiis
1620 1463 1760 1505 ornavit,
1785 1461 1850 1495 ⁶263
1875 1473 1905 1495 α.

408 1521 575 1563 Privilegia
599 1520 777 1563 personalia
802 1524 1001 1559 revocantur,
1026 1516 1091 1550 1108
1117 1523 1146 1550 et
1171 1519 1197 1550 b.

406 1575 633 1607 Procuratores
658 1573 768 1612 Urbis,
788 1573 858 1605 vide
883 1572 1056 1614 Collegium
1082 1575 1325 1614 procuratorum
1352 1570 1453 1604 Urbis.

407 1628 576 1660 Promotor
600 1626 759 1669 generalis
783 1626 850 1658 fisci
875 1636 933 1668 pro
966 1625 1141 1668 patrocinio
1174 1635 1340 1656 causarum
1367 1624 1527 1656 curiarum
1554 1622 1839 1655 ecclesiasticarum
1866 1620 1952 1653 insti-

497 1680 606 1718 tuitur,
632 1678 674 1711 Gt}
699 1691 719 1711 ιι
744 1684 774 1711 ct
798 1690 859 1722 seq.

1166 1784 1190 1814 P.

409 1891 668 1923 Ratiocinatores.
694 1909 736 1912 -—
762 1889 993 1932 Computorum
1030 1895 1060 1921 et
1092 1889 1248 1921 rationum
1282 1888 1454 1931 scriptores
1479 1888 1590 1920 Montis
1620 1887 1745 1919 Pietatis
1770 1891 1800 1918 et
1825 1895 1952 1918 mensae

499 1946 527 1976 S.
554 1943 708 1987 Spiritus,
733 1943 894 1986 quomodo
920 1953 952 1974 se
977 1953 1088 1985 gerere
1120 1942 1253 1974 debeant
1280 1942 1312 1973 in
1338 1940 1491 1973 mandatis
1517 1939 1723 1983 recipiendis,
1749 1944 1778 1971 et
1803 1938 1954 1971 contrafa-

500 1998 617 2030 cientes
642 2007 702 2039 qua
728 1998 829 2039 poena
850 1995 1020 2038 puniendi,
1044 1994 1108 2028 848
1133 1996 1165 2034 b,
1192 1995 1220 2027 in
1247 2000 1468 2038 computorum
1495 1993 1664 2036 scriptores
1690 1998 1719 2023 et
1743 1991 1951 2032 rationarios,

499 2051 528 2081 in
555 2050 643 2081 libris
668 2049 732 2081 suis
757 2059 819 2081 non
844 2048 1058 2081 describentes
1083 2048 1210 2080 nomina
1234 2047 1470 2091 depositorum,
1487 2056 1607 2090 poenae
1625 2045 1822 2087 infliguntur,
1839 2043 1903 2077 849
1919 2055 1950 2077 a.

411 2104 574 2136 Ravennae
600 2103 718 2135 civitas.
737 2121 779 2124 —
798 2101 1022 2134 Ravennatium
1050 2101 1182 2133 civitatis
1208 2101 1315 2132 laudes
1341 2105 1491 2140 recenset,
1508 2098 1572 2132 433
1597 2110 1632 2138 a,
1655 2109 1749 2141 super
1775 2097 1857 2130 illius
1882 2097 1954 2130 civi-

501 2157 570 2189 tatis
600 2156 733 2197 eollegio
768 2155 1081 2193 iurisconsultorum,
1106 2154 1340 2186 locumtenente
1375 2152 1538 2196 legationis
1563 2151 1806 2190 Romandiolae,
1829 2160 1953 2183 necnon

499 2213 610 2250 agente
636 2209 667 2240 in
693 2208 775 2241 Urbe
800 2207 932 2240 civitatis
963 2207 1150 2239 Ravennatis
1174 2206 1364 2249 praedictae,
1389 2206 1539 2239 nonnulla
1565 2205 1685 2244 statuit,
1710 2203 1774 2236 433
1799 2204 1816 2235 b
1841 2207 1869 2236 et
1893 2214 1953 2247 seq.

498 2263 568 2295 vide
585 2262 760 2304 Collegium
779 2262 1075 2294 iurisconsultorum
1094 2262 1273 2299 Ravennam
1290 2261 1362 2293 vide
1378 2258 1606 2293 Romandiolae
1624 2257 1754 2300 tegat103
1772 2256 1844 2290 vide
1857 2257 1956 2298 Agen-

502 2323 547 2349 tes
572 2316 772 2358 negotiorum
798 2316 829 2347 in
855 2316 948 2348 Urbe.

411 2371 553 2413 Regnum
586 2370 709 2402 Siciliae
746 2369 827 2402 ultra
861 2369 1008 2400 Pharum.
1040 2386 1082 2390 -
1114 2367 1229 2401 Causas
1265 2366 1493 2400 ecclesiasticas
1527 2365 1558 2396 in
1588 2374 1687 2406 regno
1713 2362 1836 2396 Siciliae
1872 2362 1954 2394 ultra

500 2424 636 2455 Pharum
662 2421 874 2464 pertractandi
900 2428 930 2453 et
954 2420 1122 2453 definiendi
1149 2421 1304 2452 rationem
1324 2426 1394 2463 post
1411 2417 1669 2462 suppressionem
1687 2415 1885 2449 Monarchiae
1909 2415 1956 2449 Si-

503 2476 590 2507 culae
614 2480 811 2517 nuncupatae
836 2473 975 2506 decrevit
993 2479 1023 2505 et
1041 2473 1183 2506 ordinem
1203 2472 1406 2515 praescripsit
1422 2470 1609 2504 Benedictus
1627 2469 1703 2508 XIII,
1721 2468 1785 2502 670
1802 2479 1823 2501 a
1840 2473 1869 2500 et
1893 2477 1954 2510 seq.

413 2527 586 2569 Regulares
611 2527 641 2558 in
666 2537 793 2568 genere.
810 2546 852 2550 —
869 2526 1078 2568 {teg-alaribus
1103 2526 1253 2558 omnibus
1277 2525 1315 2556 ad
1341 2534 1556 2568 quascumque
1581 2522 1749 2565 dignitates
1774 2520 1957 2554 ecclesiasti-

504 2590 555 2611 cas
580 2579 743 2621 promotis,
760 2589 797 2610 ne
822 2589 928 2611 secum
955 2584 1044 2611 extra
1069 2578 1222 2611 coenobia
1247 2578 1310 2610 ulla
1334 2578 1415 2610 bona
1440 2577 1624 2620 adsportare
1653 2575 1799 2615 audeant,
1824 2572 1954 2607 interdi-
