2170 3147
214 215 262 242 Aa.
284 214 311 241 c.
333 215 399 241 1725
445 205 508 239 238

257 1332 339 1352 Laudes·
357 1336 399 1351 nio-

214 1362 301 1378 nasteru
330 1358 399 1377 Cam-

215 1391 284 1405 nensu
326 1391 399 1405 reu-n—

214 1414 291 1431 seritur.

407 322 513 348 tamen
530 343 537 355 ,
566 315 682 358 quibus
709 315 853 347 eiusdem
879 313 1068 347 monasterii
1094 314 1149 346 ab·

406 367 513 400 batem
531 373 562 400 et
582 367 761 400 monachos
779 367 1003 410 proscindere,
1021 377 1149 399 eorum-

407 431 469 464 que
499 420 771 453 existimationem
790 430 826 453 ac
855 420 1012 453 honorem
1039 420 1147 453 laede—

405 484 440 506 re
459 473 527 506 ausi
559 475 709 514 fuerant,
740 473 917 516 impunitas
940 473 1148 506 dimittendas
1169 488 1171 494 ι

406 537 472 559 non
498 537 568 560 esse
594 527 788 566 censuimus,
807 538 878 559 cum
906 537 957 560 res
983 527 1022 560 ad
1047 537 1149 559 exem-

406 580 495 622 plum
532 580 699 622 pertinere
735 580 883 619 videtur,
909 585 940 612 et
978 584 1146 622 oporteat,

408 634 683 676 quemadmodum
703 634 816 666 beatus
838 633 1014 676 Gregorius
1041 633 1149 665 admo-

408 691 485 725 net,
509 686 664 718 canonicd
690 686 825 723 ultione,
839 685 969 729 quando
987 685 1068 728 quid
1087 684 1149 717 tole.

408 739 635 780 cmmnitlitur,
667 740 822 779 coerceri,
845 749 884 772 ne
908 739 1049 782 locutus,
1076 749 1148 770 cum

407 792 551 825 aliorum
574 797 702 836 peccalo
725 793 887 836 parcitur,
915 793 1000 825 vires
1027 802 1065 824 ezr
1089 792 1149 824 dis-

406 845 619 879 simulatione
649 847 821 890 perci'pi'al.
853 846 1005 879 lussimus
1039 845 1148 888 itaque

409 904 440 932 et
460 900 649 940 curavimus,
669 905 703 933 ut
728 900 887 933 eiusmodi
913 899 1059 933 criminis
1077 909 1150 942 par-

409 952 523 996 ticipes
554 958 587 986 et
618 953 739 986 conscii
776 953 891 986 merita
926 953 1150 996 plecterentur

407 1008 517 1049 poena
541 1006 580 1038 ad
607 1006 892 1045 emendationem3
925 1003 1015 1048 pari*
1042 1010 1148 1037 tamen

409 1069 557 1102 congruo
577 1064 724 1102 tempore
750 1059 963 1102 apostolicam
983 1058 1149 1091 lenitatem

409 1117 441 1144 et
469 1112 752 1145 mansuetudinem
786 1111 940 1144 exhibere
967 1110 1147 1150 correctis,

409 1174 489 1203 cum,
511 1169 545 1196 ut
569 1164 654 1197 idem
672 1164 785 1196 beatus
808 1163 981 1206 Gregorius
1004 1163 1167 1204 advertit„

406 1216 481 1259 plus
509 1217 763 1257 misericordiae,
792 1223 891 1260 quam
910 1217 1078 1249 distre'ctcte
1095 1227 1151 1249 nos

410 1270 578 1302 conveniat
599 1280 729 1313 operam
754 1269 832 1302 dare
856 1270 1015 1302 iustiliae.

454 1323 468 1365 ἓ
493 1322 525 1355 4.
545 1322 635 1356 Nunc
654 1329 771 1364 autem,
791 1323 1039 1356 considerantes
1060 1333 1152 1366 prae-

413 1375 510 1408 fatum
536 1375 730 1409 Cassinense
764 1376 1001 1409 monasterium
1027 1376 1151 1409 nullius

411 1429 566 1463 dioecesis
599 1430 784 1474 provinciae
810 1435 940 1463 nostrae
974 1429 1150 1470 Romanae,

409 1488 520 1526 utpote
545 1483 698 1516 diuturno
725 1483 907 1516 fundatoris
928 1482 975 1515 sui
994 1493 1095 1526 usque
1113 1483 1150 1516 ad

409 1536 533 1569 obitum
554 1537 694 1570 incolatu
714 1541 950 1575 consecratum,
969 1541 998 1569 et
1021 1536 1060 1569 ab
1081 1537 1151 1579 ipso

409 1589 672 1632 promulgatione
715 1591 847 1632 regulae
869 1616 874 1629 ‚
919 1589 1150 1622 miraculorum

409 1642 599 1685 splendore,
615 1643 727 1686 suique
747 1643 875 1675 tandem
902 1642 983 1675 sacri
1005 1642 1152 1685 corporis

410 1695 559 1738 deposito
585 1696 797 1735 decoratum,
831 1701 862 1728 et
896 1701 991 1739 caput
1023 1695 1151 1728 Ordinis

410 1748 645 1788 constitutum,
671 1760 789 1791 magno
816 1759 944 1792 semper
969 1749 1000 1781 in
1027 1749 1151 1782 honore

410 1812 447 1834 ae
472 1801 579 1845 pretio
605 1802 689 1845 apud
716 1812 841 1842 omnes,
859 1802 1048 1844 praesertin]
1075 1812 1152 1834 vero

410 1855 496 1898 apud
523 1855 686 1887 Romanos
720 1853 891 1888 Pontifices
921 1855 1152 1898 praedecesso-

410 1918 461 1941 res
485 1914 614 1941 nostros
643 1909 712 1952 (qui
738 1919 804 1942 non
830 1909 928 1942 semel
955 1909 993 1941 ad
1019 1908 1153 1942 benedi-

410 1962 549 1994 cendum
575 1962 723 1995 abbatem
743 1962 775 1994 in
801 1961 933 2005 proprio
960 1961 1152 1995 monasterio

410 2015 632 2058 personaliter
658 2020 875 2055 accesserunt,
896 2025 1075 2058 eorumque
1101 2025 1153 2048 ex-

412 2068 520 2111 emplo
548 2078 607 2101 nos
633 2068 695 2111 ipsi
722 2079 827 2112 nuper
852 2067 970 2101 dilecto
1003 2068 1069 2101 filio
1097 2069 1152 2102 Se-

411 2120 559 2153 bastiano
575 2120 727 2154 Gadaleta
745 2122 847 2154 electo
865 2121 1008 2155 eiusdem
1024 2132 1153 2154 monas-

412 2174 486 2207 terii
514 2174 621 2207 abbati
648 2179 729 2207 stato
748 2174 810 2207 ritu
839 2174 870 2207 in
893 2174 1029 2208 ecclesia
1049 2174 1079 2208 S.
1100 2174 1152 2208 Ca-

412 2226 480 2259 lixti
507 2227 546 2260 de
572 2227 657 2260 Urbe
689 2227 926 2260 benedictionis
957 2238 1074 2261 munus
1101 2239 1152 2261 so-

412 2279 564 2312 lemniter
589 2280 848 2324 impertivimus)
874 2280 1028 2321 extitisse,
1055 2286 1151 2325 atque

412 2332 571 2365 meruisse
589 2338 622 2365 ut
642 2333 682 2366 ab
710 2334 755 2366 eis
775 2333 959 2376 conspicuis
980 2341 1152 2377 augeretur

413 2384 579 2418 beneficiis
606 2391 637 2419 et
663 2385 861 2429 privilegiis,
889 2397 925 2420 ac
952 2388 1009 2420 sub
1034 2387 1149 2420 imme-

415 2437 498 2470 diata
523 2437 614 2470 Sedis
641 2439 846 2481 Apostolicae
872 2440 1100 2482 superioritate
1123 2447 1154 2474 et

415 2491 595 2534 patrocinio
611 2493 849 2534 susciperetur;
866 2504 901 2526 ac
920 2493 1052 2537 insuper
1071 2506 1154 2528 com-

416 2550 544 2587 pertum
583 2544 740 2577 babentes
778 2556 794 2578 a
826 2547 996 2579 monachis
1033 2547 1151 2580 ibidem

452 2607 461 2632 1
487 2605 597 2633 Videtur
618 2605 760 2641 legendum
778 2608 882 2641 parati
901 2609 939 2641 (n.
962 2609 1010 2643 ‘r.).

986 212 1167 237 nummum
1190 212 1346 238 Romnum

406 263 562 307 prosequi
589 273 652 295 non
680 262 903 301 omiserimus,
933 261 1148 294 contumelias
1170 259 1173 268 ¹

1194 261 1387 304 degentibus
1411 261 1539 302 omnia,
1567 271 1647 305 quae
1672 260 1711 294 ad
1737 270 1848 294 eorum
1874 271 1927 294 re-

1193 315 1315 357 gularia
1341 314 1488 348 instituta
1514 314 1698 358 pertinent,
1725 313 1930 347 laudabiliter

1193 368 1380 408 observari,
1405 378 1568 401 sacrarum
1604 367 1786 400 litterarum
1824 366 1931 399 studia

1192 421 1304 454 sedulo
1331 421 1495 461 exerceri,
1522 420 1732 463 divinumque
1760 419 1792 452 in
1818 419 1931 463 primis

1192 475 1312 507 cultum
1344 476 1468 507 summa
1501 484 1572 506 eum
1608 473 1768 516 religione
1794 472 1930 516 peragi,

1192 528 1468 570 quemadmodum
1488 527 1627 570 propriis
1645 525 1844 569 inspeximus
1858 535 1932 558 ocu-

1192 580 1230 613 lis
1266 580 1341 613 dum
1374 580 1406 612 in
1439 579 1618 612 minoribus
1650 578 1817 612 constituti
1854 578 1932 611 illuc

1193 633 1411 665 sanctuarium
1427 633 1508 666 adeo
1523 632 1653 665 celebre
1669 630 1851 664 devotionis
1865 641 1933 674 gra-

1193 686 1236 719 tia
1260 686 1415 720 visitaturi
1441 686 1663 729 perreximus;
1691 689 1723 718 et
1747 689 1931 728 propterea,

1193 740 1380 773 eorumdem
1417 739 1710 783 praedecessorum
1746 743 1934 771 nostrorum

1194 793 1354 836 exemplo,
1381 792 1535 825 antedicti
1560 791 1749 825 monasterii
1766 790 1934 825 Cassinen-

1194 845 1248 885 sis,
1266 846 1401 889 eiusque
1423 843 1617 878 abbatibus¹
1644 844 1800 878 ecclesiae
1825 848 1857 877 et
1881 842 1935 876 ab·

1192 898 1275 931 batis
1300 908 1359 941 pro
1387 904 1533 942 tempore
1566 897 1734 930 existentis
1758 906 1934 940 praeroga-

1194 951 1283 991 tivas,
1312 951 1586 994 praeeminentias
1613 956 1644 984 et
1669 950 1739 983 iura
1763 959 1936 993 quaecum—

1195 1016 1256 1048 que
1283 1005 1481 1038 inconcussa
1517 1016 1553 1038 ae
1591 1004 1743 1037 inviolata
1767 1002 1935 1047 perpetuis

1196 1058 1310 1091 suturis
1335 1058 1537 1101 temporibus
1558 1057 1679 1091 servari
1705 1062 1801 1100 atque
1826 1061 1936 1089 custo-

1196 1111 1256 1145 diri
1278 1112 1462 1155 cupientes,
1481 1117 1512 1144 et
1530 1111 1752 1154 procuratoris
1772 1109 1934 1153 generalis

1195 1164 1294 1207 ipsius
1325 1165 1591 1207 Congregationis
1623 1163 1823 1197 Cassinensis
1854 1162 1935 1195 votis

1196 1218 1257 1251 bac
1281 1218 1313 1250 in
1340 1229 1396 1258 re,
1424 1225 1578 1262 quantum
1604 1229 1676 1252 cum
1701 1217 1837 1251 Domino
1862 1226 1937 1260 pos-

1196 1268 1319 1312 sumus,
1346 1271 1570 1305 favorabiliter
1594 1282 1739 1305 annuere
1765 1272 1909 1304 volentes
1925 1296 1933 1310 ,

1196 1336 1337 1368 eumque
1356 1336 1372 1357 a
1390 1325 1557 1368 quibusvis
1582 1323 1936 1364 excommunicationis,

1196 1377 1421 1420 suspensionis
1452 1383 1483 1410 et
1507 1377 1690 1418 interdicti,
1717 1377 1853 1421 aliisque
1879 1386 1933 1410 ec-

1196 1431 1387 1464 clesiasticis
1403 1431 1581 1472 sententiis,
1597 1432 1743 1465 censuris
1763 1436 1795 1464 et
1810 1431 1936 1475 poenis,

1196 1494 1213 1516 a
1233 1484 1301 1518 iure
1327 1485 1378 1517 vel
1404 1485 1443 1517 ab
1469 1485 1613 1523 homine,
1631 1484 1742 1528 quavis
1766 1483 1936 1517 occasione

1196 1538 1241 1570 vel
1269 1540 1365 1571 causa
1390 1538 1472 1578 latis,
1493 1538 1518 1571 si
1545 1538 1664 1581 quibus
1686 1536 1937 1581 quomodolibet

1196 1590 1368 1623 innodatus
1394 1590 1514 1631 existit,
1542 1591 1580 1624 ad
1607 1589 1757 1623 effectum
1782 1599 1937 1633 praesen-

1197 1642 1276 1676 tium
1310 1644 1474 1676 dumtaxat
1506 1643 1794 1687 consequendum,
1822 1642 1937 1675 harum

1196 1697 1279 1730 serie
1304 1697 1510 1731 absolventes
1528 1702 1560 1730 et
1577 1698 1760 1730 absolutum
1780 1696 1847 1729 sore
1865 1705 1939 1729 cen-

1197 1755 1329 1790 sentes,
1364 1750 1662 1794 supplicationibus
1699 1749 1768 1783 eius
1805 1749 1936 1783 nomine

1197 1814 1294 1847 super
1314 1805 1376 1837 boc
1401 1804 1495 1836 nobis
1521 1804 1691 1836 humiliter
1715 1802 1875 1847 porrectis
1893 1802 1939 1835 in-

1197 1856 1327 1890 clinati:
1365 1857 1588 1900 praeinsertas
1625 1856 1722 1896 Sixti,
1750 1855 1867 1889 Urbani
1901 1865 1938 1888 ac

1196 1910 1376 1943 Innocentii
1402 1910 1693 1953 praedecessorum
1713 1909 1837 1942 litteras
1862 1918 1937 1952 apo-

1197 1963 1339 2005 stolicas,
1356 1969 1384 1997 et
1403 1964 1433 1996 in
1453 1963 1517 1996 illis
1535 1969 1685 1996 contenta
1702 1971 1936 2006 quaecumque,

1197 2026 1326 2050 necnon
1352 2016 1589 2060 praeinsertum
1614 2015 1756 2048 iudicum
1782 2014 1934 2058 querela-

1196 2079 1268 2102 rum
1293 2074 1325 2102 et
1349 2069 1642 2102 controversiarum
1675 2067 1834 2112 praedicti
1858 2067 1938 2102 Con-

1197 2122 1261 2156 cilii
1283 2122 1419 2155 Romani
1448 2123 1622 2162 decretum,
1649 2123 1842 2156 auctoritate
1860 2131 1938 2165 apo-

1197 2175 1319 2216 stolica,
1344 2181 1458 2208 tenore
1483 2175 1717 2218 praesentium,
1737 2174 1936 2218 amplissime

1197 2228 1418 2271 approbamus
1448 2234 1480 2260 et
1508 2228 1736 2260 confirmamus
1756 2254 1764 2268 ,
1791 2237 1826 2260 ac
1859 2226 1936 2270 ipsis

1196 2287 1373 2325 perpetuae
1399 2286 1430 2314 et
1454 2280 1652 2314 inviolabilis
1670 2279 1866 2323 apostolicae
1883 2279 1937 2312 fir-

1196 2334 1314 2367 mitatis
1339 2334 1411 2374 vim,
1433 2334 1533 2367 robur
1553 2339 1651 2377 atque
1677 2333 1842 2367 munimen
1861 2332 1937 2365 adii-

1197 2388 1322 2428 cimus;
1352 2388 1487 2432 illasque
1520 2393 1551 2421 et
1576 2388 1654 2421 illud
1688 2387 1748 2427 iis,
1782 2387 1821 2420 ad
1854 2397 1936 2430 quos

1197 2446 1320 2484 spectat
1344 2446 1377 2474 et
1401 2451 1459 2484 pro
1494 2446 1640 2484 tempore
1667 2440 1935 2483 quandocumque

1198 2494 1378 2536 spectabit,
1406 2493 1596 2537 plenissime
1621 2492 1807 2535 suffragari,
1836 2502 1872 2525 ae
1896 2492 1935 2525 ab

1199 2547 1349 2580 omnibus
1371 2547 1440 2579 aliis
1461 2546 1641 2589 respective
1666 2545 1833 2589 perpetuis
1853 2545 1936 2578 sutu-

1235 2601 1245 2627 1
1270 2599 1384 2627 Videtur
1400 2598 1545 2634 legendum
1565 2598 1719 2627 abbatialis
1738 2598 1774 2635 (a,
1799 2599 1845 2634 τ.).

1937 212 1984 240 An.
2007 213 2036 242 C.
2053 215 2119 244 ¹725
