2170 3147
170 227 220 253 An.
237 227 266 251 c.
292 224 360 251 4727
407 215 472 248 518

366 277 446 302 nent.
469 272 542 308 Quia
565 272 677 311 pariter
698 271 815 301 abunde
845 269 929 300 nobis
959 269 1112 309 probatum

365 325 426 357 est,
451 321 612 351 Germanos
634 324 732 359 patres
754 319 783 348 in
807 319 1043 358 praememorata
1065 326 1114 346 no-

365 371 427 398 stra
459 368 632 408 provincia,
656 368 710 397 etsi
739 376 809 407 prae
838 367 945 396 ceteris
973 366 1004 395 in
1026 366 1115 395 vinea

367 418 481 447 Domini
505 417 690 454 laborantes,
715 415 984 456 praedicationibus
1012 414 1115 454 impri-

368 466 422 495 mis
445 475 478 495 ac
500 465 713 495 directionibus
741 465 915 504 populorum
948 464 1025 493 inter
1047 463 1115 492 liae-

368 515 476 544 reticos
497 518 526 544 et
547 513 752 544 schismaticos
780 514 961 551 degentium,
980 512 1016 541 ad
1048 521 1115 551 pro-

369 562 480 592 vinciae
517 567 614 592 tamen
651 562 864 601 praefecturaS,
902 562 1061 599 dignitates
1086 564 1114 590 et

368 610 464 640 officia
479 635 487 648 ,
511 620 600 650 quam
626 620 693 640 raro
717 610 763 640 vix
787 610 973 649 promoveri,
1002 618 1055 639 nec
1078 609 1114 638 ad

369 659 502 690 habitum
526 665 552 690 et
576 660 789 699 professionem
820 664 861 689 tot
883 658 1043 689 Germanos
1065 658 1116 687 ad-

369 708 456 746 mitti,
481 714 552 748 quot
575 718 626 747 pro
648 708 750 738 relatis
776 708 925 738 laboribus
948 708 1044 737 forent
1067 716 1115 736 ne-

369 757 502 794 cessarii,
527 757 661 797 quinimo
688 766 722 787 ex
751 757 824 796 ipsis
852 756 991 794 catalogis
1012 765 1027 785 a
1052 764 1115 794 pro-

369 805 544 836 vincialibus
575 815 627 844 pro
660 810 793 844 tempore
829 805 1009 834 transmissis
1045 803 1115 833 satis

370 863 518 894 superque
545 858 659 884 constat
685 854 802 883 easdem
831 854 1042 893 praefecturas,
1072 852 1116 881 di-

369 903 497 941 gnitates
520 907 548 932 et
571 903 667 932 officia
690 912 748 932 non
771 902 835 932 sine
858 902 986 931 maxima
1008 900 1116 939 partia-

370 952 452 981 litate
492 952 614 981 retineri
646 956 678 980 ut
711 950 868 989 plurimum
906 950 942 979 ab
979 958 1036 978 uno
1071 948 1116 977 vel

370 1000 462 1030 altero
485 1010 520 1030 ex
543 1004 668 1039 quatuor
690 999 861 1029 nationibus
876 1008 910 1028 ex
929 998 1037 1038 quibus
1053 1007 1116 1036 pro-

371 1049 466 1078 vincia
490 1050 620 1088 praefata
643 1053 774 1085 constat,
799 1058 865 1078 cum
889 1047 1012 1077 notabili
1035 1056 1117 1085 prae-

372 1098 480 1127 iudicio
516 1098 647 1128 iustitiae
683 1097 892 1127 distributivae
930 1101 958 1126 ct
992 1096 1116 1126 aliorum

371 1146 596 1184 religiosorum3
621 1155 655 1175 ex
677 1145 784 1184 quibus
808 1146 937 1183 profecto
965 1153 1024 1173 non
1054 1144 1117 1172 sine

372 1194 490 1233 publico
512 1195 700 1231 detrimento,
724 1194 860 1231 religiosa
892 1202 946 1231 pax
976 1196 1004 1221 et
1035 1192 1118 1231 quies

373 1243 495 1273 nimium
520 1242 671 1272 obturbari
695 1242 903 1279 dignoscitur:
926 1241 1036 1270 idcirco
1051 1264 1057 1275 ,
1082 1240 1118 1269 ad

375 1294 532 1321 fraternam
556 1291 727 1321 charitatem
755 1290 958 1329 iustitiamque
980 1288 1119 1318 distribu-

375 1341 461 1370 tivam
486 1340 658 1377 fovendam,
683 1344 711 1369 et
735 1339 812 1368 inter
835 1342 931 1368 tantos
954 1337 1118 1366 haereticos

373 1389 539 1418 animarum
558 1389 680 1418 salutem
700 1388 793 1425 magis
816 1386 1045 1426 procurandam,
1069 1385 1118 1414 in¹

375 1442 433 1466 tres
465 1441 564 1476 partes
599 1436 731 1465 camdem
767 1435 948 1474 provinciam
984 1432 1120 1471 ingenii²

376 1486 483 1524 linguis
516 1490 543 1515 et
577 1485 746 1515 nationibus
781 1484 904 1513 divisam
934 1483 1121 1513 consideran-

376 1534 579 1571 teS,videlicet
611 1534 640 1563 in
670 1533 865 1569 llungaricam
899 1532 983 1561 modo
1012 1531 1122 1560 liaben-

377 1588 433 1611 tem
457 1582 576 1611 circiter
605 1580 974 1619 centumquadragintasex
1004 1580 1119 1615 fratres,

377 1630 582 1660 Germanicam
598 1629 751 1666 religiosos
770 1628 870 1657 itidem
893 1628 1036 1665 dugentos
1052 1636 1122 1665 qua-

377 1678 608 1716 dragintaunum
636 1678 848 1713 continentem,
871 1681 899 1705 et
925 1675 1119 1709 Slawnicam,

377 1727 431 1757 sub
449 1727 633 1767 quaCroatae
651 1725 952 1764 comprehenduntur,
966 1733 1122 1753 numerum

378 1775 743 1812 centnmoctogintaunum
768 1774 1013 1810 constituentem,
1037 1773 1123 1802 alter-

378 1824 507 1854 nativam
541 1833 659 1862 quoque
692 1823 721 1851 in
754 1821 848 1852 tribus
871 1822 916 1851 1115
939 1821 1070 1860 partibus
1093 1821 1123 1850 in
1144 1837 1146 1844 ι

380 1873 499 1903 1101111110
522 1876 650 1902 statuere
672 1880 842 1907 censemus,
867 1874 953 1909 prout
976 1870 1124 1908 praesenti

379 1926 480 1951 nostro
503 1922 620 1950 dci-reto
641 1921 745 1949 suturis
769 1920 918 1958 perpetuis
942 1919 1123 1957 temporibus

379 1975 517 1999 statutam
540 1969 729 1999 decernimus
758 1973 786 1997 et
815 1968 1018 1997 declaramus:
1050 1968 1125 1996 itaut

379 2021 435 2048 111111
469 2019 610 2048 electione
644 2019 693 2047 [iat
726 2019 889 2047 Germanus
921 2016 1123 2055 provincialis,

382 2068 536 2105 llungarus
559 2072 655 2096 custos
670 2090 676 2102 ‚
697 2067 868 2095 definitores
891 2066 948 2095 duo
970 2075 1005 2094 ex
1028 2065 1126 2093 Slavo—
1146 2087 1147 2090 ,

380 2116 446 2144 nica
470 2120 551 2154 parte
566 2140 573 2152 ,
599 2125 673 2144 unus
696 2124 729 2144 ex
750 2114 917 2151 llungarica
941 2118 969 2142 et
991 2122 1067 2142 unus
1090 2121 1125 2141 ex
1146 2113 1148 2125 ‘¹

382 2165 565 2199 Germanica,
590 2174 621 2193 ac
645 2164 820 2193 secretarius
853 2163 889 2192 ad
918 2162 1034 2191 libitum
1059 2171 1125 2200 pro-

384 2213 515 2242 xincialis
537 2214 572 2241 de
594 2213 713 2241 natione
729 2211 884 2241 slavonica
903 2215 1080 2242 assumatur,
1099 2214 1127 2239 et

383 2262 570 2290 amanuensis
601 2261 727 2298 scriptor
760 2261 794 2289 de
824 2260 1008 2297 llungaricit:
1034 2259 1128 2287 altera

384 2309 525 2338 electione
548 2310 597 2338 liat
620 2309 776 2345 llungarus
799 2308 998 2347 provincialis,
1023 2308 1128 2336 slavus

386 2363 495 2395 custos,
514 2358 684 2386 definitores
700 2358 756 2386 duo
780 2357 930 2392 ‹lei-inani,
956 2366 1032 2385 unus
1049 2356 1128 2385 111111-

385 2415 472 2441 garus
495 2410 522 2433 et
546 2415 620 2433 unus
651 2406 685 2433 do
710 2405 804 2434 Slavis
850 2405 1029 2433 secretarius
1061 2404 1129 2433 Ger·
1150 2432 1151 2436 ,

819 2429 825 2441 ἳ

387 2462 501 2490 manus,
526 2453 712 2481 amanuensis
735 2453 854 2481 slavus:
877 2453 963 2481 tertia
986 2453 1129 2482 electione

388 2504 433 2531 liat
459 2502 492 2531 de
515 2501 666 2530 slavonica
692 2506 773 2539 parte
797 2501 1000 2539 provincialis,
1031 2506 1130 2530 custos

424 2563 431 2585 1
458 2560 528 2585 Edit.
546 2560 624 2585 Main.
642 2559 707 2592 tvi-‚it
721 2560 758 2585 (ul
780 2568 827 2593 pro
848 2560 879 2585 7'12
895 2562 933 2591 (n.
950 2560 999 2589 TN).

421 2606 438 2630 ἱ).
459 2604 508 2630 Ed.
526 2604 606 2629 Main.
621 2604 685 2636 legit
701 2604 814 2636 ingluvie*
831 2612 878 2637 pro
894 2604 1022 2637 inyrni'is
1036 2604 1128 2637 (n.'t'.).

958 220 1142 244 nULLAan
1166 220 1322 244 ROMANUM

1158 267 1333 306 Germanus,
1357 268 1529 298 definitores
1561 268 1617 298 duo
1649 267 1792 306 Hungari,
1826 275 1902 297 unus

1158 317 1193 346 de
1215 316 1320 356 Slavis,
1344 326 1420 347 unus
1438 317 1613 353 Germanus,
1630 316 1807 346 secretarius
1822 316 1904 346 Hun-

1158 374 1257 403 garuS,
1281 365 1471 395 amanuensis
1489 365 1664 395 Germanus:
1681 365 1782 404 sicque
1804 365 1905 403 singu-

1158 415 1194 444 lis
1222 415 1252 444 in
1275 415 1473 445 electionibus
1499 415 1606 444 suturis
1628 415 1682 444 hac
1704 414 1842 444 methodo
1864 413 1904 443 al-

1158 463 1303 493 ternativa
1319 464 1485 493 continuari
1501 463 1637 493 iubemus
1652 466 1681 492 et
1697 462 1904 501 praecipimus.

1157 512 1256 547 Quoad
1272 512 1451 550 guardianos
1468 512 1625 541 tertialitas
1639 511 1675 540 de
1693 510 1823 550 qualibet
1839 519 1905 550 par-

1159 564 1187 590 te
1202 561 1346 590 dictarum
1369 561 1522 590 nationum
1545 560 1728 596 instituatur,
1742 559 1781 589 ita
1805 563 1904 589 tamen

1158 608 1327 647 distributa,
1340 613 1383 646 ut,
1404 613 1547 647 quantum
1571 608 1635 637 sieri
1658 611 1763 647 potest,
1782 607 1813 636 in
1831 607 1905 638 loeis

1158 657 1209 687 ubi
1232 658 1290 688 sola
1314 668 1371 688 una
1395 658 1474 688 natio
1497 657 1603 697 populo
1626 657 1657 687 in
1679 657 1906 696 praedicationi-

1159 705 1213 736 bus
1235 706 1370 744 inservit,
1395 706 1526 736 eiusdem
1549 705 1677 735 nationis
1700 705 1837 744 superior
1855 714 1906 744 po-

1160 759 1247 785 natur
1262 765 1328 785 cum
1345 755 1470 792 vicari03
1488 756 1518 785 in
1534 755 1607 785 loeis
1623 764 1703 793 vero,
1720 754 1771 784 ubi
1789 754 1905 785 duobus

1160 804 1205 834 vel
1228 804 1323 834 tribus
1357 804 1528 834 nationibus
1560 805 1706 842 servitur,
1730 804 1905 834 alternativa

1160 858 1361 889 conservetur,
1375 858 1406 882 ut
1422 853 1512 883 semel
1528 853 1663 892 superior
1678 853 1780 882 localis
1795 852 1830 882 de
1845 853 1907 882 una

1161 901 1292 938 natione,
1310 902 1366 931 alia
1384 901 1445 931 vice
1460 902 1496 931 de
1512 901 1568 931 alia
1585 902 1646 939 fiat,
1664 901 1774 931 vicario
1789 910 1907 940 semper

1161 950 1306 980 existente
1328 950 1363 979 de
1383 950 1478 979 altera,
1499 950 1629 988 natione,
1646 959 1734 989 quam
1758 949 1796 979 sit
1818 958 1907 988 guar-

1160 999 1282 1035 dianus,
1306 1003 1334 1028 et
1356 999 1502 1028 discretus
1525 999 1561 1028 de
1583 999 1670 1028 tertia
1693 998 1832 1037 natione,
1856 998 1908 1029 ubi

1161 1047 1259 1076 tribus
1275 1047 1444 1077 nationibus
1467 1048 1586 1077 insimul
1606 1047 1734 1077 servitur
1754 1047 1907 1077 concioni-

1161 1095 1227 1125 bus.
1245 1096 1424 1126 Novitiatum
1441 1096 1591 1135 quaelibet
1614 1096 1693 1126 natio
1715 1097 1746 1126 in
1769 1105 1821 1125 suo
1843 1096 1907 1126 loco

1162 1145 1266 1174 habeat
1304 1144 1358 1174 snb
1398 1154 1451 1174 suo
1489 1145 1631 1184 primario
1666 1149 1694 1175 et
1729 1144 1907 1174 secundario

1162 1193 1303 1230 magistro
1317 1217 1324 1230 ‚
1348 1193 1388 1222 ita
1421 1197 1449 1223 et
1482 1194 1694 1232 professorium
1716 1193 1771 1222 sub
1793 1192 1908 1222 duobus

1162 1242 1325 1279 magistris.
1349 1241 1448 1277 Quoad
1472 1242 1615 1278 lectores,
1640 1242 1735 1271 omnis
1759 1240 1908 1280 possibilis

1162 1290 1324 1328 aequalitas
1361 1290 1404 1319 vel
1440 1290 1614 1320 alternativa
1652 1290 1742 1320 triam
1778 1290 1908 1329 partium

1162 1339 1303 1368 servanda
1327 1339 1396 1375 erit,
1418 1339 1482 1368 sine
1505 1340 1674 1369 exclusione
1697 1344 1793 1369 tamen
1816 1339 1910 1377 magis

1163 1387 1331 1425 dignorum.
1356 1388 1427 1423 Quia
1452 1392 1548 1418 tamen
1573 1398 1606 1418 ex
1629 1389 1740 1419 Croatis
1762 1392 1791 1418 et
1814 1387 1910 1418 Slavis

1163 1446 1220 1465 una
1244 1437 1431 1475 componitur
1447 1446 1525 1476 pars,
1543 1437 1608 1467 ideo
1631 1437 1661 1466 in
1677 1437 1827 1476 praedicta
1847 1436 1912 1466 uni-

1164 1489 1223 1515 tate
1255 1495 1371 1524 semper
1400 1486 1535 1525 ntrisque
1568 1486 1702 1516 habenda
1734 1486 1791 1515 erit
1823 1485 1910 1521 ratio,

1164 1534 1271 1563 adeout
1294 1535 1322 1563 in
1347 1534 1511 1564 ciliciorum
1528 1539 1555 1564 et
1570 1535 1748 1573 dignitatum
1771 1533 1913 1564 distribu-

1165 1583 1244 1611 tione
1277 1592 1428 1621 nnnquam
1452 1583 1572 1613 Croatae
1603 1583 1821 1616 rationabiliter
1842 1592 1913 1612 con-

1165 1631 1248 1669 queri
1283 1632 1406 1669 possint.
1441 1632 1581 1661 Volumus
1613 1636 1723 1669 autem,
1757 1631 1846 1661 etiam
1877 1631 1912 1660 ad

1166 1679 1306 1708 maiorem
1334 1680 1465 1709 omnium
1496 1681 1692 1718 praefatorum
1723 1680 1910 1718 firmitatem,

1167 1732 1215 1763 ut,
1240 1732 1397 1766 antequam
1422 1728 1474 1757 liae
1498 1733 1616 1757 nostrae
1639 1729 1825 1758 definitiones
1846 1738 1913 1758 exe-

1166 1775 1279 1805 cutioni
1307 1776 1532 1810 demandentur,
1564 1776 1749 1806 confirmatio
1772 1777 1801 1805 S.
1827 1776 1913 1806 Sedis

1168 1834 1220 1863 per
1243 1829 1356 1863 patrem
1381 1829 1601 1863 procuratorem
1625 1825 1794 1862 generalem
1812 1825 1915 1854 Refor-

1169 1877 1313 1902 matorum
1331 1873 1500 1902 obtineatur
1515 1877 1543 1902 et
1559 1873 1746 1903 sollicitetur.
1761 1892 1793 1895 -—
1810 1873 1913 1903 Datum

1182 1923 1277 1950 {omae
1301 1931 1335 1951 ex
1358 1926 1458 1951 nostro
1481 1926 1627 1951 conventu
1651 1921 1865 1959 Aracaelitano,
1885 1931 1914 1951 xt

1146 1990 1147 2000 1
1168 1970 1267 1999 martii
1291 1979 1460 1999 mmcxxx‘n.
1483 1988 1522 1992 —
1543 1970 1590 1999 Fr.
1616 1970 1798 1999 ,inminens
1820 1979 1838 2000 Α
1860 1971 1915 2000 ΡΑ-

1169 2028 1264 2048 111;1“1Ἀ
1288 2019 1421 2048 minister
1443 2018 1601 2056 generalis.
1627 2019 1694 2048 Loco
1715 2021 1733 2055 †
1754 2019 1853 2057 sigilli.
1878 2036 1914 2040 —

1170 2068 1208 2097 lle
1232 2068 1369 2097 mamiato
1400 2077 1469 2097 suae
1500 2067 1764 2097 reverendissimae
1788 2068 1916 2106 paterni-

1170 2116 1248 2153 tatis,
1272 2117 1455 2146 Fimxctscrs
1481 2118 1629 2146 Axromt‘s
1656 2116 1753 2145 1111111111
1781 2116 1915 2145 SPmELm

1170 2166 1346 2195 secretarius
1364 2166 1521 2203 generalis.

1215 2227 1229 2266 ς’
1255 2223 1284 2255 ⁹2.
1307 2223 1384 2256 Cum
1411 2229 1531 2260 autem,
1568 2223 1650 2255 sient
1675 2223 1788 2255 eadem
1815 2233 1915 2266 expo-

1148 2299 1150 2306 ,
1171 2278 1244 2310 sitio
1269 2277 1498 2318 subinngclmt,
1525 2276 1627 2308 dictus
1654 2282 1850 2319 procurator
1867 2287 1916 2318 ge-

1173 2329 1292 2362 neralis
1310 2329 1499 2372 praemissa,
1515 2340 1578 2371 quo
1596 2329 1717 2360 tirinius
1737 2329 1917 2361 subsistant

1173 2389 1205 2416 et
1230 2388 1399 2415 serventur
1431 2382 1592 2421 exactius,
1618 2382 1817 2425 apostolicae
1843 2391 1918 2414 con-

1172 2435 1367 2468 firmationis
1392 2440 1524 2467 nostrae
1557 2434 1742 2477 patrocinio
1774 2444 1918 2466 commu-

1172 2489 1234 2520 niri
1260 2500 1470 2531 summopere
1495 2488 1679 2520 desideret:
1708 2497 1790 2525 nos,
1818 2485 1917 2528 ipsius

1172 2541 1395 2582 procuratoris
1422 2541 1582 2582 generalis
1609 2540 1691 2571 votis
1719 2540 1779 2571 liae
1804 2538 1835 2570 in
1862 2548 1914 2577 re,

1173 2600 1329 2637 quamtum
1356 2604 1426 2625 cuni
1454 2593 1592 2624 lloniino
1618 2602 1798 2634 possumis,
1826 2591 1917 2623 beni-

1906 218 1956 241 Αη.
1977 215 2006 242 C.
2028 215 2094 243 ΠΥ]

1975 2227 2113 2248 Confirmatio

1925 2254 2043 2275 relatarum
2056 2255 2113 2274 litte-

1928 2287 1999 2301 rarum
2037 2284 2112 2307 paten-

1928 2310 1985 2328 tium.
