2170 3147
46 204 96 232 An.
114 203 144 230 C.
168 202 235 230 ¹726

240 261 412 295 persaepe,
432 251 516 294 quod
544 251 691 284 dolentes
717 251 866 292 dicimus,
888 263 905 284 a
930 262 979 293 pe-

240 304 344 337 cuniis
356 309 384 337 et
404 304 516 336 amicis
533 305 720 346 imperatus,
737 305 778 337 ob
798 304 978 346 angustiam

240 357 286 390 rei
314 356 483 389 familiaris
508 356 539 388 in
562 357 815 400 disperationem
835 357 979 395 adactus,
1002 365 1003 371 ¹

242 410 356 442 iustam
383 419 512 442 causam
538 420 670 453 prorsus
696 410 846 442 deserere
865 415 896 441 et
914 419 980 441 reni

244 473 335 494 suam
361 461 511 494 amittere
538 466 682 504 cogatur.

48 525 230 584 attinere!
287 515 301 558 ἓ
578 578 583 584 ,
750 567 755 572 .
913 566 918 571 .

48 582 147 609 meon„
181 577 318 608 ,manum
345 572 376 600 et
400 568 638 600 causidicoium
670 577 802 599 nomina
821 593 829 606 ,
867 566 982 609 quibus

48 608 322 665 {Zssissa'tssi't'jssssindes
348 621 446 654 alieni
472 620 551 652 iuris
578 620 749 652 commissa
787 625 859 658 est,
896 620 981 652 serio

49 659 301 714 3¹¹ffi¹lt¹t⁴'l51¹=.‘¹⁸'n0s
327 673 584 716 perpendentes,
609 673 713 716 deque
739 672 799 705 fori
822 677 854 704 et
874 671 982 704 curiae

243 726 386 758 urbanae
406 726 530 758 honore
549 725 688 765 solliciti,
709 736 803 768 qnae,
818 730 885 758 toto
904 725 982 757 orbe

244 779 453 822 suspiciente⁷
479 779 553 812 viris
580 779 820 821 integerrimis,
847 778 983 811 scientia

244 838 274 864 et
299 831 460 874 probitate
486 832 682 875 conspicuis,
699 832 758 864 sub
774 831 983 864 Pontificibus

244 885 507 918 antecessoribus
533 885 651 918 nostris
675 885 811 918 maxime
849 884 982 924 floruit,

245 939 475 972 ecclesiasticis
490 938 746 982 appellationum
762 937 867 970 causis
882 938 985 970 celer-

244 992 326 1025 rime
352 991 565 1036 expediendis
590 1002 625 1024 ex
653 990 814 1023 universis
839 990 986 1023 christia-

245 1056 364 1078 norum
386 1044 562 1088 provinciis
580 1044 619 1077 ad
638 1054 708 1077 eam
728 1043 983 1083 confluentibus,

246 1109 285 1131 ne
301 1109 450 1141 unquam,
465 1098 650 1141 nobisipsis
666 1097 860 1136 ridentibus,
876 1097 983 1141 pauci,

246 1163 304 1185 sno
326 1152 456 1185 nomine
483 1162 617 1195 prorsus
642 1151 785 1194 indigni,
803 1157 985 1184 ceterorum

244 1205 442 1250 probitatem
474 1211 505 1238 et
528 1205 655 1238 virtutis
690 1205 804 1237 famam
839 1205 986 1237 delione²

246 1265 330 1292 stare
365 1259 556 1299 videantur,
585 1259 733 1301 gliscenti
760 1259 843 1292 malo
869 1269 986 1291 consu-

246 1313 313 1346 lere
339 1312 557 1352 decrevimus,
575 1312 622 1345 cui
651 1312 729 1345 alias
755 1312 859 1345 felicis
879 1323 987 1346 recor-

248 1366 388 1399 dationis
421 1371 607 1398 antecessor
636 1371 748 1398 noster
774 1365 922 1399 Clemens
948 1366 986 1398 xl

247 1430 306 1464 pro
333 1421 388 1452 sna
414 1419 575 1462 sapientia
600 1419 768 1452 consulere
794 1419 930 1451 studuit.
958 1419 984 1451 ls

248 1472 352 1512 enim,
369 1478 404 1505 ut
433 1473 494 1505 liae
520 1472 552 1505 in
578 1483 611 1505 re
637 1472 770 1516 publico
796 1473 885 1505 bono
915 1483 987 1516 pro-

248 1525 389 1569 spiceret
414 1525 611 1568 fraudesque
639 1535 752 1557 omnes
778 1525 809 1557 in
836 1525 986 1558 damnum

249 1578 444 1621 litigantium
470 1579 608 1611 latentes
627 1578 674 1611 vel
694 1583 896 1620 emergentes
917 1577 988 1610 fun-

250 1631 335 1664 ditus
361 1632 524 1671 evelleret,
547 1642 605 1663 suo
624 1631 757 1675 speciali
778 1631 910 1663 decreto
929 1641 986 1664 sen

250 1685 408 1728 rescripto
425 1685 497 1717 dato
513 1684 775 1718 dieidecembris
791 1685 986 1718 anninnccn

250 1738 405 1771 dilectum
432 1737 532 1770 filium
559 1737 737 1770 Galeatium
764 1737 794 1769 S.
822 1737 860 1771 R.
887 1737 921 1769 Ε.
950 1737 987 1770 ti-

251 1791 309 1825 tuli
333 1791 362 1824 S.
377 1791 541 1824 Laurentii
564 1792 595 1824 in
622 1791 739 1824 Lucina
763 1792 985 1836 presbyterum

249 1845 448 1878 cardinalem
485 1845 701 1877 Mai-iscottum
736 1851 985 1889 nuncupatum,

249 1898 352 1931 virum
379 1899 457 1930 cana
482 1897 564 1938 fide,
591 1897 732 1931 iustitiae
759 1899 845 1937 zelo,
877 1908 985 1931 rernm

251 1961 327 1990 usu,
356 1951 537 1994 ceterisque
569 1951 740 1983 virtutibus
779 1952 988 1984 commenda-

251 2009 326 2043 tum,
342 2004 516 2047 deputavit,
532 2004 586 2048 qui
607 2004 751 2047 singulas
771 2004 918 2037 forenses
938 2015 987 2037 cu-

250 2058 314 2091 rias
339 2063 370 2090 et
396 2057 525 2102 publica
545 2058 651 2090 officia
677 2057 793 2091 sedulo
820 2058 987 2098 inviseret,

251 2111 526 2155 quemadmodum
554 2110 696 2153 vigilanti
722 2111 827 2144 studio
849 2122 909 2144 nec
926 2112 988 2144 dis-

251 2165 319 2208 pari
338 2164 456 2208 pietate
478 2169 509 2196 et
530 2163 688 2206 religione
702 2163 887 2207 quindecim
903 2175 988 2197 men-

208 2225 212 2229 ’
250 2217 331 2250 sium
356 2217 460 2260 spatio
486 2216 687 2260 praestitisse
720 2223 907 2260 compertus
926 2223 986 2250 est.

82 2278 199 2303 Statuitur.
215 2280 236 2299 nt
291 2271 306 2313 ἓ
330 2270 360 2303 3.
389 2270 461 2310 Sed,
479 2281 550 2302 cnm
579 2280 650 2302 raro
669 2271 835 2313 contingat
854 2276 888 2303 ut
904 2271 990 2303 inter

56 2310 108 2327 unus
123 2305 237 2327 cai-<tinnis

57 2332 238 2383 gpgtibgltigffggg
249 2324 389 2357 triticum
415 2323 535 2356 zizania
555 2329 586 2356 et
602 2323 716 2356 lolium
738 2334 800 2356 nou
820 2325 990 2367 pullulent

57 2384 285 2432 ggrsiasmifficiffiac
309 2383 527 2416 succrescant,
552 2387 611 2409 nos
638 2377 755 2409 iterum
771 2377 810 2410 co
829 2388 895 2409 rem
915 2387 990 2420 pro-

59 2442 122 2457 ¹=⁰··⁰³¹
140 2438 158 2457 ³¹·
181 2429 384 2467 {usn-cessisse
398 2430 628 2470 intelleximus,
642 2436 676 2462 ut
689 2430 890 2473 corruptelae
907 2436 990 2473 post-

58 2463 100 2483 tiae
109 2464 240 2484 administra-

59 2490 115 2510 ΗΜΘ
162 2486 382 2519 ahususmodum
397 2484 603 2517 introductae
622 2493 739 2516 novare
757 2483 864 2516 media
882 2494 919 2516 ex
937 2494 990 2527 pa-

59 2515 133 2537 tonare
144 2519 232 2541 satagat.

251 2538 361 2572 storali
395 2548 527 2571 munere
558 2542 671 2569 nostro
700 2536 989 2569 vehementissime

253 2591 408 2636 flagitent.
431 2590 564 2631 Idcirco,
583 2590 620 2622 ad
648 2589 847 2632 reipublicae
872 2589 990 2622 utilita-

827 200 1022 227 BENEDICTUS
1046 200 1106 224 xtn
1131 201 1180 225 Μ’.

1025 256 1087 283 tem
1127 250 1400 293 incorruptaeque
1436 249 1580 281 iustitiae
1615 258 1761 281 normam

1023 309 1133 335 sancte
1160 303 1404 335 custodiendam
1431 302 1547 335 mentis
1574 307 1702 334 nostrae
1729 312 1762 334 o-

1024 357 1115 388 culos
1155 359 1292 399 paterna
1329 356 1487 388 charitate
1531 355 1761 393 intendentes,

1002 429 1004 453 ς
1025 408 1277 449 praemissorum
1304 409 1569 441 consideratione
1590 435 1597 448 ‚
1631 407 1764 450 populis

1002 455 1162 503 *imperio
1188 461 1218 493 S.
1247 461 1330 493 Petri
1358 461 1527 500 subiectis,
1553 471 1588 492 ae
1614 471 1766 503 quorum-

326 513 357 546 ⁶2.
385 515 470 547 llaec
495 525 589 558 quam
623 514 800 547 dedeceant
832 513 1004 546 tabellio-¹

1025 524 1163 556 cumque
1187 513 1381 556 litigantium
1410 514 1615 547 indemnitati
1632 519 1663 546 et
1680 514 1764 546 sola-

1027 565 1088 605 tio,
1116 572 1271 609 quantum
1298 577 1370 599 cum
1397 567 1462 600 Deo
1488 577 1669 610 possumus,
1691 576 1767 599 eon-

1026 620 1135 651 sulere
1161 620 1317 658 volentes,
1344 625 1430 651 motu
1458 619 1605 662 proprio,
1623 630 1658 651 ex
1678 622 1766 651 cert-tt

1026 674 1134 705 nostra
1155 673 1300 711 scientia,
1320 673 1424 716 deque
1452 673 1652 715 apostolicae
1677 678 1767 715 pote-

1027 725 1117 758 statis
1145 725 1360 768 plenitudine,
1385 726 1614 769 praesentibus
1640 730 1768 768 aposto-

1027 778 1098 811 licis
1124 778 1239 811 litteris
1265 779 1384 812 nostris
1412 779 1616 811 decernimus
1642 783 1673 811 et
1699 789 1768 810 san-

1027 831 1153 872 cimus,
1180 832 1317 874 singulis
1345 832 1513 864 decenniis
1545 842 1606 875 per
1642 842 1700 864 nos
1736 837 1767 864 et

1027 896 1237 918 successores
1264 891 1393 918 nostros
1416 885 1577 917 Romanos
1595 885 1766 917 Pontifices

1028 939 1168 981 aliquem
1196 949 1231 970 ex
1259 938 1504 971 venerabilibus
1533 937 1686 970 fratribus
1712 948 1768 970 no-

1028 991 1102 1023 stris
1129 991 1159 1024 S.
1189 992 1225 1024 R.
1253 992 1287 1024 E.
1316 991 1536 1024 cardinalilnis
1562 991 1708 1024 doctrina
1737 997 1769 1023 et

1029 1056 1136 1078 rerum
1154 1044 1268 1088 peritia
1284 1045 1445 1087 insignem
1461 1044 1683 1087 deligendum⁷
1703 1045 1767 1087 qui,

1029 1098 1222 1131 auctoritate
1248 1098 1427 1141 apostolica
1455 1103 1562 1131 tantae
1591 1098 1638 1131 rei
1658 1109 1768 1131 neces-

1030 1151 1115 1183 saria
1139 1151 1330 1194 plenissime
1352 1151 1540 1190 instructus,
1560 1158 1591 1184 et
1613 1152 1687 1184 liuic
1702 1162 1770 1184 mu-

1031 1205 1099 1238 neri
1127 1211 1242 1249 aptus,
1275 1206 1403 1238 easdem
1443 1205 1549 1238 curias
1587 1205 1770 1237 iudiciarias

1029 1258 1148 1298 visitet,
1168 1270 1205 1292 ac
1224 1258 1472 1302 diligentissime
1495 1264 1707 1300 recognoscat
1730 1269 1769 1291 an

1030 1312 1161 1346 decreta
1179 1318 1210 1346 et
1236 1312 1421 1346 sanctiones
1439 1313 1477 1345 de
1495 1312 1532 1345 iis
1551 1313 1635 1345 bene
1650 1323 1769 1355 geren-

1030 1367 1078 1399 dis
1106 1377 1165 1410 per
1191 1366 1353 1399 Romanos
1385 1365 1555 1398 Pontifices
1584 1372 1771 1399 antecesso-

1031 1430 1082 1452 res
1098 1425 1226 1452 nostros
1245 1420 1351 1452 editae
1374 1419 1584 1462 impleantur,
1604 1430 1770 1462 novosque

1030 1473 1163 1512 abusus,
1179 1472 1271 1515 siqui
1292 1472 1366 1512 sint,
1388 1473 1504 1505 tollere
1520 1477 1655 1514 satagat,
1672 1477 1771 1516 prout

1031 1525 1098 1558 eius
1124 1525 1296 1567 prudentia
1322 1530 1543 1568 opportunum
1570 1525 1746 1558 censuerit.

1074 1578 1088 1622 ἓ
1124 1578 1154 1610 4.
1197 1578 1389 1611 Huiusmodi
1431 1584 1538 1611 autem
1580 1579 1769 1622 generalem

1031 1631 1246 1664 visitationem
1289 1632 1455 1664 formalem
1495 1637 1526 1664 et
1567 1632 1769 1665 materialem

1030 1685 1172 1720 omnium
1211 1690 1243 1717 et
1283 1685 1485 1728 singulorum
1526 1686 1769 1725 archiviorum,

1031 1740 1241 1782 omniumque
1272 1743 1304 1771 et
1339 1749 1619 1782 quormncumque
1645 1739 1770 1772 officio-

1032 1805 1100 1826 rum
1129 1798 1155 1825 et
1185 1792 1344 1824 curiarum
1372 1792 1403 1824 iu
1430 1792 1514 1824 L'rbe
1541 1792 1769 1832 existentium,

1031 1858 1102 1880 cnm
1122 1846 1329 1879 facultatibus
1354 1845 1551 1878 necessariis
1568 1850 1599 1878 et
1618 1851 1772 1888 opportu-

1031 1900 1079 1932 nis
1098 1898 1309 1937 reformandi⁷
1332 1898 1534 1941 corrigendi,
1561 1898 1722 1932 statuendi
1742 1903 1772 1931 et

1031 1952 1251 1989 decernendi,
1278 1962 1436 1995 peragere
1466 1952 1580 1984 valeat.
1611 1952 1656 1984 Ad
1690 1951 1772 1985 haec

1032 2006 1140 2039 omnia
1163 2010 1194 2038 et
1212 2005 1337 2047 singula
1356 2005 1557 2037 notariorum
1588 2004 1772 2037 cuiuscum-

1032 2070 1092 2103 que
1119 2059 1252 2096 curiae,
1281 2057 1454 2090 tribunalis
1482 2063 1511 2089 et
1537 2057 1769 2100 magistratus,

1033 2119 1093 2145 tam
1113 2110 1324 2145 ecclesiastici
1343 2121 1437 2153 quam
1456 2111 1645 2152 saecularis,
1668 2121 1774 2145 secre-

1033 2165 1187 2198 tariorum
1198 2163 1351 2197 Gamerae
1368 2165 1387 2196 A
1396 2163 1584 2206 postolicae,
1604 2174 1774 2197 cursorum

1031 2225 1062 2252 et
1086 2218 1361 2252 mandatariorum
1396 2218 1500 2250 officia
1537 2229 1596 2261 per
1629 2218 1774 2262 seipsum

1032 2272 1184 2309 visitare,
1210 2271 1399 2314 inspicere,
1428 2270 1555 2314 sibique
1585 2271 1694 2304 onmia
1721 2282 1775 2304 ex-

1658 190 1721 223 3215
1769 199 1820 225 An.
1837 198 1865 225 c.
1890 199 1955 226 1726

1809 1584 1867 1607 Quas
1883 1590 1893 1604 a
1906 1590 1966 1610 pran-

1782 1611 1840 1631 diolo
1861 1612 1966 1631 cardinali

1783 1641 1891 1657 usitatum
1920 1644 1968 1663 pa.-

1782 1665 1865 1688 nzcnda
1881 1665 1931 1685 sini.

1033 2324 1135 2367 posita
1160 2330 1189 2357 et
1216 2324 1375 2366 patefacta
1397 2323 1504 2356 rimari
1524 2328 1556 2356 et
1573 2329 1773 2357 contrectare
1791 2362 1793 2364 ,

1033 2377 1142 2420 possit,
1170 2376 1419 2419 diligentissime
1445 2377 1676 2419 exploraturus
1695 2377 1775 2410 scri-

1032 2435 1153 2473 pturas,
1181 2428 1309 2462 codices
1335 2435 1367 2461 et
1392 2439 1500 2461 earum
1518 2430 1640 2462 forulos
1659 2435 1691 2462 et
1708 2431 1776 2472 plu-

1034 2488 1118 2521 teos,
1143 2487 1177 2515 ut
1201 2483 1298 2525 plene
1324 2481 1446 2522 videat,
1466 2493 1519 2522 an,
1539 2485 1575 2515 ea
1597 2493 1661 2526 qua
1681 2483 1774 2516 decet

1033 2536 1209 2576 fidelitate,
1236 2536 1450 2569 observentur
1481 2546 1623 2578 suaeque
1659 2546 1774 2569 execu-

1034 2588 1112 2622 tioni
1139 2588 1335 2622 mandentur
1372 2588 1596 2622 ordinationes
1622 2588 1661 2621 ab
1686 2594 1773 2622 antc-
