2170 3147
0 210 33 230 tn.
55 202 84 230 C.
102 200 169 227 ¹725

13 370 94 391 Causae
105 375 154 393 prae
162 379 167 382 ·

0 397 50 417 antis
79 398 167 416 erectio-

20 2214 103 2236 Erectio
115 2220 175 2241 prae·

0 2243 59 2263 licta.

754 198 810 220 BEN
816 196 946 220 Eotffl‘tsss
973 197 1027 219 Xlll
1053 197 1099 220 Pr.

178 247 257 281 licac
283 245 356 280 fidei
390 244 588 289 praesidium
625 244 851 286 cognoscimus
884 244 917 277 in

178 299 315 333 Domino
340 297 506 342 expedire.

221 353 236 396 ἓ
266 352 295 385 l.
334 351 457 395 Exponi
491 350 652 394 siquidem
689 351 781 383 nobis
817 360 917 393 super

179 407 323 439 fecerunt
349 403 449 437 dilicti
475 403 530 437 lilii
557 404 731 446 capitulum
758 409 787 435 et
821 413 938 435 cano-¹

179 459 241 492 nici
268 457 464 491 cathedralis
490 456 656 496 ecclesiae,
684 468 718 489 ac
746 456 938 504 universus*i

179 513 287 545 clerus
313 510 449 543 civitatis
474 515 505 543 et
531 509 690 542 dioecesis
709 509 915 542 Caesenaten-

179 565 231 605 sis,
258 565 343 608 quod
370 565 456 607 (cum
475 563 506 595 in
526 562 652 595 civitate
674 562 913 601 caesenatensi,

180 619 264 651 ultra
289 616 532 650 universitatem
559 615 656 647 studii
682 615 842 657 generalis
861 614 915 647 du-

179 672 254 704 dum
281 670 358 703 inibi
385 669 558 712 vigentem,
585 669 615 701 in
636 679 698 711 qua
716 678 806 700 sacra
825 668 916 700 theo-

178 723 283 767 logia,
322 723 369 755 ius
401 721 594 755 cannnicum
620 726 649 754 et
675 722 763 762 leges
790 721 913 761 civiles,
935 734 937 761 ,’

178 775 401 820 philosophia,
429 774 534 817 logica
560 779 591 806 et
610 774 769 807 medicina
787 773 914 816 publice
935 788 936 800 π

178 830 351 867 docentur,
383 828 631 871 praeleguntur,
659 827 723 860 duo
756 827 913 869 collegia,

177 891 277 914 unum
292 891 408 923 nempe
423 879 621 919 itu-istarum,
636 885 666 912 et
681 880 818 912 alterum
834 880 914 924 phy·
935 892 936 897 ¹

177 934 318 967 sicorum
344 938 374 965 et
392 932 603 969 medicorum,
623 943 706 975 quac
726 943 761 965 ex
782 932 914 975 antiqua
934 938 936 962 t

177 987 394 1019 Romanorum
415 984 608 1017 Pontificum
624 985 913 1028 praedecessorum

177 1044 362 1072 nostrorum
399 1037 610 1071 concessione
644 1037 814 1081 privilegia
839 1049 914 1071 con-

178 1091 301 1125 serendi
328 1093 468 1124 lauream
494 1091 694 1124 doctoralem
719 1091 750 1123 in
777 1091 843 1124 suis
864 1102 914 1125 re-

177 1144 319 1190 spective
350 1143 554 1176 facultatibus
591 1144 766 1184 fruuntur,
807 1150 914 1178 erecta

177 1199 392 1243 reperiantur,
422 1198 595 1242 solumque
622 1199 794 1241 collegium
823 1199 915 1232 theo-

177 1253 326 1295 logorum
353 1251 453 1294 desit)
480 1251 541 1294 ipsi
567 1257 778 1295 exponentes,
805 1262 913 1285 sacrae

178 1305 362 1348 theologiae
388 1304 494 1337 studia
519 1304 681 1338 Ecclesiae
708 1305 762 1337 Dei
781 1316 816 1337 ac
841 1298 936 1348 per-l

178 1359 267 1393 sonis
294 1352 520 1391 ecclesiasticis
547 1357 579 1390 in
604 1357 717 1401 primis
733 1349 937 1402 necessaria}

177 1422 248 1445 esse
274 1411 593 1450 animadvertentes,
622 1410 781 1443 eiusmodi
817 1403 937 1456 colle-3

178 1465 265 1508 gium
291 1465 518 1506 theologorum
538 1489 545 1503 ,
578 1473 716 1506 quorum
752 1464 913 1497 sufficiens
935 1467 937 1502 ἒ

177 1518 270 1562 copia
295 1518 328 1551 in
354 1517 439 1550 dicta
463 1517 591 1550 civitate
630 1528 714 1550 nunc
750 1518 889 1551 habetur
907 1546 913 1559 ‚
934 1503 937 1564 Ι

178 1571 348 1605 duodecim
374 1570 559 1604 doctoribus
584 1581 640 1603 seu
660 1571 821 1614 magistris
839 1583 914 1605 con·
934 1580 936 1607 ς

178 1630 276 1664 stans,
296 1623 432 1664 institui,
451 1623 580 1667 ipsique
606 1624 754 1666 collegio,
777 1635 835 1667 pro
852 1636 914 1658 ma·

179 1678 239 1712 iori
255 1678 349 1711 etiam
362 1688 474 1710 eorum
488 1682 517 1710 et
531 1677 705 1721 praecipue
721 1688 910 1721 pauperum,
934 1676 936 1711 l

179 1731 233 1774 qui
269 1730 373 1764 dictae
405 1741 514 1763 sacrae
549 1730 733 1773 theologiae
764 1719 936 1764 sedulami

179 1794 309 1828 operam
331 1784 525 1823 navaveriut‚
543 1785 784 1825 commoditate,
805 1772 936 1835 perso-‚i

180 1847 236 1870 nas
251 1837 383 1870 idoneas
401 1836 438 1869 ad
457 1837 644 1870 doctoratus
662 1848 716 1870 seu
737 1839 912 1880 magisterii

181 1890 324 1933 aliosque
339 1890 455 1932 gradus
470 1889 500 1922 in
517 1890 628 1923 eadem
642 1893 733 1923 sacra
751 1891 914 1934 theologia
935 1928 936 1932 Ἰ

181 1942 391 1986 promovendi
419 1943 600 1975 facultatem
623 1943 718 1975 tribui
736 1944 912 1986 plurimum
934 1979 935 1990 ἶ

184 1995 380 2028 desiderent.
413 1995 511 2028 Nobis
536 2001 712 2039 propterea
747 1994 936 2043 humiliteri

185 2047 357 2090 supplicari
385 2047 528 2080 fecerunt
545 2053 580 2080 ut
598 2048 629 2081 in
649 2049 833 2092 praemissis
859 2061 914 2093 op·
934 2054 936 2090 J

185 2105 324 2143 portune
348 2100 521 2143 providere
539 2105 570 2133 et
587 2107 620 2133 ut
645 2101 725 2134 infra
744 2102 913 2146 indulgere
934 2095 936 2135 ;’

187 2153 225 2186 de
250 2152 450 2195 benignitate
475 2154 650 2196 apostolica
676 2155 897 2198 dignaremur.
934 2146 936 2178 ’ἶ

230 2206 244 2249 ἓ
269 2205 300 2238 2.
326 2204 388 2238 Nos
416 2205 540 2247 igitur,
578 2207 629 2249 qui
667 2207 698 2239 in
735 2198 936 2247 minoribus}

185 2258 350 2291 constituti
377 2257 532 2291 ecclesiae
557 2258 798 2293 Caesenatensis
833 2262 915 2304 regi-

184 2311 260 2344 mini
287 2321 340 2344 sex
368 2321 468 2344 annos
494 2311 714 2354 praefuimus,
743 2318 773 2345 et
805 2324 841 2346 ex
878 2325 927 2357 eo¹

184 2369 329 2408 tempore
355 2364 455 2403 illam,
482 2374 518 2396 ac
543 2364 674 2406 clerum,
700 2365 858 2399 civitatem
886 2371 917 2399 et

184 2416 356 2451 dioecesim
393 2416 667 2450 Caesenatensem
707 2419 915 2462 propensiori

182 2480 310 2513 semper
334 2470 537 2513 respeximus
562 2476 594 2503 et
619 2471 793 2504 etiamnum
814 2473 917 2516 respi-

183 2523 283 2556 cimus
309 2523 436 2566 paterni
461 2524 579 2556 amoris
605 2524 735 2564 affectu,
762 2528 791 2558 et
811 2525 849 2558 ad
865 2536 914 2566 ea,

183 2587 265 2621 quae
289 2576 439 2620 publicae
460 2577 590 2611 illorum
605 2578 736 2611 utilitati
755 2589 790 2612 ac
804 2579 914 2613 decori

268 2639 346 2668 Bulz.
367 2640 449 2668 Rom.
471 2656 504 2660 —
528 2641 587 2668 Vol.
610 2641 699 2668 XXII.
846 2641 878 2669 ¹9

961 244 1177 278 conducibilia
1203 244 1271 278 fore
1289 244 1513 288 prospicimus,
1534 241 1697 276 favorabi-

960 297 1034 330 liter
1059 298 1280 337 intendentes,
1305 298 1515 341 ipsorumque
1535 305 1700 339 exponen-

961 350 1039 382 tium
1064 350 1145 383 votis
1170 350 1202 382 in
1224 350 1413 394 praemissis
1439 349 1596 393 peculiari
1623 349 1699 382 elia-

960 402 1053 435 ritate
1092 413 1235 435 annuere
1277 403 1423 435 volentes
1442 430 1449 441 ,
1490 413 1526 435 ac
1565 402 1698 435 illorum

959 456 1140 497 singulares
1163 466 1318 498 personas
1340 466 1357 487 a
1379 455 1548 499 quibusvis
1575 467 1698 490 excom-

961 507 1202 547 municationis,
1229 507 1453 551 suspensionis
1472 514 1503 541 et
1520 508 1697 550 interdicti,

959 560 1096 603 aliisque
1111 560 1342 593 ecclesiasticis
1352 561 1535 599 sententiis,
1551 561 1698 595 censuris

936 605 937 616 ¹
959 619 988 646 et
1004 614 1131 657 poenis,
1159 625 1174 646 a
1200 613 1270 646 iure
1297 615 1346 646 vel
1369 614 1409 646 ab
1429 614 1572 654 homine,
1589 614 1700 658 quavis

959 667 1131 700 occasione
1159 668 1206 700 vel
1233 669 1331 700 causa
1346 667 1427 707 latis,
1445 667 1467 699 si
1486 667 1603 711 quibus
1622 678 1700 711 quo-

959 719 1138 753 modolibet
1148 713 1323 753 innodatae
1335 719 1487 760 existunt,
1500 720 1539 753 ad
1551 719 1700 753 effectum

960 773 1179 816 praesentium
1205 773 1370 806 dumtaxat
1404 773 1668 816 consequendum
1690 800 1698 814 ,

960 826 1074 858 harum
1111 826 1197 859 serie
1230 826 1437 860 absolventes
1471 832 1503 859 et
1534 827 1699 859 absolutas

961 879 1027 911 t'ore
1054 884 1247 919 censentes,
1275 879 1462 912 huiusmodi
1490 879 1700 923 supplicatio-

958 932 1054 964 nibus
1074 942 1185 964 eorum
1203 932 1363 972 inclinati,
1388 943 1489 965 unum
1515 932 1547 964 in
1572 932 1699 975 praedi-

958 988 1007 1018 cta
1024 985 1150 1018 civitate
1168 985 1396 1018 Caesenatensi
1415 985 1588 1028 collegium
1612 986 1698 1019 theo·

958 1039 1129 1081 logorum,
1157 1039 1241 1082 quod
1269 1038 1438 1072 duodecim
1464 1039 1614 1082 personis
1647 1049 1699 1071 ec-

958 1092 1147 1125 clesiasticis
1174 1092 1204 1124 in
1231 1093 1324 1124 sacra
1341 1092 1509 1134 theologia
1526 1092 1697 1135 magistris,

959 1151 1031 1178 octo
1057 1146 1210 1177 nimirum
1237 1145 1475 1187 saecularibus,
1501 1152 1532 1179 et
1558 1151 1698 1189 quatuor

959 1199 1100 1231 cuiusvis
1125 1198 1255 1232 Ordinis
1281 1199 1465 1239 societatis,
1491 1199 1629 1231 instituti
1649 1209 1698 1232 re—

959 1252 1135 1295 gularibus,
1155 1252 1193 1285 de
1212 1262 1348 1295 quorum
1365 1262 1502 1285 numero
1521 1253 1697 1285 canonicus

959 1305 1177 1348 praehendam
1195 1306 1414 1348 theologalem
1431 1305 1462 1337 in
1477 1305 1614 1338 ecclesia
1627 1305 1698 1338 Cae-

958 1359 1123 1391 senatensi
1150 1358 1311 1398 obtinens,
1331 1369 1365 1391 ac
1380 1369 1489 1391 sacrae
1510 1359 1696 1402 theologiae

958 1412 989 1444 in
1027 1412 1112 1445 dicta
1151 1411 1364 1445 universitate
1390 1413 1494 1445 lector
1525 1412 1694 1455 publicus,

958 1475 1044 1498 nunc
1069 1471 1100 1498 et
1117 1476 1176 1508 pro
1196 1470 1343 1509 tempore
1361 1465 1546 1505 existentes,
1567 1476 1697 1509 semper

958 1530 1029 1552 esse
1048 1520 1198 1558 debeant,
1219 1519 1435 1552 constituatur
1460 1525 1557 1562 atque
1577 1519 1697 1562 iugiter

958 1577 1083 1605 constet
1103 1599 1110 1612 ‚
1139 1572 1330 1605 auctoritate
1358 1573 1553 1614 apostolica,
1583 1576 1696 1605 tenore

957 1625 1192 1668 praesentium,
1219 1625 1287 1658 sine
1315 1625 1449 1657 alicuius
1475 1625 1694 1668 praeiudicio,

957 1684 1115 1721 perpetuo
1142 1678 1295 1720 erigimus
1322 1684 1352 1710 et
1378 1678 1590 1711 instituimus.

1001 1732 1015 1774 ἓ
1041 1731 1072 1764 3.
1100 1731 1270 1764 Praeterea
1296 1731 1439 1773 praefato
1467 1731 1696 1773 theologorum
1719 1740 1892 1767 ‹toneossioqua-

1708 1767 1803 1788 rumdam
1828 1767 1892 1788 tacut-

957 1784 1109 1827 collegio,
1136 1789 1171 1816 ut
1196 1793 1438 1827 quoscumque,
1466 1784 1537 1826 qui,
1563 1789 1783 1827 peractozatum.

934 1836 1138 1888 Jstudiorum
1173 1847 1284 1869 sacrae
1313 1836 1495 1879 theologiae
1532 1837 1696 1870 curriculo

957 1900 993 1922 ac
1017 1889 1151 1933 praevio
1177 1889 1326 1932 rigoroso
1352 1889 1498 1922 examine
1527 1889 1650 1922 habiles
1666 1894 1697 1922 et

957 1942 1067 1976 idonei
1094 1942 1133 1975 ad
1159 1942 1191 1975 id
1218 1942 1337 1985 reperti
1365 1942 1546 1982 suerint‚ac
1564 1943 1696 1976 servatis

958 1996 1143 2035 servandis,
1170 1995 1208 2028 ad
1227 1996 1414 2028 doctoratus
1440 2006 1496 2029 seu
1518 1996 1694 2039 magisterii

957 2050 1105 2092 aliosque
1131 2050 1248 2093 gradus
1280 2049 1494 2092 scholasticos
1518 2049 1549 2082 in
1583 2049 1695 2083 eadem

957 2104 1049 2136 sacra
1068 2103 1235 2146 theologia
1253 2113 1454 2146 promovere,
1469 2102 1580 2145 eisque
1600 2103 1696 2136 solita

958 2156 1116 2198 graduum
1149 2155 1334 2189 huiusmodi
1368 2155 1508 2197 insignia
1545 2156 1696 2189 conferre

958 2209 1061 2242 libere
1086 2215 1118 2242 et
1142 2209 1229 2242 licite
1255 2208 1359 2251 possit
1395 2213 1425 2241 et
1455 2209 1582 2249 valeat,
1617 2209 1699 2241 itaut

958 2261 1004 2294 sic
1028 2261 1168 2305 promoti
1195 2267 1225 2295 et
1250 2262 1394 2304 graduati
1413 2261 1564 2295 omnibus
1585 2267 1617 2295 et
1633 2262 1699 2295 sin-

958 2315 1041 2357 gulis
1067 2314 1188 2357 gratiis,
1214 2314 1450 2359 praerogativis
1467 2325 1502 2347 ac
1520 2315 1697 2358 privilegiis

959 2367 1107 2400 fruantur
1132 2373 1163 2400 et
1187 2368 1376 2410 gaudeant,
1406 2367 1523 2411 quibus
1556 2369 1700 2411 gaudent

959 2425 991 2453 et
1015 2421 1166 2454 fruuntur
1191 2422 1244 2465 qui
1270 2421 1304 2454 in
1338 2421 1476 2464 publicis
1508 2422 1699 2455 universita-

960 2474 1043 2506 tibus
1069 2475 1107 2507 ad
1134 2475 1265 2507 eosdem
1291 2475 1408 2516 gradus
1436 2476 1576 2518 promoti
1604 2482 1696 2514 sunt,

959 2527 1151 2560 auctoritate
1177 2532 1208 2560 et
1235 2532 1346 2560 tenore
1371 2528 1550 2570 praedictis
1580 2538 1696 2561 conce-

959 2579 1065 2613 dimus
1091 2585 1122 2613 et
1148 2580 1368 2624 indulgemus.

1589 185 1652 217 145
1699 194 1746 220 An.
1770 193 1798 219 c.
1825 193 1892 219 ¹725
