2170 3147
40 205 90 232 An.
106 204 134 231 C.
157 205 225 232 ¹725

64 1374 182 1399 Clausulam

65 2535 222 2558 Contrariorum

38 2561 158 2589 derogatio.

818 206 1011 228 Itssxttfflcrt's
1042 206 1096 229 XII}
1125 207 1171 229 Pr.

233 254 264 286 in
283 254 396 287 habitu
414 254 555 297 clericali
571 251 590 293 ¹,
609 252 751 295 quamvis
771 253 860 285 nulla
879 263 971 296 prae·
992 259 994 270 ¹

233 307 368 340 cesserit
384 305 630 339 Ordinariorum
650 305 810 337 sententia
828 305 971 337 declara·
992 311 994 330 ³

235 359 324 398 toria,
343 357 535 401 privationis
552 356 796 396 beneficiorum,
817 368 898 400 quae
920 357 972 390 ob·
992 370 994 391 τ

234 412 355 449 tinent,
370 410 456 451 imo,
477 410 603 443 etiamsi
622 410 710 442 nulla
728 409 853 448 citatio,
869 410 973 442 moni·

235 464 286 505 tio,
301 465 349 497 vel
366 464 446 496 alius
466 463 626 496 iudicialis
644 467 733 495 actus
752 463 784 495 in
804 472 858 495 eos
875 462 972 494 suerit
992 454 994 482 ¹,

234 518 410 557 institutus,
431 517 500 560 ipso
523 516 592 548 iure
619 515 802 548 amissionis
822 520 851 548 et
870 515 973 557 priva·
992 517 994 549 l

234 569 328 603 tionis
362 570 522 602 fructuum
556 568 799 612 praedictorum
831 576 971 611 poenam

234 623 401 655 incurrere
417 648 424 661 ,
450 621 527 654 itaut
552 621 625 654 illos
651 621 718 654 ullo
745 620 841 653 modo
867 619 974 662 perci—

232 685 309 718 pere
336 685 394 707 nec
419 678 594 717 perceptos
620 674 763 706 retinere
793 674 842 706 vel
865 673 970 705 succro

233 739 307 761 suos
326 719 466 770 possint,
486 728 542 760 sed
560 727 646 771 ipsos
660 727 781 770 absque
797 727 863 759 ulla
880 735 973 768 pror-

234 792 288 813 sus
308 780 521 813 diminutione
541 780 579 813 ad
599 780 803 812 commodum
831 778 971 811 fabricae

186 862 190 865 ,
232 828 453 875 ecclesiarum,
467 834 498 866 in
515 833 632 877 quibus
647 839 753 866 erecta
767 838 843 866 suut
855 832 972 865 benefi-

231 887 290 928 cia,
311 887 398 921 illico
412 887 470 919 sub
485 889 590 930 poena
605 887 737 920 lethalis
752 888 866 930 culpae
881 886 969 919 resti-

233 947 321 974 tuere
349 946 537 981 teneantur,
564 952 580 973 a
599 951 661 983 qua
686 940 816 983 quidem
843 939 972 972 restitu-

233 994 329 1027 tionis
347 993 546 1035 obligatione
562 1004 578 1025 a
595 993 724 1026 nemine
744 998 971 1037 praeterquam

231 1059 248 1080 a
274 1046 368 1080 nobis
393 1052 422 1079 et
447 1046 591 1079 Romano
623 1046 779 1080 Pontifice
806 1056 863 1089 pro
897 1052 972 1078 tem-

232 1111 311 1144 pore
333 1100 489 1132 existente
516 1099 654 1141 (sublata
673 1099 789 1132 ceteris
808 1099 969 1138 omnibus,

232 1153 328 1186 etiam
349 1152 622 1185 Poenitentiariae
637 1152 843 1194 Apostolicae
865 1151 971 1184 officio

233 1211 263 1238 et
304 1204 417 1238 maiori
456 1205 728 1248 poenitentiario,
765 1204 970 1238 condonandi

234 1258 398 1300 facultate)
430 1268 485 1290 eos
515 1257 637 1290 absolvi
664 1263 694 1290 et
723 1257 851 1290 liberari
877 1268 971 1301 posse

231 1312 389 1351 volumus,
412 1310 632 1353 praecipimus
652 1315 683 1343 ct
701 1311 905 1343 mandamus.

274 1364 289 1408 ἓ
313 1364 344 1398 3.
367 1364 603 1404 Decernentes,
626 1364 758 1397 easdem
784 1369 974 1407 praesentes

230 1419 357 1451 litteras
388 1423 419 1450 et
442 1417 474 1450 in
501 1417 546 1450 eis
571 1422 726 1450 contenta
751 1428 974 1460 quaecumque

230 1482 359 1515 semper
396 1470 486 1503 firma
524 1476 556 1503 et
588 1470 730 1504 efficacia
771 1471 907 1504 existere
945 1476 976 1503 et

232 1525 311 1565 sore,
338 1535 475 1567 suosque
500 1524 666 1568 plenarios
693 1530 725 1557 et
751 1523 898 1567 integros
924 1524 975 1557 es—

232 1579 333 1611 sectus
350 1577 459 1618 sortiri
479 1583 509 1610 et
530 1577 692 1618 obtinere,
714 1588 749 1610 ac
766 1577 804 1610 ab
824 1577 975 1610 omnibus

231 1637 262 1664 et
287 1631 431 1674 singulis,
450 1631 488 1663 ad
508 1641 588 1674 quos
606 1636 731 1673 spectat
756 1636 787 1663 et
812 1641 870 1673 pro
899 1636 977 1663 tem·

230 1694 310 1726 pore
329 1683 500 1727 spectabit,
521 1683 770 1726 quomodolibet
786 1683 818 1715 in
838 1684 976 1716 futurum
997 1682 999 1687 “

230 1737 467 1770 inviolabiliter
497 1742 529 1769 et
558 1737 752 1769 inconcusse
785 1737 973 1777 observari,

231 1791 344 1834 sicque
372 1795 402 1823 et
428 1801 493 1823 non
520 1791 615 1823 aliter
640 1790 672 1822 in
699 1790 891 1834 praemissis
918 1801 976 1833 per

231 1854 454 1888 quoscumque
475 1843 599 1876 iudices
626 1843 808 1876 ordinarios
835 1849 866 1875 et
891 1844 976 1876 dele-

231 1903 332 1940 gatos,
359 1897 454 1930 etiam
480 1908 649 1930 causarum
669 1897 779 1940 palatii
805 1897 975 1940 apostolici

230 1951 402 1990 auditores,
430 1961 465 1983 ae
490 1950 521 1983 S.
542 1950 579 1983 R.
599 1950 631 1983 Ε.
659 1950 851 1990 cardinales
878 1950 975 1983 etiam

231 2005 270 2038 (le
301 2005 402 2037 latere
436 2004 560 2046 legatos
594 2008 625 2036 et
650 2003 859 2046 Apostolicae
884 2003 975 2037 Sedis

231 2057 373 2097 nuntios,
392 2056 513 2090 aliosve
541 2056 707 2100 quoslibet
731 2057 842 2100 quavis
869 2067 976 2100 praee-

231 2109 388 2142 minentia
414 2114 445 2142 et
469 2115 628 2152 potestate
654 2110 826 2153 fungentes
851 2115 882 2143 et
906 2110 975 2142 sun-

231 2168 352 2202 cturos,
380 2162 507 2195 sublata
542 2162 588 2195 eis
621 2168 653 2195 et
689 2174 803 2196 eorum
840 2162 975 2195 cuilibet

231 2215 343 2259 quavis
366 2216 460 2248 aliter
490 2215 652 2248 iudicandi
680 2220 711 2248 et
736 2215 974 2258 interpretandi

231 2269 382 2301 facultate
409 2274 439 2301 et
464 2267 661 2306 auctoritate,
681 2268 817 2301 iudicari
846 2273 877 2301 et
903 2268 975 2301 deli-

231 2321 294 2353 niri
320 2321 454 2360 debere,
473 2331 508 2353 ac
530 2320 656 2352 irritum
676 2326 706 2353 et
723 2320 819 2353 inane
845 2320 870 2353 si
898 2321 975 2363 quid

232 2384 323 2407 secus
350 2384 448 2417 super
475 2373 524 2406 liis
546 2385 562 2406 a
589 2384 761 2416 quoquam,
789 2374 901 2416 quavis
926 2384 977 2406 au-

233 2427 394 2467 ctoritate,
419 2427 559 2460 scienter
591 2428 640 2459 vel
675 2426 872 2469 ignoranter,
899 2437 976 2460 con-

235 2480 344 2523 tigerit
369 2480 532 2512 attentari.

277 2533 292 2576 §
317 2532 348 2564 4.
368 2532 437 2565 Non
468 2532 684 2572 obstantibus,
712 2538 870 2576 quatenus
897 2543 977 2576 opus

272 2596 282 2622 1
304 2593 398 2622 Potius
418 2594 477 2630 lege
498 2595 598 2623 laicali
619 2595 657 2632 (a.
679 2597 727 2629 τ.).

1016 254 1073 294 sit,
1102 255 1213 287 nostra
1244 261 1275 287 et
1306 254 1525 288 Cancellariae
1551 256 1755 298 Apostolicae

1016 308 1128 349 regula
1156 308 1194 340 de
1221 308 1291 340 iure
1323 308 1470 350 quaesito
1500 319 1564 341 non
1601 308 1756 346 tollendo,

1015 369 1140 392 necnon
1166 361 1460 394 constitutionibus
1485 366 1517 393 et
1549 361 1757 394 ordinationi

1014 412 1074 443 bus
1107 414 1313 455 apostolicis,
1348 415 1486 455 statutis,
1519 415 1641 454 usibus,
1670 415 1758 459 stylis

1016 471 1047 497 et
1086 467 1375 500 consuetudinibus
1416 468 1755 508 immemorabilibus‚

1015 517 1109 550 etiam
1136 518 1331 558 iuramento,
1359 520 1603 554 confirmatione
1628 528 1758 564 aposto-

1014 569 1088 610 lice,
1109 576 1162 603 aut
1188 572 1298 613 quavis
1323 572 1473 606 firmitate
1500 574 1561 606 alia
1586 574 1757 613 roboratis,

1015 622 1197 665 privilegiis
1231 635 1380 667 quoque,
1409 626 1541 658 indultis
1578 631 1608 658 et
1642 626 1759 659 litteris

1016 676 1204 718 apostolicis
1225 677 1493 721 quibuscumque,
1516 680 1574 711 sub
1593 679 1757 722 quibusvis

1016 729 1183 762 tenoribus
1209 735 1240 762 et
1261 730 1382 770 formis,
1402 741 1437 763 ac
1455 742 1526 764 cum
1549 731 1759 774 quibuscum-

1016 792 1079 824 que
1105 783 1202 815 etiam
1222 783 1504 825 derogatoriarum
1531 784 1758 827 derogatoriis,

1016 835 1152 878 aliisque
1186 835 1432 877 efficacioribus,
1469 837 1696 871 efficacissimis
1729 844 1760 872 et

1016 887 1155 921 insolitis
1174 890 1337 929 clausulis,
1356 900 1391 922 ac
1410 889 1613 923 irritantibus
1635 895 1665 924 et
1691 891 1760 924 aliis

1017 940 1169 980 decretis,
1195 941 1293 974 etiam
1318 947 1417 981 motu,
1444 942 1579 975 scientia
1616 948 1647 975 et
1672 948 1761 985 pote-

1016 993 1105 1026 statis
1123 993 1328 1036 plcnitudine
1354 994 1524 1033 similibus,
1543 995 1638 1027 ctiam
1658 995 1762 1028 consi-

1016 1047 1214 1087 storialiter,
1254 1058 1289 1079 ac
1326 1047 1405 1080 alias
1442 1048 1692 1091 quomodolibet
1729 1048 1760 1080 in

1015 1100 1214 1132 contrarium
1230 1101 1483 1143 praemissorum
1498 1101 1675 1141 concessis,
1690 1111 1761 1133 con-

1016 1151 1149 1185 firmatis
1175 1158 1206 1185 et
1227 1153 1401 1193 innovatis,
1422 1153 1538 1196 quibus
1556 1153 1705 1186 omnibus
1730 1159 1761 1186 et.

1017 1205 1163 1247 singulis,
1191 1206 1315 1239 etiamsi
1349 1217 1408 1249 pro
1435 1206 1604 1239 sufficienti
1631 1206 1760 1239 illorum

1017 1257 1229 1300 derogatione
1248 1258 1286 1291 de
1307 1259 1370 1291 illis
1392 1269 1569 1302 eorumque
1597 1258 1761 1291 tenoribus

1017 1311 1176 1353 specialis,
1193 1311 1354 1354 specifica,
1370 1322 1525 1355 expressa
1542 1317 1571 1344 et
1584 1310 1759 1352 individua,

1018 1374 1055 1396 ac
1081 1364 1119 1397 de
1146 1365 1243 1397 verbo
1263 1365 1301 1397 ad
1320 1365 1465 1405 verbum,
1481 1375 1545 1397 non
1573 1369 1677 1397 autem
1703 1374 1762 1407 per

1019 1419 1181 1451 clausulas
1208 1419 1378 1460 generales
1412 1418 1498 1451 idem
1524 1418 1759 1461 importantes,

1019 1471 1140 1504 mentio
1155 1482 1210 1504 seu
1230 1471 1361 1514 quaevis
1377 1470 1438 1504 alia
1457 1471 1621 1514 expressio
1642 1471 1761 1505 sacien-

1021 1524 1058 1556 da
1076 1529 1131 1556 aut
1147 1523 1254 1567 aliqua
1269 1524 1330 1557 alia
1349 1524 1508 1567 exquisita
1527 1524 1628 1557 forma
1642 1524 1679 1557 ad
1698 1524 1760 1558 hoc

1020 1577 1175 1609 servanda
1200 1577 1300 1616 soret,
1324 1577 1451 1610 illorum
1474 1576 1617 1610 omnium
1644 1583 1675 1610 et
1697 1578 1761 1611 sin-

1020 1632 1170 1673 gulorum
1191 1635 1336 1670 tenores,
1360 1630 1481 1663 forinas
1503 1636 1533 1663 et
1558 1631 1759 1671 occasiones,

1020 1693 1056 1715 ac
1074 1684 1134 1716 alia
1152 1683 1396 1726 etiam'speeiali
1418 1684 1627 1727 expressione
1651 1685 1758 1727 digna,

1021 1736 1246 1779 praesentibus
1279 1747 1339 1779 pro
1372 1737 1468 1780 plene
1499 1741 1530 1769 et
1560 1736 1759 1769 sufficienter

1021 1789 1193 1832 expressiS,
1216 1789 1346 1822 insertis
1368 1800 1403 1822 ac
1425 1789 1557 1822 servatis
1575 1790 1759 1832 respective

1021 1842 1188 1882 habentes,
1215 1842 1274 1875 liae
1292 1843 1360 1875 vice
1386 1843 1561 1882 dumtaxat,
1587 1842 1652 1875 illis
1678 1842 1758 1875 alias

1020 1894 1052 1927 in
1073 1906 1130 1928 suo
1150 1895 1265 1929 robore
1290 1895 1522 1938 permansuris,
1543 1895 1580 1928 ad
1603 1895 1760 1939 praemis-

1021 1958 1127 1981 sorum
1151 1947 1313 1989 ellectum,
1341 1948 1529 1992 specialiter
1548 1954 1579 1982 et
1607 1959 1759 1992 expresse

1021 2003 1227 2045 derogamus,
1243 2012 1278 2035 ac
1296 2003 1488 2045 derogatum
1506 2012 1576 2035 esse
1596 2003 1759 2042 voluinus;

1020 2055 1202 2098 ceterisque
1229 2054 1402 2087 contrariis
1430 2054 1704 2098 quibuscumque.

1064 2108 1078 2151 §
1104 2108 1134 2140 5.
1164 2108 1201 2140 Ut
1228 2114 1334 2140 autem
1357 2113 1547 2151 praesentes
1574 2108 1701 2141 litterae
1723 2108 1761 2141 ad

1019 2161 1162 2195 omnium
1188 2162 1334 2195 notitiam
1366 2161 1490 2194 facilius
1523 2161 1705 2202 deveniant,
1733 2167 1764 2195 et

1020 2226 1116 2248 nemo
1143 2215 1269 2247 illarum
1297 2215 1510 2256 ignorantiam
1536 2216 1678 2257 allegare
1703 2226 1760 2248 va-

1020 2269 1095 2307 leat,
1123 2270 1271 2301 volumus
1298 2267 1369 2300 illas
1395 2278 1450 2299 seu
1477 2278 1588 2300 eorum
1615 2270 1765 2311 exempla

1020 2322 1059 2354 ad
1086 2323 1190 2355 valvas
1219 2321 1377 2354 ecclcsiae
1404 2321 1629 2354 Lateranensis
1655 2327 1686 2354 et
1709 2323 1764 2355 ba-

1021 2373 1131 2406 silicae
1169 2373 1327 2416 Principis
1364 2374 1609 2416 Apostolorum,
1635 2384 1763 2408 necnon

1021 2426 1241 2459 Cancellariae
1271 2426 1470 2469 apostolicae
1503 2426 1684 2469 Curiaeque
1711 2439 1764 2469 ge-

1021 2480 1141 2512 neralis
1179 2479 1210 2511 iu
1248 2478 1352 2511 Monte
1378 2478 1542 2518 Citatori0‚
1570 2491 1606 2512 ae
1631 2481 1662 2512 in
1695 2481 1762 2513 acie

1021 2532 1234 2575 Campillorae
1262 2532 1300 2564 dc
1326 2532 1422 2571 Urbe,
1451 2537 1485 2564 ut
1509 2533 1609 2565 moris
1635 2539 1693 2573 est,
1722 2534 1764 2565 at'-

1021 2585 1074 2629 figi
1113 2591 1145 2619 et
1180 2585 1364 2629 publicari,
1391 2586 1501 2629 sicque
1523 2586 1702 2630 publicatas
1732 2591 1764 2619 et

1657 197 1720 230 1:29
1766 207 1813 231 sn.
1834 206 1860 230 c.
1887 205 1951 232 ¹725

1823 2113 1885 2132 Fidus
1901 2115 1956 2133 tran-

1773 2142 1908 2165 stiiiiptut'um.
