2139 3142
384 211 450 245 924

430 273 551 306 vantiae
577 272 757 316 provinciae
783 272 812 305 S.
838 272 957 305 Alberti
984 272 1015 305 in
1040 272 1087 306 Si-

428 327 499 360 cilia
523 326 654 359 omnino
679 325 937 368 acquiescerent,
962 324 1039 357 6202.

337 381 424 414 CCX.
452 379 665 413 Confirmatur
682 378 844 411 decretum
863 378 1087 421 Congregatio-

428 433 476 465 nis
506 432 729 476 episcoporum
755 437 785 464 et
811 431 1006 474 regularium
1032 442 1087 474 ap-

429 485 569 529 probans
604 490 673 517 acta
708 485 862 528 quaedam
900 485 1088 528 capitularia

428 538 638 571 Eremitarum
664 538 695 571 S.
716 537 881 580 Augustini
906 538 1088 581 provinciae

428 591 595 630 Castellae,
621 590 697 623 623.

336 645 436 679 CCXI.
452 644 687 677 Confirmantur
704 643 867 686 privilegia
887 644 1003 684 omnia,
1021 654 1089 686 gra-

429 698 489 730 tiae
512 697 703 740 apostolicae
732 703 762 729 et
780 697 995 741 indulgentiae
1011 698 1087 729 uli'as

427 750 535 783 Ordini
547 750 758 782 Eremiturum
773 750 872 783 sancti
890 750 1056 792 Augustini
1071 760 1088 782 a

427 803 578 836 Romanis
596 803 801 836 Pontificibus
819 813 980 842 concessa,
1006 803 1084 836 6025.

338 857 453 891 CCXII.
479 856 631 889 Indicitur
656 856 828 889 iubilaeum
853 867 914 900 pro
940 856 1086 889 christifi-

428 910 553 943 delibus
577 911 678 943 almae
701 909 803 951 Urbis,
822 910 927 943 Italiae
953 916 982 942 et
1003 910 1088 943 insu-

429 963 532 995 larum
569 963 780 996 adiacentium
817 963 956 996 divinam
994 974 1086 1007 opem

432 1016 675 1059 implorantibus
700 1027 759 1059 pro
784 1017 966 1049 extantibus
983 1026 1089 1049 neces-

434 1069 594 1110 sitatibus,
621 1069 695 1102 637.

340 1120 469 1154 CCXIII.
500 1120 713 1153 Confirmatur
748 1120 904 1152 indultum
943 1131 999 1152 seu
1029 1120 1085 1153 de-

432 1173 612 1206 terminatio
638 1174 818 1216 provinciae
837 1173 1087 1216 Pliilippinarum

431 1227 557 1260 Ordinis
570 1227 781 1259 Eremitarum
798 1227 894 1259 sancti
912 1227 1089 1269 Augustini,

433 1286 466 1313 ut
490 1284 679 1323 procurator
703 1280 860 1322 generalis
889 1286 918 1313 et.
942 1281 1090 1324 superior

432 1339 605 1367 conventus
630 1334 809 1366 Manilensis
834 1334 936 1367 dictae
961 1334 1090 1378 provin-

434 1387 500 1420 ciae
525 1386 711 1430 suffragium
737 1387 820 1419 serre
844 1388 965 1431 possint
991 1387 1021 1419 in
1043 1398 1091 1420 ca-

432 1441 541 1484 pitulis
567 1441 830 1483 provincialibus,
856 1440 932 1473 639.

346 1494 474 1529 CCXIV.
513 1493 710 1537 Praecipuus
750 1494 904 1526 universis
940 1494 1090 1527 fratribus

433 1546 634 1580 Discaleeatis
667 1547 778 1579 Beatae
804 1547 917 1579 Mariae
941 1547 979 1579 de
1004 1547 1088 1580 Mer-

435 1601 510 1634 cede
536 1600 774 1643 Redemptionis
809 1601 1030 1644 captivorum,
1059 1606 1092 1633 ut

435 1660 560 1687 cantum
597 1653 828 1695 Gregorianum
867 1654 1028 1686 dumtaxat
1060 1654 1091 1686 in

434 1708 534 1740 choro
558 1706 746 1747 adhibeant,
773 1706 848 1739 640.

346 1761 458 1794 CCXV.
482 1760 700 1793 Extenduntur
730 1760 895 1803 privilegia
929 1760 1088 1793 tertiario-

435 1823 506 1847 rum
532 1812 656 1847 Ordinis
677 1813 775 1845 sancti
795 1813 951 1845 Francisci
971 1814 1010 1846 ad
1031 1819 1093 1845 ter-

436 1867 545 1899 tiarios
562 1866 687 1899 Ordinis
705 1866 736 1898 B.
755 1866 870 1899 Mariae
895 1866 932 1899 de
950 1866 1093 1899 Mercede

438 1920 667 1963 redemptionis
691 1921 901 1962 captivorum,
926 1919 1002 1951 ⁴341.

348 1973 470 2008 CCXVI.
495 1973 683 2007 Conceditur
709 1973 839 2005 facultas
875 1973 1013 2015 capitulo
1037 1983 1093 2016 ge-

436 2027 546 2067 nerali,
565 2033 595 2059 ct
612 2032 681 2070 post
707 2037 778 2058 eum
803 2026 984 2059 definitorio
1002 2037 1094 2067 gene-

439 2081 496 2113 rali
521 2080 783 2122 Congregationis
808 2079 976 2122 Hispaniae
1002 2079 1094 2113 Ordi—

437 2134 485 2166 nis
510 2134 641 2165 fratrum
668 2133 932 2165 Discalceatorum
957 2132 1012 2165 SS.
1031 2133 1096 2165 Tri-

438 2186 544 2218 nitatis
568 2185 794 2229 redemptionis
820 2185 1028 2229 captivoriun,
1046 2185 1095 2218 de-

439 2244 524 2271 cretu
549 2243 578 2271 et
603 2244 716 2270 statuta
741 2238 912 2277 condendi,
937 2238 1014 2270 642.

348 2291 708 2326 CCXVII.Conni-maun·
723 2291 881 2324 canonicis
896 2291 1095 2332 regularibus

441 2345 805 2377 Praemonstratensibus
831 2345 991 2376 decretum
1021 2344 1096 2377 Con-

440 2398 632 2441 gregationis
658 2398 795 2437 ttimum,
824 2408 886 2440 quo
912 2397 1096 2430 conceditur

441 2451 557 2483 eisdem
574 2452 701 2483 facultas
719 2451 868 2483 recitandi
885 2452 913 2483 in
931 2457 1093 2494 posterum

442 2504 544 2535 officia
569 2504 794 2537 nonnullorum
809 2510 992 2537 sanctorum
1017 2505 1096 2537 eius-

443 2556 514 2589 dem
540 2556 680 2595 Ordinis,
705 2556 780 2589 (343.

352 2609 507 2643 CCXVIII.
533 2610 740 2642 Instituuntur
760 2610 898 2653 quinque
924 2610 1095 2643 consiliarii

934 219 1112 243 BrLLAntUM
1138 218 1289 242 ROMANUM

1229 271 1294 304 sive
1314 270 1390 303 socii
1415 280 1452 303 ac
1476 271 1637 304 secretarii
1661 272 1825 315 generales
1846 283 1883 306 ex

1229 322 1361 356 diversis
1385 323 1567 356 nationibus
1590 323 1728 367 eligendi
1752 336 1811 369 pro
1831 325 1886 359 Or-

1229 376 1302 409 dine
1327 375 1588 417 Carmelitarum‚
1614 375 1690 408 644.

1140 429 1270 464 CCXIX.
1298 428 1488 462 Conceditur
1518 428 1712 471 indulgentia
1742 430 1885 473 plenaria

1228 486 1382 526 perpetua
1406 482 1597 515 monialibus
1612 482 1797 525 quorumvis
1819 493 1887 517 mo-

1229 535 1453 575 nasteriorum,
1468 535 1498 567 in
1516 535 1657 579 qualibet
1672 534 1779 568 mnndi
1797 542 1886 579 parte

1230 589 1454 630 existentium⁷
1480 589 1530 621 die
1555 599 1665 621 earum
1701 589 1886 631 velationis,

1229 642 1458 675 benedictionis
1476 648 1506 674 et
1523 641 1788 682 consecrationis,
1806 641 1882 675 646.

1140 696 1246 730 CCXX.
1273 696 1462 729 Conceditur
1486 695 1644 739 praesecto
1665 695 1804 738 generali
1829 695 1887 729 Or-

1229 749 1311 781 dinis
1335 749 1637 782 Bethlehemitarum
1664 748 1696 781 in
1724 749 1821 782 Indiis
1838 759 1888 782 oc-

1230 802 1438 835 cidentalibus
1469 802 1516 835 ius
1541 802 1737 835 convocandi
1763 802 1887 836 vocales

1230 855 1269 888 ad
1287 856 1460 899 capitulum
1478 856 1637 898 generale,
1649 856 1726 901 etin
1739 866 1776 889 eo
1794 866 1888 900 prae-

1230 909 1371 949 sidendi,
1396 908 1472 942 647.

1141 963 1266 998 CCXXI.
1295 963 1510 997 Confirmatur
1541 963 1703 996 decretum
1741 962 1886 1006 Congre-

1229 1017 1365 1059 gationis
1380 1016 1508 1049 Rituum
1534 1027 1594 1060 pro
1619 1015 1823 1050 concessione
1839 1026 1889 1049 re-

1230 1069 1345 1101 citandi
1364 1070 1394 1102 in
1421 1069 1568 1102 universo
1585 1069 1701 1103 Ordine
1720 1070 1889 1102 Praemon-

1230 1122 1376 1154 stratensi
1390 1122 1492 1155 officia
1506 1122 1600 1154 trium
1617 1126 1799 1155 sanctorum
1810 1121 1889 1155 eius-

1230 1175 1301 1207 dem
1328 1175 1471 1215 Ordinis,
1496 1174 1572 1208 648.

1141 1228 1283 1262 CCXXII.
1310 1228 1501 1262 Conceditur
1526 1227 1722 1270 indulgentia
1747 1227 1889 1271 plenaria

1231 1287 1385 1325 perpetua
1418 1292 1477 1325 pro
1508 1281 1698 1314 monialibus
1724 1286 1886 1314 monaste-

1232 1335 1353 1368 riorum
1379 1335 1408 1367 S.
1428 1335 1559 1368 Ursulae
1585 1335 1615 1366 in
1640 1334 1691 1367 die
1715 1334 1891 1368 renovatio-

1231 1387 1281 1420 nis
1307 1393 1472 1428 votorum,
1500 1386 1575 1420 649.

1143 1440 1294 1474 CCXXIII.
1321 1440 1532 1473 Confirmatur
1568 1440 1750 1473 constitutio
1785 1450 1885 1484 quae-

1231 1493 1303 1539 dam
1336 1493 1365 1525 S.
1400 1493 1445 1525 Pii
1478 1494 1501 1525 V
1537 1503 1634 1536 super
1665 1492 1888 1536 praecedentia

1232 1546 1458 1579 canonicorum
1491 1545 1686 1588 regularium
1712 1546 1888 1589 Congrega-

1232 1599 1327 1631 tionis
1342 1599 1559 1632 Latet-anensis
1577 1599 1606 1631 in
1623 1599 1889 1642 processionibus

1233 1663 1292 1696 pro
1309 1652 1565 1695 Congregatione
1585 1652 1733 1685 Omnium
1759 1652 1889 1687 Sancto-

1235 1716 1305 1737 rum
1332 1705 1553 1746 Olomucensi,
1578 1704 1654 1737 649.

1145 1758 1295 1791 CCXXIV.
1317 1758 1540 1800 Promulgatur
1565 1758 1678 1791 Beatus
1703 1768 1811 1791 servus
1835 1758 1890 1791 Dei

1233 1811 1367 1844 Ioannes
1391 1811 1430 1843 de
1454 1811 1557 1843 Prado
1582 1810 1708 1844 Ordinis
1732 1811 1889 1844 Minorum

1234 1865 1490 1897 Excalceatorum
1509 1864 1547 1896 de
1564 1864 1789 1904 Observantia,
1811 1865 1892 1898 eius-

1233 1929 1294 1961 que
1319 1917 1509 1950 beatificatio
1535 1917 1694 1957 indicitur,
1719 1916 1796 1950 650.

1145 1971 1286 2005 CCXXV.
1300 1971 1440 2015 Erigitur
1459 1976 1546 2003 motu
1562 1971 1696 2014 proprio
1714 1976 1798 2004 terra
1813 1971 1894 2005 Ron—

1238 2025 1362 2057 cilionis
1388 2025 1418 2056 in
1444 2025 1620 2065 civitatem,
1645 2023 1720 2057 6502.

1145 2077 1301 2111 ccxxvt.
1326 2077 1483 2110 Eximitur
1513 2077 1683 2120 episcopus
1707 2077 1890 2110 Passavien-

1236 2131 1277 2164 sis
1301 2131 1339 2163 ab
1365 2131 1450 2164 omni
1481 2131 1549 2163 iure
1575 2130 1810 2174 metropolitico
1835 2141 1893 2165 ar-

1236 2185 1493 2228 chiepiscopatus
1519 2183 1789 2226 Salisburgensis,
1814 2183 1891 2218 654.

1147 2238 1314 2273 CCXXVII.
1332 2238 1526 2270 Damnantur
1544 2242 1574 2269 et
1588 2237 1800 2281 prohibentur
1820 2237 1895 2271 solia

1236 2292 1390 2336 quaedam
1416 2291 1530 2334 gallico
1547 2291 1696 2325 idiomate
1720 2291 1891 2335 impressa,

1237 2355 1373 2388 quorum
1411 2345 1540 2377 titulus:
1585 2345 1814 2378 Consultation
1856 2344 1896 2379 de

1236 2399 1407 2431 messv'eurs
1433 2398 1476 2430 les
1494 2402 1620 2431 avocals
1637 2397 1682 2430 du
1698 2397 1895 2431 Parlament

1235 2451 1274 2484 de
1310 2451 1410 2484 Paris
1444 2461 1489 2483 αιι
1526 2450 1611 2494 sujet
1647 2450 1691 2483 du
1720 2450 1894 2494 juyement

1235 2503 1342 2536 remla
1365 2504 1386 2536 ὰ
1410 2503 1560 2537 Ambrzm
1595 2508 1705 2536 contre
1729 2504 1895 2537 monsieur

1238 2558 1396 2601 renesque
1419 2557 1457 2590 cle
1481 2557 1595 2597 Senez,
1623 2556 1699 2590 659.

1148 2610 1329 2645 CCXXVlIl.
1351 2610 1545 2650 Declaratur,
1565 2609 1620 2652 eis,
1638 2609 1704 2653 qui,
1728 2613 1799 2653 post
1823 2613 1895 2642 vota
