2170 3147
209 256 260 283 An.
281 255 309 281 e.
329 253 395 281 1727
443 245 511 279 574

695 301 864 334 CLXXXV.

407 373 628 416 Confirmatio*
647 372 807 405 decretum
838 372 962 415 prioris
990 370 1155 413 generalis

427 425 585 459 ·0rclz'nis
627 425 852 458 Eremilarum
893 424 927 456 S.
969 423 1156 466 Auquslini

449 489 547 522 super
584 479 804 511 observatione
835 477 1047 510 resolutionis
1078 477 1155 519 defi-

448 532 570 565 nitori'i
593 532 758 576 yeneralis
776 532 864 564 circa
888 530 1155 563 ammllationem

446 590 775 628 praesentaturarum
810 584 848 616 de
878 584 988 627 qratia*
1021 584 1057 615 in
1080 593 1156 625 pro-

450 638 562 671 vincie
587 639 779 682 Arayoniae
803 637 948 670 eiusdem
979 636 1114 670 Ordinis
1133 636 1152 668 ¹.

588 719 773 746 Benedictus
793 719 876 752 Papa
895 718 976 749 XIII,

538 764 575 791 ad
602 765 738 791 futuram
759 761 811 791 'rei
837 763 1024 790 memoriam.

450 836 465 879 ἓ
491 836 523 868 ’1.
551 832 676 879 Exponi
709 835 805 868 nobis
839 845 945 878 nuper
974 834 1051 866 fecit
1075 833 1155 866 dile-

407 895 479 922 ctus
506 890 592 923 {ilius
627 890 769 922 Thomas
794 888 922 926 Ruulin,
950 887 1043 930 prior
1079 897 1155 929 pro-

406 943 554 976 vincialis
590 943 778 986 provinciae
815 942 999 984 Aragoniae
1025 939 1155 972 Ordinis

407 997 541 1029 fratrum
560 997 776 1029 Eremitarum
796 996 827 1029 S.
849 994 1040 1038 Augustini,
1065 993 1153 1036 quod

408 1052 497 1088 (cum
524 1052 638 1084 fratres
665 1051 812 1083 eiusdem
842 1050 1030 1093 provinciae
1056 1060 1074 1081 a
1100 1050 1154 1081 de-

406 1105 553 1137 finitorio
579 1104 728 1147 generali
760 1104 837 1136 dicti
863 1104 994 1136 Ordinis
1020 1104 1051 1135 in
1078 1103 1155 1134 civi-

407 1164 471 1190 tate
509 1157 665 1190 Perusina
703 1158 755 1190 die
790 1167 825 1190 111
857 1156 1044 1189 novembris
1077 1156 1153 1188 anni

408 1211 556 1253 proxime
583 1211 751 1254 praeteriti
776 1216 979 1253 congregato
1004 1219 1157 1252 praesen-

408 1269 532 1296 taturas
558 1264 597 1296 de
623 1264 728 1306 gratia
754 1264 786 1296 in
812 1264 982 1306 provincia
1010 1262 1155 1305 praefata

409 1318 581 1356 annullari,
608 1318 680 1350 ilias
707 1328 784 1349 vero
810 1317 848 1349 de
870 1317 1000 1360 pulpito
1022 1327 1077 1349 seu
1097 1326 1156 1359 pro

410 1371 698 1404 concionatoribus
725 1372 764 1403 ad
792 1370 1040 1413 ‹piatuordecim
1061 1370 1091 1402 in
1112 1376 1158 1402 to-

409 1430 495 1463 tum,
523 1429 668 1467 quatuor
688 1424 814 1456 scilicet
832 1435 892 1466 pro
911 1422 1100 1465 Aragonffi',
1121 1434 1158 1455 ac

410 1478 547 1510 totidem
584 1488 644 1521 pro
678 1478 871 1517 Catalonia,
909 1488 946 1509 ac
982 1478 1061 1509 duas
1097 1487 1157 1519 pro

410 1533 527 1565 insulis
555 1532 746 1564 Balearibus
771 1532 881 1574 augeri
908 1531 1098 1574 petiissent,
1128 1536 1160 1562 et

412 1586 451 1617 ab
466 1586 583 1619 eodem
602 1585 790 1618 definitorio
806 1586 938 1617 decreta
953 1590 984 1617 et
1001 1584 1159 1616 constitu-

413 1639 518 1672 tiones
541 1640 643 1682 ipsius
665 1638 808 1677 Ordinis,
826 1644 909 1681 part.
928 1649 975 1677 ιιι,
994 1649 1064 1680 cap.
1086 1647 1156 1674 xxv,

412 1693 561 1732 innotis,
583 1682 742 1725 servanda
769 1692 837 1724 sore
864 1691 1028 1724 sancitum
1047 1690 1156 1725 suerit,

412 1747 553 1779 subinde
578 1756 657 1778 vero
684 1745 823 1778 dilectus
859 1745 943 1777 silius
969 1743 1160 1785 Fulgentius

414 1801 540 1834 Bellelii
567 1800 658 1844 prior
683 1800 849 1842 generalis
869 1798 1002 1831 Ordinis
1022 1798 1159 1841 praefati

413 1854 457 1886 ita
481 1854 602 1886 servari
630 1854 852 1893 mandaverit,
880 1859 912 1885 et
937 1853 1035 1891 alias,
1063 1858 1161 1894 prout

414 1908 544 1950 plenius
571 1908 761 1940 continetur
781 1907 812 1939 in
835 1907 967 1939 decreto
985 1906 1023 1938 ab
1042 1906 1159 1937 eodem

414 1961 588 2003 Fulgentio
608 1961 717 2004 priore
738 1960 885 2002 generali
905 1960 1047 2002 desuper
1073 1959 1161 1991 edito

416 2015 541 2048 tenoris
567 2015 620 2058 qui
648 2015 812 2057 sequitur,
838 2013 1009 2046 videlicet:

217 847 325 870 Exponam
337 847 394 866 iavit.

457 2086 505 2115 Fr.
530 2084 702 2124 Fulgentius
719 2085 830 2115 Beltetli
847 2084 1049 2121 Buccinensis,
1063 2093 1162 2113 sacrae

417 2136 580 2173 theologiae
605 2136 760 2173 magister,
785 2135 875 2164 totins
898 2133 1016 2163 Ordinis
1040 2134 1160 2162 fratrum

416 2184 611 2214 Eremitarum
645 2184 740 2213 sancti
771 2183 862 2222 patris
891 2183 982 2212 nostri
1007 2182 1161 2219 Augustini

419 2234 498 2271 prior
529 2234 684 2272 generalis.
714 2233 745 2262 ln
768 2232 936 2261 definitorio
959 2231 1089 2269 generali
1115 2230 1162 2259 tte-

419 2283 516 2312 rusiae
540 2287 717 2320 congregato
750 2282 797 2311 die
830 2290 859 2311 ιιι
892 2280 1061 2310 novembris
1093 2280 1161 2308 anni

420 2334 567 2361 currentis
582 2340 740 2368 nnccxxw,
761 2332 839 2361 inter
862 2331 934 2360 alios
959 2329 1110 2368 supplices
1133 2329 1163 2357 li<

421 2381 512 2411 bellos
534 2381 575 2410 ibi
598 2381 772 2420 propositos,
790 2380 910 2419 quidam
928 2379 1095 2418 propositus
1111 2378 1163 2407 suit

221 2098 332 2118 Decretum
346 2103 405 2122 tim·-

222 2125 300 2144 dictum
328 2125 405 2150 printts

222 2152 324 2174 conenit:
345 2151 404 2170 ‹Jidt-

224 2184 260 2196 nisv

459 2476 470 2500 1
493 2473 554 2499 Atia
573 2473 652 2499 huius
674 2473 813 2499 Pontificis
838 2477 923 2498 const.
943 2472 986 2498 ed.
1008 2478 1165 2503 titoccxxvit,

423 2518 519 2553 pontis.
542 2525 583 2549 tv,
605 2521 734 2544 statutum
755 2517 804 2543 suit
825 2521 853 2543 ut
873 2517 1014 2551 privilegia
1035 2524 1167 2550 praesen-

424 2566 541 2588 tatorum
555 2584 562 2595 ‚
583 2567 648 2592 etc.v
669 2562 693 2587 in
715 2562 853 2596 provincia
885 2561 1063 2594 Portugalliae
1092 2561 1169 2586 iuxta

426 2607 536 2634 Ordinis
554 2607 678 2632 instituta
698 2605 826 2640 deinceps
845 2605 1071 2631 concederentur.

461 2652 477 2678 2
499 2651 573 2678 Adde
593 2654 721 2685 quatuor
738 2658 794 2684 pro
820 2649 951 2676 Vuteulz'd
975 2655 1011 2674 ιιι.
1029 2650 1076 2681 τ.).

992 249 1174 274 BULLARIUM
1200 247 1358 272 ROMANtffl

1948 249 1998 275 An.
2020 247 2049 276 C.
2065 248 2132 278 ¹72⁷

1198 306 1212 326 a
1237 297 1370 337 patribus
1385 298 1554 338 provinciae
1569 297 1733 335 Aragoniae
1755 297 1945 336 expostulan-

1198 346 1277 376 tibus
1299 348 1414 387 praxim
1436 348 1680 378 constitutionum
1713 346 1856 386 Ordinis,
1886 357 1944 387 qua

1199 400 1281 435 parte
1303 396 1466 427 decernunt
1487 401 1743 436 praesentaturam
1766 405 1885 426 omne-m
1908 406 1944 426 ex

1198 446 1295 483 gratia
1320 446 1468 475 annullari
1495 450 1647 485 oportere,
1671 445 1880 484 petieruntque
1908 445 1945 475 ii-

1199 494 1266 523 dem
1309 498 1547 533 praesentaturas
1589 503 1643 533 pro
1685 493 1945 524 concionatoribus

1199 552 1292 582 usque
1315 544 1349 573 ad
1379 553 1536 573 numerum
1560 543 1708 572 decimum
1738 547 1876 582 quartum
1899 552 1946 573 es-

1199 601 1230 622 se
1252 593 1421 631 augendas,
1445 595 1477 622 eii
1499 593 1563 630 lege
1590 597 1621 622 ut
1644 592 1703 621 sint
1733 596 1858 631 quatuor
1890 601 1944 631 pro

1200 641 1366 679 Aragonist,
1395 645 1521 680 quatuor
1554 650 1605 680 pro
1637 641 1787 679 Valentia,
1818 644 1945 680 quatuor

1200 699 1252 729 pro
1283 690 1453 725 Catalonia‚
1489 695 1517 719 et
1549 699 1602 729 pro
1636 690 1742 720 insulis
1774 689 1944 719 Balearibus

1200 739 1290 775 duae3
1308 744 1336 768 et
1359 739 1505 768 sancitum
1528 739 1594 775 suit,
1613 739 1731 768 decreta
1754 743 1783 768 et
1804 738 1946 768 constitu-

1201 788 1294 817 tiones
1317 788 1435 818 Ordinis
1459 788 1549 826 (part.
1574 797 1621 825 111,
1646 797 1710 827 cap.
1729 796 1796 824 xxv,
1814 789 1843 816 in
1860 787 1945 826 notis)

1199 838 1318 867 omnino
1340 838 1451 867 servari
1474 841 1630 876 oportere:
1655 846 1766 876 nosque
1790 840 1947 876 propterea

1200 887 1239 916 ita
1256 887 1368 916 servari
1385 887 1519 917 volumus
1535 891 1622 926 atque
1638 886 1823 915 mandamus.
1841 886 1945 916 Datum

1199 936 1228 965 in
1252 941 1399 966 conventu
1422 940 1521 965 nostro
1554 935 1649 965 sancti
1672 935 1764 974 patris
1786 934 1946 973 Augustini

1199 985 1350 1021 Perusiae,
1374 994 1391 1014 v
1408 984 1584 1014 ‘novembris
1606 992 1765 1013 iimccxxvt.
1782 1002 1822 1006 —
1843 983 1947 1013 Frater

1199 1032 1384 1060 ritca-:mus
1406 1031 1549 1060 uernam
1572 1030 1718 1069 generalis
1740 1029 1892 1068 magister.
1910 1047 1946 1051 —

1199 1078 1247 1107 Fr.
1262 1078 1398 1108 Aseraeus
1414 1077 1599 1107 GULLELMes
1611 1078 1780 1107 An‘reemut
1796 1077 1948 1114 Roccgen-

1199 1128 1256 1166 sis,
1273 1127 1391 1157 Ordinis
1413 1126 1602 1157 secretarius.
1627 1126 1696 1156 Loco
1716 1128 1734 1162 †
1756 1126 1875 1165 sigilli).

1245 1199 1315 1241 Ipse
1348 1199 1490 1231 Thomas
1528 1198 1621 1241 pri0r
1651 1197 1863 1240 provincialis
1893 1197 1948 1229 de·
1978 1209 2143 1240 Prqcegpuorts

1202 1258 1325 1284 cretum
1362 1251 1571 1288 huiusmodi,
1607 1261 1666 1294 pro
1703 1251 1843 1283 firmiori
1879 1237 2094 1288 eiusffissgffissffffi
2117 1237 2142 1257 A'

1203 1305 1414 1337 subsistentia
1426 1309 1457 1337 et
1470 1303 1626 1337 exactiori
1642 1303 1860 1343 observantia,
1875 1315 1949 1347 apo-

1203 1359 1336 1391 stolicae
1361 1357 1623 1390 confirmationis
1652 1362 1782 1390 nostrae
1810 1358 1950 1400 patroci-

1204 1413 1258 1444 nio
1285 1411 1493 1450 communiri,
1519 1422 1555 1443 ac
1580 1411 1728 1454 insuper,
1754 1422 1795 1443 ne
1821 1412 1950 1445 divinus

1204 1466 1236 1497 in
1270 1466 1353 1497 dicta
1387 1464 1555 1508 provincia
1592 1466 1698 1497 cultus
1735 1465 1948 1505 diminuatur,

1204 1520 1356 1562 illiusque
1393 1524 1575 1551 conventus
1612 1519 1747 1551 fratrum
1785 1525 1952 1562 exempto-

1205 1584 1275 1605 rum
1302 1573 1509 1605 multitudine
1536 1578 1729 1614 graventur,
1756 1574 1841 1615 quod
1864 1573 1954 1606 dein·
1999 1607 2008 1614 ,

1205 1638 1281 1670 ceps
1318 1628 1428 1659 nullus
1466 1627 1613 1659 eiusdem
1651 1627 1841 1669 provinciae
1874 1639 1952 1671 pro-

1206 1680 1308 1712 fessor
1345 1680 1440 1712 titulo
1477 1686 1509 1711 et
1545 1680 1752 1723 exemptione
1789 1681 1951 1723 exprioris

1206 1732 1415 1775 provincialis
1443 1732 1502 1763 srui
1529 1731 1648 1774 possit,
1674 1733 1727 1775 qui
1759 1733 1852 1775 prior
1877 1744 1953 1776 pro-

1207 1786 1355 1818 vincialis
1392 1786 1579 1828 provinciae
1614 1787 1803 1828 praedictae
1840 1798 1954 1821 revera

1207 1850 1272 1872 non
1300 1839 1415 1878 fuerit,
1453 1850 1513 1881 per
1549 1850 1608 1871 nos
1643 1840 1741 1872 statui
1775 1841 1954 1883 plurimum

1208 1893 1396 1930 desideret,
1435 1892 1700 1935 quandoquidem
1742 1903 1780 1925 ex
1821 1903 1953 1926 conces-

1207 1946 1297 1978 sione
1316 1945 1476 1978 eiusmodi
1497 1946 1741 1988 exemptionum
1762 1947 1864 1978 multa
1881 1956 1955 1988 pro-

1207 1999 1331 2031 vinciae
1366 2004 1397 2031 et
1429 1998 1647 2030 conventibus
1682 1999 1833 2041 praefatis
1858 1999 1956 2031 detri-

1209 2057 1317 2084 menta
1366 2051 1505 2083 antheac
1546 2051 1666 2083 exoriri
1707 2051 1953 2084 consueverint.

1208 2105 1308 2137 Nobis
1346 2110 1521 2147 propterea
1563 2105 1737 2137 humiliter
1775 2105 1955 2148 supplicari

1211 2159 1285 2190 feeit
1314 2164 1349 2190 ut
1381 2158 1413 2190 in
1446 2157 1636 2200 praemissis
1668 2162 1854 2200 opportune
1879 2167 1956 2200 pro-

1210 2213 1319 2244 videre
1356 2217 1389 2243 et
1417 2217 1453 2242 ut
1481 2211 1564 2242 intra
1600 2211 1772 2252 indulgere
1797 2211 1837 2243 de
1861 2210 1954 2242 beni-

1209 2265 1333 2307 gnitate
1361 2265 1539 2307 apostolica
1564 2264 1789 2305 dignaremur.

1253 2321 1268 2362 ξ
1289 2319 1319 2351 02.
1344 2318 1408 2351 Nos
1427 2318 1538 2359 igitur,
1558 2318 1677 2349 dictum
1695 2317 1850 2350 Tbomam
1870 2317 1956 2359 prio-

1210 2383 1276 2404 rem
1302 2372 1535 2414 provincialem
1562 2371 1762 2413 specialibus
1791 2370 1955 2403 favoribus

1185 2428 1188 2456 t
1210 2432 1241 2457 et
1266 2425 1379 2467 gratiis
1405 2424 1564 2468 prosequi
1590 2425 1758 2463 volentes,
1783 2430 1816 2456 et
1840 2433 1858 2455 a
1882 2423 1954 2466 qui-

1210 2478 1318 2510 busvis
1344 2477 1704 2516 excommunicationis,
1730 2475 1954 2519 suspensionis

1211 2537 1243 2564 et
1268 2531 1444 2570 interdicti,
1471 2531 1610 2574 aliisque
1632 2529 1861 2563 ecclesiasticis
1881 2539 1955 2561 sen-

1213 2584 1341 2623 tentiis,
1368 2583 1513 2616 censuris
1538 2589 1571 2616 et
1595 2582 1732 2625 poenis,
1758 2593 1776 2614 a
1801 2581 1872 2614 iure
1901 2583 1953 2614 vel

1187 2611 1250 2677 iah
1277 2637 1420 2675 homine,
1445 2636 1556 2678 quavis
1586 2635 1756 2667 occasione
1782 2635 1830 2666 vel
1856 2636 1954 2667 causa

2014 2321 2149 2350 Confirmatio

1965 2348 2028 2370 retati
2043 2348 2130 2370 decreti.
