2170 3147
212 223 302 248 11111,
330 222 395 246 1735
441 212 503 244 191

236 970 355 989 Ctnmutw.

260 1131 320 1151 1:130<
337 1134 392 1150 tirin-

210 1161 346 1183 sumpturum,

239 2036 380 2057 Prooemium.

984 217 1166 241 numantini

402 269 550 308 sentium,
571 267 784 301 confessarios
802 266 1010 310 presbyteros
1036 276 1146 299 saecu-
1167 265 1169 274 '

402 323 486 355 lares
512 323 560 354 vel
587 321 727 354 cuiusvis
752 320 880 353 Ordinis
911 321 1078 362 regulares
1106 319 1144 351 ab

402 375 515 407 iisdem
542 374 719 406 Ordinariis
746 375 886 406 locorum
907 374 944 405 ad
973 374 1003 405 id
1030 373 1168 416 proba-i

403 432 459 466 tos,
479 427 540 469 qui,
560 427 817 460 confessionibus
837 437 949 459 eorum
970 426 1146 468 diligenter

402 480 529 520 auditis,
550 491 606 513 eos
634 487 665 513 et
691 491 805 513 eorum
831 479 1011 523 quemlibet
1036 490 1052 512 a
1079 479 1145 522 qui-

402 533 510 566 busvis
537 534 700 577 peccatis,
726 533 919 566 criminibus
953 538 986 566 et
1015 533 1143 566 delictis

403 592 702 630 quantumcumque
721 587 870 629 gravibus
894 591 927 619 et
946 586 1144 625 enormibus,

403 639 500 671 ctiam
520 640 592 672 Sodi
613 640 821 683 Apostolicae
843 639 1028 679 reservatis,
1046 639 1142 672 etiam

403 692 435 724 in
463 693 552 725 Bulla
579 693 704 726 Coenae
731 692 857 725 Domini
884 692 1071 731 contentis,
1099 692 1146 724 in-

404 745 512 777 iuncta
532 745 577 778 eis
591 745 794 788 poenitentia
812 745 954 784 salutari,
974 745 1143 777 absolvere

403 799 539 841 possint,
561 799 683 841 eligere
704 800 840 839 valeant,
860 798 1052 831 auctoritate
1069 808 1144 840 apo—

403 851 527 892 stolica,
552 857 664 885 tenore
685 852 913 895 praesentium,
934 851 1144 884 concedimus

403 909 435 936 et
455 905 675 946 indulgemus.

447 958 461 1001 ἓ
487 958 517 990 ⁶2.
541 958 608 991 Non
635 957 838 991 obstantibus
858 957 1143 991 constitutionibus

404 1015 435 1044 et
452 1011 715 1044 ordinationibus
734 1011 939 1055 apostolicis,
960 1011 1143 1055 ceterisque

403 1065 576 1097 contrariis
602 1065 877 1108 quibuscumque.

447 1118 509 1161 {3
526 1118 679 1151 Volumus
698 1124 804 1151 autem
824 1119 909 1162 quod
924 1118 1144 1162 praesentium

405 1172 584 1204 litterarum
621 1172 850 1215 transumptis,
876 1171 973 1205 etiam
1004 1172 1145 1215 impres-

404 1225 465 1263 sis,
491 1226 574 1258 etc¹.

447 1278 561 1311 Datum
588 1278 721 1320 Romae,
749 1279 837 1323 apud
863 1278 895 1312 S.
918 1278 1058 1319 Petrum,
1086 1279 1146 1312 sub

404 1333 524 1365 annulo
575 1332 752 1365 Piscatoris
770 1359 777 1373 ‚
820 1332 873 1365 die
920 1343 959 1366 xx
1007 1332 1144 1365 ianuarii

404 1395 557 1425 nnccxxv,
580 1385 787 1429 pontificatus
813 1386 914 1419 nostri
942 1397 1027 1419 anno
1053 1397 1075 1420 1.

437 1448 499 1474 Dat.
522 1447 564 1475 die
585 1447 619 1475 ⁹20
638 1447 754 1475 ianuarii
781 1448 858 1483 1725,
880 1448 977 1484 pontif.
999 1456 1070 1476 anno
1090 1455 1110 1475 1.

728 1593 830 1626 LXIV.

406 1673 619 1716 Abroyanlur
639 1683 860 1717 quaecumque
882 1673 1061 1716 privilegia.
1075 1684 1148 1717 per-

449 1726 580 1758 sonalia
604 1726 772 1758 monachis
799 1726 934 1760 Ordinis
959 1727 1064 1759 sancti
1089 1727 1149 1759 Be-

449 1779 570 1811 nedicti
610 1779 877 1822 Conyreyatiom‘s
916 1779 1150 1822 Porticqalliae

449 1832 533 1864 alz'a's
559 1843 705 1865 concessa
719 1833 739 1865 ’ἢ

581 1913 759 1940 Benedictus
782 1913 860 1947 Papa
881 1913 947 1940 XIII
965 1934 971 1946 ,

520 1958 555 1983 ad
580 1962 760 1991 perpetuam
784 1959 830 1984 rei
850 1959 1034 1985 memoriam.

452 2027 485 2060 In
513 2032 664 2072 suprema
691 2030 861 2063 militantis
887 2030 1051 2063 Ecclesiae.
1078 2040 1151 2072 spe-

409 2084 490 2122 cula,
508 2084 631 2115 meritis
656 2084 731 2116 licet
758 2084 944 2127 imparibus,
965 2083 1070 2116 divina
1090 2084 1151 2116 dist

408 2136 573 2180 positione
607 2136 777 2176 collocati,
808 2137 839 2169 in
871 2147 939 2169 eam
972 2137 1149 2180 praecipue

409 2200 517 2222 curam
545 2190 693 2222 sollicitis
724 2190 838 2222 studiis
872 2190 1091 2230 intendimus,
1117 2197 1151 2223 ut

410 2243 637 2283 religiosorum
674 2243 815 2275 virorum
851 2243 910 2275 sub
946 2244 1033 2276 suari
1066 2244 1148 2277 vitae

409 2295 603 2327 monasticae
620 2295 695 2337 ingo
711 2295 863 2328 Altissimi
884 2296 1050 2339 obsequiis
1065 2307 1150 2329 inan-

409 2347 589 2390 cipatoruin
616 2349 891 2392 congregationes
913 2349 1087 2382 salubriter
1105 2350 1151 2381 di-

446 2445 455 2470 1
481 2443 593 2479 Reliqua
614 2449 642 2470 111
663 2454 743 2480 supra
765 2454 825 2481 pag.
847 2446 881 2474 50
902 2446 916 2471 l»
937 2448 973 2475 (rt.
994 2447 1041 2479 Tr).

446 2489 461 2513 ⁴2
473 2488 564 2514 Consi.
578 2489 855 2521 e<lit.v11›ccxx1v,‹lie
871 2491 885 2515 3
902 2491 1036 2523 octobris,
1055 2490 1149 2526 pontif.

411 2539 436 2566 1,
453 2532 583 2567 abrogata
599 2533 707 2559 [nerunt
723 2534 860 2568 privilegia
877 2535 963 2561 omnia
981 2536 1149 2570 personalia,

411 2585 481 2612 quae
493 2577 639 2603 Minoribus
652 2578 764 2604 Ordinis
778 2579 862 2605 sancti
879 2579 1012 2606 Francisci
1026 2580 1052 2605 in
1066 2588 1150 2614 regno

412 2622 595 2657 Portugalliae
616 2622 726 2649 ronredi
748 2627 955 2651 consueverant.

1191 217 1208 240 rt
1215 217 1348 241 ottANtut

1190 265 1350 308 rigantur,
1368 266 1655 311 laudabilibusque
1674 267 1829 301 institutis
1854 266 1931 306 suis,

1189 329 1395 362 quocumque
1414 320 1543 353 sublato
1562 320 1809 364 impedimento,
1824 320 1934 353 inhae-

1188 377 1312 412 rentes,
1333 373 1482 406 sclicibus
1501 374 1532 406 in
1553 374 1621 406 dies
1638 374 1854 408 benedicente
1871 375 1933 408 Do-

1189 426 1276 459 mino
1301 426 1474 470 proficiant
1499 427 1718 461 incrementis.

1234 480 1248 522 §
1274 479 1305 512 1.
1326 480 1403 513 Cum
1426 480 1547 523 itaque,
1567 481 1646 513 sicut
1672 480 1874 524 accepimus,
1901 481 1931 514 in
1993 491 2073 522 eman
2095 498 2127 514 ω.

1189 532 1410 575 Portugalliae
1436 538 1466 565 et
1493 533 1717 576 Algarbiorum
1743 533 1870 576 regnis,
1897 545 1933 567 ac
1944 521 2044 569 223221'3.
2066 519 2125 541 abro-

1189 584 1304 617 insulis
1324 586 1354 617 in
1377 585 1476 618 lndiis
1500 591 1531 618 et
1551 586 1774 619 ultramarinis
1801 586 1935 630 conqui-

1189 638 1246 670 stis
1278 639 1423 681 ipsorum
1456 649 1634 681 regnorum
1659 639 1878 681 Portugalliae
1903 644 1936 672 et

1190 691 1418 733 Algarbiorum
1453 691 1597 724 dominio
1629 692 1803 735 temporali
1828 692 1935 725 subie-

1189 744 1259 783 ctis,
1277 744 1450 777 monachis
1475 744 1744 787 Congregationis
1767 745 1935 788 Portugal-

1190 796 1250 829 liae
1272 796 1400 830 Ordinis
1421 798 1521 830 sancti
1544 797 1711 831 Benedicti
1739 798 1863 831 diversa
1886 798 1935 831 in-

1192 850 1281 883 dulta
1300 855 1331 883 et
1351 850 1523 893 privilegia
1542 851 1736 895 personalia,
1759 862 1934 894 praeroga-

1191 904 1292 944 tivae,
1319 905 1542 938 immunitates
1580 910 1676 949 atque
1714 905 1935 949 exemptiones

1189 967 1345 990 concessa
1377 958 1602 1001 reperiantur,
1629 959 1715 992 unde
1746 959 1937 1002 gravissima

1189 1011 1220 1042 in
1236 1010 1405 1053 praedicta
1419 1010 1680 1054 Congregatione
1695 1012 1847 1045 scandala
1862 1022 1936 1045 ena—

1189 1064 1251 1104 sci,
1271 1075 1491 1109 magnumque
1512 1066 1708 1098 monasticae
1730 1065 1761 1097 in
1784 1067 1820 1098 ea
1840 1065 1936 1098 disci-

1188 1118 1298 1161 plinae
1317 1124 1347 1151 et
1365 1119 1592 1152 observantiae
1611 1118 1801 1152 relaxationi
1821 1119 1934 1152 ostium

1190 1172 1286 1214 pandi
1314 1172 1514 1215 experientia
1539 1172 1610 1216 ipsa
1635 1178 1838 1216 compertum
1865 1178 1932 1206 estt

1190 1235 1266 1266 nos,
1295 1225 1498 1269 praemissis,
1521 1230 1674 1268 qnantum
1701 1235 1773 1258 611111
1798 1225 1949 1266 Domino,
1978 1234 2126 1272 §tangatiout

1190 1289 1379 1321 possumus,
1408 1279 1446 1312 de
1472 1284 1659 1322 opportuno
1683 1279 1830 1312 remedio
1859 1288 1934 1322 pro·
1945 1267 1964 1282 ἠ
1981 1261 2075 1284 “br'ca'

1191 1331 1318 1371 videre,
1344 1331 1531 1375 salubrique
1561 1342 1597 1364 ac
1622 1342 1800 1376 prosperae
1831 1331 1935 1375 ipsius

1190 1385 1458 1431 Congregationis
1492 1386 1726 1418 monachorum
1764 1385 1934 1419 directioni

1192 1440 1363 1472 consulere
1384 1440 1547 1477 volentes,
1567 1444 1652 1472 motu
1675 1438 1826 1482 proprio,
1846 1449 1883 1472 ac
1900 1449 1937 1471 ex

1192 1495 1279 1526 certa
1294 1492 1428 1525 scientia
1444 1498 1472 1525 et
1488 1495 1609 1525 matura
1628 1492 1865 1526 deliberatione
1883 1501 1938 1525 no-

1192 1547 1275 1587 stris,
1288 1547 1391 1590 deque
1406 1546 1601 1590 apostolicae
1614 1545 1787 1591 potestatis
1800 1545 1937 1589 plenitu-

1193 1601 1278 1640 dine,
1298 1600 1405 1633 omnia
1426 1605 1455 1632 et
1478 1610 1701 1643 quaecumque
1718 1599 1888 1643 privilegia
1906 1603 1938 1632 et

1192 1654 1317 1687 indulta
1334 1654 1527 1697 personalia,
1549 1653 1802 1696 praerogatian
1821 1653 1938 1685 immu-

1193 1708 1310 1740 nitates
1337 1713 1369 1740 et
1395 1706 1619 1750 exemptiones
1645 1706 1811 1749 quibusvis
1830 1705 1934 1739 dictae

1193 1761 1462 1804 Congregationis
1478 1760 1648 1793 monachis
1662 1766 1694 1793 et
1708 1759 1868 1804 personis,
1882 1770 1938 1792 cu·

1194 1816 1383 1859 iussumque
1411 1815 1585 1857 dignitatis,
1613 1815 1779 1858 qualitatis
1806 1820 1837 1848 et
1861 1825 1934 1848 con·

1195 1868 1326 1902 ditionis
1346 1868 1493 1909 existant,
1508 1868 1619 1912 quovis
1639 1869 1743 1909 titulo,
1755 1872 1933 1911 praetextu,

1195 1925 1288 1955 cansa
1313 1927 1340 1955 et
1369 1922 1551 1962 occasione,
1581 1927 1612 1954 et
1637 1922 1675 1955 ad
1701 1922 1937 1965 cuiuscumque

1195 1976 1381 2009 instantiam
1397 1975 1718 2019 etsnpplicationem,
1730 1980 1794 2008 tam
1810 1986 1827 2008 a
1841 1975 1936 2008 nobis

1196 2036 1227 2063 et
1238 2030 1391 2063 Romanis
1404 2028 1613 2062 Pontificibus
1627 2028 1936 2072 praedecessoribus

1197 2084 1330 2123 nostris,
1358 2088 1384 2116 el
1414 2095 1430 2116 a
1456 2082 1623 2126 quibusvis
1648 2082 1679 2115 S.
1710 2082 1743 2114 R.
1769 2082 1803 2115 Ε.
1833 2081 1936 2115 cardi-

1195 2137 1316 2169 nalium
1351 2136 1677 2179 congregationibus,
1695 2146 1805 2178 vquam
1839 2135 1936 2168 etiam

1194 2200 1210 2222 a
1235 2190 1326 2223 Sedis
1361 2189 1569 2233 Apostolicac
1603 2189 1634 2221 in
1671 2189 1791 2222 eisdem
1827 2188 1936 2231 regnis

1196 2243 1340 2283 nuntiis,
1380 2253 1416 2275 ac
1442 2242 1641 2285 quibuslibet
1665 2240 1935 2285 Congregationis

1195 2297 1433 2329 monachornm
1467 2296 1655 2329 huiusmodi
1690 2295 1934 2339 superioribus,

1195 2351 1349 2383 hactenus
1365 2360 1496 2393 quoquo
1512 2349 1608 2382 modo
1624 2354 1739 2381 contra
1757 2353 1789 2381 et
1803 2353 1936 2392 praeter

1194 2403 1358 2446 regularia
1372 2403 1641 2446 Congregationis
1660 2407 1692 2435 et
1705 2402 1835 2435 Ordinis
1847 2411 1936 2445 prae-

1195 2457 1355 2489 dictorum
1383 2457 1528 2489 instituta
1555 2461 1586 2489 et
1602 2456 1798 2500 apostolicas
1815 2455 1936 2488 consti-

1197 2510 1336 2542 tutiones
1352 2519 1515 2549 concessa,
1536 2510 1652 2542 harum
1671 2508 1756 2541 serie
1774 2513 1935 2552 perpetuo

1197 2573 1395 2601 revocamus,
1414 2564 1630 2601 annullamus,
1652 2571 1825 2602 cassamus,
1845 2561 1935 2595 abro-

1195 2626 1305 2659 gamus
1332 2622 1362 2648 et
1387 2617 1556 2649 abolemus
1579 2643 1585 2655 ‚
1620 2617 1739 2658 illaque
1777 2620 1936 2659 perpetuo

1942 219 1992 245 Αη.
2008 219 2035 246 C.
2058 220 2123 248 ¹795
