2170 3147
12 261 104 291 Aac.
127 257 193 286 ¹728

199 313 400 343 conservare,
420 307 596 347 eapropter
614 301 777 345 supplices
797 304 939 344 exorant,

199 364 358 402 quatenus
384 357 537 399 dignetur
564 354 723 388 Sanctitas
749 354 861 387 Vestra
885 363 940 386 ore

199 410 332 454 proprio
357 408 568 452 apostolicam
594 408 679 440 circa
705 407 818 440 eadem
845 405 941 438 dubia

201 467 342 496 mentem
370 461 509 505 aperire.
536 461 637 493 Dubia
667 469 742 492 vero
769 458 941 492 selectiora

203 525 238 549 ac
263 514 412 558 graviora
437 515 519 547 haec
545 518 640 546 sunt:

11 601 192 650 “mul-iigiffirguqfi
242 600 262 621 1.
281 592 336 628 An,
359 590 505 621 stantibus
527 588 693 619 omnimoda
709 586 892 617 subiectione
909 593 941 614 ac

11 640 398 701 iecuffnmnsti.dependentia
433 649 448 669 a
480 637 681 678 superioribus
717 640 766 666 aut
802 634 942 673 delegatis

11 684 133 703 tei-matum
172 686 192 700 in

11 708 107 729 mmm
132 688 323 727 0„.,‚Ordinis
339 688 523 728 praescripta
546 696 560 716 a
579 687 738 716 Sanctitate
756 685 859 714 Vestra
875 693 943 713 con·
963 694 965 723 g

11 735 195 786 {Qefi‘gfffggguffi
206 736 343 767 fratribus
381 740 430 766 aut
470 735 655 773 congregatis
690 740 942 773 quarumcumque

11 786 186 808 ”mmmmm
206 787 377 817 societatum
405 795 456 824 pro
486 789 617 824 tempore
647 784 677 813 in
707 781 855 817 ecelesiis,
879 788 942 809 ora-

208 835 291 866 toriis
313 839 361 865 aut
385 833 522 864 claustris
537 832 654 862 Ordinis
671 829 810 870 praedicti
833 832 944 858 erecta-

206 893 283 921 rum,
307 882 352 912 vel
384 882 472 912 etiam
504 879 742 911 convenientium
776 885 828 916 pro
857 883 944 914 opere

207 933 253 971 pio
282 936 332 961 aut
353 931 507 961 devotione
540 929 638 968 aliqua
669 925 854 961 exercenda,
878 932 946 953 nec-

205 989 265 1009 non
288 978 457 1009 omnimoda
479 976 659 1016 pertinentia
685 975 720 1005 ad
749 973 888 1004 ecclesias
916 976 945 1001 et

205 1031 367 1058 conventus
383 1025 502 1056 Ordinis
525 1025 616 1064 ipsius
638 1022 782 1053 bonorum
806 1029 945 1060 quorum-

205 1084 331 1114 cumque
363 1073 578 1114 praedictarum
611 1071 806 1107 societatum,
841 1068 943 1098 harum

205 1123 368 1154 confratres
398 1122 460 1151 sive
493 1119 673 1158 congregati,
697 1119 784 1148 etiam
819 1116 863 1146 illi
896 1115 944 1154 qui

205 1171 279 1202 alias
291 1171 438 1210 peculiare
451 1169 610 1199 oratorium
627 1177 659 1197 ac
675 1167 843 1197 societatem
859 1164 944 1193 aliam

205 1220 241 1250 ab
262 1220 371 1251 Ordine
390 1217 620 1258 independentes
635 1215 771 1250 habeant,
787 1214 817 1243 in
835 1213 946 1250 eligen-

205 1268 260 1306 dis,
290 1267 487 1304 removendis,
519 1264 667 1295 mutandis
700 1261 885 1295 ot'ficialibuS,
916 1260 944 1289 in

206 1315 453 1356 processionibus,
476 1313 617 1349 custodia,
634 1321 700 1347 usu,
717 1308 947 1340 administratio-

206 1374 242 1395 ne
264 1363 464 1404 quarumlibet
485 1370 595 1397 rerum,
613 1364 700 1399 atque
716 1359 745 1389 in
762 1357 897 1388 omnibus
918 1361 945 1386 et

205 1413 330 1452 singulis
360 1413 426 1443 aliis
455 1420 529 1451 quae
560 1409 832 1449 quomodocumque
860 1405 947 1445 perti-

206 1466 296 1492 neant
317 1462 353 1491 ad
376 1460 530 1491 societates
553 1459 630 1497 ipsas
647 1457 792 1491 fundatas,
809 1455 853 1484 vel
876 1463 947 1493 qua-

207 1515 292 1541 tenus
315 1509 535 1544 convenientes,
559 1512 590 1537 ut
613 1516 712 1546 supra,
736 1506 770 1535 ad
794 1504 944 1539 ecclesias,

207 1558 334 1592 oratoria
357 1562 408 1588 aut
430 1557 571 1592 claustra,
588 1555 768 1594 praedictam
791 1552 947 1582 subiectio-

207 1616 273 1638 nem
297 1611 325 1637 et
346 1605 570 1645 dependentiam
594 1603 647 1634 sub
667 1603 768 1643 poenis
787 1601 816 1631 in
840 1600 947 1631 consti-

209 1656 318 1686 tutione
349 1655 454 1685 taxatis
477 1653 602 1689 habere·⁷
626 1652 744 1687 mobilia
768 1660 837 1680 vero
859 1654 887 1679 et
911 1648 949 1678 si-

208 1709 332 1744 gnanter
355 1713 455 1734 sacrae
478 1703 621 1741 imagines
637 1706 666 1731 et
681 1699 885 1740 supellectilia,
903 1707 948 1727 eo-

208 1761 343 1793 rumque,
368 1752 444 1782 sicut
467 1755 494 1781 et
517 1749 673 1781 cuiuslibet
687 1748 799 1786 altaris,
817 1746 947 1784 oratorii,

209 1801 330 1831 sacrarii
353 1809 386 1830 ac
412 1799 552 1830 ecclesiae
581 1798 696 1835 claves,
728 1806 816 1836 penes
846 1796 949 1826 fratres

210 1849 362 1885 residere;
395 1848 499 1887 hisque
531 1847 694 1877 confratres
727 1850 754 1875 et
781 1843 948 1883 congregati

212 1897 364 1936 praedicti,
388 1901 535 1935 tamquam
558 1896 619 1925 veri
641 1899 669 1925 et
691 1894 841 1933 simplices
863 1893 951 1923 bono-

212 1954 278 1976 rum
300 1945 418 1975 Ordinis
436 1944 563 1974 ministri
584 1948 612 1973 et
633 1943 897 1978 administratores,
920 1941 948 1970 in

215 1993 309 2023 maius
331 1993 380 2023 Dei
402 1992 553 2022 servitium
569 2001 584 2021 a
601 1991 737 2021 fratribus
754 1991 825 2030 ipsis
841 1998 952 2020 assum-

217 2041 269 2080 pti,
302 2044 341 2078 et,
371 2040 439 2070 data
460 2039 561 2069 saltem
584 2039 746 2076 occasione,
770 2038 950 2075 amoribiles,

214 2089 353 2127 privative
374 2088 468 2127 quoad
490 2087 660 2118 Ordinarios
688 2096 888 2125 quoscumque
911 2086 951 2116 lo-

215 2145 328 2174 corum,
345 2136 488 2165 rationem
503 2135 766 2165 administrationis
788 2135 954 2164 cuiuscum-

217 2193 274 2224 que
296 2184 413 2223 generis
434 2183 589 2219 bonorum,
613 2183 698 2213 toties
720 2183 834 2222 quoties
856 2183 953 2222 requi-

217 2234 267 2264 siti
290 2233 410 2269 fuerint‚
433 2232 567 2270 reddere,
584 2241 709 2270 necnon,
724 2233 864 2270 prii-atine
885 2241 953 2271 quo-

217 2290 275 2320 que
297 2280 391 2320 quoad
406 2280 576 2311 Ordinarios
592 2280 768 2319 praedictos,
788 2279 955 2318 superiores

218 2334 367 2368 tamquam
390 2337 458 2358 vere
480 2327 617 2367 propria,
639 2336 672 2357 ac
695 2327 779 2367 pleno
802 2327 865 2357 iure
896 2336 953 2357 non

217 2377 252 2408 ad
275 2376 532 2408 confraternitates
548 2376 664 2415 quasvis
685 2376 825 2406 laicorum
847 2375 898 2405 sed
920 2375 954 2405 ad

217 2425 356 2456 Ordinem
389 2425 578 2464 pertinentia,
608 2433 666 2454 non
701 2424 795 2454 solum
829 2423 954 2454 oratoria

217 2479 266 2505 aut
288 2474 438 2510 ecclesias,
462 2483 536 2513 quae
558 2477 625 2504 ante
646 2473 763 2504 Ordinis
791 2473 955 2511 ingressum

217 2523 252 2553 ad
285 2523 441 2553 societates
472 2521 537 2553 illas
568 2521 756 2561 spectabant,
789 2530 822 2551 ac
854 2520 956 2551 Ordini

218 2571 401 2611 postmodum
424 2579 475 2610 per
496 2570 635 2600 unionem
659 2573 802 2610 perpetuo
826 2577 957 2599 accesse-

217 2624 297 2659 runt,
329 2620 378 2651 sed
408 2620 495 2650 etiam
524 2619 661 2657 oratoria,
691 2618 829 2658 capellas,
854 2617 956 2648 altaria

792 252 986 278 BENEDICTUS
1013 251 1070 276 xm
1095 251 1144 275 PP.

1607 236 1666 270 731
1721 247 1770 272 Αιι.
1791 245 1819 270 c.
1846 245 1910 272 17028

983 300 1158 330 societatum
1177 296 1349 338 quarumvis
1366 296 1397 326 in
1416 294 1540 325 ecclesia
1563 294 1723 333 parochiali

983 348 1102 378 Ordinis
1127 351 1269 386 perpetuo
1295 345 1379 376 unita
1397 345 1442 374 vel
1461 343 1590 373 unienda
1612 346 1724 372 erecta-

984 405 1062 432 rum,
1093 404 1206 425 necnon
1236 395 1406 424 societatum
1427 392 1475 422 SS.
1494 390 1625 421 Nominis
1647 389 1723 425 Iesu,

984 444 1111 480 Rosarii,
1135 444 1319 481 aliarumque
1355 442 1389 471 ad
1421 440 1559 470 Ordinem
1593 442 1726 477 spectan-

985 493 1055 522 tium
1080 491 1181 521 usibns
1204 491 1447 530 quandocumque
1478 493 1558 517 extra
1587 487 1726 516 ecclesias

984 546 1035 571 aut
1057 541 1184 571 claustra
1208 540 1325 570 Ordinis
1347 539 1489 581 destinata
1513 537 1557 567 vel
1579 536 1727 566 destinan-

985 590 1032 626 da,
1050 589 1181 628 quamvis
1197 588 1326 627 ipsarum
1349 586 1519 617 societatum
1543 589 1590 614 aut
1614 584 1728 614 confra-

986 642 1065 667 trum
1089 637 1226 677 expensis
1249 636 1390 665 fabricata
1414 634 1457 663 vel
1473 632 1640 663 fabricanda
1656 656 1663 668 ,
1680 641 1728 661 eo-

986 695 1109 725 rumque
1132 684 1325 724 supellectilia
1342 688 1370 713 et
1386 686 1555 713 ornamenta
1574 673 1729 720 quaecum-

986 744 1053 773 que,
1078 734 1108 763 in
1139 732 1276 763 omnibus
1298 736 1326 762 et
1361 741 1411 770 per
1433 730 1530 760 omnia
1546 753 1553 767 ,
1577 729 1610 758 ad
1634 729 1728 758 instar

987 782 1142 817 bonorum,
1176 780 1402 820 supellectilium
1429 788 1461 808 ac
1490 781 1728 808 ornamentorum

988 830 1162 860 societatum
1183 838 1233 868 per
1255 829 1330 858 solos
1354 829 1458 857 fratres
1480 827 1557 866 ipsos
1579 825 1729 855 dumtaxat

988 880 1017 909 in
1040 878 1176 908 omnibus
1199 882 1228 907 et
1251 886 1302 916 per
1324 876 1420 906 omnia
1443 875 1726 911 administratarum,

988 928 1048 957 sive
1071 927 1143 957 alias
1160 926 1246 965 pleno
1262 926 1325 955 iure
1342 929 1368 954 et
1383 924 1512 954 dominio
1534 923 1568 953 ad
1590 922 1728 953 Ordinem

987 976 1083 1014 ipsum
1108 974 1332 1014 pertinentium,
1351 973 1479 1009 visitare,
1500 977 1646 1010 tamquam
1662 980 1729 1001 vere

988 1023 1173 1062 dispositioni
1207 1022 1329 1052 Concilii
1352 1020 1527 1054 Tridentini,
1562 1029 1634 1049 sess.
1658 1028 1728 1055 xxu,

988 1080 1051 1110 cap.
1070 1079 1117 1100 viu
1141 1076 1168 1100 et
1190 1079 1231 1107 ix,
1257 1069 1450 1108 pluribusque
1466 1067 1729 1105 Congregationum

988 1120 1191 1159 episcoporum
1214 1123 1242 1148 et
1273 1117 1451 1156 regularium
1479 1126 1512 1146 ac
1539 1116 1655 1146 concilii
1681 1116 1731 1145 de-

988 1169 1076 1199 cretis
1099 1178 1156 1198 non
1180 1167 1323 1203 subiecta,
1347 1166 1471 1196 debeant
1494 1175 1527 1195 ac
1550 1164 1728 1195 teneantur?

1029 1227 1058 1247 n.
1084 1219 1145 1254 An,
1170 1217 1298 1256 spectata
1322 1214 1492 1244 immediata
1525 1213 1578 1242 soli
1610 1212 1728 1243 Summo
1754 1221 1842 1250 nui-num
1859 1220 1874 1239 u
1893 1220 1921 1239 rm

988 1266 1127 1297 Pontifici
1150 1275 1181 1294 ac
1205 1265 1352 1294 Romanae
1383 1262 1528 1292 Ecclesiae
1556 1261 1675 1291 Ordinis
1697 1248 1859 1302 ac2222}2.f'.†.¹,',',¹,³
1887 1252 1924 1293 ,2⁴12

989 1315 1119 1344 omnium
1142 1318 1169 1343 ct
1192 1311 1377 1350 singulorum
1408 1310 1441 1340 ad
1472 1310 1568 1349 ipsum
1598 1304 1929 1348 spectan-‘'¹¹¹¹'¹⁹¹¹'s¹'²¹‘'um

1742 1338 1754 1351 a
1778 1331 1924 1350 ltilistit=·1wnu

990 1362 1060 1392 tium
1076 1361 1267 1397 subiectione,
1283 1368 1350 1389 cum
1371 1358 1550 1397 amplissima
1573 1357 1732 1395 exemptio·
1743 1358 1916 1409 e‘ff‘l2'3513fflsslffi

988 1420 1023 1440 ne
1061 1410 1275 1449 praedictorum
1313 1407 1443 1437 omnium
1480 1415 1493 1435 a
1531 1405 1732 1435 iurisdictione
1834 1401 1837 1403 ’
1921 1401 1926 1406 ”

988 1460 1200 1497 cuiuscumque
1222 1456 1354 1491 alterius,
1372 1464 1386 1484 a
1402 1454 1559 1484 Sanctitate
1577 1453 1680 1483 Vestra
1702 1453 1732 1482 in

988 1507 1209 1537 confirmatione
1225 1515 1256 1535 ac
1274 1503 1464 1534 innovatione
1487 1501 1732 1532 constitutionum

989 1555 1246 1596 praedecessorum
1269 1561 1386 1583 suorum
1411 1551 1588 1580 validissime
1605 1550 1732 1579 (innata,

988 1609 1015 1635 et
1038 1605 1061 1634 si
1079 1613 1150 1643 opus
1166 1604 1203 1633 sit
1218 1603 1368 1639 restituta,
1386 1600 1533 1630 Ordinarii
1556 1599 1733 1638 quicumque

989 1654 1132 1690 locorum,
1152 1651 1289 1691 capellas,
1314 1649 1438 1680 oratoria
1456 1652 1505 1678 aut
1520 1648 1624 1678 altaria
1647 1656 1735 1686 quae-

989 1710 1125 1740 cumque,
1153 1701 1240 1730 etiam
1274 1700 1302 1729 in
1335 1698 1465 1736 grangiis
1488 1696 1604 1727 Ordinis
1623 1700 1732 1733 erecta,

990 1754 1039 1780 aut
1069 1750 1098 1780 in
1128 1748 1261 1778 ecclesiis
1297 1746 1514 1786 parochialibus
1537 1744 1639 1775 Ordini
1671 1753 1735 1783 per-

991 1803 1078 1839 petuo
1102 1797 1192 1828 unitis
1215 1797 1258 1826 vel
1276 1796 1424 1831 uniendis,
1442 1795 1545 1824 saltem
1568 1802 1634 1823 cum
1657 1793 1736 1822 clau-

991 1848 1054 1877 sula
1077 1847 1161 1876 salcis
1189 1846 1295 1876 iuribus
1321 1844 1533 1884 episcopalibus,
1558 1846 1673 1882 praeter
1695 1841 1737 1870 at-

992 1901 1054 1926 tare
1080 1894 1248 1934 parochiae,
1272 1903 1304 1923 ac
1327 1896 1421 1922 cetera
1446 1891 1610 1921 animarum
1633 1899 1734 1920 curam

992 1948 1020 1974 et
1043 1943 1329 1974 administrationem
1346 1944 1608 1975 sacramentorum,
1626 1938 1660 1967 ad
1677 1942 1737 1967 tra-

994 1993 1078 2023 mites
1100 1991 1223 2022 Concilii
1239 1990 1419 2025 Tridentini,
1436 1998 1508 2019 sess.
1528 1997 1593 2023 xxv,
1612 1996 1677 2026 cap.
1695 1996 1734 2023 xi,

994 2041 1168 2081 spectantia,
1192 2040 1247 2069 alia
1271 2039 1385 2075 altaria,
1410 2042 1459 2067 aut
1485 2036 1623 2067 ecclesias
1646 2036 1735 2074 ipsas,

995 2094 1043 2121 aut
1066 2094 1251 2125 ornamenta,
1274 2087 1469 2127 supellectilia
1499 2089 1527 2115 et
1554 2084 1672 2115 mobilia
1695 2084 1736 2113 al-

995 2138 1077 2175 taris⁷
1101 2138 1148 2168 cui
1175 2138 1213 2167 sit
1240 2137 1384 2166 adnexum
1414 2134 1591 2165 beneficium
1619 2133 1735 2172 aliquod

995 2187 1156 2223 saeculare,
1170 2196 1183 2214 a
1199 2185 1340 2215 fratribus
1354 2183 1511 2224 praedictis
1525 2182 1629 2221 posita,
1644 2181 1735 2220 posita

995 2243 1064 2264 vero
1086 2244 1100 2263 a
1123 2233 1308 2270 beneficiato,
1332 2242 1389 2262 non
1413 2231 1567 2261 assistente
1588 2228 1737 2268 superiore

995 2283 1080 2312 locali
1109 2282 1225 2312 Ordinis
1253 2281 1392 2317 visitare3
1417 2279 1537 2319 praelati
1568 2287 1635 2308 vero
1662 2277 1737 2307 infe-

996 2330 1100 2367 riores,
1124 2329 1256 2369 parochi,
1280 2328 1417 2368 capitula,
1442 2327 1527 2357 aliive
1550 2325 1649 2356 clerici
1676 2334 1738 2355 sae-

997 2377 1110 2407 culares
1132 2377 1161 2407 in
1184 2376 1328 2413 ecclesiis,
1353 2375 1499 2413 oratoriis,
1523 2373 1671 2409 claustris,
1691 2382 1739 2402 ca-

997 2425 1081 2465 pellis
1104 2425 1338 2464 quibuscumque
1366 2424 1496 2460 Ordinis,
1521 2424 1673 2461 hucusque
1695 2422 1737 2450 ‹li-

996 2474 1062 2512 ctis,
1079 2474 1208 2503 officium
1224 2473 1390 2513 parochiale
1406 2481 1557 2509 exercere,
1581 2471 1737 2501 conciones

997 2526 1047 2551 aut
1078 2530 1227 2551 sermones
1258 2521 1376 2558 habere,
1401 2524 1582 2551 sacramenta
1616 2518 1739 2548 admini-

997 2573 1090 2599 strare
1118 2569 1162 2599 vel
1198 2569 1322 2599 infirmis
1355 2568 1547 2598 ministranda
1580 2566 1735 2604 accipere,

998 2617 1136 2649 cadavera
1153 2618 1289 2658 sepelire,
1307 2617 1363 2657 vel,
1380 2627 1437 2648 non
1453 2615 1648 2647 determinata
1670 2621 1735 2643 cum
