2139 3142
14 249 62 277 Αυ.
77 248 108 276 C.
130 247 196 276 ¹729

74 1044 187 1069 Diei-agatii)

6 1073 168 1092 contrariorum.

782 247 976 272 BENEDICTUS
1001 247 1058 271 xm
1081 247 1132 271 Pr.

202 296 280 336 sore,
299 302 330 329 et
355 301 516 340 tamquam
543 296 621 329 tales
647 307 664 329 a
688 296 819 329 nemine
837 302 940 329 atten-

201 348 244 387 di,
269 358 330 381 nec
353 349 411 382 ulli
444 348 610 392 suffragari
637 359 741 392 posse,
773 353 870 392 atque
896 348 940 380 ita

200 411 259 443 per
284 410 508 445 quoscumque
527 402 658 442 iudices,
678 407 739 434 tam
759 401 940 435 ordinarios

201 463 297 496 quam
323 455 500 497 delegatos,
522 456 633 498 quavis
658 455 849 487 auctoritate
876 454 941 486 fun-

199 512 322 549 gentes,
349 507 445 540 etiam
470 508 501 541 S.
522 508 559 540 R.
579 508 612 540 E.
638 507 817 541 cardinales
843 513 874 540 et
900 507 939 540 de

200 561 301 592 latere
327 561 464 603 legatos,
484 560 617 593 iudicari
643 564 673 593 et
695 559 822 592 definiri
842 560 940 592 debc-

199 621 244 651 re,
270 613 396 646 sublata
420 613 465 645 eis
490 618 520 645 et
545 623 655 646 eorum
690 612 824 645 cuilibet
847 612 941 644 aliter

200 664 362 698 iudicandi
381 670 412 698 et
429 666 667 709 interpretandi
686 666 834 698 facultate
852 676 859 704 ;
888 664 941 697 de-

201 723 372 751 cernentes
397 718 521 752 irritum
541 724 572 751 et
596 719 691 751 inane
710 717 870 760 quidquid
895 728 939 750 se-

200 779 255 802 cus
280 770 313 802 in
338 771 537 814 praemissis,
565 775 597 803 et
622 770 768 813 quolibet
785 770 940 812 praemis-

199 832 320 863 sorum,
348 829 444 866 atque
471 824 532 856 liae
564 825 673 856 nostra
706 822 938 856 constitutione

199 880 424 909 contentorum
451 880 697 915 etstatutorurn,
716 876 764 908 vel
787 875 872 907 circa
891 885 938 913 ea,

198 938 216 960 a
241 938 414 972 quoquam,
440 929 549 972 quavis
575 928 777 968 auctoritate,
800 927 939 960 scienter

197 981 247 1013 vel
271 981 471 1023 ignoranter,
491 981 663 1023 contigerit
684 979 847 1013 attentari.

242 1033 256 1076 ἓ
274 1033 326 1066 ΞΖΟ.
343 1033 411 1067 Non
433 1033 638 1066 obstantibus
653 1031 937 1066 constitutionibus

199 1091 230 1118 et
247 1085 508 1119 ordinationibus
527 1085 726 1129 apostolicis,
745 1085 883 1128 legibus,
902 1095 937 1118 ac

198 1137 292 1171 Urbis
312 1138 511 1171 etRomanae
530 1138 642 1171 Curiae
663 1137 887 1177 tribunalium,
907 1149 937 1171 a·

199 1190 381 1234 liarumque
407 1191 569 1224 curiarum
597 1190 697 1224 nostri
719 1190 934 1224 Ecclesiastici

198 1243 305 1276 Status
330 1253 367 1276 ac
391 1244 603 1286 Legationum
623 1243 874 1287 praedictarum,
894 1248 937 1276 et-

200 1297 262 1329 iam
277 1297 467 1337 iuramento,
485 1297 731 1330 confirmatione
746 1296 935 1340 apostolica,

198 1351 248 1383 vel
267 1351 377 1393 quavis
395 1350 546 1383 firmitate
565 1349 628 1383 alia
647 1350 818 1389 roboratis,
839 1354 937 1382 statu-

201 1403 247 1443 tis,
266 1403 367 1446 styliS,
384 1403 684 1443 consuetudinibus,
704 1414 794 1446 quas,
808 1403 833 1435 si
852 1412 936 1445 quae

199 1456 325 1496 forent,
352 1466 412 1499 per
432 1461 622 1499 praesentes
648 1456 897 1499 comprobamus
912 1455 934 1495 ¹,

198 1509 370 1551 nullasque
396 1513 427 1541 et
452 1509 608 1542 invalidas
629 1518 698 1542 csse
725 1508 934 1548 declaramus,

198 1561 378 1604 privilegiis
410 1572 550 1604 quoque,
588 1561 720 1594 indultis
752 1567 783 1594 et
817 1561 935 1594 litteris

200 1614 387 1657 apostolicis
414 1614 446 1646 in
472 1614 667 1647 contrarium
685 1614 935 1657 praemissorum

200 1667 309 1700 forsan
327 1667 573 1710 quomodolibet
591 1667 759 1706 concessis,
779 1666 937 1710 approba-

200 1719 238 1751 tis
275 1724 307 1752 et
342 1719 528 1758 innovatis;
570 1719 689 1762 quibus
726 1719 874 1752 omnibus
906 1725 938 1752 et

199 1772 349 1814 singulis,
376 1771 499 1805 etiamsi
525 1782 583 1815 pro
609 1773 738 1805 illorum
765 1771 936 1804 sufficienti

200 1824 412 1866 derogatione
439 1825 477 1857 de
499 1824 564 1857 illis
588 1835 763 1868 eorumque
794 1825 868 1857 totis
893 1829 937 1857 te-

200 1877 334 1910 noribus
351 1878 518 1919 specialis,
537 1877 702 1920 specifica,
728 1888 881 1921 expressa
905 1883 936 1910 et

200 1929 385 1969 individua,
404 1941 439 1963 ac
457 1930 496 1963 de
513 1931 613 1963 verbo
638 1931 677 1963 ad
695 1932 847 1970 verbum,
870 1941 936 1963 non

201 1986 305 2014 autem
323 1992 381 2025 per
399 1983 559 2015 clausulas
578 1985 745 2025 generales
769 1983 853 2016 idem
881 1984 937 2016 im-

200 2039 377 2077 ponantes,
403 2035 524 2068 mentio
549 2045 604 2068 seu
631 2037 764 2078 quaevis
795 2036 857 2069 alia
887 2046 937 2069 cx-

200 2086 329 2130 pressio
362 2087 524 2127 habenda,
554 2094 608 2120 aut
640 2089 748 2131 aliqua
779 2089 937 2131 exquisita

202 2140 303 2173 forma
335 2140 374 2173 ad
408 2141 470 2173 hoc
495 2141 652 2173 servanda
678 2141 781 2181 foret,
806 2147 936 2174 tenores

200 2193 401 2233 huiusmodi,
428 2203 463 2226 ac
487 2193 513 2239 si
540 2193 579 2226 de
606 2193 702 2227 verbo
728 2194 768 2227 ad
791 2193 935 2234 verbum,

200 2246 283 2279 nihil
312 2246 442 2290 penitus
471 2246 591 2280 omisso
620 2251 651 2279 ct
678 2246 780 2280 forma
817 2246 848 2279 in
874 2246 938 2279 illis

201 2299 319 2332 tradita
340 2299 520 2339 observata,
540 2299 651 2333 inserti
679 2299 793 2339 forent,
816 2299 937 2332 eisdem

1618 235 1682 270 853
1729 245 1914 273 Amet-129

984 295 1106 329 cialiter
1131 299 1163 328 et
1183 305 1332 338 expresse
1351 295 1544 338 derogamus
1561 306 1569 335 ;
1589 295 1719 328 ceteris-

983 358 1046 391 que
1071 347 1239 380 contrariis
1265 347 1534 391 quibuscumque.

1026 401 1041 443 g
1065 400 1118 432 021.
1141 400 1292 433 Volumus
1314 404 1430 442 autem,
1452 404 1498 440 ut,
1526 400 1644 443 elapsis
1666 400 1720 432 tri·
1771 413 1814 432 uae
1829 413 1913 433 iunii-ua

983 454 1042 486 bus
1067 454 1244 496 respective
1270 453 1374 486 dictae
1399 459 1531 487 nostrae
1556 454 1663 492 Urbis,
1688 440 1914 491 et{³3³2ss&ss[sil-¹12²*

984 505 1170 549 quindecim
1195 505 1307 538 diebus
1331 511 1480 549 respectu
1508 506 1604 539 totius
1628 517 1721 549 prae-

985 558 1059 591 dicti
1076 558 1178 591 nostri
1193 558 1299 591 Status
1310 557 1536 597 Ecclesiastici,
1548 564 1720 601 postquam

985 616 1172 653 praesentes
1196 610 1293 643 valvis
1319 610 1474 643 ecclesiae
1496 610 1721 643 Laterauensis

984 669 1015 695 ct
1031 663 1182 695 basilicae
1204 662 1364 705 Principis
1383 663 1611 705 Apostolorum
1636 663 1722 695 eius-

985 715 1057 748 dem
1082 714 1176 748 Urbis
1206 720 1238 747 et
1268 715 1299 747 in
1332 715 1400 747 acie
1426 715 1636 757 Campiflorae
1662 725 1722 758 per

984 767 1123 810 aliquem
1160 778 1195 801 ex
1233 767 1351 800 nostris
1388 768 1576 800 cursoribus
1609 767 1721 800 affixae

984 825 1015 853 et
1033 821 1215 863 publicatae
1233 820 1365 860 suerint,
1383 830 1494 853 omnes
1512 826 1544 853 et
1560 821 1720 863 singulos,

984 878 1046 905 tam
1069 873 1102 905 in
1125 873 1209 906 Urbe
1235 883 1329 916 quam
1356 873 1388 906 in
1416 878 1481 906 toto
1507 873 1593 906 Statu
1612 873 1722 906 Eccle-

982 925 1109 958 siastico
1127 930 1157 958 et
1168 925 1398 968 Legationibus
1410 926 1598 959 existentes¹
1613 926 1722 969 perin-

982 977 1020 1010 de
1047 978 1194 1020 obligent
1218 983 1249 1011 et
1274 983 1409 1018 arctent,
1434 989 1470 1011 ac
1494 978 1518 1010 si
1544 979 1721 1022 unicuique

981 1040 1090 1063 eorum
1123 1031 1344 1074 personaliter
1368 1036 1400 1064 et
1423 1030 1614 1064 nominatim
1647 1031 1721 1064 inti-

981 1088 1083 1116 matae
1102 1083 1254 1123 fuissent,
1270 1088 1369 1126 utque
1389 1094 1498 1116 carum
1514 1084 1720 1127 transumptis
1770 1095 1832 1115 rates
1856 1098 1913 1115 mn.

981 1136 1076 1169 etiam
1112 1136 1291 1180 impressis,
1319 1147 1412 1170 manu
1448 1137 1564 1171 notarii
1598 1124 1866 1181 ptiblici⁸⁰¹'¹¹'¹⁰m'¹''

979 1190 1181 1233 subscriptis,
1208 1196 1239 1223 et
1263 1190 1369 1232 sigillo
1394 1191 1528 1224 alicuius
1554 1201 1717 1233 personae

981 1242 1012 1274 in
1031 1242 1188 1284 dignitate
1208 1243 1425 1276 ecclesiastica
1443 1243 1639 1277 constitutae
1656 1253 1721 1275 mu-

980 1295 1068 1335 nitis,
1087 1296 1199 1329 eadem
1225 1306 1358 1338 prorsus
1384 1295 1465 1329 fides
1492 1296 1523 1328 in
1545 1296 1662 1329 iudicio
1688 1300 1721 1329 ct

980 1353 1069 1381 extra
1087 1348 1291 1387 adhibeatur,
1314 1359 1395 1392 quae
1412 1349 1605 1382 eisdemmet
1630 1359 1721 1392 prae—

979 1401 1135 1440 sentibus,
1163 1401 1187 1434 si
1223 1401 1388 1434 exhibitae
1424 1402 1472 1435 vel
1498 1407 1645 1435 ostensae
1671 1412 1719 1434 cs-

979 1459 1061 1494 sent,
1087 1454 1310 1487 adhiberetur.

1023 1508 1037 1551 g
1062 1506 1115 1540 ⁶2⁶2.
1141 1507 1226 1541 Nulli
1265 1518 1342 1550 ergo
1378 1508 1510 1541 omnino
1547 1508 1716 1542 hominum
1729 1516 1913 1562 Nrj=7=0¹=apfq³3

979 1561 1075 1594 liceat
1100 1561 1184 1593 hanc
1208 1561 1360 1603 paginam
1395 1566 1526 1594 nostrae
1560 1548 1900 1594 constitu-ffi'ssi'nssss'n'.'¹⁶⁶

979 1614 1086 1654 tionis,
1111 1614 1295 1653 sanctionis,
1322 1614 1413 1656 legis,
1439 1614 1559 1652 statuti,
1587 1615 1716 1653 decreti,

979 1667 1220 1706 declarationis,
1248 1666 1471 1710 dispositionis
1506 1672 1537 1700 et
1567 1667 1718 1700 iussionis

979 1721 1166 1763 infringere,
1188 1721 1238 1753 vel
1265 1720 1292 1753 ei
1318 1721 1492 1753 temerario
1526 1731 1603 1753 ausu
1642 1731 1718 1754 con-

981 1774 1103 1809 trcire;
1148 1774 1173 1806 si
1206 1773 1277 1816 quis
1315 1779 1419 1806 autem
1458 1773 1521 1806 hoc
1559 1778 1718 1806 attentare

980 1826 1257 1870 praesumpserit,
1283 1825 1538 1868 indignationem
1570 1827 1719 1870 omnipo-

980 1879 1077 1912 tentis
1116 1879 1170 1911 Dei
1220 1889 1257 1911 ac
1289 1878 1458 1912 beatorum
1495 1879 1718 1922 apostolorum

979 1931 1063 1964 Petri
1090 1937 1122 1964 et
1145 1931 1233 1964 Pauli
1259 1941 1292 1964 se
1318 1931 1447 1964 noverit
1471 1931 1686 1964 incursurum.

1022 1984 1135 2016 Datum
1157 1984 1288 2023 Romae,
1310 1984 1394 2026 apud
1419 1983 1449 2017 S.
1474 1984 1613 2024 Petrum,
1633 1994 1717 2017 anno

980 2036 1214 2079 luminationis
1232 2036 1415 2070 dominicae
1440 2046 1646 2077 iimccxxtxvi,
1664 2037 1718 2070 ka-

980 2090 1092 2123 lendas
1109 2089 1259 2128 octobris,
1274 2088 1486 2132 pontificatus
1500 2089 1603 2122 nostri
1618 2100 1717 2122 an.v1.

1016 2150 1078 2177 Dat.
1094 2150 1138 2177 die
1152 2150 1186 2176 96
1201 2149 1370 2186 septembris
1388 2150 1470 2185 1729,
1483 2150 1583 2186 pontif.
1600 2158 1673 2178 anno
1685 2156 1718 2177 vt.

1241 2282 1461 2316 CCLXXXVH.

200 2352 424 2395 praesentibus
448 2362 507 2395 pro
541 2354 639 2396 plene
676 2357 708 2385 et
742 2352 939 2385 sufficienter
984 2353 1206 2395 Confirmatio·
1236 2352 1397 2386 decretum
1434 2355 1551 2397 nuperi
1581 2353 1720 2397 capituli

201 2405 357 2447 expressis
383 2410 414 2438 et
442 2405 571 2438 insertis
598 2405 778 2445 habentes,
798 2405 837 2437 ad
863 2403 938 2437 efl'c-

201 2462 287 2489 etum
308 2457 542 2501 praesentium,
565 2457 695 2501 illisque
717 2458 795 2490 alias
821 2457 852 2490 in
878 2468 938 2491 suo

200 2510 319 2544 robore
343 2510 583 2554 permansuris,
610 2511 725 2544 harum
749 2511 833 2545 serie
858 2521 934 2555 spc-

239 2627 248 2653 1
272 2624 382 2653 Videtur
406 2625 553 2661 legendum
574 2624 758 2661 reprobamus
777 2625 817 2662 (n.
833 2625 883 2661 ¹12).

1023 2405 1186 2448 yeneralis
1205 2405 1340 2439 Ordinis
1361 2405 1540 2446 Minorum,
1563 2406 1649 2450 quod
1667 2417 1719 2439 vo-

1025 2457 1107 2490 cales
1142 2457 1320 2490 Indz'arum
1345 2457 1605 2491 Occidentalium
1641 2458 1721 2491 dicti

1026 2510 1174 2552 Ordinis,
1187 2511 1246 2554 qui
1255 2510 1451 2544 Discalceati
1469 2516 1717 2556 nuncupantur,

1023 2564 1093 2606 frui
1105 2563 1240 2597 debeant
1251 2565 1398 2608 praemio
1415 2569 1443 2598 et
1456 2566 1720 2609 praeeminentes

1017 2626 1027 2652 1
1052 2624 1121 2652 Edit.
1143 2625 1221 2653 Maia.
1243 2625 1308 2661 legit
1327 2627 1481 2655 eaez'scentis
1499 2628 1537 2662 (n.
1554 2628 1603 2662 Τ.).
