2170 3147
0 229 52 258 An.
72 227 100 255 C.
120 225 186 255 ¹722

189 271 312 307 suerat¹
334 273 398 314 uti,
422 271 533 317 potiri,
559 271 619 304 frui
640 276 671 304 et
695 271 839 314 gaudere
865 281 922 314 po-

189 332 320 361 tuerunt
355 337 410 359 seu
442 326 536 359 etiam
563 325 754 364 debuerunt,
785 323 921 356 auctori-

189 384 252 412 tate
285 378 465 422 apostolica
496 377 693 410 concesserit
725 381 757 409 et.
781 376 921 418 assigna-

188 432 278 471 verit,
296 437 328 465 et
351 431 442 471 alias,
462 434 560 474 prout
584 430 615 462 in
642 429 717 463 dicti
739 427 919 461 Innocentii

187 483 447 527 praedecessoris
472 483 504 515 in
530 483 632 515 forma
657 481 767 514 Brevis
793 480 850 512 sub
868 490 921 512 an-

187 538 264 570 nulo
275 536 453 570 Piscatoris
472 536 613 578 desuper
627 534 787 578 expeditis
804 532 918 566 litteris

187 589 283 622 etiam
308 589 436 632 plenius
478 588 689 627 continetur;
727 591 759 619 et
782 585 918 618 subinde

187 643 388 685 singularum
424 641 584 675 dictarum
621 640 803 674 litterarum
840 638 920 671 alio-

186 705 322 738 rumque
357 694 610 738 praemissorum
650 697 780 725 tenores
821 690 918 724 etiam

185 747 329 780 veriores
361 757 396 780 ac
427 747 534 785 datas,
571 755 700 779 necnon
741 743 818 777 alias
844 742 919 776 dicti

187 799 282 832 officii
307 799 477 833 vicariatus
503 799 686 838 facultates,
711 798 735 830 si
762 807 844 840 quae
870 806 920 829 es-

187 857 276 893 sent,
303 863 363 896 pro
388 852 548 896 expressis
574 852 711 891 habens,
738 849 920 883 antedictas

187 905 284 939 officii
309 905 480 939 vicariatus
515 904 701 938 huiusmodi
741 903 922 936 concessio-

186 968 260 992 nem
285 963 317 991 et
341 957 602 1000 assignationem,
620 962 718 996 motu,
735 956 871 989 scientia
891 961 922 987 et

187 1011 356 1054 potestatis
382 1009 587 1054 plenitudine
613 1010 773 1043 similibus
804 1008 922 1042 contir-

187 1064 323 1098 maverit
347 1069 378 1097 et
402 1063 646 1106 approbaverit3
674 1063 843 1106 ipsumque
869 1063 922 1095 Fa-

187 1117 317 1149 britium
343 1116 542 1149 cardinalem
561 1116 594 1148 in
611 1125 702 1148 suum
728 1120 758 1148 et
774 1114 868 1147 Urbis
886 1125 921 1148 ac

188 1169 413 1203 suburbiorum
440 1174 472 1202 et
507 1169 673 1202 districtus
705 1168 922 1211 praefatorum

189 1222 350 1262 vicarium,
377 1231 503 1254 necnon
529 1222 691 1254 Romanae
709 1221 821 1253 Curiae
847 1221 924 1253 iudi-

189 1284 258 1308 cem
274 1274 474 1308 ordinarium
489 1274 596 1307 denuo
614 1273 835 1316 assumpserit,
851 1283 924 1306 con-

188 1327 328 1360 stituerit
353 1332 384 1360 et
401 1327 615 1370 deputaverit,
635 1336 757 1364 curam,
775 1326 923 1369 regimen

189 1385 221 1413 et
244 1380 555 1413 administrationem
592 1380 795 1423 liberumque
833 1389 924 1412 exer-

190 1432 298 1466 citium
323 1432 420 1465 officii
447 1432 632 1465 huiusmodi
668 1431 814 1475 plenarie
840 1442 925 1465 com-

190 1485 358 1525 mittendo,
384 1495 455 1518 cum
480 1489 638 1528 potestate
668 1484 774 1517 omnia
811 1490 842 1517 et
859 1485 924 1517 sin-

190 1538 264 1580 gula
307 1537 454 1577 faciendi,
496 1537 701 1580 disponendi,
738 1536 920 1575 ordinandi,

189 1590 361 1623 mandandi
389 1595 420 1622 et
452 1589 642 1632 exequendi,
679 1599 761 1632 quae
794 1589 831 1621 ad
865 1589 923 1621 hu-

189 1642 326 1676 iusmodi
345 1642 514 1677 vicariatus
532 1642 670 1675 officium
682 1642 720 1674 de
739 1642 817 1679 iure,
830 1643 921 1685 stylo,

188 1694 444 1734 consuetudine,
472 1700 530 1733 ,aut
564 1695 642 1727 alias
676 1694 923 1737 quomodolibet

188 1747 353 1790 pertinere
379 1746 624 1788 dignoscuntur,
646 1752 677 1779 et
701 1757 782 1790 quae
808 1757 921 1779 omues

189 1799 244 1833 atii
270 1799 376 1833 vicarii
396 1799 502 1839 Urbis,
537 1799 669 1842 eiusque
694 1800 921 1832 suburbiorum

190 1858 223 1885 et
246 1853 427 1893 districtus,
452 1853 490 1886 de
516 1853 599 1893 iure,
626 1854 707 1896 stylo
733 1858 765 1885 et
789 1863 922 1886 consuc-

191 1905 311 1946 tudine,
328 1906 378 1939 vel
399 1905 462 1938 alio
489 1915 694 1948 quocumque
717 1905 813 1938 modo
832 1911 864 1938 et
888 1906 923 1938 ti-

192 1959 259 1992 tulo
277 1958 395 1999 dicere,
414 1959 529 1999 facere,
544 1959 704 1997 ordinare,
723 1959 876 1992 mandare
891 1964 923 1991 et

192 2011 306 2055 exequi
331 2016 482 2054 poterant
506 2016 538 2044 et
562 2011 738 2050 debebant,
766 2022 802 2044 ac
827 2011 921 2044 etiam

192 2065 302 2107 vigore
316 2064 459 2097 omnium
477 2068 507 2097 et
528 2074 803 2107 quorumcumque
822 2064 924 2098 indul-

193 2122 309 2156 torum,
334 2116 518 2150 facultatum
542 2121 574 2149 et
599 2117 841 2160 privilegiorum
865 2128 924 2160 per

192 2169 333 2202 felicium
357 2169 619 2202 recordationum
643 2170 775 2202 Paulum
796 2170 835 2211 ll,
861 2170 924 2203 Cle-

192 2228 331 2256 mentem
344 2223 404 2263 VII,
428 2223 558 2255 Paulum
578 2223 624 2262 111,
644 2223 759 2256 Iulium
777 2223 853 2256 item
875 2224 922 2263 III,

191 2275 280 2308 Pium
305 2275 353 2315 IV,
380 2274 470 2307 Pium
495 2275 528 2316 V,
566 2274 766 2308 Clementem
790 2275 863 2315 VIII,
894 2287 925 2308 a-

189 2328 315 2371 liosque
342 2327 502 2360 Romanos
528 2327 697 2361 Pontifices
734 2328 926 2371 praedeces-

189 2390 278 2413 sores
303 2387 444 2421 nostros,
469 2386 544 2413 tunc
568 2391 653 2421 suos,
678 2391 923 2421 concessorum,

190 2439 263 2467 ante
287 2434 410 2467 litteras
446 2434 518 2476 piae
553 2434 725 2467 memoriae
755 2434 844 2467 Pauli
870 2434 925 2466 Pa-

768 221 960 246 BENEDICTUS
986 221 1043 245 XIII
1068 221 1116 245 Pr.

964 270 1030 310 sui,
1057 271 1116 303 sub
1149 269 1258 302 datum
1289 269 1436 302 kalendis
1475 268 1578 301 martii
1612 277 1697 300 anno

964 323 1197 356 Incarnationis
1241 322 1425 356 dominicae
1465 331 1563 355 innexi
1603 330 1699 363 super

964 375 1195 409 reformatione
1223 375 1432 408 tribunalium
1458 374 1551 407 Urbis
1576 373 1697 412 editas,

963 439 1034 461 cum
1060 428 1331 462 declarationibus
1356 433 1462 461 tamen
1488 433 1519 461 et
1543 427 1699 460 reforma-

964 480 1108 513 tionibus
1133 480 1293 513 contentis
1325 480 1357 512 in
1387 480 1504 512 litteris
1540 478 1698 522 praedicti

963 532 1051 566 Pauli
1074 533 1178 575 Papae
1197 532 1229 572 V,
1254 532 1340 564 iuxta
1361 542 1450 574 quas,
1470 537 1501 564 et
1520 531 1698 574 respective

963 585 1001 618 ad
1027 596 1101 619 eum
1127 591 1244 618 statum
1270 585 1301 617 in
1328 595 1390 628 quo
1416 588 1507 617 erant
1532 589 1606 616 ante
1632 594 1701 616 eas-

963 639 1036 672 dem
1062 638 1185 671 litteras
1211 637 1345 680 praefati
1363 637 1453 670 Pauli
1476 637 1507 677 V,
1534 637 1630 669 ctiam
1657 636 1701 669 fe-

963 691 1033 725 licis
1057 690 1291 724 recordationis
1311 690 1518 723 Innocentius
1535 689 1620 732 Papa
1638 689 1701 729 XII,

963 743 1113 777 similiter
1137 743 1371 786 praedecessor
1393 747 1513 782 noster,
1532 748 1607 775 tunc
1625 741 1701 774 dicti

964 795 1143 829 innocentii
1180 795 1270 835 XIII,
1297 796 1328 828 in
1365 795 1430 828 suis
1455 794 1572 828 litteris
1605 804 1703 837 super

964 849 1207 892 suppressione,
1233 847 1413 881 abolitione
1438 852 1468 880 et
1489 846 1701 890 abrogatione

966 902 1176 936 tribunalium
1194 907 1226 935 et
1242 902 1387 935 iudicum
1409 901 1502 934 Urbis
1521 912 1556 934 ex
1575 900 1703 944 privile-

965 957 1024 1000 giis
1047 956 1299 989 constitutorum
1318 955 1413 988 editis
1431 959 1462 988 et
1486 953 1646 997 expeditis
1664 963 1703 985 xv

965 1011 1120 1043 kalendas
1145 1009 1287 1043 octobris
1312 1019 1397 1042 anno
1426 1007 1570 1041 eiusdem
1598 1007 1704 1040 Incar-

966 1063 1105 1096 uationis
1131 1062 1314 1095 dominicae
1339 1071 1490 1101 MDCXCII,
1519 1061 1703 1101 facultates,

965 1116 1135 1160 privilegia
1148 1121 1179 1149 et
1197 1115 1321 1148 indulta
1339 1115 1458 1148 vicario
1479 1124 1539 1158 pro
1559 1119 1703 1157 tempore

966 1169 1113 1202 existenti
1130 1168 1234 1200 dictae
1248 1167 1354 1208 Urbis,
1372 1167 1507 1210 eiusque
1527 1167 1705 1206 districtus,

967 1234 1025 1265 per
1049 1222 1215 1265 praefatos
1233 1226 1263 1253 et
1281 1221 1362 1253 alios
1382 1221 1479 1253 ctiam
1502 1221 1705 1263 posteriores

966 1276 1129 1308 Romanos
1149 1273 1321 1306 Pontifices
1340 1283 1507 1313 concessa,
1527 1273 1558 1305 in
1577 1273 1706 1306 iudicia-

967 1328 1051 1361 libus
1078 1327 1241 1360 dumtaxat
1268 1326 1395 1359 reduxit
1420 1336 1475 1359 seu
1500 1326 1705 1366 reformavit,

968 1391 1046 1424 quas
1071 1379 1203 1423 quidem
1234 1378 1484 1412 constitutiones
1510 1379 1708 1421 praedeces-

967 1443 1075 1467 sorum
1101 1432 1297 1471 liuiusmodi,
1323 1431 1497 1474 omniaque
1523 1437 1554 1463 et
1579 1431 1707 1474 singula

966 1486 1101 1526 indulta,
1128 1485 1295 1518 facultates
1314 1489 1345 1517 et
1365 1484 1548 1528 privilegia,
1569 1489 1605 1516 ut
1620 1495 1707 1527 prac-

967 1540 1078 1578 fertur,
1106 1537 1211 1571 officio
1244 1537 1413 1569 vicariatus
1450 1537 1638 1570 huiusmodi
1676 1542 1707 1570 et

968 1591 1094 1623 vicariis
1129 1589 1284 1633 praefatis
1319 1589 1351 1621 in
1389 1589 1598 1622 iudicialibus
1631 1600 1706 1623 con-

966 1655 1054 1678 cessa
1080 1650 1109 1677 et
1136 1644 1174 1676 ad
1201 1648 1319 1675 statum
1346 1643 1526 1686 praefatum
1559 1643 1704 1682 redacta,

966 1707 1101 1741 quarum
1128 1702 1160 1728 et
1184 1706 1323 1739 quorum
1352 1701 1482 1728 tenores
1501 1695 1585 1728 idem
1611 1695 1706 1729 Inuo-

966 1750 1088 1783 centius
1115 1749 1179 1781 XIII
1204 1749 1441 1791 praedecessor
1465 1758 1526 1791 pro
1551 1749 1649 1791 plene
1675 1754 1707 1781 et

966 1803 1166 1835 sufficienter
1184 1801 1347 1845 expressis
1365 1806 1396 1834 et
1417 1801 1546 1834 insertis
1569 1802 1706 1842 habeus,

966 1857 1067 1889 salvas
1094 1861 1125 1889 et.
1151 1856 1236 1888 salva
1262 1866 1341 1895 esse,
1361 1866 1397 1888 ac
1414 1855 1446 1887 in
1465 1865 1523 1888 suo
1542 1854 1706 1888 firmitatis

966 1910 1086 1942 robore
1112 1918 1305 1951 permanere
1331 1908 1523 1948 declaravit,
1550 1908 1651 1942 voluit
1671 1913 1707 1941 >et

966 1961 1142 2000 mandavit,
1167 1972 1295 1994 necnon
1321 1961 1398 1994 alias
1427 1966 1458 1994 et
1475 1961 1541 2001 illa,
1562 1972 1621 2004 pro
1647 1972 1705 2005 po-

968 2015 1040 2048 tiori
1066 2015 1203 2054 cautela,
1230 2014 1409 2057 apostolica
1435 2015 1625 2047 auctoritate
1652 2025 1706 2057 ap=

966 2067 1163 2111 probaverit,
1185 2066 1426 2099 confirmzu'erit
1443 2071 1475 2099 et
1491 2067 1705 2106 innovaverit‚

967 2121 1156 2164 eisdemque
1182 2120 1288 2153 modis
1315 2125 1346 2152 et
1371 2119 1493 2159 formis,
1523 2119 1641 2163 quibus
1665 2119 1705 2152 ab

966 2174 1045 2217 ipsis
1070 2173 1380 2216 praedecessoribus
1414 2173 1480 2205 suis
1502 2178 1703 2213 emanarunt,

967 2227 1128 2260 similibus
1155 2226 1344 2259 auctoritate
1371 2231 1403 2259 et
1428 2231 1539 2259 tenore
1560 2227 1600 2259 de
1619 2237 1704 2259 novo

967 2285 1126 2323 perpetuo
1152 2279 1354 2312 concesserit
1379 2283 1410 2311 et
1434 2278 1624 2320 indulserit,
1652 2279 1705 2311 fir—

967 2332 1028 2365 mis
1064 2342 1193 2375 quoque
1230 2338 1261 2364 et
1300 2331 1421 2365 illaesis
1458 2332 1704 2365 remanentibus

968 2386 1039 2418 aliis
1064 2385 1210 2423 indultis,
1237 2384 1417 2428 privilegiis
1443 2389 1475 2417 et
1500 2385 1705 2419 facultatibus

968 2437 1132 2471 iudicialia
1150 2448 1216 2470 non
1237 2437 1495 2480 respicientibus,
1518 2438 1624 2470 eidem
1643 2449 1704 2481 pro

189 2497 248 2529 pae
266 2487 300 2528 V,
321 2487 416 2520 etiam
436 2488 696 2530 praedecessoris
715 2489 828 2529 nostri,
849 2494 924 2522 tunc
969 2496 1115 2534 tempore
1142 2490 1291 2523 existenti
1321 2490 1442 2523 vicario
1475 2495 1505 2524 ct
1529 2491 1702 2524 vicariatus

225 2557 235 2582 1
255 2556 301 2584 vel
316 2557 426 2584 verbum
440 2559 538 2591 suerat
553 2558 712 2593 delendum,
726 2559 765 2586 „el
783 2559 924 2594 legendum
967 2543 1072 2575 offici0
1090 2543 1362 2586 quandocumque
1382 2543 1476 2576 etiam
1498 2549 1570 2585 post
1587 2544 1703 2575 dictam

188 2601 471 2637 quibusalii,quz·in
484 2603 560 2631 dicta
575 2601 923 2639 Urbe...sueramtffnxns.
967 2595 1232 2630 reformationem
1259 2596 1393 2639 praefati
1414 2596 1501 2628 Pauli
1522 2596 1542 2626 V
1568 2595 1705 2638 praede*-

1616 209 1659 243 83
1706 218 1757 244 An,
1778 217 1807 245 c.
1826 217 1892 244 1724
