2139 3142
369 220 436 253 908
920 226 1101 250 numanum
1127 225 1280 250 namnum

326 280 553 314 Universitates
587 279 681 312 studii
702 277 868 320 generalis,
895 296 933 300 —-
960 276 1200 309 Universitatem
1225 277 1320 310 studii
1345 277 1503 319 generalis
1537 277 1568 310 in
1603 277 1727 311 civitate
1760 277 1869 312 Came-

417 333 536 365 rinensi
561 331 665 374 erigit,
691 330 754 364 579
781 331 798 362 b
824 336 854 363 et
878 341 938 373 seq.

327 385 543 419 Urbinatensis
568 383 718 416 ecclesiae
747 383 865 415 erectio
893 383 924 415 in
953 382 1251 426 metropolitanam,
1279 382 1371 427 eique
1396 382 1549 415 subiectio
1575 382 1727 415 ecclesiae
1756 382 1865 425 Eugu-

415 439 507 471 binae
534 447 590 480 per
615 436 869 469 constitutionem
895 435 940 468 Pii
965 436 1012 474 IV,
1039 435 1102 469 1188
1128 447 1148 468 α
1173 441 1202 468 ct
1226 447 1304 480 seq.;
1332 435 1572 468 Urbinatensem
1598 435 1680 467 inter
1704 439 1734 466 et
1757 434 1867 477 Eugu-

416 491 523 524 binam
550 490 712 523 ecclesiam
739 490 796 522 hac
818 499 853 522 ex
879 499 913 522 re
941 495 1027 522 ortas
1051 488 1279 522 contraversias
1307 493 1447 529 enarrat,
1472 487 1535 520 188
1560 488 1577 520 b
1601 493 1631 520 et
1654 498 1731 531 seq.;
1756 487 1870 520 iterum

415 543 613 586 Eugubinam
639 542 810 575 subiectam
836 541 995 581 declarat,
1021 541 1080 574 1191
1111 541 1128 573 b
1153 546 1183 573 et
1207 552 1282 585 seqx,
1309 541 1509 574 Urbinatensi
1534 540 1685 574 ecclesiae
1709 546 1870 583 metropo-

416 597 531 629 litanae
570 595 735 639 privilegia
770 595 902 628 adaucta
938 599 1083 634 enarrat,
1109 594 1168 627 <191
1199 605 1228 626 α.

1088 701 1110 731 v

327 798 507 841 Vectigalia.
532 817 576 821 ——
601 798 632 831 In
667 798 868 840 vectigalium
901 797 1098 830 fraudatores
1132 807 1150 829 a
1174 797 1281 830 multis
1311 797 1450 830 Summis
1486 796 1691 831 Pontificibus
1724 797 1874 832 constitu-

415 852 518 885 tiones
542 851 641 884 editas
662 851 756 884 fuisse
782 851 892 891 refert,
910 850 972 883 702
998 861 1017 883 α
1042 855 1072 883 et
1091 861 1170 893 seq.;
1189 849 1221 882 in
1244 849 1442 883 fraudatores
1459 850 1702 884 constitutiones
1719 852 1872 894 quasdam

417 905 623 938 Summorum
650 904 838 937 Pontificum
863 908 1023 936 emanatas
1048 902 1266 942 confirmavit,
1291 902 1463 935 declaravit
1484 907 1514 935 et
1538 903 1689 946 extendit,
1715 903 1778 937 703
1801 904 1819 936 b
1843 910 1875 938 et

413 969 495 1001 seq.;
521 957 559 990 ad
591 957 732 989 fraudem
764 956 964 996 evitandam,
990 962 1019 988 et
1050 955 1088 988 ad
1121 956 1317 990 fraudatores
1348 956 1471 988 facilius
1500 956 1819 1000 comprehendendos
1843 963 1874 991 et

415 1010 613 1054 puniendos,
638 1010 790 1042 nonnulla
814 1009 939 1049 statuit,
965 1009 1029 1043 705
1053 1010 1080 1041 b.

327 1065 476 1098 Vetralla.
501 1083 543 1087 —
567 1064 710 1104 Terram,
736 1063 832 1105 vulgo
870 1063 1015 1095 Vetralla
1039 1073 1055 1094 a
1080 1062 1300 1095 iurisdictione
1326 1062 1482 1106 praesulis
1508 1061 1732 1104 gubernatoris
1769 1064 1873 1098 Viter-

417 1118 535 1150 biensis
562 1118 593 1150 in
618 1117 871 1160 quibuscumque
896 1116 998 1149 causis
1023 1116 1156 1153 exemit,
1183 1114 1246 1147 750
1271 1126 1290 1147 a
1315 1121 1345 1147 et
1370 1116 1403 1155 l›;
1430 1115 1534 1158 quoad
1560 1126 1669 1148 causas
1693 1117 1876 1152 criminales

416 1170 577 1214 quomodo
604 1180 704 1202 novus
729 1169 925 1211 gubernator
951 1169 981 1201 in
1007 1168 1170 1212 praedicta
1195 1170 1279 1201 terra
1304 1178 1337 1200 se
1361 1178 1474 1210 gerere
1497 1167 1605 1207 debet,
1632 1168 1690 1201 751
1720 1181 1740 1203 α
1766 1175 1796 1202 et
1819 1171 1846 1203 b.

329 1224 384 1256 Via
410 1224 528 1257 Crucis.
552 1242 597 1247 ——
621 1223 695 1255 Viae
727 1222 836 1256 Crucis
873 1222 1025 1255 exercitio
1061 1221 1244 1253 vacantibus
1279 1220 1490 1263 indulgentias
1520 1221 1674 1265 quasdam
1707 1222 1746 1254 ab
1780 1223 1874 1257 Inno-

418 1276 522 1309 centio
551 1276 604 1309 §211
631 1285 796 1308 concessas
827 1275 923 1307 fuisse
947 1275 1062 1316 refert,
1086 1273 1151 1307 339
1177 1274 1211 1314 b·‚
1243 1274 1431 1307 exercitium
1463 1274 1662 1317 praedictum
1696 1276 1875 1318 peragenti-

419 1329 476 1362 bus
497 1329 673 1361 Minoribus
697 1328 727 1361 S.
752 1328 932 1368 Francisci,
959 1328 1094 1371 aliisque
1119 1327 1163 1359 eis
1188 1327 1357 1367 subiectis,
1382 1327 1538 1370 praefatas
1563 1327 1775 1370 indulgentias
1799 1339 1876 1362 con-

419 1382 543 1422 firmat,
568 1387 598 1414 et
623 1381 660 1413 ad
687 1381 765 1414 alios
790 1381 942 1414 exercitio
968 1381 1093 1414 laudato
1119 1390 1248 1424 operam
1275 1380 1385 1412 dantes
1410 1379 1565 1420 extendit,
1590 1379 1650 1412 341
1679 1392 1699 1414 α
1725 1385 1756 1413 et
1778 1381 1805 1413 b.

327 1435 472 1467 Yiearius
497 1434 599 1468 Urbis.
618 1453 660 1458 —
677 1434 833 1467 Cardinali
859 1434 977 1467 vicario
996 1433 1089 1466 Urbis
1109 1433 1249 1467 Fabritio
1270 1434 1414 1467 Paulatio
1435 1443 1540 1477 nuper
1564 1433 1665 1466 electo
1682 1434 1789 1467 omnia
1808 1433 1878 1468 iura

420 1489 512 1522 solita
536 1499 553 1520 a
579 1487 877 1531 praedecessoribus
902 1497 1051 1520 concessa
1076 1488 1197 1531 pariter
1223 1487 1380 1520 concessit
1409 1486 1598 1519 Benedictus
1618 1487 1703 1528 XIII,
1736 1487 1778 1521 82
1803 1499 1824 1521 a
1848 1493 1879 1521 et

420 1552 493 1585 seq.;
520 1541 621 1573 eidem
648 1541 871 1573 cumulativam
897 1544 1085 1584 potestatem
1111 1540 1142 1572 in
1166 1540 1315 1573 omnibus
1340 1540 1443 1573 causis
1475 1550 1566 1574 more
1590 1540 1732 1574 iudicum
1757 1541 1881 1575 ordina—

419 1594 540 1626 riorum
567 1594 727 1626 Romanae
751 1593 862 1626 Curiae
887 1604 903 1625 a
929 1593 1088 1627 Clemente
1112 1603 1261 1626 concessa
1286 1593 1381 1626 fuisse
1401 1593 1507 1635 refert,
1525 1592 1569 1626 84
1585 1593 1620 1634 b;
1638 1604 1771 1638 eamque
1795 1594 1880 1629 iuxta

420 1652 562 1679 tenorem
590 1646 691 1678 dictae
719 1646 954 1679 constitutionis
978 1646 1146 1679 Clementis
1171 1647 1195 1678 X
1219 1647 1261 1678 illi
1288 1646 1441 1687 restituit,
1464 1645 1506 1678 85
1530 1658 1549 1679 (ι
1575 1652 1606 1679 et
1628 1647 1653 1679 b.

336 1700 515 1733 Vincentius
536 1699 596 1742 (B.)
629 1710 646 1731 a
673 1700 780 1732 Paulo.
812 1719 855 1724 -—
879 1700 967 1733 Serri
993 1700 1047 1732 Dei
1074 1699 1226 1732 vincentii
1251 1711 1268 1731 a
1301 1699 1399 1732 Paulo
1424 1699 1689 1742 Congregationis
1724 1699 1881 1735 Missionis

422 1759 452 1785 et
476 1753 656 1785 Puellarum
681 1752 850 1785 Charitatis
874 1752 1052 1785 fundatoris
1076 1752 1186 1786 laudes
1210 1758 1374 1793 recenset,
1400 1751 1463 1785 837
1488 1764 1529 1793 a,
1567 1752 1606 1785 ad
1631 1752 1771 1786 eiusdem
1792 1754 1881 1787 Servi

421 1806 475 1838 Dei
500 1806 768 1839 beatificationem
795 1805 938 1838 deveniri
965 1816 1075 1849 posse,
1101 1805 1367 1848 Congregatiouis
1399 1806 1527 1838 Rituum
1553 1806 1735 1847 decretum,
1759 1805 1823 1840 837
1843 1808 1877 1848 b;

423 1859 578 1891 Vincentii
604 1858 757 1901 praedicti
782 1858 863 1891 servi
887 1858 940 1891 Dei
964 1858 1177 1898 beatificatio,
1198 1857 1261 1891 838
1286 1870 1306 1891 α
1331 1864 1361 1891 et
1385 1859 1412 1891 b.

335 1912 516 1945 Vincentius
542 1912 602 1954 (S.)
628 1912 817 1951 Ferrerius,
842 1912 914 1944 ride
937 1911 1163 1954 Indulgentiae.

333 1965 475 1997 Visitatio
500 1964 690 2007 Apostolica.
710 1983 752 1988 -—
768 1964 961 1997 Visitationis
981 1965 1178 2008 Apostolicae
1203 1964 1410 1998 ecclesiarum
1427 1969 1457 1998 et
1473 1966 1618 1998 locorum
1637 1966 1765 2010 piorum
1790 1967 1884 2001 Urbis

424 2017 694 2050 continuationem
720 2017 861 2049 decrevit
886 2017 1073 2051 Benedictus
1098 2018 1182 2057 XIII,
1210 2017 1251 2050 70
1275 2019 1301 2051 b.

336 2071 523 2104 Viterbium.
550 2090 592 2094 -—-
619 2071 748 2103 Vitcrbii
775 2071 993 2113 gubernatori,
1018 2076 1052 2103 ut
1076 2081 1109 2102 se
1133 2070 1305 2104 abstineret
1329 2071 1368 2103 ab
1392 2071 1639 2106 administranda
1664 2072 1884 2108 iurisdictione

426 2124 458 2156 in
479 2125 564 2157 terra
589 2124 684 2166 vulgo
715 2124 866 2165 Vetrcdla,
891 2124 1038 2163 inhibuit,
1064 2123 1121 2157 751
1152 2135 1171 2156 α
1196 2129 1226 2156 et
1250 2123 1276 2156 b.

337 2178 486 2211 Votantes
510 2178 690 2219 signaturae
716 2178 862 2210 iustitiae.
888 2197 932 2202 -—
958 2177 1141 2209 Votantibus
1166 2176 1347 2219 signatur-ae
1372 2176 1519 2218 iustitiae,
1544 2183 1578 2211 ut
1608 2183 1732 2221 gestare
1755 2186 1886 2223 possent

427 2241 555 2273 semper
578 2236 608 2263 et
633 2230 751 2274 ubique
777 2231 875 2273 galeri
901 2230 1126 2264 redimiculum
1151 2230 1288 2263 cerdone
1312 2231 1407 2273 vulgo
1432 2235 1651 2275 nuncupatum
1677 2231 1795 2265 coloris
1819 2233 1885 2266 vio-

427 2283 517 2323 lacei,
543 2283 682 2322 indulsit,
708 2282 772 2316 585
797 2284 813 2317 b
838 2290 868 2317 et
891 2295 952 2328 seq.

338 2336 491 2368 Votorum
517 2335 723 2379 dispensatio.
747 2356 791 2360 —-
815 2337 1015 2379 Magistratus
1039 2341 1070 2368 et
1094 2337 1213 2370 electos
1238 2337 1371 2370 civitatis
1396 2337 1645 2381 Pampilonensis
1669 2349 1686 2370 a
1710 2343 1796 2379 voto,
1820 2349 1884 2382 quo

428 2399 496 2421 sese
521 2389 755 2423 adstrinxerant
778 2391 920 2423 scenicas
946 2400 1061 2433 operas
1085 2396 1116 2422 et
1140 2390 1324 2423 comoedias
1347 2391 1435 2424 nullo
1466 2401 1606 2434 unquam
1639 2397 1784 2436 tempore
1814 2402 1886 2436 per-

428 2442 598 2484 missuros,
623 2443 815 2487 dispensavit
839 2449 869 2476 et
893 2443 1043 2485 absolvit,
1072 2442 1134 2476 79ss
1160 2445 1177 2477 b
1203 2451 1235 2477 et
1258 2455 1317 2489 seq.

818 2569 1402 2593 —wmae——h
