2170 3147
22 207 77 235 An.
96 204 124 233 C.
143 204 208 232 1725

34 737 139 763 Exposuit]
151 736 205 756 sacti,

817 201 1008 225 BENEDICTI'S
1034 201 1088 224 XIII
1114 201 1161 224 Pr.

525 250 631 282 xxm.

217 321 437 364 Confirmalur
482 320 642 352 decretum
684 320 950 362 Conqreyatioiiis

259 385 354 417 super
378 373 554 416 disciplina
573 372 722 415 reyulari
740 383 836 414 super
853 373 949 414 resor-

258 427 398 459 malione
419 426 455 458 iii
485 425 608 457 duobus
640 424 847 456 comentibus
876 435 951 467 pro-

258 479 385 511 vinciae
405 478 436 512 S.
464 478 591 511 Alberli
622 478 657 509 in
686 487 785 519 reyno
816 477 952 510 Siciliae

261 530 396 564 Ordinis
424 530 459 564 Β.
488 531 530 563 M.
558 530 596 562 de
620 530 725 562 Monte
751 528 927 563 Curmelo'.

395 609 577 636 Benedictus
598 609 676 642 Papa
696 608 775 639 xm,

352 654 388 680 ad
408 654 540 680 futuram
563 653 609 680 rei
630 653 814 680 memoriam.

260 724 426 767 §*l.Alias,
437 733 494 766 pro
509 728 600 766 parte
615 723 724 755 dilecti
740 722 794 754 filii
810 722 952 755 Clemen-

219 778 257 809 tis
274 777 458 819 Castiglioni
474 776 591 819 prioris
605 775 810 818 provincialis
825 775 952 817 provin-

217 831 282 862 ciae
303 829 333 862 S.
355 829 478 862 Alberti
501 829 532 861 in
555 838 656 870 regno
675 827 803 860 Siciliae
821 827 950 860 Ordinis

217 883 327 914 beatae
353 881 469 915 Mariae
496 881 534 913 de
560 881 666 913 Monte
691 880 849 920 Carmelo,
871 880 952 913 Con—

218 934 395 976 gregationi
414 933 645 966 venerabilium
668 934 800 965 fratrum
826 939 952 965 nostro-

219 998 288 1019 rum
315 987 346 1019 S.
368 987 404 1019 R.
421 987 455 1019 E.
472 986 686 1019 cardinalium
709 992 739 1019 et
761 986 951 1019 dilectorum

218 1039 358 1072 filiorum
391 1039 553 1071 Romanae
587 1038 698 1071 Curiae
732 1039 951 1081 praelatorum

218 1102 316 1134 super
341 1092 512 1134 disciplina
538 1091 677 1133 regulari
697 1091 878 1134 specialiter
904 1091 953 1123 de-

218 1151 347 1186 putatae
372 1145 529 1188 expositQ
561 1145 647 1187 quod
675 1145 744 1187 ipse
781 1147 844 1176 uua
881 1155 950 1176 cum

219 1197 403 1230 definitorio
416 1198 560 1230 eiusdem
575 1197 762 1240 provinciae
778 1197 952 1239 perfectam

219 1251 398 1292 regularem
424 1250 658 1282 observantiam
689 1255 721 1282 et
750 1250 954 1281 reformatio—

219 1313 293 1335 nem
319 1303 350 1334 in
383 1302 512 1334 duobus
544 1302 730 1344 provinciae
769 1302 952 1334 huiusmodi

220 1355 432 1388 conventibus
469 1354 674 1387 introducere
707 1365 832 1387 necnon
867 1365 952 1387 com-

221 1418 349 1441 munem
375 1408 470 1440 vitam
496 1407 669 1440 observare
695 1407 904 1447 intendebat,
923 1414 954 1441 et

221 1461 260 1494 ad
286 1461 374 1494 hunc
400 1460 546 1493 effectum
573 1461 709 1493 dilectus
731 1461 850 1503 pariter
870 1460 953 1493 silius

221 1513 321 1546 abbas
347 1514 489 1546 Andreas
513 1513 644 1546 Statella
666 1513 811 1546 marchio
830 1513 891 1546 loci
914 1514 952 1546 de

219 1565 441 1608 Spaccaforno‚
467 1575 524 1608 pro
551 1575 588 1598 eo
613 1576 708 1608 quem
733 1576 809 1608 erga
834 1565 952 1597 dictum

219 1618 369 1652 Ordinem
395 1618 478 1661 gerit
502 1618 681 1651 devotionis
707 1618 832 1658 affectu,
849 1618 954 1651 reddi—

220 1677 268 1704 tus
293 1671 481 1704 eorumdem
508 1676 724 1704 conventuum
758 1682 816 1715 pro
842 1677 954 1704 manu-

220 1725 364 1757 tentione
389 1724 557 1757 duodecim
584 1724 807 1767 religiosorum
836 1735 953 1767 augere

219 1783 349 1821 paratus
374 1784 455 1817 erat,
472 1777 609 1821 ideoque
636 1788 693 1820 pro
720 1782 809 1821 parte
831 1778 953 1820 praedi-

220 1831 262 1862 cti
282 1830 453 1863 Clementis
475 1830 593 1873 prioris
615 1830 822 1872 provincialis
847 1831 951 1863 eidem

220 1881 466 1925 Congregationi
512 1883 714 1926 supplicato,
741 1888 775 1914 ut
814 1889 953 1925 quatuor

220 1939 393 1977 sequentes
429 1934 632 1967 conditiones
666 1945 723 1977 pro
761 1935 865 1967 dictae
904 1945 952 1967 re-

221 1986 424 2020 formationis
459 1986 609 2019 firmitate
636 1987 806 2020 admittere
833 1987 949 2020 vellet:
975 1987 976 2006 ³

221 2049 243 2072 ι.
259 2038 350 2076 Quod
374 2049 456 2071 unus
469 2039 600 2081 quidem
619 2049 654 2071 ex
672 2039 799 2072 duobus
825 2039 952 2083 praedi-

223 2091 280 2123 ctis
294 2091 506 2124 conventibus
521 2102 579 2134 pro
594 2092 761 2132 novitiatu,
781 2093 862 2125 alter
878 2103 952 2125 vero

222 2154 282 2187 pro
322 2144 517 2187 professorio
558 2150 589 2176 et
627 2144 730 2177 studio
770 2145 926 2187 assignari
944 2156 951 2185 3

222 2205 257 2228 ii.
278 2195 317 2228 Ut
340 2196 494 2238 praedicti
521 2196 583 2229 duo
609 2201 784 2229 conventus
810 2207 897 2230 nunc
923 2202 954 2229 et

221 2258 281 2292 pro
298 2253 440 2292 tempore
460 2249 607 2282 existenti
627 2249 723 2292 priori
744 2250 885 2292 generali
903 2249 954 2282 Oi·-

256 2356 265 2379 1
291 2352 344 2379 Hac
364 2353 397 2379 de
417 2362 445 2380 re
467 2353 525 2380 vide
546 2353 623 2380 etiam
637 2354 714 2380 huius
725 2353 861 2381 Pontificis
870 2357 953 2381 const.

220 2397 263 2424 ed.
275 2403 430 2431 unccxxvn,
443 2398 486 2424 die
507 2398 539 2424 15
555 2398 717 2431 decembris,
739 2398 835 2433 pontif.
851 2404 885 2425 w.
899 2397 956 2424 Cle-

219 2441 317 2468 mentis
337 2448 398 2468 vero
419 2440 451 2467 XI
471 2447 557 2468 const.
579 2441 643 2469 edit.
665 2448 774 2475 unccxi,
795 2442 838 2468 die
855 2443 886 2467 w
906 2449 955 2467 no-

221 2486 346 2518 vembris,
367 2485 461 2520 pontif.
480 2493 514 2518 xi,
532 2485 697 2512 reducuntur
712 2485 800 2512 studia
815 2490 841 2513 et
856 2486 955 2520 gradus

218 2529 247 2556 in
265 2529 363 2557 Ordine
384 2529 586 2556 Carmelitaruin
603 2529 635 2556 ad
650 2530 762 2557 formam
777 2530 955 2564 quorumdam

218 2574 390 2603 decretorum
411 2573 518 2610 capituti
538 2573 682 2610 generalia.

993 249 1075 281 dinis
1113 248 1319 287 huiusmodi,
1350 249 1454 281 donec
1492 253 1523 280 et
1560 257 1727 290 quousque

993 311 1054 333 una
1080 300 1199 333 vicaria
1223 311 1281 343 pro
1306 305 1502 333 memoratae
1529 300 1730 332 reformatio-

994 353 1042 386 nis
1067 354 1301 396 propagatione
1328 353 1524 395 erigeretur,
1546 353 1729 386 immediate

994 406 1128 446 subiici3
1152 416 1200 438 111.
1222 405 1312 443 Quod
1339 406 1464 447 priores
1490 405 1728 448 praedictorum

994 465 1209 492 conventuum
1235 469 1251 491 a
1276 459 1439 501 religiosis
1466 459 1496 491 in
1523 459 1587 491 illis
1620 459 1659 491 de
1687 459 1730 491 fa-
1765 470 1771 479 ·-

994 511 1081 544 milia
1118 512 1415 550 commorantibus,
1456 512 1639 554 usquedum
1680 522 1731 545 sii-

994 564 1141 607 pradicta
1166 564 1284 596 vicaria
1311 569 1421 596 erecta
1445 562 1577 596 minime
1605 563 1730 601 suisset,

996 617 1085 660 etigi3
1113 628 1152 650 iv.
1181 616 1271 655 Quod
1298 617 1337 649 ab
1371 616 1528 649 eiusmodi
1566 616 1730 659 provincia

995 670 1141 713 quolibet
1178 669 1317 702 triennio
1351 669 1514 712 religiosis
1549 669 1732 702 reformatis

996 732 1096 765 usque
1122 722 1160 754 ad
1188 723 1320 755 totalem
1346 722 1432 754 illius
1464 722 1732 754 reformationem

996 785 1080 807 unus
1106 780 1284 808 conventus
1309 774 1466 818 assignari
1486 775 1666 818 respective
1684 775 1733 807 de·

995 828 1134 860 herent:
1169 827 1376 861 conditiones
1408 838 1483 860 vero
1508 838 1524 860 a
1549 827 1734 871 supradicta

996 881 1257 924 Congregatione
1293 880 1506 913 cardinalium
1544 880 1730 923 requisitae,

996 936 1081 978 quod
1109 935 1231 968 dotatio
1249 935 1490 978 praedictorum
1516 940 1732 967 conventuum

997 1000 1014 1021 a
1037 988 1123 1021 dicto
1150 988 1281 1021 Andrea
1307 987 1368 1020 iam
1391 987 1472 1020 facta
1498 992 1529 1020 et
1554 997 1733 1020 consensus

997 1052 1013 1074 a
1037 1041 1136 1084 priori
1163 1040 1353 1084 provinciali
1373 1045 1404 1073 et
1427 1039 1615 1073 definitorio
1640 1050 1735 1084 prae-

996 1094 1088 1127 stitus
1120 1094 1236 1134 fuerit,
1263 1100 1424 1127 conventu
1450 1092 1650 1136 Syracusano
1675 1103 1733 1136 pro

996 1147 1154 1180 novitiatu
1192 1152 1223 1180 et
1257 1147 1321 1180 alio
1359 1148 1397 1180 de
1429 1146 1649 1190 Spaccaforno
1674 1156 1734 1190 pro

998 1200 1196 1243 professorio
1236 1205 1268 1232 et
1307 1199 1413 1232 studio
1453 1198 1623 1241 assignatis
1663 1209 1734 1231 cum

998 1253 1180 1285 redditibus
1213 1251 1448 1284 sufficientibus
1474 1262 1534 1294 pro
1564 1250 1734 1284 duodecim

997 1305 1227 1347 religiosorum
1253 1305 1512 1337 substentatione
1539 1304 1734 1347 fabricisque

998 1357 1188 1390 necessariis
1213 1368 1272 1400 pro
1298 1357 1453 1389 novitiatu
1480 1362 1511 1389 et
1536 1356 1733 1400 professorio

998 1416 1029 1443 et
1053 1411 1171 1451 studio,
1191 1411 1277 1443 iuxta
1303 1411 1434 1443 decreta
1458 1421 1475 1443 a
1501 1410 1603 1443 felicis
1628 1420 1735 1443 recor-

998 1464 1137 1496 dationis
1163 1464 1330 1497 Clemente
1352 1463 1436 1506 Papa
1454 1463 1517 1495 Vlll
1542 1463 1736 1506 praedeces-

998 1526 1070 1548 sore
1097 1520 1209 1548 nostro
1235 1515 1340 1555 edita,
1368 1515 1563 1558 adimpletae
1594 1515 1732 1548 fuerint:

998 1573 1029 1600 et
1052 1567 1179 1600 demum
1206 1568 1411 1611 reperiantur
1436 1568 1549 1609 viginti
1575 1567 1732 1610 religiosi,

998 1620 1053 1663 qui
1079 1620 1344 1653 reformationem
1368 1620 1557 1653 huiusmodi
1584 1620 1735 1663 amplecti

998 1674 1191 1714 desiderant,
1218 1674 1301 1706 inter
1327 1684 1407 1717 quos
1434 1678 1496 1706 tres
1514 1675 1656 1706 actuales
1682 1673 1735 1706 de-

999 1726 1154 1766 finitores,
1190 1726 1336 1770 quinque
1373 1727 1405 1759 in
1443 1728 1532 1759 sacra
1570 1726 1736 1769 theologia

997 1779 1140 1822 magistri
1168 1779 1363 1822 provinciae,
1390 1785 1420 1812 et
1444 1779 1593 1812 nonnulli
1619 1779 1671 1812 alii
1702 1789 1735 1812 e-

998 1832 1121 1865 iusdem
1147 1832 1273 1865 Ordinis
1310 1833 1422 1865 fratres
1448 1833 1543 1865 etiam
1573 1832 1734 1875 simplices

998 1891 1224 1925 numerantur,
1252 1891 1380 1928 praeter
1406 1896 1470 1919 uon
1497 1885 1657 1918 modicum
1684 1896 1736 1918 ec-

998 1938 1252 1971 clesiasticorum
1279 1944 1309 1971 et
1335 1939 1491 1971 laicorum
1519 1938 1658 1971 familiae
1676 1939 1736 1971 cla-

998 1991 1090 2023 ritate
1117 1990 1304 2033 insignium,
1332 1991 1384 2034 qui
1412 1991 1547 2033 ,Ordinis
1579 1991 1735 2034 praedicti

999 2042 1143 2074 habitum
1159 2043 1219 2074 sub
1238 2041 1403 2084 praedicta
1421 2042 1650 2075 reformatione
1669 2052 1735 2075 sus-

998 2093 1107 2135 cipere
1133 2093 1318 2125 intendunt:
1344 2093 1504 2125 emanavit
1525 2104 1541 2125 a
1566 2093 1732 2136 praedicta

997 2143 1256 2185 Congregatione
1275 2143 1487 2176 cardinalium
1507 2143 1671 2176 decretum
1695 2148 1735 2175 te·

998 2193 1084 2226 noris
1110 2193 1288 2236 sequentis,
1315 2193 1484 2226 videlicet:

1037 2245 1124 2275 Sacra
1147 2245 1342 2283 Congregatio
1364 2254 1452 2284 super
1473 2244 1626 2285 disciplina
1649 2255 1734 2284 regu·

999 2342 1114 2375 tarum,
1138 2338 1282 2367 referente
1315 2338 1549 2368 eminentissimo
1583 2338 1734 2375 Fabrono,

998 2384 1134 2420 censuit,
1159 2393 1246 2422 super
1277 2384 1417 2423 expositis
1447 2387 1570 2414 oratoris
1600 2385 1735 2423 precibus

998 2439 1061 2459 esse
1077 2430 1264 2459 annuendum
1282 2430 1360 2459 iuxta
1378 2430 1478 2469 petita,
1496 2431 1650 2460 contrariis
1673 2432 1737 2470 qui-

999 2476 1180 2515 buscumque
1203 2485 1258 2505 non
1283 2474 1477 2506 obstantibus.
1502 2476 1604 2505 Datum
1628 2476 1735 2506 Romae

999 2523 1052 2552 hac
1080 2522 1127 2552 die
1157 2531 1226 2552 xxm
1248 2522 1412 2552 decembris
1434 2531 1593 2553 uoccxxm.
1616 2522 1649 2552 F.
1673 2531 1735 2553 cai·-

999 2569 1103 2602 dinalis
1125 2569 1291 2600 victurius
1314 2587 1351 2593 -
1374 2568 1405 2599 F.
1430 2569 1594 2608 episcopus.

1647 189 1688 222 77
1736 197 1788 225 An.
1811 197 1839 225 c.
1858 198 1923 225 im

1044 2291 1048 2296 -
1147 2292 1151 2296 -
1434 2291 1439 2296 .
1525 2291 1529 2297 .
1558 2291 1563 2296 .
1756 2274 1924 2293 I)⁴¹·'st![tlt¹iCtvll·

998 2292 1069 2328 lari,
1087 2291 1184 2321 audito
1208 2295 1289 2329 patre
1311 2291 1440 2329 generali
1464 2290 1580 2321 Ordinis
1597 2293 1882 2325 Carmeliaeavogaiiouis.
