2170 3147
0 273 24 293 a.
39 264 70 293 C.
90 264 157 293 1729

0 1223 68 1244 flissao
79 1225 98 1244 et
110 1223 156 1244 offi-

0 1251 2 1270 i
17 1251 119 1271 recitandi
130 1250 155 1271 de

0 1277 97 1298 saunitas
108 1283 155 1298 con·

3 1304 66 1325 duur.

769 263 965 290 BENEDICTUS
991 265 1049 290 xm
1072 265 1119 290 ΓΡ.

165 312 299 346 Sanctae
324 313 397 346 Scdi
424 323 524 356 super
548 313 611 347 hoc
637 314 804 347 humiliter
827 324 901 357 por-

165 365 260 398 rectis
286 365 429 408 bcnigne
454 366 611 407 inclinati,
630 366 669 399 dc
696 367 900 410 supradictae

165 417 430 461 Congregationis
456 419 664 452 cardinalium
698 420 833 453 consilio
871 424 923 452 et*

165 481 317 512 assensu,
344 472 534 505 auctoritate
560 473 754 517 apostolica,
789 479 900 506 tenore

165 525 403 567 praesentium,
430 525 654 568 indulgemus,
679 531 714 558 ut
738 526 901 569 praetatus

164 587 275 610 servus
301 578 356 610 Dei
380 578 501 611 Fidelis
528 590 544 611 a
569 578 774 621 Sigmaringa
799 579 902 621 impo-

164 635 284 663 sterum
310 631 397 663 Beati
424 632 554 665 nomine
575 637 795 675 nuncupetur,
819 632 902 664 eins·
923 620 925 682 ζ

165 693 227 725 que
268 693 384 726 corpus
422 689 453 717 et
489 684 648 728 reliquiae
696 684 925 717 venerationi'

164 735 308 769 fidelium
336 737 422 779 (non
448 743 555 770 tamen
582 738 613 770 in
638 736 924 780 processionibus¹

165 788 468 831 circumferendae)
494 795 719 833 exponantur,
744 789 901 831 imagines

166 851 295 884 quoquc
315 841 422 882 radiis,
443 842 674 884 splendoribus
692 847 900 882 exornentur,

165 904 202 927 ac
227 894 266 927 de
292 905 330 927 eo
349 895 521 938 quotannis
540 895 591 929 die
610 896 710 928 felicis
733 895 801 928 eius
821 901 903 928 tran-

165 947 264 987 situs,
292 957 346 980 seu
373 947 434 980 alia
461 948 512 981 die
539 959 602 981 non
629 948 788 992 impedita
814 949 901 981 illam

165 999 353 1033 immediate
379 1001 547 1043 sequenti,
572 1002 730 1034 recitetur
762 1002 902 1034 osticium

166 1059 198 1086 et
224 1053 322 1087 missa
346 1054 531 1087 celebretur
557 1053 595 1087 de
620 1051 783 1087 communi
809 1054 902 1087 unius
924 1058 926 1068 ¹

165 1106 314 1149 martyris
339 1107 426 1139 iuxta
444 1107 590 1140 rubricas
609 1107 758 1140 breviarii
786 1112 817 1140 ct
833 1108 904 1140 mis-

166 1159 241 1192 salis
267 1160 403 1193 romani.

166 1267 285 1299 missae
318 1267 573 1300 celebrationem
611 1267 799 1300 huiusmodi

168 1319 374 1352 concedimus
399 1321 564 1353 dumtaxat
595 1320 625 1352 in
663 1320 813 1352 universo
850 1319 905 1351 Or-

168 1372 243 1406 dine
268 1373 425 1407 Minorum
456 1373 486 1406 S.
514 1373 674 1406 Francisci
708 1373 905 1416 Capuccino-

167 1436 236 1458 rum
261 1426 428 1471 utriusque
466 1437 576 1467 sexus,
604 1437 700 1470 quem
738 1427 823 1459 idem
848 1426 903 1459 Dei

168 1488 279 1512 servus
304 1479 458 1523 martyrio
489 1480 680 1520 illustravit,
708 1481 739 1512 in
766 1480 838 1513 loco
866 1480 904 1512 de

167 1531 372 1576 Sigmaringa
386 1533 548 1566 dioecesis
563 1533 820 1566 Constanticnsis
835 1543 905 1576 pro-

166 1584 290 1618 vinciae
314 1585 520 1628 Moguntinae
537 1613 544 1626 ,
573 1586 605 1618 in
631 1596 696 1629 quo
721 1591 814 1619 natus
841 1592 903 1627 est,

168 1639 200 1671 in
223 1639 343 1683 oppido
375 1641 503 1674 civitate
541 1646 730 1684 nuncupato
756 1641 903 1684 Friburgi

170 1692 274 1726 dictae
301 1693 467 1735 dioecesis,
492 1694 544 1726 ubi
572 1696 755 1737 regularem
782 1695 905 1737 profes-

168 1745 293 1779 sionem
319 1747 436 1788 emisit,
464 1748 580 1792 diuque
607 1754 749 1781 versatus
776 1748 845 1789 suit,
874 1748 904 1780 in

169 1800 294 1833 civitate
320 1799 478 1841 Curiensi,
504 1801 557 1833 ubi
585 1801 688 1844 ipsius
714 1811 841 1844 corpus,
869 1811 904 1834 ac

169 1862 252 1896 pago
277 1853 495 1886 Vcldekirchii
531 1853 698 1887 Curiensis
731 1853 904 1894 dioecesis,

171 1905 225 1938 ubi
241 1905 310 1938 eius
327 1906 469 1939 cranium
492 1907 671 1950 respective
691 1912 904 1947 asservantur,

172 1956 211 1988 ab
235 1958 384 1991 omnibus
408 1959 578 2002 utriusque
599 1969 696 1993 sexus
714 1959 907 1992 christifide-

171 2009 256 2042 libus
288 2015 350 2043 tam
383 2011 601 2044 saecularibus
627 2022 724 2054 quam
749 2012 906 2054 regulari—

171 2061 248 2103 bus,
272 2063 324 2106 qui
349 2063 388 2096 ad
413 2064 509 2096 horas
536 2064 709 2097 canonicas
737 2069 905 2105 tenentur,

174 2119 220 2157 et,
239 2121 393 2158 quantum
419 2117 458 2149 ad
475 2116 591 2149 missas
608 2117 735 2157 attinet,
754 2117 849 2150 etiam
867 2118 906 2150 ab

172 2169 323 2202 omnibus
359 2170 582 2203 sacerdotibus
615 2171 654 2203 ad
689 2171 841 2204 ecclesias
876 2171 907 2204 in

173 2223 291 2266 quibus
327 2223 439 2256 festum
465 2224 630 2266 peragitur
654 2223 906 2257 confluentibus.

172 2274 355 2315 Praeterea,
381 2276 486 2319 primo
513 2276 678 2309 dumtaxat
703 2286 788 2309 anno
814 2286 831 2308 a
856 2277 908 2309 da-

175 2330 214 2362 tis
240 2330 328 2363 hisce
354 2330 470 2363 litteris
496 2335 527 2362 et
553 2330 658 2373 quoad
684 2329 791 2362 indias
816 2340 833 2362 a
858 2329 909 2362 die

173 2393 236 2426 quo
263 2383 396 2416 eaedem
430 2383 557 2416 litterae
592 2383 670 2416 illuc
701 2381 910 2426 pervenerint

173 2437 378 2477 inchoando,
404 2437 435 2468 in
463 2435 611 2479 ecclesiis
647 2434 799 2475 Ordinis,
824 2435 908 2475 loci,

173 2489 308 2522 civitatis
335 2495 366 2522 et
390 2489 464 2532 pagi
501 2489 720 2532 praefatorum
753 2487 911 2521 solemnia

172 2542 419 2576 beatificationis
444 2542 545 2586 ipsius
569 2542 650 2575 servi
688 2541 743 2574 Dei
768 2551 840 2574 cum
866 2540 910 2573 os-

172 2595 246 2628 ficio
271 2600 302 2628 et
333 2595 430 2628 missa
456 2595 514 2627 sub
540 2594 601 2627 ritu
628 2593 749 2637 duplici
775 2593 909 2633 maiori,

174 2648 225 2682 die
250 2648 287 2683 ab
312 2647 492 2683 Ordinariis
518 2647 699 2692 respective
721 2646 909 2690 constituto,

943 320 1115 357 postquam
1143 319 1248 347 tamen
1267 314 1298 346 in
1318 314 1453 347 ecclesia
1471 312 1680 347 Lateranensi

944 367 983 399 de
1008 366 1093 400 Urbe
1127 366 1290 400 celebrata
1328 366 1448 400 suerint
1480 366 1593 399 eadem
1631 375 1681 399 so-

943 419 1072 459 lemnia,
1098 430 1158 463 pro
1184 431 1246 463 qna
1267 430 1301 452 re
1329 420 1413 452 diem
1429 430 1500 453 xxiv
1521 420 1681 452 currentis

922 473 1064 505 [mensis
1090 473 1195 505 martii
1222 474 1433 516 assignamus,
1458 473 1582 516 pariter
1601 474 1682 506 cele-

944 525 1059 558 brandi
1085 525 1219 558 facimus
1244 530 1450 568 potestatem.

988 578 1002 620 ἓ
1027 578 1056 610 4.
1075 578 1145 611 Non
1167 578 1370 611 obstantibus
1390 578 1681 611 constitutionibus

945 635 975 662 et
993 631 1252 664 ordinationibus
1271 631 1468 674 apostolicis,
1484 642 1520 665 ac
1542 632 1681 664 decretis

946 683 983 715 de
1010 694 1073 716 non
1098 685 1185 717 cultu
1212 685 1319 725 editis,
1345 685 1527 728 ceterisque
1553 690 1682 717 contra-

944 735 1000 767 riis
1027 736 1298 780 quibuscumque.
1326 737 1480 770 Volumus
1506 743 1622 776 autem,
1649 743 1683 769 ut

945 787 1088 831 ipsarum
1121 789 1344 831 praesentium
1379 790 1560 822 litterarum
1599 795 1684 821 tran-

923 866 925 875 .
946 841 1091 884 sumptis,
1110 852 1165 874 scu
1185 842 1353 885 exemplis,
1380 842 1475 874 etiam
1501 842 1681 885 impressis,

946 905 1043 927 manu
1080 895 1245 928 secretarii
1287 895 1388 928 dictae
1414 895 1682 938 congregationis

946 947 1157 980 cardinalium
1184 948 1384 991 subscriptis
1404 954 1435 981 et
1456 948 1563 991 sigillo
1589 959 1684 991 prac-

946 1000 1019 1033 sccti
1052 1001 1200 1034 eiusdem
1232 1001 1502 1044 CongrcgationiS
1535 1001 1680 1041 munitis,

947 1053 1059 1086 eadem
1086 1064 1219 1096 prorsus
1245 1054 1324 1087 sides
1343 1055 1380 1087 ab
1397 1055 1548 1087 omnibus
1567 1060 1597 1087 et
1615 1054 1684 1086 ubi-

947 1118 1009 1150 que
1037 1112 1099 1140 tam
1132 1108 1163 1140 in
1197 1107 1316 1141 indicio
1350 1119 1445 1151 qnam
1477 1114 1566 1141 extra
1603 1108 1684 1140 illud

924 1160 1122 1200 habeatur,
1162 1171 1244 1203 quae
1275 1160 1351 1203 ipsis
1377 1161 1602 1204 praesentibus
1629 1161 1685 1193 ha-

210 1212 288 1256 §3.
329 1214 427 1248 Porro
466 1214 694 1247 recitationem
735 1214 831 1247 officii
873 1220 926 1247 et.

833 1266 902 1299 sieri
925 1283 926 1294 κ

946 1214 1077 1247 beretur
1095 1214 1120 1246 si
1139 1214 1245 1248 forent
1260 1214 1424 1247 exhibitae
1443 1215 1493 1247 vel
1519 1220 1682 1247 ostensae.

990 1267 1103 1300 Datum
1130 1267 1269 1307 Romae,
1295 1268 1380 1310 apud
1406 1268 1436 1300 S.
1458 1267 1600 1307 Petrum,
1627 1267 1685 1300 sub

948 1322 1066 1353 annulo
1081 1320 1263 1360 piscatoris,
1276 1320 1327 1353 die
1344 1330 1384 1354 xii
1397 1321 1501 1353 martii
1514 1330 1684 1361 mccxxiii,

948 1373 1155 1417 pontificatus
1181 1374 1283 1406 nostri
1309 1384 1394 1407 anno
1414 1384 1452 1415 ¹v.

983 1436 1044 1462 Dat.
1065 1435 1108 1463 die
1131 1436 1161 1462 12
1182 1435 1271 1463 martii
1294 1436 1370 1470 1729,
1392 1436 1487 1471 pontif.
1511 1445 1580 1464 anuo
1602 1443 1627 1463 v·

1247 1579 1382 1613 CCLXV.

926 1680 928 1689 ,
948 1650 1204 1693 Resinam-antur
1214 1655 1386 1683 conventus
1400 1655 1428 1683 et
1440 1655 1548 1694 patres
1560 1651 1593 1684 S.
1606 1651 1689 1684 Mar-

993 1703 1068 1736 celli
1088 1704 1189 1743 Urbis,
1206 1703 1342 1737 Ordinis
1356 1704 1527 1737 Servorum
1543 1704 1689 1743 B.M.V.,

993 1757 1036 1789 ad
1059 1758 1236 1801 pristinam
1264 1763 1291 1790 et
1317 1758 1489 1800 antiquam
1519 1759 1690 1800 possessio-

993 1821 1065 1842 nem
1090 1821 1185 1843 curae
1202 1811 1342 1843 actualis
1357 1810 1505 1843 ecclesiae
1522 1810 1689 1853 parochia-

995 1863 1035 1895 lis
1059 1863 1092 1895 S.
1119 1863 1251 1896 Nicolui
1276 1864 1311 1896 in
1337 1863 1479 1896 Arcione
1504 1863 1525 1896 ¹.

1122 1940 1307 1967 Benedictus
1328 1940 1411 1973 Papa
1432 1939 1510 1970 XIII,

994 2008 1008 2051 ἓ
1034 2007 1064 2040 i.
1093 2007 1170 2040 Cum
1189 2006 1392 2040 santissimus
1412 2006 1561 2039 dominns
1579 2010 1690 2039 noster

952 2060 1146 2093 Benedictus
1159 2060 1266 2092 divina
1280 2059 1487 2103 providentia
1513 2059 1599 2102 Papa
1623 2059 1690 2091 xlll

952 2112 1248 2156 supplicationibus
1284 2112 1551 2145 reverendissimi
1590 2112 1690 2156 patris

952 2165 1097 2208 magistri
1112 2165 1196 2197 Petri
1215 2164 1332 2197 Mariae
1352 2165 1389 2197 de
1405 2165 1514 2205 Pieris,
1528 2165 1690 2208 generalis

951 2218 1080 2251 Ordinis
1099 2218 1268 2251 Servorum
1284 2218 1318 2250 Β.
1334 2217 1450 2250 Mariae
1476 2215 1628 2260 Virginis,
1656 2228 1691 2250 ac

953 2271 1124 2305 admodum
1148 2271 1401 2304 reverendorum
1419 2270 1549 2313 losephi
1574 2270 1690 2302 Mariae

952 2323 1039 2356 Curti
1064 2323 1290 2367 procuratoris
1317 2323 1493 2365 generalis,
1516 2322 1635 2365 prioris
1660 2327 1692 2354 et

952 2382 1080 2420 patrum
1097 2377 1243 2410 eiusdem
1257 2375 1386 2409 Ordinis
1401 2375 1598 2409 venerabilis
1612 2386 1689 2408 con-

953 2434 1065 2462 ventus
1089 2429 1121 2462 S.
1149 2429 1289 2462 Marcelli
1316 2429 1355 2462 de
1382 2429 1466 2462 Urbe
1483 2429 1625 2471 benigne
1644 2429 1692 2461 in-

954 2483 1100 2524 clinatus,
1117 2483 1383 2526 chirographum,
1397 2493 1493 2515 manu
1506 2482 1689 2516 Sanctitatis

1008 2566 1018 2590 1
1042 2563 1175 2591 Concessa
1202 2563 1252 2590 fuit
1280 2563 1353 2590 dicta
1382 2563 1499 2590 ecclesia
1528 2563 1692 2598 parochialis

953 2608 1033 2636 dictis
1055 2608 1184 2636 iratribus
1203 2616 1219 2634 a
1232 2607 1302 2635 Sixto
1314 2608 1349 2635 lv
1369 2612 1456 2635 const.
1472 2607 1514 2635 ed.
1528 2613 1692 2640 MCDLxxvnt,

953 2652 1041 2682 ablata
1057 2661 1119 2683 vero
1135 2653 1167 2681 ab
1183 2652 1293 2682 Urbano
1309 2652 1366 2681 vn!
1378 2656 1461 2682 const·
1473 2653 1517 2682 ed.
1529 2658 1631 2682 uncxu.

1578 255 1642 289 789
1691 266 1741 291 An.
1763 264 1793 290 c.
1812 262 1879 290 1722»

1722 588 1833 609 Clau-ulau
1844 588 1878 609 de-

1694 618 1776 640 rogator
1785 621 1826 635 iae.

1735 2016 1790 2037 ΛΙΙΛΞ
1807 2015 1833 2036 al)
1850 2020 1886 2035 oo-

1702 2043 1794 2062 demutet
1843 2043 1884 2062 hoc

1703 2069 1805 2089 t'nntit‘ice
1816 2069 1886 2088 Chiro·

1702 2096 1803 2121 graphan]
1846 2096 1885 2115 hac

1701 2128 1765 2147 ευμεν
1783 2127 1804 2142 re
1828 2127 1886 2142 ema-

1701 2149 1770 2170 navit.
