2139 3142
375 161 438 197 906
927 169 1104 193 auimatum
1130 169 1281 193 nomnen

420 225 538 258 ditibus
562 223 713 256 nonnulla
737 222 855 261 statuit,
873 221 937 255 ⁴195
954 232 974 253 α
999 226 1029 253 et
1053 231 1114 264 seq.
1134 221 1236 254 eidem
1262 232 1297 254 ex
1324 221 1532 265 hospitalibus
1557 222 1690 256 civitatis
1713 223 1869 257 caesenae

421 277 573 311 nonnulla
598 275 749 319 applicat,
775 274 840 307 395
864 285 894 307 α.

330 331 464 364 Senatus
491 329 689 372 populusque
714 328 887 360 Romanus.
914 346 958 350 -
981 326 1114 360 Senatus
1138 327 1308 371 populique
1340 327 1472 361 Romani
1504 328 1764 361 consuetudinem
1787 328 1868 362 offe-

420 382 508 415 rendi
526 380 692 424 quotannis
710 380 821 412 calices
839 384 868 412 et
885 390 995 412 cereos
1012 379 1201 423 quibusdam
1220 380 1312 413 Urbis
1330 381 1472 413 ecclesiis
1490 381 1596 421 refert,
1614 380 1678 413 269
1703 382 1737 422 b;
1757 382 1871 425 quibus

422 435 562 468 ecclesiis
587 434 700 466 calices
724 437 754 466 et
778 432 861 465 cerei
885 432 1016 476 praefati
1041 431 1072 463 in
1092 438 1256 475 posterum
1282 433 1389 466 offerri
1415 433 1567 475 debeant,
1592 433 1657 466 ⁶270
1682 445 1702 466 α
1725 440 1757 467 et
1779 435 1806 469 b.

335 488 529 531 Seraphinns
553 487 612 529 (B.)
638 486 677 519 de
702 486 825 518 Asculo.
850 504 893 509 —
917 485 951 518 Β.
979 485 1145 529 Scraphini
1171 486 1209 519 de
1233 487 1347 520 Asculo
1372 487 1511 520 officium
1543 487 1695 520 recitandi
1727 488 1785 521 sub
1810 489 1872 522 ritu

421 540 539 584 duplici
565 545 594 572 et
621 539 747 572 missam
773 538 953 571 celebrandi
978 539 1156 572 facultatem
1183 540 1331 573 universo
1357 539 1465 573 Ordini
1490 540 1587 573 saneti
1611 540 1790 582 Francisci,
1815 551 1873 574 nec

422 604 484 627 non
510 593 626 625 civitati
652 596 680 625 et
705 592 840 625 dioecesi
865 592 1041 625 Asculanae
1066 593 1231 632 concessit,
1256 592 1331 626 396.

332 648 418 680 Servi
444 647 476 679 Β.
505 647 543 679 Μ.
572 646 619 684 V.;
644 646 714 677 ride
740 645 864 678 Fratres
888 644 1014 678 Ordinis
1038 645 1208 679 Servorum
1235 646 1268 678 B.
1297 646 1333 678 M.
1360 647 1392 678 V.

333 702 438 734 Setina
463 700 612 739 ecclesia,
637 700 707 732 vide
732 699 871 731 Ecclesia
894 698 1072 740 collegiata.

331 755 471 788 Societas
495 754 574 786 Iesu.
601 772 642 777 ——
666 751 811 794 Collegiis
836 757 865 783 et
889 751 1061 795 gymnasiis
1086 751 1251 785 Societatis
1277 751 1354 792 lesu,
1381 751 1510 784 facultas
1534 751 1719 784 conceditur
1739 752 1874 795 eligendi

420 808 478 840 sibi
504 807 533 839 in
559 806 727 849 specialem
755 812 923 848 patronum
949 806 983 837 B.
1012 805 1171 848 Aloysinm
1197 804 1394 846 Gonzagam,
1415 803 1478 837 0207
1504 816 1523 837 α
1549 810 1579 837 et
1603 805 1652 845 b.;
1679 815 1696 837 a
1720 805 1874 839 Societate

421 862 490 893 Iesu
516 859 601 891 nulla
626 858 736 891 deberi
761 858 910 891 alimenta
935 858 989 897 eis,
1014 857 1066 900 qui
1091 862 1162 900 post
1187 861 1257 890 vota
1282 857 1446 900 simplicia,
1472 863 1542 889 ante
1568 863 1669 890 tan‘ien
1695 858 1873 892 solemnem

420 912 660 957 professionem,
682 922 698 942 a
724 911 905 954 praeposito
930 910 1069 952 generali
1095 921 1131 942 ex
1158 910 1268 942 eadem
1290 911 1439 943 societate
1460 910 1671 951 dimittuntur,
1688 911 1875 952 declaratur,

422 966 481 999 661
510 977 530 998 α
555 971 584 998 ct
609 963 739 1004 tumide
764 964 973 1006 Congregatio
994 963 1074 995 della
1099 963 1206 995 Buona
1230 963 1340 995 Morte.

333 1020 439 1064 Spolia
463 1020 611 1053 Camcrae
635 1017 843 1061 Apostolicac.
866 1036 907 1040 —-
928 1017 948 1049 A
977 1016 1086 1060 spoliis
1111 1016 1259 1048 Gamerae
1283 1016 1482 1059 Apostolicae
1507 1016 1620 1049 debitis
1644 1018 1805 1060 praesules
1829 1029 1876 1052 re-

423 1074 476 1116 gni
500 1072 647 1115 Neapolis
672 1071 788 1103 exemit
813 1070 1013 1102 Innocentius
1033 1070 1097 1109 Xll,
1123 1069 1164 1101 nti
1191 1075 1298 1101 narrat
1321 1069 1507 1101 Benedictus
1532 1069 1614 1109 xm,
1639 1070 1675 1103 61
1706 1070 1723 1102 b
1748 1076 1778 1103 et
1800 1082 1872 1115 seq.;

421 1134 515 1171 atque
552 1127 688 1161 iterum,
714 1124 779 1157 455
814 1136 834 1157 a
871 1129 902 1156 et
938 1124 977 1159 b:
1006 1133 1044 1155 an
1070 1123 1099 1154 in
1126 1123 1193 1165 ipsa
1218 1122 1563 1165 comprehenderentur
1596 1124 1756 1166 praesules
1788 1130 1874 1157 extra

423 1179 592 1213 dioecesim
629 1177 816 1210 decedentes
852 1176 1067 1208 addubitatum
1103 1181 1170 1215 est,
1203 1175 1244 1208 602
1281 1176 1313 1216 h,
1340 1175 1404 1208 456
1429 1186 1465 1215 α;
1490 1176 1746 1209 constitutionem
1772 1178 1876 1222 itaque

422 1231 616 1275 praedictam
642 1229 812 1262 declaravit
836 1234 866 1260 ot
890 1228 1051 1271 ampliavit
1076 1238 1134 1271 pro
1159 1229 1358 1271 praesulibus
1380 1234 1468 1260 extra
1489 1228 1690 1261 residentiam
1717 1229 1873 1264 deceden-

423 1285 516 1323 tibus,
534 1282 575 1315 (53
594 1294 611 1315 a
634 1288 664 1314 et
687 1293 760 1325 seq.;
789 1287 822 1313 ut
846 1292 882 1313 ex
909 1282 1016 1324 spoliis
1042 1281 1212 1324 praedictis
1238 1281 1348 1315 tierent
1372 1282 1461 1315 dotes
1486 1282 1692 1325 applicandae
1716 1276 1894 1317 dumtaxat⁸

423 1338 628 1372 ecclesiarum
654 1337 790 1369 fabricae
810 1347 827 1368 a
852 1337 997 1379 praesule
1023 1347 1093 1369 cuni
1120 1335 1248 1379 capituli
1275 1335 1408 1368 consilio
1432 1336 1598 1378 praecipit,
1617 1336 1659 1368 64
1681 1347 1702 1369 a
1719 1342 1750 1369 et
1774 1338 1801 1377 b;
1822 1338 1878 1371 ite-

424 1403 495 1424 rum
520 1391 776 1424 constitutionem
802 1389 998 1432 praedictam
1024 1389 1194 1421 declaravit
1218 1394 1249 1421 et
1273 1388 1450 1432 ampliavit,
1475 1387 1539 1420 457
1566 1389 1582 1421 b
1608 1394 1637 1420 et
1661 1399 1722 1432 seq.

335 1446 507 1479 Stanislaus
532 1445 560 1477 S.
588 1445 715 1477 Ix'ostlia.
742 1463 783 1468 —
808 1443 836 1476 S.
864 1443 1008 1475 Stanislai
1042 1442 1178 1475 Kostliae
1213 1446 1329 1481 ortum,
1366 1441 1596 1475 institutionem
1629 1447 1658 1473 et
1689 1452 1876 1485 magnarum

424 1499 573 1531 virtutum
608 1497 829 1540 praestantiam
863 1496 976 1534 refert,
1001 1494 1063 1528 487
1090 1496 1106 1527 b
1131 1501 1160 1527 ct
1192 1506 1272 1538 seq.;
1298 1494 1461 1527 Societatis
1492 1495 1561 1527 Iesu
1590 1494 1798 1538 tyrocinium,
1822 1495 1876 1528 Dei

423 1563 530 1585 amore
548 1551 736 1591 inflamatus,
755 1550 811 1582 init
836 1556 867 1583 et
892 1550 943 1593 pie
968 1550 1054 1590 obiit,
1074 1549 1137 1582 488
1162 1550 1198 1589 ἐν,
1227 1548 1387 1581 miraculis
1411 1548 1487 1580 clari
1512 1548 1640 1580 exuviae
1666 1548 1875 1592 incorruptae,

423 1615 543 1649 proque
562 1615 598 1636 eo
616 1604 804 1636 Sanctorum
831 1603 942 1635 canoni
972 1603 1181 1636 adscribendo
1199 1602 1447 1635 christianorum
1473 1601 1651 1644 principum
1678 1601 1879 1645 supplicatio-

422 1669 498 1698 nes,
523 1657 614 1695 ibide
641 1657 768 1689 Polonis
793 1661 822 1688 et
848 1656 986 1688 Lituanis
1010 1661 1163 1699 patronus
1187 1655 1288 1695 datur,
1313 1655 1414 1698 deque
1435 1665 1471 1687 eo
1496 1655 1527 1687 in
1552 1660 1733 1688 sanctorum
1760 1655 1878 1688 confes·

423 1722 530 1744 sorum
558 1720 708 1743 canonem
736 1709 905 1742 referendo
930 1709 1092 1741 decretum
1119 1709 1280 1751 vulgatur,
1305 1707 1369 1740 489
1394 1719 1433 1749 a;
1467 1708 1498 1741 S.
1531 1707 1674 1742 Stanislai
1708 1708 1876 1751 praedicti,

423 1764 554 1797 solemni
580 1764 640 1795 ritu
667 1763 748 1795 inter
773 1763 902 1795 Sanctos
928 1761 1158 1803 connumerati,
1184 1762 1378 1794 canonizatio
1403 1762 1645 1805 promulgatur,
1670 1760 1734 1794 489
1759 1762 1784 1794 b.

334 1819 511 1862 Stephanus
532 1817 589 1860 (S.)
615 1817 720 1849 abbas.
739 1836 781 1840 —
798 1816 826 1849 S.
853 1815 1001 1858 Stephani
1035 1814 1119 1847 tertii
1155 1814 1275 1847 abbatis
1300 1815 1438 1848 Cistercii
1471 1815 1520 1847 die
1546 1815 1623 1847 festo
1648 1814 1875 1857 indulgentiam

424 1871 597 1914 plenariam
624 1870 823 1902 visitantibus
858 1868 1007 1901 ccclesias
1045 1867 1310 1900 monasteriorum
1335 1866 1461 1900 Ordinis
1486 1866 1700 1900 Cisterciensis
1724 1866 1879 1900 concessit

427 1924 613 1957 Benedictus
637 1923 712 1963 Xlll,
738 1922 780 1956 59
804 1934 824 1955 α
849 1928 879 1954 et
902 1922 927 1954 b.

1090 2029 1113 2059 T

333 2135 567 2169 Terracinensis
592 2135 735 2168 ecclesia.
762 2155 806 2159 -—
836 2134 911 2167 Vide
936 2134 1074 2167 Ecclesia
1100 2133 1277 2176 collegiata.

335 2190 550 2222 Terrasancta.
575 2208 619 2213 —
648 2189 724 2221 Vide
747 2188 882 2221 Minores
907 2187 945 2220 dc
970 2187 1183 2220 Observantia.

335 2242 507 2275 Tertiariae
531 2242 655 2275 Ordinis
679 2242 849 2274 Servorum
876 2241 907 2273 Β.
936 2241 973 2273 M.
1001 2241 1034 2272 V.
1060 2259 1104 2263 —-
1128 2239 1173 2272 Ad
1195 2240 1351 2272 tertiarias
1375 2238 1501 2272 Ordinis
1525 2239 1695 2272 Servorum
1721 2239 1752 2271 B.
1778 2240 1816 2272 M.
1840 2240 1873 2272 V.

424 2295 681 2328 constitutionem
697 2294 810 2328 editam
829 2305 887 2336 pro
906 2293 1054 2326 tertiariis
1067 2293 1193 2327 Ordinis
1211 2293 1309 2325 sancti
1324 2293 1482 2325 Francisci
1502 2292 1649 2332 extendit,
1664 2291 1729 2326 392
1742 2292 1759 2324 b
1772 2297 1876 2336 etseq.

337 2347 479 2379 Tertiarii
503 2347 751 2380 Carmelitarum.
771 2366 815 2370 -
838 2346 1007 2379 Tertiarios
1031 2346 1158 2380 Ordinis
1182 2346 1421 2379 Carmelitarutn
1447 2345 1656 2378 iurisdictioni
1675 2350 1705 2377 et
1727 2344 1875 2387 regimini

426 2400 564 2442 magistri
590 2401 744 2442 generalis
769 2400 908 2432 eiusdem
933 2399 1059 2432 Ordinis
1084 2399 1230 2438 subiecit,
1255 2398 1319 2432 696
1344 2410 1364 2431 α
1382 2404 1411 2431 et
1430 2408 1504 2441 seq.;
1529 2398 1600 2430 vide
1624 2397 1874 2432 Conservatoria.

337 2452 480 2484 Tertiarii
506 2453 630 2485 Ordinis
654 2454 686 2485 Β.
715 2453 830 2486 Mariae
855 2453 892 2484 de
920 2452 1062 2485 Mercede
1087 2452 1307 2495 redemptione
1332 2451 1539 2494 captivorum.
1562 2469 1608 2479 .——
1632 2450 1678 2483 Ad
1703 2450 1876 2484 Tertiarios

426 2505 550 2537 Ordinis
576 2506 684 2538 heatae
709 2507 823 2539 Mariae
849 2506 887 2539 de
913 2505 1054 2538 Mercede
1080 2505 1331 2549 redemptionem
1357 2505 1555 2549 captivorum
1580 2503 1746 2548 privilegia
1758 2504 1878 2538 Tertia-

427 2558 548 2592 riorum
574 2557 698 2591 Ordinis
723 2559 820 2593 sancti
845 2558 1004 2591 Francisci
1029 2558 1177 2600 extendit,
1202 2558 1262 2592 641
1291 2570 1324 2592 α.
