2170 3147
175 216 223 241 An.
242 213 272 241 c.
296 212 363 239 ¹724
409 202 473 236 106

372 258 596 303 suspensionis
626 263 657 291 et
685 256 871 294 interdicti,
902 254 1040 297 aliisque
1069 263 1116 285 ec-

373 311 563 344 elesiasticis
596 308 788 348 sententiis,
808 307 958 341 censuris
985 311 1015 338 et
1041 315 1117 348 poe-

373 365 432 404 nis,
449 376 464 397 a
490 364 560 396 iure
582 365 630 396 vel
657 364 696 396 al)
722 362 865 402 lioniiue,
892 359 1002 403 quavis
1024 369 1116 391 occa-

373 418 464 450 sione
486 417 535 449 rel
557 417 651 448 caiisa
671 414 756 455 latis,
780 414 806 446 si
840 413 956 456 quibus
982 421 1116 454 quomo·
1138 435 1140 442 i

375 469 498 503 dolibet
540 469 715 501 innodatus
742 466 869 505 existit,
897 465 935 497 ad
967 463 1116 497 effectum

374 522 597 567 praesentium
631 522 796 553 dumtaxat
832 503 1141 562 consequendiim,}

377 579 491 609 liariim
517 575 602 608 serie
639 574 850 607 absolventes
876 577 907 605 et
933 571 1118 604 absolutum
1140 569 1142 616 ζ

378 631 445 663 fore
481 633 678 667 censentes,
713 624 1015 670 supplicationibus
1052 618 1143 656 eiiisi

378 683 509 717 nomine
536 682 630 715 nobis
656 691 753 724 super
772 681 834 712 lioe
856 677 1026 711 humiliter
1044 687 1120 720 por·
1141 700 1143 716 i

379 737 476 771 rectis
504 735 662 776 inclinati,
682 741 757 767 tunc
776 733 901 777 pariter
919 738 950 765 et
967 742 1026 774 pro
1047 736 1122 764 tem-
1141 722 1144 742 ³

379 802 457 835 pore
492 789 642 823 existenti
680 787 829 820 ministro
867 785 1012 829 generali
1046 779 1144 817 dieti*

378 844 522 883 Ordinis,
541 848 575 874 ut
593 841 624 874 in
652 840 819 884 quibusvis
842 838 1038 877 civitatibus,
1060 842 1123 870 ter-

381 899 423 931 ris
450 903 481 930 et
507 896 586 930 locis
613 895 811 937 ubicumque
837 891 1064 931 existentibus,
1091 891 1122 923 in

380 951 497 995 quibus
524 947 681 983 ecclcsiae
708 946 803 980 liuius
820 944 949 979 Ordinis
967 955 1032 978 non
1059 944 1124 977 exi—

382 1010 485 1044 stunt,
511 1009 545 1036 ut
571 1001 777 1046 praefertur,
812 1000 851 1033 de
876 998 1123 1032 Ordiriariorum

383 1058 513 1092 licentia
544 1055 829 1090 confraternitates
863 1052 1023 1087 eiusmodi
1049 1052 1125 1085 Cor-

383 1112 570 1154 ‹ligerorurn
607 1109 731 1152 erigere
759 1113 790 1141 et
816 1107 986 1140 instituere
1018 1105 1125 1149 possit

383 1171 412 1198 et
438 1165 554 1204 valeat,
583 1163 713 1206 plenam
740 1166 772 1194 et
797 1161 935 1194 liberam
961 1159 1125 1193 licentiam

383 1225 414 1252 et
441 1219 642 1257 facultatem,
662 1215 852 1248 auctoritate
873 1212 1062 1257 apostoliea,
1083 1218 1126 1245 tc-

384 1283 464 1306 nore
481 1269 713 1315 praesentium,
729 1267 960 1306 concedimus,
980 1276 1026 1305 ac,
1044 1270 1127 1309 post-

384 1336 478 1369 quam
497 1328 623 1358 erectae
643 1322 772 1361 fuerint,
792 1326 827 1353 iit
844 1319 994 1354 omnibus
1012 1324 1044 1352 et
1064 1319 1127 1351 sin-

385 1380 469 1422 gulis
494 1376 686 1422 privilegiis,
714 1375 870 1415 indultis,
897 1373 1124 1412 facultatibus,

386 1430 668 1475 exemptionibus,
697 1427 966 1467 immunitatibus,
993 1437 1127 1459 conces-

386 1485 553 1524 sionibus,
583 1482 804 1526 indulgentiis,
838 1481 935 1515 etiam
961 1480 1127 1524 plenariis,

387 1544 418 1571 et
443 1542 649 1581 peccatorum
680 1534 927 1568 remissionibus
953 1538 984 1567 et
1009 1532 1129 1566 relaxa-

388 1592 546 1632 tionibus,
575 1602 610 1623 ac
637 1589 748 1632 gratiis
773 1587 954 1632 quibusvis,
980 1586 1051 1619 aliis
1077 1597 1128 1619 eo-

388 1646 533 1679 rumden]
565 1643 821 1686 Cordigeroruni
855 1640 1073 1674 confratribus
1099 1645 1153 1689 eti¹

389 1700 557 1733 sororibus
582 1708 641 1742 per
667 1696 789 1729 dictiini
814 1695 950 1734 Sixtuni,
978 1705 1013 1727 ac
1039 1705 1130 1738 quos-

389 1763 530 1796 cumque
557 1752 638 1785 alios
655 1751 818 1783 Romanos
844 1747 1017 1781 Pontifices
1043 1755 1154 1791 prae-³

390 1808 583 1840 decessores
608 1809 745 1844 nostros,
766 1813 801 1835 ac
819 1802 915 1836 etiam
934 1812 1002 1842 nos,
1022 1801 1132 1834 liacte-

391 1871 450 1893 iius
476 1858 638 1894 concessis
671 1862 702 1890 et
727 1855 968 1895 concedendis,
1003 1859 1034 1887 et
1064 1854 1133 1898 qui-

391 1916 450 1947 biis
462 1911 743 1946 confraternitates
756 1909 943 1942 huiusmodi
956 1918 1133 1951 earumque

392 1967 572 2001 confratres
609 1970 640 1997 et
665 1974 794 1997 sorores
830 1961 1076 2006 quomodolibet
1101 1971 1135 1992 u-

394 2026 524 2059 tuntur,
551 2019 724 2063 potiuntur
754 2022 785 2050 et
810 2016 975 2059 gaudent,
1003 2025 1038 2046 ac
1064 2014 1132 2055 uti,
1157 2047 1158 2058 1

394 2075 488 2119 potiri
516 2079 545 2106 et
572 2072 715 2115 gaudere
742 2074 897 2113 poterunt
922 2068 953 2100 in
981 2068 1136 2107 futurum,

395 2125 616 2171 pariforiniter
642 2129 672 2157 et
697 2133 798 2166 aeque
830 2121 1055 2165 principaliter
1079 2120 1136 2160 uti,

395 2180 491 2224 potiri
512 2185 542 2213 et
568 2178 709 2221 gaudere
735 2176 838 2209 libere
858 2180 888 2208 et
909 2175 993 2208 licite
1013 2173 1138 2217 possint

395 2239 426 2267 et
454 2234 605 2272 valeant,
632 2231 662 2263 in
689 2229 838 2263 omnibus
874 2233 906 2261 et
936 2238 996 2272 per
1029 2227 1138 2260 onmia

396 2287 532 2330 perinde
550 2296 586 2318 ac
612 2284 638 2317 si
664 2283 849 2327 specialiter
875 2286 906 2315 et
931 2291 1084 2325 expresse
1102 2292 1138 2314 ac

398 2339 588 2373 nominatim
614 2347 771 2371 concessa
796 2335 951 2375 fuissent,
979 2335 1063 2368 dicta
1088 2333 1163 2367 aii-²

397 2393 545 2426 ctoritate
570 2391 695 2435 pariter
721 2389 925 2423 concedimus
945 2393 975 2421 et
993 2387 1140 2430 indulge-

398 2457 488 2485 iiius·,
516 2456 550 2477 ae
576 2443 756 2488 privilegia,
782 2443 930 2482 indulta,
957 2441 1138 2482 facultates,
1162 2465 1164 2469 ,

399 2497 635 2541 exemptiones,
648 2495 879 2535 immunitates,
899 2494 1139 2534 concessiones

399 2550 629 2594 indulgentias,
649 2549 744 2583 ctiaiii
762 2549 936 2592 plenariaS,
955 2548 1037 2581 sicut
1053 2558 1142 2590 prae-

399 2605 548 2646 mittitur,
566 2613 736 2638 concessas
756 2608 787 2635 et
804 2612 970 2643 concessa,
991 2601 1030 2634 ad
1053 2602 1139 2644 ipsas

956 202 1140 230 BULLAPJUM
1165 202 1323 227 ROMANUM

1159 250 1439 284 confraternitates
1477 249 1669 293 erigendas,
1702 249 1901 292 illarumque

1160 304 1338 337 confratres
1364 308 1395 337 et
1419 314 1546 337 sorores
1581 314 1641 347 pro
1670 308 1815 346 tempore
1842 302 1903 335 exi-

1160 361 1291 399 stentes,
1310 362 1470 401 perpetuo
1494 357 1697 390 extendimus
1718 361 1749 389 et
1770 356 1902 399 amplia-

1160 421 1244 445 mus.

1205 465 1219 507 ,ξ
1244 464 1275 497 3.
1299 464 1530 503 Deeernentcs‚
1557 464 1686 497 easdem
1712 467 1904 506 praesentes

1162 516 1287 550 litteras
1319 518 1386 550 ullo
1419 527 1561 560 unquam
1595 522 1742 559 tempore
1768 516 1807 549 de
1832 517 1906 549 sub-

1163 570 1320 613 reptionis
1352 571 1400 603 vel
1433 569 1637 613 obreptionis
1669 573 1722 601 ant
1748 568 1905 602 nullitatis

1163 622 1261 664 vitio,
1287 623 1333 655 rel
1360 622 1552 656 intentionis
1578 627 1710 655 nostrae
1739 632 1795 655 seu
1821 633 1904 666 quo-

1164 675 1248 719 piaiii
1276 675 1339 708 alio
1365 676 1493 708 defectu
1521 675 1636 715 notari,
1655 674 1840 717 impugnari
1858 675 1908 708 vel

1166 727 1335 760 retractari
1363 734 1414 760 aut
1437 728 1582 761 revocari
1609 726 1792 760 ullatenus¹
1814 737 1907 770 posse

1166 792 1225 814 nee
1253 782 1386 821 debere,
1418 782 1472 814 sed
1503 791 1632 824 semper
1657 781 1688 813 in
1714 786 1909 824 perpetuum

1166 835 1287 868 validas
1303 841 1335 868 et
1349 835 1493 868 efficaces
1512 835 1653 867 existere
1673 839 1704 867 et
1719 835 1800 874 fore,
1820 844 1911 868 suos-

1167 899 1229 932 que
1256 887 1422 931 plenarios
1448 892 1478 919 et
1503 887 1651 930 integros
1683 886 1816 920 effeetus
1842 897 1912 920 sor-

1169 942 1220 974 tiri
1247 947 1278 973 et
1304 941 1467 981 obtinere,
1495 952 1530 973 ac
1555 940 1633 980 illis,
1662 940 1701 973 ad
1728 950 1810 984 quos
1842 950 1913 984 spe-

1168 999 1231 1027 ctat
1259 999 1290 1027 et
1315 1004 1374 1037 pro
1402 998 1548 1036 tempore
1574 993 1742 1036 spectabit,
1761 993 1792 1025 in
1813 993 1914 1026 omni·

1168 1048 1227 1079 biis
1247 1052 1277 1079 et
1298 1056 1357 1090 per
1382 1046 1490 1079 omnia
1515 1046 1705 1089 plenissime
1732 1045 1912 1089 suffragari,

1169 1101 1283 1144 sicque
1314 1106 1346 1133 et
1371 1110 1435 1133 non
1461 1100 1557 1133 aliter
1583 1099 1614 1131 in
1643 1099 1831 1142 praemissis
1855 1110 1914 1142 per

1170 1165 1394 1198 quoscumque
1419 1153 1543 1186 iudices
1569 1153 1756 1186 ordinarios
1777 1158 1808 1186 et
1828 1153 1916 1185 dele-

1171 1214 1272 1250 gatos,
1292 1207 1388 1240 etiam
1411 1216 1581 1239 causarum
1610 1206 1721 1249 palatii
1743 1205 1913 1249 apostolici

1171 1260 1354 1299 auditores,
1375 1265 1406 1292 et
1430 1260 1460 1292 S.
1482 1260 1517 1291 R.
1538 1259 1573 1291 E.
1593 1258 1790 1298 cardinales,
1818 1258 1915 1291 etiam

1172 1313 1210 1345 de
1236 1314 1339 1345 latere
1377 1313 1501 1354 legatos
1527 1317 1559 1344 et
1584 1312 1688 1344 dictae
1718 1311 1809 1344 Sedis
1834 1321 1917 1343 nun-

1172 1366 1252 1405 cios,
1274 1365 1400 1398 sublata
1426 1365 1472 1397 eis
1494 1370 1525 1397 et
1551 1375 1662 1397 eorum
1689 1363 1822 1397 cuilibet
1839 1375 1918 1408 qua-

1173 1420 1217 1452 vis
1244 1420 1339 1452 aliter
1364 1419 1529 1451 iudicandi
1557 1423 1588 1451 et
1614 1417 1851 1461 interpretandi
1878 1418 1919 1450 fa-

1173 1473 1293 1505 cultate
1312 1477 1342 1505 et
1359 1472 1561 1512 auctoritate,
1577 1470 1712 1504 iudicari
1734 1475 1766 1503 et
1791 1469 1917 1504 definiri

1174 1526 1321 1565 debere,
1357 1536 1392 1557 ac
1425 1525 1549 1558 irritum
1583 1530 1614 1557 et
1641 1524 1738 1557 inane
1766 1523 1792 1557 si
1824 1533 1918 1556 secus

1173 1589 1274 1622 super
1290 1579 1340 1611 liis
1359 1589 1375 1610 a
1394 1588 1567 1621 quoquam,
1580 1577 1690 1621 quavis
1713 1577 1916 1618 auctoritate,

1174 1632 1316 1664 scienter
1346 1632 1394 1664 vel
1430 1631 1645 1674 ignoranter,
1672 1629 1846 1673 contigerit
1873 1635 1920 1663 at-

1151 1691 1153 1698 '
1176 1685 1305 1719 tentari.

1220 1741 1234 1783 g
1258 1739 1288 1771 li.
1317 1739 1384 1772 Non
1412 1738 1613 1771 obstantibus
1639 1738 1790 1771 omnibus
1811 1741 1840 1771 et
1857 1737 1919 1771 sin-

1175 1792 1259 1835 gulis
1290 1792 1353 1825 illis
1380 1803 1461 1836 quae
1488 1792 1574 1824 idem
1600 1791 1704 1825 Sixtiis
1729 1791 1921 1834 praedeces-

1177 1857 1230 1879 sor
1254 1846 1287 1878 in
1312 1846 1489 1889 praedictis
1507 1845 1572 1877 suis
1598 1845 1715 1878 litteris
1736 1845 1836 1878 voluit
1853 1854 1920 1877 non

1177 1900 1329 1939 obstare,
1355 1898 1539 1941 ceterisque
1576 1898 1748 1931 contrariis
1780 1897 1922 1941 quihus-

1178 1963 1330 1996 cumque.

1223 2006 1293 2049 3¹5.
1321 2006 1479 2038 Volumus
1517 2009 1626 2037 autem
1663 2009 1698 2036 ut
1733 2004 1921 2037 earumdem

1157 2062 1158 2070 ¹
1179 2059 1405 2103 praesentium
1420 2059 1602 2092 litterarum
1617 2056 1921 2101 transumptis,ete².

1226 2114 1338 2146 Datum
1363 2113 1497 2152 Romae,
1519 2111 1606 2155 apud
1623 2111 1655 2144 S.
1675 2110 1807 2144 Mariam
1825 2110 1923 2143 Maio-

1181 2177 1270 2207 rem,
1302 2166 1361 2199 sub
1399 2166 1522 2198 annulo
1556 2164 1746 2205 piscatoris,
1781 2163 1834 2197 die
1866 2173 1923 2196 xxx

1182 2219 1375 2263 septembris
1393 2228 1566 2257 iiinccxxiV,
1589 2215 1797 2261 pontificatus
1819 2216 1924 2249 nostri

1161 2275 1162 2294 ³
1183 2284 1268 2307 anno
1297 2284 1320 2307 i.

1221 2337 1278 2364 Dat.
1293 2336 1336 2364 die
1356 2336 1389 2363 30
1409 2335 1576 2372 septembris
1599 2334 1677 2369 1724,
1694 2333 1792 2370 pontif.
1814 2341 1885 2362 anno
1906 2341 1925 2360 1.

1221 2456 1229 2481 1
1251 2454 1410 2487 Potius-lege
1425 2453 1592 2480 nullatenus
1612 2451 1706 2485 (ns).

1219 2499 1234 2524 ⁶2
1256 2498 1369 2533 Reliqua
1390 2501 1416 2524 ut
1438 2504 1522 2532 supra
1544 2504 1606 2531 pag.
1629 2495 1661 2520 72
1682 2495 1696 2520 b
1718 2494 1753 2527 (R.
1771 2494 1819 2526 T.).

1907 200 1960 228 An.
1976 199 2005 228 c.
2024 198 2092 232 1721

1943 473 2062 496 Clausulas.

1958 1747 2110 1768 Contrariorum

1931 1774 2050 1800 derogatio.

1969 2011 2114 2038 Transumpio-

1934 2046 1978 2060 runi
1994 2039 2054 2060 tides.

2124 75 2158 322 ,01.2—a³?=‘‹1,2=·÷.i·12

2128 408 2163 444 ,Q

2128 442 2164 522 {ff

2132 531 2170 556 ιη’,

2139 556 2170 575 *K

2131 569 2166 587 θ’·-

2144 589 2158 607 τ’,
