2139 3142
1 309 50 335 Αιι.
70 306 99 333 C.
120 306 188 334 ⁴730

776 308 971 334 BENEDICTUS
997 307 1014 331 Χ
1021 308 1055 332 111
1078 308 1127 332 PP.

194 356 265 389 ciali
290 365 376 389 anno
403 367 604 391 unctxxxxvut
636 357 669 390 in
695 357 820 391 cix-itate
846 359 930 390 Abu-

194 409 275 442 lensi
302 414 414 442 coacto
444 420 509 442 non
542 410 648 443 minus
686 415 808 443 mature
835 421 929 453 quam

193 462 383 495 solemniter
408 463 549 506 desuper
574 463 759 502 conditum,
787 474 857 496 cum
884 464 930 496 ni-

194 514 309 547 mirum
329 515 442 548 fratres
460 516 644 559 provinciae
666 515 820 549 Castellae
842 527 931 559 prae-

195 568 275 601 fatae
301 569 434 602 insimul
456 570 655 612 congregati,
673 581 846 612 secumque
865 569 930 602 ani-

194 631 246 654 mo
271 627 455 665 reputantes
475 622 607 656 dissidia
633 628 664 656 et
688 623 927 659 contentiones,

193 684 274 717 quae
300 685 336 707 ex
364 675 549 708 diversitate
575 675 739 708 doctrinae
765 686 801 707 ac
828 675 930 708 varie-

194 731 258 759 tate
284 726 476 770 opinionum
503 728 620 771 passim
641 727 841 767 oriebantur,
865 738 929 770 quo

192 779 362 822 religionis
403 790 481 813 suae
523 781 637 814 honori
680 780 928 823 studiorumque

193 831 292 874 ipsius
318 833 507 876 provinciae
529 833 683 866 Castellae
702 833 829 865 utilitati
856 844 930 865 con-

193 885 312 917 sultum
339 885 440 925 foret,
467 891 542 928 post
571 896 638 919 rem
666 885 717 919 diu
742 885 930 927 diligenter-

193 947 256 980 que
289 938 485 979 discussam,
511 945 540 971 et
575 939 692 971 auditis
728 938 811 971 circa
837 938 929 970 unius

194 990 359 1024 doctrinae
385 1002 463 1035 prae
499 992 561 1025 alia
597 992 755 1025 delectum
786 991 928 1024 eiusdem

194 1043 378 1086 provinciae
404 1045 435 1090 in
461 1046 551 1077 sacra
578 1045 744 1087 theologia
760 1044 930 1087 magistris,

194 1097 232 1129 ad
258 1108 329 1130 eum
357 1098 489 1140 gradum
516 1098 547 1130 in
574 1098 835 1131 universitatibus
863 1103 930 1129 stu-

194 1149 318 1183 diorum
345 1151 544 1192 generalium
567 1151 822 1191 Salmanticensi,
844 1151 930 1184 Comv

194 1204 335 1246 plutensi
362 1210 393 1237 et
424 1204 641 1238 vallisoletani
675 1204 853 1248 promotis,
879 1215 930 1237 ca-

196 1256 395 1300 thedrasque
421 1256 539 1290 ibidem
566 1257 764 1299 regentibus,
786 1257 928 1289 unanimi

195 1309 339 1342 omnium
364 1321 496 1343 assensu
513 1337 520 1350 ,
547 1311 742 1354 nomineque
769 1310 930 1343 contradi-

194 1367 285 1396 cente
311 1368 364 1395 aut
388 1364 606 1404 reclamante,
631 1364 686 1396 sed
720 1374 784 1396 uno
812 1373 868 1396 ore
895 1374 930 1396 ac

194 1416 291 1448 corde
317 1416 536 1456 decreverunt,
556 1422 588 1448 ut
613 1427 723 1449 omnes
748 1417 885 1449 lectores
900 1421 930 1449 et

194 1469 351 1511 magistri,
367 1470 431 1502 sive
458 1470 541 1502 intra
566 1471 703 1513 collegia
729 1469 831 1503 dictae
856 1480 928 1513 pro-

195 1521 329 1562 vinciae,
343 1522 408 1555 sive
435 1528 520 1556 extra
539 1523 569 1555 in
587 1523 850 1556 universitatibus
867 1527 931 1554 stu-

196 1573 323 1607 diorum
335 1575 743 1618 generaliumhuiusmodi,
755 1576 814 1608 sub
825 1577 930 1619 poena

197 1627 386 1671 privationis
419 1630 560 1662 lecturae
593 1639 629 1662 ac
653 1629 827 1662 cathedrae
853 1629 931 1662 irre-

196 1680 396 1714 missibiliter
421 1682 491 1725 ipso
518 1682 601 1715 facto
627 1682 839 1721 incurrendi«,
865 1692 930 1714 non

196 1733 288 1766 aliam
326 1745 422 1777 quam
449 1734 550 1777 ipsius
575 1735 720 1778 Angelici
741 1740 932 1778 praecepto-

196 1786 238 1819 ris
264 1792 295 1820 et
319 1787 497 1820 communis
522 1788 665 1830 magistri
699 1787 761 1821 divi
789 1787 931 1820 Thomae

197 1839 370 1872 doctrinam
391 1840 542 1872 docerent
563 1845 595 1873 et
612 1839 843 1880 defenderent3
872 1841 931 1873 his-

199 1902 260 1933 que
287 1892 415 1924 accedat
445 1893 530 1936 quod
552 1893 658 1936 ampla
683 1893 739 1926 itta
763 1893 930 1936 liberaque

197 1944 354 1977 sentiendi
380 1950 411 1977 et
435 1946 589 1988 opinandi
609 1946 750 1985 facultas,
773 1956 856 1989 quae
874 1956 932 1989 per

199 2002 381 2029 enarratum
400 1997 573 2030 definitorii
593 1999 707 2041 nuperi
729 1999 858 2042 capituli
879 2009 931 2041 ge-

198 2049 317 2082 neralis
343 2049 506 2083 decretum
521 2050 673 2083 alumnis¹
690 2051 791 2084 dietae
804 2051 933 2094 provin-

198 2101 265 2134 ciae
290 2102 446 2135 Castellae
473 2103 634 2142 tribuitur,
661 2105 799 2147 plurima
829 2105 931 2137 eidem

198 2155 381 2197 provinciae
407 2156 522 2188 damna
547 2156 695 2197 afferret,
723 2157 933 2200 multiplices-

199 2217 261 2250 que
287 2207 373 2240 inter
390 2207 475 2240 illius
494 2208 609 2241 fratres
629 2209 738 2241 turbas
756 2220 791 2241 ac
810 2209 933 2242 dissen-

198 2259 306 2292 siones
332 2260 502 2301 excitaret,
522 2266 553 2293 et
576 2261 626 2294 vel
649 2262 786 2295 maxime
811 2262 934 2295 studio-

199 2312 256 2352 sis,
276 2318 431 2356 rectoque
447 2314 624 2347 studiorum
646 2315 787 2358 ipsorum
804 2315 932 2348 Ordinis

198 2365 291 2398 noxia
309 2371 341 2398 et
356 2366 541 2408 perniciosa
558 2367 651 2407 foret,
669 2368 932 2411 quandoquidem

199 2418 314 2451 exinde
339 2419 457 2452 alumni
483 2419 619 2462 praefati
637 2420 676 2452 ad
694 2420 856 2453 desideria
877 2431 932 2453 sua

199 2481 390 2504 coacervare
406 2472 466 2504 sibi
485 2472 668 2514 magistros,
685 2483 721 2504 ae
738 2473 824 2505 omni
838 2479 932 2506 vento

199 2523 363 2557 doctrinae
400 2524 600 2558 circumferri
635 2526 738 2559 libere
774 2531 930 2570 possent,

197 2578 308 2621 sicque
326 2579 358 2611 in
383 2578 484 2611 varias
498 2578 675 2612 abeuntes‘²
692 2580 869 2613 sententias
891 2581 932 2612 in-

232 2650 245 2676 1
268 2649 338 2676 Edit.
361 2650 442 2676 Main.
465 2650 529 2685 legit
548 2651 666 2678 alumni
686 2653 722 2686 (a.
738 2652 787 2685 τ.).

232 2694 248 2721 9
269 2694 338 2721 Edit.
360 2695 441 2722 Malu.
463 2696 528 2730 legit
547 2696 677 2724 obeuntes
697 2698 733 2730 (n.
751 2696 799 2731 iz).

972 356 1073 390 vicem
1101 357 1334 400 discreparent,
1354 363 1450 402 atque
1470 369 1532 392 non
1551 359 1619 392 sine
1642 370 1709 392 iuu-

973 415 1045 443 tuae
1061 409 1225 442 charitatis
1246 411 1440 444 detrimento
1462 412 1579 454 ingiter
1599 412 1710 444 decer-

975 467 1097 502 tarent,
1124 462 1280 505 facileque
1313 464 1442 497 evenire
1476 470 1586 507 posset
1622 465 1708 508 quod

973 514 1034 557 ipsi
1054 515 1218 548 studentes
1246 517 1440 550 contrariam
1461 517 1491 549 in
1511 519 1600 550 sacra
1623 518 1710 550 theo-

973 568 1075 610 logia,
1102 579 1195 611 quam
1221 569 1252 601 in
1278 569 1488 613 philosophia
1514 571 1710 604 addiscenda

972 621 1468 665 apprehenderant,opinionem
1484 624 1707 664 edocerentur,
1746 621 1749 623 ’

973 673 1117 715 quinimo
1135 674 1165 706 in
1184 677 1247 707 una
1276 676 1454 720 eademque
1473 677 1605 710 seientia
1624 678 1710 710 iuxta

972 726 1131 760 diversam
1147 728 1374 770 magistrorum
1393 740 1452 773 pro
1475 736 1618 774 tempore
1638 731 1710 764 edo-

972 781 1114 812 centium
1156 781 1337 814 doctrinam
1375 782 1406 815 in
1442 783 1542 816 varias
1579 795 1709 827 qnoque

973 833 1145 875 opiniones
1165 834 1381 867 traherentur:
1398 842 1598 878 exponentes
1617 847 1710 880 prae-

974 885 1059 924 dicti,
1088 886 1168 918 haec
1194 892 1224 919 et
1249 887 1309 920 alia
1334 898 1399 920 non
1425 889 1550 922 minora
1571 890 1654 922 mala
1673 900 1708 923 ex

973 938 1127 971 eiusmodi
1165 939 1295 973 decreto
1335 946 1531 984 proventura
1566 943 1710 976 conside-

972 996 1093 1031 rantes,
1113 996 1147 1023 nt
1172 992 1315 1026 eiusdem
1339 994 1525 1036 provmciae
1552 995 1708 1028 Castellae

974 1044 1089 1087 quieti,
1109 1045 1334 1088 tranquillitati
1354 1058 1390 1079 ac
1409 1047 1518 1080 decori
1534 1048 1634 1091 ipsius
1650 1049 1710 1081 fra-

975 1103 1057 1129 trum
1085 1102 1115 1130 et
1146 1098 1320 1142 praecipue
1350 1100 1549 1133 studentium
1576 1112 1710 1135 concor-

973 1151 1044 1184 diae
1069 1157 1099 1183 et
1124 1152 1309 1195 progressui
1333 1160 1540 1197 prospectum
1563 1154 1620 1195 sit,
1640 1157 1710 1188 sub-

972 1204 1034 1237 lato
1060 1204 1217 1237 eiusmodi
1240 1205 1382 1246 decreto,
1400 1217 1494 1240 uuam
1522 1213 1709 1251 certamque

973 1257 1117 1290 eiusdem
1158 1258 1302 1300 Angelici
1345 1260 1507 1300 doctoris,
1543 1261 1708 1294 clarissimi

973 1310 1137 1343 Ecclesiae
1162 1311 1217 1343 Dei
1235 1311 1378 1352 luminis,
1396 1314 1552 1346 constanti
1571 1325 1709 1348 summo-

973 1373 1042 1395 rum
1062 1363 1249 1396 Pontificum
1271 1365 1560 1407 praedecessorum
1586 1372 1710 1400 nostro-

974 1426 1043 1448 rum
1081 1416 1266 1450 testimonio
1302 1418 1499 1462 laudumque
1530 1420 1708 1462 praeconio

974 1475 1142 1512 tantopere
1175 1471 1432 1504 commendatam
1467 1472 1642 1504 doctrinam
1676 1473 1707 1505 in

973 1522 1121 1555 universa
1148 1522 1314 1565 provincia
1350 1524 1494 1566 praefata
1525 1530 1710 1557 constanter

974 1573 1118 1614 retineri,
1138 1575 1244 1608 doceri
1265 1586 1299 1608 ac
1321 1577 1518 1620 propugnari
1538 1577 1710 1620 plurimum

974 1627 1174 1660 desiderant.
1202 1628 1300 1661 Nobis
1337 1635 1509 1673 propterea
1546 1631 1711 1663 humiliter

973 1681 1150 1724 supplicari
1173 1682 1318 1714 fecerunt
1339 1688 1373 1714 ut
1392 1683 1422 1715 in
1442 1683 1629 1726 praemissis
1653 1694 1711 1727 op-

973 1740 1110 1777 portune
1149 1735 1317 1777 providere
1344 1736 1381 1768 de
1408 1736 1607 1777 benignitate
1633 1747 1710 1780 apo-

973 1788 1086 1820 stolica
1106 1788 1325 1830 dignaremur.

1018 1842 1032 1883 ξ
1057 1841 1088 1874 3.
1108 1841 1171 1874 Nos
1197 1842 1306 1884 igitur,
1329 1843 1516 1877 corumdem
1543 1849 1904 1887 exponen-Ain-mulneme-

1722 1877 1759 1898 satt
1775 1879 1863 1898 ἀει-νειμ

976 1896 1053 1927 tium
1075 1895 1156 1927 votis
1182 1894 1241 1927 hac
1259 1895 1288 1927 in
1311 1906 1355 1935 re,
1376 1902 1533 1938 quantum
1560 1908 1630 1929 cum
1652 1898 1711 1931 Do—

976 1948 1063 1979 mino
1100 1957 1287 1990 possumus,
1317 1948 1536 1982 favorabiliter
1567 1960 1711 1984 annuere

975 2000 1128 2040 volentes,
1147 2010 1324 2043 eorumque
1349 2000 1530 2043 singulares
1557 2013 1712 2045 personas

976 2062 992 2084 a
1010 2051 1173 2094 quibusvis
1200 2053 1558 2095 excommunicationis,
1577 2066 1713 2098 suspeu-

976 2104 1074 2137 sionis
1093 2110 1123 2138 et
1141 2105 1313 2145 interdicti,
1331 2106 1466 2150 aliisque
1486 2108 1713 2142 ecclesiasticis

976 2157 1166 2198 sententiis,
1193 2159 1339 2191 censuris
1371 2165 1402 2192 et
1429 2161 1563 2203 poenis,
1589 2172 1606 2194 a
1641 2162 1712 2193 iure

975 2211 1024 2243 vel
1051 2211 1090 2243 ab
1128 2211 1284 2252 homine,
1312 2213 1422 2255 quavis
1458 2214 1630 2247 occasione
1663 2215 1713 2247 vel

976 2266 1068 2296 causa
1094 2264 1176 2304 latis,
1203 2264 1227 2296 si
1254 2265 1370 2308 quibus
1397 2267 1643 2309 quomodolibet
1669 2267 1715 2299 in-

976 2317 1113 2349 nodatae
1139 2317 1298 2357 existunt,
1325 2322 1362 2351 ad
1389 2318 1536 2353 eflectum
1562 2330 1714 2363 praesen-

978 2369 1054 2401 tium
1081 2370 1244 2402 dumtaxat
1268 2373 1559 2414 consequendum,
1597 2373 1712 2406 harum

975 2422 1057 2454 serie
1083 2421 1287 2456 absolventes
1314 2429 1345 2456 et
1370 2424 1533 2457 absolutas
1553 2425 1618 2458 sore
1637 2436 1713 2458 cen-

975 2481 1102 2515 sentes,
1128 2475 1318 2509 huiusmodi
1343 2477 1634 2520 siripplicationibns
1663 2479 1712 2510 in-

975 2527 1105 2567 clinati,
1144 2528 1366 2571 supradictum
1404 2530 1571 2563 decretum
1601 2531 1713 2564 delini-

976 2581 1047 2613 torii
1065 2582 1226 2623 generalis
1245 2582 1380 2615 liberam
1406 2583 1590 2617 facultatem
1611 2584 1713 2617 fratri-

976 2634 1034 2666 bus
1060 2635 1224 2677 praefatae
1259 2636 1444 2678 provinciae
1475 2636 1633 2670 Castellae
1659 2648 1712 2669 cu-

976 2687 1109 2721 iuslibet
1140 2687 1309 2732 approbati
1343 2689 1485 2723 doctoris
1517 2690 1711 2723 sententiam

1603 301 1666 335 869
1715 310 1764 335 Λη.
1783 311 1811 336 c.
1837 311 1902 337 1730
