2170 3147
238 180 284 205 An.
304 178 321 204 C
359 178 425 205 ¹725

255 609 416 635 Dumpnoffiam

242 2527 328 2548 Sancus
349 2534 401 2554 pic-

215 2555 278 2575 nubs

472 170 536 203 ⁵254
1019 186 1201 209 nriitixnuui
1228 187 1385 212 ROMANUM

432 229 609 262 existentes
642 232 845 273 praedictos,
873 234 1014 276 desuper
1039 245 1174 276 quomo-

432 282 555 315 dolibet
595 283 739 316 indebite
765 285 949 323 molestari,
988 287 1171 329 perturbari

430 340 485 366 aut
510 336 699 378 inquietari,
726 338 981 371 contradictores
1011 346 1043 371 et
1069 340 1173 373 rebel-

430 389 477 420 tos
502 390 666 431 quoslibet
693 401 752 433 per
770 403 922 425 censuras
938 393 1173 426 ecclesiasticas

430 441 555 484 aliaque
583 442 661 475 iuris
687 450 719 476 et
752 444 825 477 sacti
864 446 1006 479 remedia
1042 457 1173 490 compe-

429 494 562 533 scendo,
591 496 737 529 invocato
763 498 870 538 etiam,
899 499 923 531 si
951 510 1034 542 opus
1061 501 1169 539 suerit,

427 547 554 580 brachii
581 551 757 583 saecularis
783 552 910 585 auxilio.

471 602 486 644 ἓ
512 601 542 634 7.
570 602 640 635 Non
667 604 875 638 obstantibus
903 609 1016 639 nostra
1041 607 1171 640 etCan-

427 655 581 688 cellariae
607 657 814 700 Apostolicae
840 659 1003 692 clausula¹
1036 660 1075 692 de
1102 661 1170 692 iure

426 708 572 750 quaesito
598 719 661 742 non
688 710 854 751 tollendo,
882 722 918 744 ac
953 713 1097 745 eiusdem
1126 724 1171 745 re·

425 761 620 795 cordationis
642 763 799 796 Bonisacii
815 765 966 799 similiter
984 766 1089 809 Papae
1107 767 1168 799 wll

424 813 521 847 etiam
555 817 822 858 praedecessoris
855 820 981 858 nostri,
1010 825 1169 862 qnatenus

424 877 505 909 opus
531 869 580 907 sit,
608 869 645 901 de
680 873 757 910 una,
781 877 812 904 ct
845 873 975 905 concilii
1005 873 1169 915 generalis

425 922 464 953 (le
491 922 618 955 duabus
644 924 752 964 dietis,
779 926 956 959 dummodo
983 926 1100 969 aliquis
1122 937 1169 958 ex-

425 979 471 1006 tra
497 985 587 1009 suam
618 977 778 1010 civitatem
806 984 837 1011 et
870 979 1047 1012 dioecesim
1086 980 1169 1012 ultra

422 1032 487 1059 tres
514 1029 618 1063 dIetas
653 1031 692 1062 ad
726 1031 881 1064 iudicium
915 1043 978 1065 non
1007 1034 1167 1073 trabatur,

422 1091 550 1114 nernon
584 1084 759 1126 praediCtis
797 1085 991 1126 Clementis,
1019 1086 1168 1129 Gregorii

422 1140 453 1166 et
490 1135 610 1168 Urbani
644 1138 937 1179 praedecessorum
979 1147 1167 1172 nostrorum

420 1189 685 1230 praedictorum,
723 1201 852 1225 necnon
890 1193 962 1235 piae
989 1193 1166 1225 memoriae

418 1240 601 1274 Innocentii
629 1242 733 1285 Papae
753 1244 777 1275 X
804 1244 953 1277 similiter
978 1246 1169 1288 praedeces-

418 1294 500 1326 soris
526 1295 626 1328 nostri
653 1296 793 1339 desuper
813 1297 908 1339 edita,
932 1299 1070 1342 aliisque
1088 1309 1167 1332 con-

417 1347 644 1381 stitutionibus
681 1355 713 1382 et
739 1350 1004 1384 ordinationibus
1038 1358 1166 1396 aposto-

417 1401 488 1434 licis
505 1429 512 1442 ‚
540 1412 666 1435 necnon
692 1402 821 1436 Ordinis
852 1405 1032 1447 praedicti,
1066 1406 1163 1439 etiam

417 1455 613 1497 iuramento,
632 1457 883 1491 confirmatione
902 1459 1093 1501 apostolica,
1109 1465 1163 1492 aut

417 1509 528 1552 quavis
552 1509 699 1543 firmitate
715 1510 778 1543 alia
796 1511 969 1552 roboratis,
984 1513 1110 1545 statutis
1133 1518 1164 1546 et

416 1563 729 1602 consuetudinibus,
760 1565 857 1596 etiam
899 1564 1162 1598 imiuemorabili-

416 1615 487 1655 buS,
513 1616 692 1659 privilegiis
718 1627 862 1660 quoque,
894 1618 1030 1651 indultis
1057 1625 1089 1652 et
1115 1621 1162 1652 lit-

416 1669 494 1702 teris
519 1671 707 1712 apostolicis
738 1671 782 1704 illi
810 1671 960 1715 illiusque
988 1673 1162 1716 superiori-

415 1723 474 1755 bus
499 1722 637 1766 aliisque
663 1723 820 1766 personis,
859 1724 955 1757 ctiain
989 1725 1160 1768 derogato-

415 1776 535 1808 riarum
561 1777 801 1819 dcrogatoriis,
825 1778 1074 1820 efficacioribus,
1097 1780 1159 1812 effi-

414 1829 591 1862 cacissimis
603 1830 787 1863 etinsolitis
807 1831 1012 1871 ctaiisutis,in
1036 1838 1159 1866 contra-

414 1883 496 1915 rium
515 1883 768 1926 praen‘iissorum
785 1884 891 1917 forsan
910 1885 1159 1928 quomodolibet

414 1937 596 1977 concessis,
637 1938 847 1980 approbatis,
890 1938 1089 1972 confirmatis
1128 1945 1159 1974 et

415 1989 575 2022 innovatis
597 2002 603 2030 ;
631 1991 749 2033 quibus
778 1991 929 2024 omnibus
955 1997 987 2024 et
1007 1993 1155 2035 singulis,

414 2043 538 2075 etiamsi
566 2044 604 2076 de
626 2044 690 2077 illis
728 2055 909 2088 eorumque
937 2046 1010 2078 totis
1039 2047 1157 2079 tenori-

413 2095 473 2128 bus
498 2097 649 2139 specifica
682 2103 713 2130 et
747 2108 901 2140 expressa
927 2109 962 2131 ac
994 2099 1033 2131 (lc
1059 2100 1156 2133 verbo

413 2149 452 2181 ad
479 2149 633 2190 verbum,
672 2160 737 2183 non
769 2156 876 2183 autem
902 2162 961 2194 per
995 2152 1156 2185 clausulas

412 2204 585 2243 generales
611 2203 697 2236 idem
717 2203 941 2247 importantes,
959 2205 1081 2238 mentio
1099 2216 1154 2239 seu

413 2256 542 2297 quaevis
567 2256 629 2289 alla
661 2257 826 2299 expressio
864 2258 1016 2291 habenda
1049 2259 1152 2300 soret,

412 2309 566 2342 latissime
605 2316 636 2342 et
675 2311 862 2353 plenissime
896 2322 932 2344 ac
968 2313 1154 2354 specialiter

413 2368 442 2394 et
477 2372 629 2404 expresse
664 2364 723 2395 bac
755 2364 823 2397 vice
849 2364 1012 2398 dumtaxat
1039 2366 1154 2399 barum

411 2416 494 2448 serie
520 2423 606 2448 motu
631 2417 699 2459 pari
723 2418 931 2460 derogamus3
966 2419 1153 2462 ceterisque

411 2468 585 2501 contrariis
619 2469 891 2513 quibuscumque.

455 2524 470 2565 ξ
495 2525 526 2556 ὅ.
554 2522 639 2555 Nulli
665 2534 742 2565 ergo
769 2524 901 2557 omniuo
929 2525 1099 2559 bominum
1117 2526 1152 2558 li-

448 2587 457 2609 1
482 2583 517 2610 De
538 2592 612 2611 inore
632 2584 730 2618 legitur
752 2586 850 2618 reyulci
872 2588 910 2620 (n.
928 2593 977 2618 r).

1218 241 1289 268 ceat
1313 237 1465 279 paginam
1492 237 1578 272 hano
1603 244 1738 273 nostrae
1761 240 1968 283 approbatio-

1219 288 1278 327 nis,
1306 289 1575 331 confirmationis,
1605 292 1732 325 roboris
1759 293 1963 325 adiectionis.

1218 341 1401 375 defectuum
1420 345 1649 386 suppletionis,
1668 345 1853 385 erectionis,
1876 346 1966 382 insti,

1219 395 1362 433 tutionis,
1390 397 1524 435 decreti,
1552 399 1692 430 mandati
1728 403 1760 430 et
1785 399 1963 441 derogatio.

1218 447 1266 479 nis
1305 448 1501 491 infringere,
1530 451 1579 482 vel
1612 451 1640 482 ei
1674 461 1752 483 ausu
1790 452 1964 484 temerario

1217 502 1397 542 contraire3
1426 502 1450 533 si
1477 503 1548 545 quis
1573 509 1681 535 autem
1711 504 1771 535 hoc
1798 509 1958 537 attentare

1217 555 1490 597 praesumpserit,
1527 555 1781 597 indignationem
1808 557 1958 599 omnipo-

1218 606 1313 638 tentis
1338 607 1392 639 Dei
1423 618 1459 639 ac
1489 607 1660 641 beatorum
1699 608 1784 642 Petri
1812 615 1843 642 et
1867 609 1958 643 Pauli

1217 660 1441 702 apostolorum
1457 660 1525 704 eius
1546 670 1578 692 se
1593 660 1722 693 noverit
1742 661 1958 695 incursurum.

1262 712 1374 744 Datum
1408 713 1538 752 Romae,
1565 714 1648 756 apud
1685 713 1715 746 S.
1743 714 1874 746 Mariam
1900 714 1962 747 Ma-

1216 765 1341 805 iorem,
1381 775 1466 798 anno
1503 766 1738 799 Incarnationis
1777 767 1959 801 dominicae

1216 827 1376 858 mcccxxv,
1417 818 1513 851 nonis
1553 820 1758 863 septembris,
1794 820 1961 863 pontifica-

1217 876 1264 903 tus
1290 871 1392 904 nostri
1414 882 1500 904 anno
1527 882 1562 905 11.

1251 932 1308 959 Dat.
1328 933 1372 960 die
1391 934 1408 960 5
1428 934 1596 969 septembris
1624 934 1699 968 1725,
1718 935 1816 970 pontif.
1837 944 1909 963 anno
1930 942 1959 963 ιι.

1505 1077 1666 1110 LXXXIX.

1215 1156 1437 1198 Confirmatio·
1472 1157 1638 1189 ordinatio
1670 1157 1833 1200 quaedam
1868 1159 1958 1202 capi-

1259 1210 1322 1241 mli
1346 1209 1509 1252 generalis
1536 1209 1671 1243 Ordinis
1697 1210 1954 1252 Carlltusiensis,

1257 1273 1296 1294 ne
1309 1263 1460 1295 monachi
1472 1263 1614 1296 eiusdem
1630 1263 1766 1296 Ordinis
1781 1265 1956 1298 missarum

1256 1316 1472 1359 eleemosynas
1497 1317 1533 1348 ‘in
1555 1317 1701 1359 privatos
1725 1328 1804 1350 usus
1828 1329 1955 1351 conver—

1256 1369 1355 1402 [anst.

1393 1451 1574 1479 Benedictus
1596 1452 1676 1485 Papa
1692 1452 1771 1485 xm,

1349 1495 1385 1521 ad
1406 1495 1541 1523 futuram
1560 1495 1606 1523 rei
1626 1496 1811 1524 memoriam.

1251 1568 1265 1608 ξ
1287 1567 1313 1598 t.
1333 1566 1457 1610 Exponi
1484 1567 1579 1599 nobis
1601 1577 1707 1610 nuper
1723 1567 1797 1600 fecit
1815 1567 1951 1601 dilectus
1968 1582 2145 1608 nxpoaimneu.

1207 1619 1290 1651 tilius
1317 1619 1504 1652 Vincentius
1537 1619 1654 1652 Dinelli
1680 1626 1877 1663 procurator
1900 1632 1952 1664 ge-

1206 1672 1326 1704 neralis
1368 1672 1498 1705 Ordinis
1534 1672 1801 1714 Carttuisiensis,
1838 1674 1949 1718 quod,

1205 1736 1286 1764 cum,
1316 1725 1481 1757 nonnullis
1502 1724 1541 1756 ab
1560 1725 1637 1757 binc
1662 1725 1763 1765 annis,
1790 1725 1877 1759 inter
1893 1727 1951 1759 ali-

1204 1783 1283 1819 quot
1304 1777 1451 1810 eiusdem
1472 1776 1603 1810 Ordinis
1628 1778 1807 1811 monachos
1832 1789 1890 1822 per
1915 1789 1950 1812 se

1203 1831 1268 1864 sire
1286 1842 1345 1874 per
1363 1831 1572 1874 interpositas
1597 1841 1754 1874 personas
1781 1832 1949 1866 missarum

1203 1887 1428 1929 eleemosynas
1455 1885 1652 1928 procurandi
1679 1885 1876 1928 illarumque
1906 1887 1949 1919 lu-

1202 1949 1291 1971 crum
1317 1944 1431 1971 contra
1456 1948 1569 1970 corun]
1589 1939 1732 1979 regulam
1753 1944 1784 1970 et
1808 1949 1949 1983 pauper-

1201 1991 1274 2024 tatis
1300 1997 1417 2032 votum,
1444 2001 1508 2024 non
1534 1992 1685 2023 obstante
1705 1992 1789 2034 quod
1815 1992 1946 2024 abunde

1202 2045 1239 2077 de
1265 2045 1362 2076 rebus
1394 2043 1587 2076 necessariis
1620 2044 1738 2086 provisi
1772 2044 1847 2085 sint,
1883 2045 1945 2077 sibi

1200 2098 1398 2131 attribuendi
1415 2097 1532 2129 abusus
1550 2097 1751 2140 irrepsisset,
1765 2108 1823 2141 per
1834 2109 1946 2142 quam-

1238 2188 1246 2211 t
1271 2185 1418 2211 Clementis
1439 2184 1470 2211 xl
1492 2188 1577 2211 const.
1601 2184 1667 2211 edit.
1697 2191 1814 2219 nocem,
1842 2186 1885 2213 die
1912 2188 1941 2213 11

1199 2230 1273 2264 maii,
1305 2230 1403 2264 pontis.
1432 2236 1478 2263 xn,
1511 2229 1680 2264 prohibitum
1717 2229 1770 2256 fuit
1805 2230 1944 2258 monachis

1198 2275 1262 2301 dicti
1282 2274 1406 2309 Ordinis,
1429 2283 1462 2301 ne
1481 2282 1558 2301 esum
1579 2274 1703 2301 carnium
1723 2274 1804 2301 alicui
1832 2275 1859 2301 in
1888 2275 1945 2303 suis

1199 2320 1373 2347 monasteriis
1389 2320 1565 2354 pei-inittant3
1587 2323 1613 2345 et
1630 2319 1710 2346 huius
1725 2319 1862 2346 Pontificis
1878 2328 1943 2347 con-

1197 2365 1253 2391 stit.
1275 2364 1341 2391 edit.
1363 2370 1499 2397 MDCCXXV‚
1521 2363 1565 2389 die
1584 2364 1619 2390 ⁹20
1647 2365 1765 2398 augusti,
1796 2364 1890 2399 pontif.
1911 2370 1941 2395 n,

1196 2412 1326 2436 statutum
1348 2409 1398 2435 fuit
1418 2413 1447 2435 ut
1463 2408 1554 2435 nullus
1569 2408 1715 2443 impetrare
1727 2410 1941 2444 possetgratiam

1196 2454 1315 2489 aliquam
1334 2462 1349 2481 a
1363 2454 1391 2480 S.
1409 2454 1478 2480 Sede
1495 2453 1553 2480 sine
1573 2454 1743 2488 superiorum
1759 2454 1895 2481 maiorum
1910 2454 1942 2481 li-

1196 2499 1295 2531 centiai3
1317 2506 1387 2533 quae
1408 2498 1564 2525 constitutio
1581 2499 1758 2525 confirmatur
1779 2506 1794 2524 a
1815 2498 1939 2525 Clemen-

1196 2547 1221 2569 te
1242 2542 1286 2569 xit
1307 2546 1394 2570 const,
1416 2543 1481 2570 edit.
1504 2548 1658 2576 muccxxxii,
1680 2542 1722 2569 die
1738 2542 1767 2570 3¹
1786 2541 1853 2576 iulii,
1869 2551 1939 2578 pon—

1170 2597 1174 2606 1
1195 2586 1233 2613 tis.
1257 2593 1292 2614 ni.

1969 192 2022 220 An.
2038 193 2066 220 C.
2087 194 2158 223 1725
