2170 3147
0 151 45 178 An.
65 149 95 177 C.
114 149 182 177 1729

31 1268 72 1290 eur
88 1266 175 1287 cessatis

0 1301 64 1316 &ausin
88 1292 176 1314 transl]-

0 1323 56 1342 ¹iou-iis
93 1320 176 1346 praedi·

0 1351 40 1369 :tau
86 1346 175 1368 ecclesia

0 1375 17 1396 Β.
41 1374 116 1395 Leonis
149 1372 174 1392 ad

0 1402 104 1422 iristtuum
133 1401 176 1419 sta-

0 1432 38 1448 tum
88 1426 175 1447 reducta

0 1460 35 1476 seu
49 1454 83 1474 bit.

793 147 988 173 BENEDICTUS
1014 148 1071 173 XIII
1095 149 1142 173 Pr.

188 198 273 241 quod
291 197 475 241 praedictae
495 198 575 232 duae
602 197 757 231 eeclesiae
783 198 812 231 S.
842 198 918 230 Leo-

187 250 236 283 nis
273 256 304 283 et
335 250 366 283 S.
401 251 641 283 Bartholomaei
677 261 743 283 non
778 250 919 293 amplius

187 303 268 335 duae
302 303 474 342 ecelesiae,
507 314 571 336 una
598 303 722 336 scilicet
754 304 921 336 cathedra-

186 356 225 389 lis
251 362 283 389 et
307 358 408 390 altera
434 357 620 400 collegiata,
643 363 918 400 nuncuparentur,

186 410 243 442 sed
270 411 363 443 unica
397 416 519 443 tantum
557 410 693 444 ecclesia
726 410 920 442 cathedralis

187 462 350 501 existeret,
369 463 520 505 quodque
547 463 577 494 in
603 462 739 495 ecclesia
756 462 786 494 S.
807 462 921 494 Leonis

187 515 442 548 cathedralitatis
468 515 609 558 insignia
641 521 863 553 remanerent,
890 520 921 547 et

187 567 255 600 dies
281 568 381 600 festus
408 567 552 600 eiusdem
577 567 677 600 sancti
706 567 842 600 titularis
864 567 921 599 ibi-

187 620 259 652 dem
282 620 441 652 celebrari
460 620 633 662 quotannis
652 630 717 652 non
737 619 919 658 desineret·⁷

187 676 219 704 et
245 672 320 714 quia
345 672 529 714 praeposito
566 672 730 714 praedicta
762 682 838 703 cura
874 671 920 702 in-

187 724 359 757 cumbebat
375 724 566 764 animarum,
586 725 741 767 deputato
766 724 853 767 prius
879 724 922 755 vi—

186 776 273 810 cario
298 777 336 810 ad
364 784 475 810 nutum
503 777 721 816 ammovibili,
749 782 779 809 et
812 787 919 818 segre-

187 830 266 872 gatis
292 830 409 863 deinde
436 830 603 863 nonnullis
626 830 796 862 stabilibus
815 840 850 862 ex
871 832 921 862 ea-

187 883 260 915 dem
293 884 544 926 praepositura,
571 893 630 926 per
659 882 920 915 constitutionem

187 935 300 968 similis
326 935 558 969 recordationis
584 935 764 968 Innocentii
800 935 837 967 xl
867 945 921 978 pa-

188 987 266 1021 riter
289 988 549 1031 praedecessoris
581 988 762 1031 expeditam
785 987 843 1019 sub
869 987 921 1019 da-

187 1046 253 1073 tum
272 1051 290 1073 v
314 1041 386 1074 idus
410 1041 596 1074 novembris
617 1050 800 1080 Muctxxxu,
822 1040 922 1073 archi-

188 1094 429 1137 presbyteratus
463 1104 533 1126 cum
559 1095 675 1127 actuali
702 1096 779 1127 cura
803 1094 921 1126 anima-

187 1157 257 1179 rum
277 1152 426 1190 tanquam
452 1157 528 1179 vera
552 1153 584 1180 et
608 1146 741 1190 propria
766 1147 921 1190 parochia

187 1206 296 1233 erecta
321 1200 389 1232 suit.

230 1252 297 1296 5⁶2.
326 1253 363 1285 Et
388 1254 535 1296 quamvis
568 1264 627 1296 per
663 1253 786 1286 obitum
816 1252 919 1285 ultimi

187 1307 277 1339 ducis
299 1306 412 1339 Urbini
438 1307 589 1340 devoluto
615 1307 743 1349 integro
768 1306 856 1339 Statu
881 1306 920 1339 ad

187 1359 305 1393 Sedem
345 1361 575 1404 Apostolieam,
612 1360 744 1393 cessatis
782 1359 920 1403 proinde

187 1423 272 1446 anno
289 1422 413 1447 iinchv
431 1413 590 1446 bellorum
606 1412 799 1453 turbinibus,
814 1417 921 1445 amoto

188 1467 310 1509 ingenti
347 1466 485 1500 militum
527 1466 698 1509 praesidio,
737 1477 843 1509 eoque
883 1466 922 1498 ad

188 1519 350 1553 modicum
375 1529 546 1552 numerum
570 1518 712 1557 redacto,
736 1529 802 1551 non
818 1520 922 1551 solum

188 1572 298 1605 civitas
322 1573 497 1616 praedicta,
523 1572 580 1604 secl
605 1577 636 1604 et
661 1577 725 1604 tota
749 1571 923 1604 Feretrana

188 1626 354 1670 provincia
373 1626 417 1658 ut*
436 1625 580 1668 praefata
598 1624 733 1658 eeclesia
757 1625 798 1657 ad
820 1625 923 1668 pristi-

188 1689 266 1711 num
290 1679 502 1712 reduceretur
528 1684 643 1710 statum
667 1683 698 1710 et
727 1678 849 1710 cultum
891 1688 923 1710 e-

188 1732 262 1764 nixe
288 1732 497 1774 exoptaverit,
539 1731 580 1763 ob
618 1730 777 1763 desectum
814 1736 921 1763 tamen

189 1784 383 1828 episcopalis
420 1784 540 1827 palatii,
582 1794 618 1816 ex
655 1794 718 1826 quo
757 1783 923 1826 antiquum

189 1843 244 1870 aut
274 1839 461 1881 prolapsum
497 1843 551 1869 aut
586 1836 797 1868 inhabitabile
833 1836 923 1869 reda-

189 1896 274 1923 ctum
299 1890 410 1930 suerat,
436 1900 548 1923 eorum
573 1896 646 1923 vota
674 1890 714 1922 ad
742 1890 858 1923 Sedem
883 1891 923 1922 Α-

189 1943 379 1986 postolicam
398 1953 561 1986 exponere
579 1953 644 1975 non
661 1943 849 1983 valuerunt3
868 1943 921 1976 sed

190 1996 322 2030 obtenta
347 1997 555 2040 postmodum
580 1997 619 2029 ad
644 1997 828 2029 huiusmodi
849 1996 924 2029 effe-

190 2055 276 2082 ctum
293 2060 310 2082 a
330 2049 463 2082 Camera
480 2052 589 2082 nostra
607 2050 796 2083 investitura
813 2049 923 2092 palatii

189 2102 266 2135 olim
291 2102 330 2135 de
355 2102 478 2135 iuribus
505 2102 622 2135 dueum
647 2102 759 2135 Urbini
784 2112 841 2145 per
861 2102 924 2134 chi-

189 2155 391 2198 rographum
428 2155 544 2188 similis
583 2155 818 2189 recordationis
855 2154 923 2187 Cle-

190 2207 306 2240 mentis
325 2208 349 2240 X
375 2208 497 2251 pariter
512 2209 786 2253 praedecessoris,
810 2208 842 2241 in
861 2219 924 2252 quo

190 2269 393 2304 summopere
436 2262 679 2295 commendatur
729 2261 924 2305 episcopalis

189 2313 365 2346 residentia
389 2315 474 2357 apud
500 2315 670 2348 eeclesiam
688 2315 813 2354 Leonis,
830 2317 926 2347 causa

190 2366 400 2400 nihilominus
417 2368 551 2401 remissa
568 2373 600 2401 et
617 2368 734 2401 deinde
759 2368 926 2411 proposita

190 2420 223 2452 in
249 2423 357 2453 nostra
381 2419 516 2453 Concilii
543 2421 812 2464 Congregatione,
838 2431 927 2454 reso-

190 2473 270 2518 lutio
296 2473 399 2507 dictae
439 2474 557 2507 civitati
590 2484 724 2517 prorsus
764 2474 927 2508 contraria

223 2538 236 2566 1
259 2537 329 2567 Edit.
351 2539 435 2566 Maia.
457 2538 522 2574 legit
541 2538 573 2565 in
593 2545 642 2573 pro
662 2540 691 2565 ut
714 2538 752 2573 (n.
768 2538 816 2572 T.).

1599 140 1658 173 821

966 198 1141 237 emanavit,
1158 202 1203 239 et,
1219 198 1345 232 ratione
1360 198 1523 241 dispendii
1539 198 1571 231 in
1588 198 1701 230 huius-

965 251 1051 283 modi
1067 251 1287 294 propositione
1305 251 1405 294 passi,
1425 262 1518 284 causa
1537 251 1701 294 praedicta

965 304 1153 336 ulteriorem
1175 315 1384 346 progressum
1403 314 1467 337 non
1487 304 1609 337 habuit.

1008 357 1021 399 ξ
1046 358 1075 389 3.
1101 356 1165 389 Nos
1190 363 1297 389 autem
1324 358 1410 390 serio
1436 358 1698 396 considerantes,

1711 149 1760 176 An.
1782 150 1895 176 &1729

1738 369 1820 388 (unixae
1833 374 1896 394 prae-

1677 410 1682 415 .
1710 396 1776 415 sontis
1795 396 1896 415 conutitu-

964 411 1051 442 nulla
1077 410 1207 452 penitus
1232 410 1328 452 eulpa
1362 415 1436 442 tunc
1472 410 1626 453 temporis
1657 420 1700 441 ci-

964 462 1048 494 vium
1073 464 1237 505 multoque
1263 463 1367 495 minus
1388 464 1620 496 modernorum
1641 463 1701 495 liu-

964 515 1102 547 iusmodi
1130 515 1375 548 translationem
1402 517 1562 559 expletam
1589 515 1697 554 fuisse,

964 568 1019 600 sed
1046 578 1082 599 ex
1109 577 1198 600 mero
1228 578 1335 600 rerum
1368 578 1403 600 ae
1431 573 1613 610 temporum
1651 578 1701 600 ac-

964 621 1113 653 cidentali
1141 626 1266 661 eventu,
1292 620 1452 664 bellisque
1479 626 1552 653 tunc
1577 620 1701 653 irruen-

965 673 1058 714 tibus,
1086 683 1221 715 quorum
1247 673 1372 706 ratione
1407 674 1467 706 tale
1500 673 1699 716 praesidium

966 725 1007 757 ibi
1035 725 1217 765 residebat,
1245 726 1399 769 quodque
1430 725 1515 758 illius
1542 726 1580 758 de
1606 727 1701 759 causa

964 778 1119 820 praedicti
1154 778 1421 820 praedecessores
1457 777 1700 811 translationem

967 830 1150 862 huiusmodi
1189 830 1446 869 demandarunt;
1485 830 1589 862 causis
1627 841 1702 873 pro-

965 883 1039 916 inde
1065 884 1217 923 cessatis,
1243 894 1382 927 aequum
1415 884 1510 917 etiam
1538 894 1607 917 esse
1633 894 1701 916 ees-

964 947 1036 969 sare
1080 947 1209 979 quoque
1249 937 1369 969 debere
1409 947 1518 969 earum
1556 936 1699 976 effeetus,

964 1001 1035 1023 eum
1060 990 1170 1023 civitas
1197 990 1364 1033 praedicta
1390 1001 1454 1023 non
1480 990 1619 1034 amplius
1641 991 1701 1023 sub

964 1049 1214 1082 extraneorum,
1242 1044 1296 1076 sed
1330 1049 1459 1076 nostrae
1492 1043 1700 1086 apostoticae

964 1096 1054 1129 Sedis
1078 1096 1213 1140 pacifico
1231 1101 1263 1129 et
1281 1096 1390 1139 quieto
1417 1096 1559 1129 dominio
1585 1097 1701 1138 guber-

964 1154 1080 1188 netur,
1109 1154 1160 1189 et,
1198 1148 1263 1181 Deo
1301 1149 1449 1189 favente,
1475 1149 1598 1192 absque
1632 1149 1699 1181 ullo

965 1203 1125 1235 bellorum
1152 1206 1260 1242 metu,
1285 1201 1485 1244 praesidium
1521 1201 1559 1234 ad
1596 1201 1701 1234 modi-

964 1266 1037 1288 cum
1062 1255 1199 1288 militum
1227 1260 1258 1287 et
1278 1254 1362 1287 bene
1388 1256 1567 1296 regulatum
1589 1264 1700 1286 nume-

966 1319 1036 1342 rum
1052 1309 1214 1341 redactum
1234 1308 1369 1347 existat·,
1392 1307 1596 1340 attendentes
1615 1308 1700 1350 quod

966 1361 1118 1394 introitus
1156 1366 1187 1393 et
1221 1360 1388 1400 redditus,
1415 1360 1530 1403 quibus
1554 1360 1701 1392 canonici

966 1415 1011 1447 sic
1037 1413 1181 1446 translati
1208 1414 1392 1456 potiuntur,
1415 1423 1474 1456 pro
1501 1413 1589 1445 cultu
1614 1412 1702 1445 eius-

966 1468 1038 1500 dem
1065 1466 1220 1499 ecclesiae
1256 1465 1287 1498 S.
1316 1465 1432 1498 Leonis
1466 1466 1592 1498 fuerant
1623 1465 1702 1498 assi-

966 1520 1063 1563 gnati,
1090 1520 1242 1563 quodque
1269 1519 1429 1552 canonicis
1455 1518 1630 1562 praedictis
1645 1528 1701 1551 ann

967 1573 1073 1616 tiquae
1099 1582 1213 1605 eorum
1251 1572 1407 1605 ecclesiae
1442 1572 1617 1611 restitutis,
1651 1581 1702 1604 ee-

966 1627 1064 1659 clesia
1089 1626 1305 1659 nibilominus
1328 1625 1448 1658 Pinnae
1467 1625 1622 1658 Billorum
1642 1635 1701 1657 suo

966 1679 1074 1712 debito
1100 1678 1288 1711 defraudata
1313 1688 1377 1710 non
1405 1683 1588 1710 remaneret
1608 1677 1702 1710 obse-

967 1732 1066 1775 quio,
1093 1742 1165 1764 cum
1191 1731 1298 1764 adbuc
1323 1740 1424 1773 penes
1450 1741 1522 1762 eam
1553 1740 1703 1773 superes-

967 1791 1038 1818 sent
1062 1785 1158 1817 binae
1185 1784 1366 1826 dignitates,
1385 1787 1465 1821 octo,
1486 1787 1518 1815 et
1542 1783 1634 1823 ultra,
1656 1793 1704 1816 ea-

967 1839 1093 1878 nonici,
1119 1848 1155 1871 ac
1179 1843 1341 1880 quatuor,
1369 1842 1401 1869 et
1425 1838 1510 1869 ultra
1527 1862 1534 1876 ,
1562 1836 1702 1869 ministri

967 1891 1174 1925 mansionarii
1200 1889 1396 1933 nuncupati;
1419 1900 1455 1922 ae
1481 1889 1608 1923 tandem
1634 1890 1704 1922 ani-

968 1956 1019 1978 mo
1046 1945 1246 1977 revolventes
1272 1942 1368 1976 cultui
1388 1942 1495 1975 divino
1521 1952 1703 1985 congruum

968 2009 1029 2032 nee
1068 1998 1248 2030 animarum
1289 1996 1383 2029 saluti
1421 1995 1598 2039 proficuum
1634 1995 1703 2028 sore

969 2051 1054 2095 quod
1081 2050 1215 2093 amplius
1240 2048 1394 2081 ministris
1421 2054 1452 2081 et
1477 2048 1606 2091 quidem
1632 2059 1704 2092 pro-

968 2104 1046 2148 priis
1072 2103 1226 2136 destituta
1250 2106 1414 2134 remaneat
1438 2101 1576 2134 ecelesia
1611 2096 1704 2145 prae-

968 2157 1052 2190 dicta
1078 2155 1236 2188 mirabilis
1261 2160 1441 2187 structurae
1459 2155 1492 2186 in
1510 2154 1702 2187 duodecimo

969 2215 1097 2243 nostrae
1123 2208 1236 2242 salutis
1263 2209 1395 2241 saeculo
1420 2212 1627 2248 constructa,
1653 2217 1705 2240 ea-

968 2275 1027 2306 pax
1055 2263 1162 2295 adhue
1186 2262 1224 2295 de
1249 2261 1424 2305 praesenti,
1450 2267 1483 2294 ut
1509 2272 1573 2294 non
1598 2262 1703 2294 solum

970 2317 1008 2349 ab
1035 2316 1190 2359 antiquo,
1218 2315 1276 2349 sed
1302 2326 1319 2348 a
1344 2314 1455 2348 maiori
1481 2314 1702 2347 ministrorum

970 2379 1104 2402 numero
1123 2369 1150 2401 ei
1170 2368 1373 2409 inserviatur,
1389 2373 1419 2401 et
1437 2368 1469 2400 in
1487 2369 1524 2401 ea
1541 2367 1647 2401 divina
1661 2368 1704 2400 os-

970 2422 1040 2455 sicia
1065 2422 1295 2455 decantentur:
1322 2431 1399 2460 nos,
1427 2420 1481 2463 qui
1507 2420 1577 2453 iura
1602 2420 1704 2453 eccle-

969 2475 1089 2507 siarum
1125 2473 1211 2507 omni
1238 2475 1314 2506 cura
1338 2473 1443 2514 tueri,
1472 2472 1636 2506 custodire
1673 2478 1704 2505 et

971 2529 1172 2571 reintegrare
1199 2527 1387 2569 studemus,
1408 2526 1516 2559 amtita
1541 2525 1629 2568 prius
1655 2536 1704 2559 re-

1711 423 1784 443 tionis.
