<?xml version="1.0" encoding="UTF-8"?>
<!DOCTYPE html PUBLIC "-//W3C//DTD XHTML 1.0 Transitional//EN"
    "http://www.w3.org/TR/xhtml1/DTD/xhtml1-transitional.dtd">
<html xmlns="http://www.w3.org/1999/xhtml" xml:lang="en" lang="en">
 <head>
  <title>
</title>
<meta http-equiv="Content-Type" content="text/html;charset=utf-8" />
  <meta name='ocr-system' content='tesseract 3.04.00' />
  <meta name='ocr-capabilities' content='ocr_page ocr_carea ocr_par ocr_line ocrx_word'/>
</head>
<body>
  <div class='ocr_page' id='page_1' title='image "./bullarumdiplomat22cath_0901.png"; bbox 0 0 2139 3142; ppageno 0'>
   <div class='ocr_carea' id='block_1_1' title="bbox 0 231 165 262">
    <p class='ocr_par' dir='ltr' id='par_1_1' title="bbox 0 231 165 262">
     <span class='ocr_line' id='line_1_1' title="bbox 0 231 165 262; baseline -0.018 0"><span class='ocrx_word' id='word_1_1' title='bbox 0 240 36 262; x_wconf 75' lang='lat' dir='ltr'>tn.</span> <span class='ocrx_word' id='word_1_2' title='bbox 51 232 80 260; x_wconf 89' lang='lat' dir='ltr'>C.</span> <span class='ocrx_word' id='word_1_3' title='bbox 98 231 165 259; x_wconf 65' lang='lat'>¹729</span> 
     </span>
    </p>
   </div>
   <div class='ocr_carea' id='block_1_2' title="bbox 0 1183 168 1258">
    <p class='ocr_par' dir='ltr' id='par_1_2' title="bbox 0 1183 168 1258">
     <span class='ocr_line' id='line_1_2' title="bbox 38 1183 168 1205; baseline -0.015 0"><span class='ocrx_word' id='word_1_4' title='bbox 38 1183 127 1205; x_wconf 74' lang='lat' dir='ltr'>Atmtiuo</span> <span class='ocrx_word' id='word_1_5' title='bbox 147 1185 168 1203; x_wconf 69' lang='lat' dir='ltr'>et</span> 
     </span>
     <span class='ocr_line' id='line_1_3' title="bbox 0 1213 168 1231; baseline 0 -1"><span class='ocrx_word' id='word_1_6' title='bbox 0 1213 94 1231; x_wconf 72' lang='lat' dir='ltr'>evocatio</span> <span class='ocrx_word' id='word_1_7' title='bbox 132 1215 168 1230; x_wconf 81' lang='lat' dir='ltr'>co-</span> 
     </span>
     <span class='ocr_line' id='line_1_4' title="bbox 0 1238 86 1258; baseline -0.012 0"><span class='ocrx_word' id='word_1_8' title='bbox 0 1238 86 1258; x_wconf 71' lang='lat' dir='ltr'>umdem.</span> 
     </span>
    </p>
   </div>
   <div class='ocr_carea' id='block_1_3' title="bbox 766 229 1107 255">
    <p class='ocr_par' dir='ltr' id='par_1_3' title="bbox 766 229 1107 255">
     <span class='ocr_line' id='line_1_5' title="bbox 766 229 1107 255; baseline -0.006 -1"><span class='ocrx_word' id='word_1_9' title='bbox 766 229 955 254; x_wconf 75' lang='lat' dir='ltr'>BENEDICTUS</span> <span class='ocrx_word' id='word_1_10' title='bbox 981 229 1036 255; x_wconf 81' lang='lat' dir='ltr'>xm</span> <span class='ocrx_word' id='word_1_11' title='bbox 1059 229 1107 253; x_wconf 80' lang='lat' dir='ltr'>PP.</span> 
     </span>
    </p>
   </div>
   <div class='ocr_carea' id='block_1_4' title="bbox 175 277 914 1642">
    <p class='ocr_par' dir='ltr' id='par_1_4' title="bbox 176 277 914 1153">
     <span class='ocr_line' id='line_1_6' title="bbox 179 277 914 322; baseline -0.003 -11"><span class='ocrx_word' id='word_1_12' title='bbox 179 279 399 321; x_wconf 82' lang='lat' dir='ltr'>magistratus,</span> <span class='ocrx_word' id='word_1_13' title='bbox 426 279 521 312; x_wconf 86' lang='lat' dir='ltr'>ctiam</span> <span class='ocrx_word' id='word_1_14' title='bbox 548 288 735 322; x_wconf 79' lang='lat' dir='ltr'>supremos,</span> <span class='ocrx_word' id='word_1_15' title='bbox 766 289 820 311; x_wconf 89' lang='lat' dir='ltr'>seu</span> <span class='ocrx_word' id='word_1_16' title='bbox 846 277 914 310; x_wconf 78' lang='lat' dir='ltr'>offi-</span> 
     </span>
     <span class='ocr_line' id='line_1_7' title="bbox 179 330 913 371; baseline 0 -8"><span class='ocrx_word' id='word_1_17' title='bbox 179 331 273 364; x_wconf 85' lang='lat' dir='ltr'>ciales</span> <span class='ocrx_word' id='word_1_18' title='bbox 299 336 328 363; x_wconf 86' lang='lat' dir='ltr'>et</span> <span class='ocrx_word' id='word_1_19' title='bbox 355 330 519 363; x_wconf 87' lang='lat' dir='ltr'>ministros</span> <span class='ocrx_word' id='word_1_20' title='bbox 543 332 736 371; x_wconf 74' lang='lat' dir='ltr'>saeculares,</span> <span class='ocrx_word' id='word_1_21' title='bbox 759 336 812 363; x_wconf 86' lang='lat' dir='ltr'>aut</span> <span class='ocrx_word' id='word_1_22' title='bbox 837 331 913 364; x_wconf 65' lang='lat' dir='ltr'>alifis</span> 
     </span>
     <span class='ocr_line' id='line_1_8' title="bbox 178 383 913 427; baseline 0 -12"><span class='ocrx_word' id='word_1_23' title='bbox 178 394 194 415; x_wconf 87' lang='lat' dir='ltr'>a</span> <span class='ocrx_word' id='word_1_24' title='bbox 219 392 422 426; x_wconf 88' lang='lat' dir='ltr'>quacumque</span> <span class='ocrx_word' id='word_1_25' title='bbox 449 383 552 416; x_wconf 76' lang='lat' dir='ltr'>laicali</span> <span class='ocrx_word' id='word_1_26' title='bbox 577 389 747 427; x_wconf 86' lang='lat' dir='ltr'>potestate,</span> <span class='ocrx_word' id='word_1_27' title='bbox 779 383 913 425; x_wconf 85' lang='lat' dir='ltr'>eiusque</span> 
     </span>
     <span class='ocr_line' id='line_1_9' title="bbox 177 435 913 475; baseline -0.001 -8"><span class='ocrx_word' id='word_1_28' title='bbox 177 435 321 475; x_wconf 87' lang='lat' dir='ltr'>nominc,</span> <span class='ocrx_word' id='word_1_29' title='bbox 349 436 501 468; x_wconf 83' lang='lat' dir='ltr'>adversus</span> <span class='ocrx_word' id='word_1_30' title='bbox 528 436 690 469; x_wconf 87' lang='lat' dir='ltr'>decretum</span> <span class='ocrx_word' id='word_1_31' title='bbox 717 435 913 469; x_wconf 74' lang='lat' dir='ltr'>extensionis</span> 
     </span>
     <span class='ocr_line' id='line_1_10' title="bbox 177 487 911 532; baseline 0 -13"><span class='ocrx_word' id='word_1_32' title='bbox 177 487 272 520; x_wconf 84' lang='lat' dir='ltr'>officii</span> <span class='ocrx_word' id='word_1_33' title='bbox 310 488 454 521; x_wconf 80' lang='lat' dir='ltr'>eiusdem</span> <span class='ocrx_word' id='word_1_34' title='bbox 484 488 515 522; x_wconf 90' lang='lat' dir='ltr'>S.</span> <span class='ocrx_word' id='word_1_35' title='bbox 543 488 687 531; x_wconf 75' lang='lat' dir='ltr'>Gregorii</span> <span class='ocrx_word' id='word_1_36' title='bbox 717 489 820 532; x_wconf 78' lang='lat' dir='ltr'>Papae</span> <span class='ocrx_word' id='word_1_37' title='bbox 844 488 911 528; x_wconf 73' lang='lat' dir='ltr'>Vll,</span> 
     </span>
     <span class='ocr_line' id='line_1_11' title="bbox 177 541 912 584; baseline -0.001 -11"><span class='ocrx_word' id='word_1_38' title='bbox 177 550 236 582; x_wconf 85' lang='lat' dir='ltr'>per</span> <span class='ocrx_word' id='word_1_39' title='bbox 259 551 318 574; x_wconf 92' lang='lat' dir='ltr'>nos</span> <span class='ocrx_word' id='word_1_40' title='bbox 343 541 427 573; x_wconf 86' lang='lat' dir='ltr'>sicut</span> <span class='ocrx_word' id='word_1_41' title='bbox 444 542 660 584; x_wconf 83' lang='lat' dir='ltr'>praemittitur</span> <span class='ocrx_word' id='word_1_42' title='bbox 678 542 812 580; x_wconf 84' lang='lat' dir='ltr'>editum,</span> <span class='ocrx_word' id='word_1_43' title='bbox 832 551 912 583; x_wconf 88' lang='lat' dir='ltr'>quo-</span> 
     </span>
     <span class='ocr_line' id='line_1_12' title="bbox 177 592 914 637; baseline -0.001 -12"><span class='ocrx_word' id='word_1_44' title='bbox 177 592 415 636; x_wconf 86' lang='lat' dir='ltr'>modocumque</span> <span class='ocrx_word' id='word_1_45' title='bbox 434 600 464 626; x_wconf 89' lang='lat' dir='ltr'>et</span> <span class='ocrx_word' id='word_1_46' title='bbox 482 594 679 637; x_wconf 86' lang='lat' dir='ltr'>ubicumque</span> <span class='ocrx_word' id='word_1_47' title='bbox 707 593 914 637; x_wconf 78' lang='lat' dir='ltr'>promulgata</span> 
     </span>
     <span class='ocr_line' id='line_1_13' title="bbox 178 646 913 690; baseline -0.001 -12"><span class='ocrx_word' id='word_1_48' title='bbox 178 650 209 678; x_wconf 87' lang='lat' dir='ltr'>et</span> <span class='ocrx_word' id='word_1_49' title='bbox 232 646 460 689; x_wconf 82' lang='lat' dir='ltr'>promulgatas,</span> <span class='ocrx_word' id='word_1_50' title='bbox 486 657 522 679; x_wconf 90' lang='lat' dir='ltr'>ac</span> <span class='ocrx_word' id='word_1_51' title='bbox 543 647 673 690; x_wconf 78' lang='lat' dir='ltr'>quaevis</span> <span class='ocrx_word' id='word_1_52' title='bbox 693 647 755 679; x_wconf 84' lang='lat' dir='ltr'>alia</span> <span class='ocrx_word' id='word_1_53' title='bbox 776 646 805 678; x_wconf 91' lang='lat' dir='ltr'>in</span> <span class='ocrx_word' id='word_1_54' title='bbox 823 655 913 688; x_wconf 81' lang='lat' dir='ltr'>prae·</span> 
     </span>
     <span class='ocr_line' id='line_1_14' title="bbox 177 697 914 742; baseline -0.001 -12"><span class='ocrx_word' id='word_1_55' title='bbox 177 698 285 731; x_wconf 90' lang='lat' dir='ltr'>missis</span> <span class='ocrx_word' id='word_1_56' title='bbox 310 709 364 732; x_wconf 89' lang='lat' dir='ltr'>seu</span> <span class='ocrx_word' id='word_1_57' title='bbox 387 709 496 732; x_wconf 83' lang='lat' dir='ltr'>eorum</span> <span class='ocrx_word' id='word_1_58' title='bbox 522 699 689 732; x_wconf 77' lang='lat' dir='ltr'>occasione</span> <span class='ocrx_word' id='word_1_59' title='bbox 716 697 914 742; x_wconf 87' lang='lat' dir='ltr'>quomodoli-</span> 
     </span>
     <span class='ocr_line' id='line_1_15' title="bbox 176 749 913 793; baseline -0.001 -11"><span class='ocrx_word' id='word_1_60' title='bbox 176 750 231 783; x_wconf 88' lang='lat' dir='ltr'>bet</span> <span class='ocrx_word' id='word_1_61' title='bbox 244 755 320 790; x_wconf 87' lang='lat' dir='ltr'>acta,</span> <span class='ocrx_word' id='word_1_62' title='bbox 341 756 429 793; x_wconf 82' lang='lat' dir='ltr'>gesta</span> <span class='ocrx_word' id='word_1_63' title='bbox 446 756 478 784; x_wconf 84' lang='lat' dir='ltr'>et</span> <span class='ocrx_word' id='word_1_64' title='bbox 495 752 654 791; x_wconf 84' lang='lat' dir='ltr'>ordinata,</span> <span class='ocrx_word' id='word_1_65' title='bbox 674 761 745 783; x_wconf 89' lang='lat' dir='ltr'>cum</span> <span class='ocrx_word' id='word_1_66' title='bbox 764 749 913 783; x_wconf 87' lang='lat' dir='ltr'>omnibus</span> 
     </span>
     <span class='ocr_line' id='line_1_16' title="bbox 177 803 913 846; baseline -0.003 -11"><span class='ocrx_word' id='word_1_67' title='bbox 177 807 209 836; x_wconf 89' lang='lat' dir='ltr'>et</span> <span class='ocrx_word' id='word_1_68' title='bbox 232 803 369 846; x_wconf 84' lang='lat' dir='ltr'>singulis</span> <span class='ocrx_word' id='word_1_69' title='bbox 394 804 469 837; x_wconf 88' lang='lat' dir='ltr'>inde</span> <span class='ocrx_word' id='word_1_70' title='bbox 495 805 610 837; x_wconf 86' lang='lat' dir='ltr'>secutis</span> <span class='ocrx_word' id='word_1_71' title='bbox 638 809 669 836; x_wconf 86' lang='lat' dir='ltr'>et</span> <span class='ocrx_word' id='word_1_72' title='bbox 691 804 798 837; x_wconf 81' lang='lat' dir='ltr'>forsan</span> <span class='ocrx_word' id='word_1_73' title='bbox 816 812 913 845; x_wconf 87' lang='lat' dir='ltr'>quan-</span> 
     </span>
     <span class='ocr_line' id='line_1_17' title="bbox 177 855 912 900; baseline -0.001 -12"><span class='ocrx_word' id='word_1_74' title='bbox 177 855 362 899; x_wconf 88' lang='lat' dir='ltr'>documque</span> <span class='ocrx_word' id='word_1_75' title='bbox 387 857 556 898; x_wconf 86' lang='lat' dir='ltr'>secuturis,</span> <span class='ocrx_word' id='word_1_76' title='bbox 581 857 712 900; x_wconf 87' lang='lat' dir='ltr'>penitus</span> <span class='ocrx_word' id='word_1_77' title='bbox 734 862 765 889; x_wconf 91' lang='lat' dir='ltr'>et</span> <span class='ocrx_word' id='word_1_78' title='bbox 781 855 912 889; x_wconf 89' lang='lat' dir='ltr'>omnino</span> 
     </span>
     <span class='ocr_line' id='line_1_18' title="bbox 177 908 912 950; baseline -0.003 -9"><span class='ocrx_word' id='word_1_79' title='bbox 177 909 276 949; x_wconf 90' lang='lat' dir='ltr'>nulla,</span> <span class='ocrx_word' id='word_1_80' title='bbox 302 909 419 949; x_wconf 85' lang='lat' dir='ltr'>inania,</span> <span class='ocrx_word' id='word_1_81' title='bbox 446 910 598 950; x_wconf 87' lang='lat' dir='ltr'>invalida,</span> <span class='ocrx_word' id='word_1_82' title='bbox 616 910 706 942; x_wconf 89' lang='lat' dir='ltr'>irrita</span> <span class='ocrx_word' id='word_1_83' title='bbox 723 915 754 942; x_wconf 88' lang='lat' dir='ltr'>ct</span> <span class='ocrx_word' id='word_1_84' title='bbox 774 908 812 941; x_wconf 88' lang='lat' dir='ltr'>de</span> <span class='ocrx_word' id='word_1_85' title='bbox 832 908 912 940; x_wconf 83' lang='lat' dir='ltr'>facto</span> 
     </span>
     <span class='ocr_line' id='line_1_19' title="bbox 177 961 912 1006; baseline -0.003 -11"><span class='ocrx_word' id='word_1_86' title='bbox 177 968 395 1006; x_wconf 88' lang='lat' dir='ltr'>praesumpta,</span> <span class='ocrx_word' id='word_1_87' title='bbox 422 964 609 1006; x_wconf 82' lang='lat' dir='ltr'>nulliusque</span> <span class='ocrx_word' id='word_1_88' title='bbox 635 973 765 1006; x_wconf 89' lang='lat' dir='ltr'>prorsus</span> <span class='ocrx_word' id='word_1_89' title='bbox 789 961 912 995; x_wconf 89' lang='lat' dir='ltr'>roboris</span> 
     </span>
     <span class='ocr_line' id='line_1_20' title="bbox 178 1014 914 1059; baseline 0 -13"><span class='ocrx_word' id='word_1_90' title='bbox 178 1021 210 1047; x_wconf 86' lang='lat' dir='ltr'>et</span> <span class='ocrx_word' id='word_1_91' title='bbox 235 1016 388 1048; x_wconf 80' lang='lat' dir='ltr'>momenti</span> <span class='ocrx_word' id='word_1_92' title='bbox 414 1026 486 1049; x_wconf 83' lang='lat' dir='ltr'>esse</span> <span class='ocrx_word' id='word_1_93' title='bbox 513 1021 544 1048; x_wconf 87' lang='lat' dir='ltr'>et</span> <span class='ocrx_word' id='word_1_94' title='bbox 568 1021 724 1059; x_wconf 79' lang='lat' dir='ltr'>perpetuo</span> <span class='ocrx_word' id='word_1_95' title='bbox 743 1014 820 1054; x_wconf 86' lang='lat' dir='ltr'>fore,</span> <span class='ocrx_word' id='word_1_96' title='bbox 840 1024 914 1056; x_wconf 87' lang='lat' dir='ltr'>apo-</span> 
     </span>
     <span class='ocr_line' id='line_1_21' title="bbox 178 1066 908 1111; baseline -0.001 -12"><span class='ocrx_word' id='word_1_97' title='bbox 178 1067 290 1099; x_wconf 78' lang='lat' dir='ltr'>stolica</span> <span class='ocrx_word' id='word_1_98' title='bbox 316 1068 519 1108; x_wconf 84' lang='lat' dir='ltr'>auctoritate,</span> <span class='ocrx_word' id='word_1_99' title='bbox 547 1073 659 1101; x_wconf 84' lang='lat' dir='ltr'>tenore</span> <span class='ocrx_word' id='word_1_100' title='bbox 679 1066 908 1111; x_wconf 87' lang='lat' dir='ltr'>praesentium,</span> 
     </span>
     <span class='ocr_line' id='line_1_22' title="bbox 179 1119 390 1153; baseline 0 -1"><span class='ocrx_word' id='word_1_101' title='bbox 179 1119 390 1153; x_wconf 78' lang='lat' dir='ltr'>declaramus.</span> 
     </span>
    </p>

    <p class='ocr_par' dir='ltr' id='par_1_5' title="bbox 175 1172 914 1642">
     <span class='ocr_line' id='line_1_23' title="bbox 221 1172 913 1215; baseline 0 -10"><span class='ocrx_word' id='word_1_102' title='bbox 221 1172 237 1215; x_wconf 63' lang='grc' dir='ltr'><strong>ἓ</strong></span> <span class='ocrx_word' id='word_1_103' title='bbox 261 1172 292 1206; x_wconf 82' lang='grc'>3.</span> <span class='ocrx_word' id='word_1_104' title='bbox 320 1173 357 1205; x_wconf 87' lang='lat' dir='ltr'>Et</span> <span class='ocrx_word' id='word_1_105' title='bbox 374 1173 590 1207; x_wconf 86' lang='lat' dir='ltr'>nihilominus</span> <span class='ocrx_word' id='word_1_106' title='bbox 609 1174 646 1207; x_wconf 87' lang='lat' dir='ltr'>ad</span> <span class='ocrx_word' id='word_1_107' title='bbox 668 1173 822 1207; x_wconf 87' lang='lat' dir='ltr'>maiorem</span> <span class='ocrx_word' id='word_1_108' title='bbox 840 1183 913 1206; x_wconf 84' lang='lat' dir='ltr'>cau-</span> 
     </span>
     <span class='ocr_line' id='line_1_24' title="bbox 180 1225 914 1270; baseline 0 -12"><span class='ocrx_word' id='word_1_109' title='bbox 180 1225 287 1267; x_wconf 89' lang='lat' dir='ltr'>telam,</span> <span class='ocrx_word' id='word_1_110' title='bbox 305 1231 346 1267; x_wconf 84' lang='lat' dir='ltr'>et,</span> <span class='ocrx_word' id='word_1_111' title='bbox 368 1232 527 1270; x_wconf 87' lang='lat' dir='ltr'>quatenus</span> <span class='ocrx_word' id='word_1_112' title='bbox 553 1237 634 1270; x_wconf 92' lang='lat' dir='ltr'>opus</span> <span class='ocrx_word' id='word_1_113' title='bbox 659 1226 710 1266; x_wconf 89' lang='lat' dir='ltr'>sit,</span> <span class='ocrx_word' id='word_1_114' title='bbox 727 1227 783 1259; x_wconf 87' lang='lat' dir='ltr'>illa</span> <span class='ocrx_word' id='word_1_115' title='bbox 807 1226 914 1259; x_wconf 84' lang='lat' dir='ltr'>omnia</span> 
     </span>
     <span class='ocr_line' id='line_1_25' title="bbox 178 1278 912 1323; baseline 0.001 -13"><span class='ocrx_word' id='word_1_116' title='bbox 178 1282 211 1311; x_wconf 89' lang='lat' dir='ltr'>et</span> <span class='ocrx_word' id='word_1_117' title='bbox 227 1278 354 1321; x_wconf 80' lang='lat' dir='ltr'>singula</span> <span class='ocrx_word' id='word_1_118' title='bbox 380 1279 494 1312; x_wconf 87' lang='lat' dir='ltr'>harum</span> <span class='ocrx_word' id='word_1_119' title='bbox 512 1280 596 1312; x_wconf 86' lang='lat' dir='ltr'>serie</span> <span class='ocrx_word' id='word_1_120' title='bbox 615 1280 727 1313; x_wconf 90' lang='lat' dir='ltr'>itidem</span> <span class='ocrx_word' id='word_1_121' title='bbox 753 1285 912 1323; x_wconf 88' lang='lat' dir='ltr'>perpetuo</span> 
     </span>
     <span class='ocr_line' id='line_1_26' title="bbox 176 1333 913 1374; baseline 0.001 -10"><span class='ocrx_word' id='word_1_122' title='bbox 176 1341 373 1372; x_wconf 85' lang='lat' dir='ltr'>revocamus,</span> <span class='ocrx_word' id='word_1_123' title='bbox 399 1343 575 1374; x_wconf 77' lang='lat' dir='ltr'>cassamus,</span> <span class='ocrx_word' id='word_1_124' title='bbox 599 1333 774 1373; x_wconf 82' lang='lat' dir='ltr'>irritamus,</span> <span class='ocrx_word' id='word_1_125' title='bbox 800 1334 913 1365; x_wconf 88' lang='lat' dir='ltr'>aunul-</span> 
     </span>
     <span class='ocr_line' id='line_1_27' title="bbox 175 1385 913 1429; baseline 0.001 -11"><span class='ocrx_word' id='word_1_126' title='bbox 175 1385 278 1418; x_wconf 89' lang='lat' dir='ltr'>lamus</span> <span class='ocrx_word' id='word_1_127' title='bbox 305 1391 335 1419; x_wconf 88' lang='lat' dir='ltr'>et</span> <span class='ocrx_word' id='word_1_128' title='bbox 361 1386 541 1426; x_wconf 76' lang='lat' dir='ltr'>abolemus,</span> <span class='ocrx_word' id='word_1_129' title='bbox 569 1386 756 1429; x_wconf 83' lang='lat' dir='ltr'>viribusque</span> <span class='ocrx_word' id='word_1_130' title='bbox 782 1390 813 1419; x_wconf 87' lang='lat' dir='ltr'>et</span> <span class='ocrx_word' id='word_1_131' title='bbox 838 1385 913 1419; x_wconf 82' lang='lat' dir='ltr'>effe-</span> 
     </span>
     <span class='ocr_line' id='line_1_28' title="bbox 176 1439 912 1482; baseline 0.001 -12"><span class='ocrx_word' id='word_1_132' title='bbox 176 1443 227 1470; x_wconf 91' lang='lat' dir='ltr'>ctu</span> <span class='ocrx_word' id='word_1_133' title='bbox 245 1439 374 1482; x_wconf 87' lang='lat' dir='ltr'>penitus</span> <span class='ocrx_word' id='word_1_134' title='bbox 394 1444 425 1472; x_wconf 86' lang='lat' dir='ltr'>ct</span> <span class='ocrx_word' id='word_1_135' title='bbox 445 1439 577 1472; x_wconf 91' lang='lat' dir='ltr'>omnino</span> <span class='ocrx_word' id='word_1_136' title='bbox 603 1449 779 1479; x_wconf 81' lang='lat' dir='ltr'>vacuamus,</span> <span class='ocrx_word' id='word_1_137' title='bbox 799 1449 835 1471; x_wconf 89' lang='lat' dir='ltr'>ac</span> <span class='ocrx_word' id='word_1_138' title='bbox 854 1449 912 1481; x_wconf 90' lang='lat' dir='ltr'>pro</span> 
     </span>
     <span class='ocr_line' id='line_1_29' title="bbox 176 1492 914 1533; baseline 0 -8"><span class='ocrx_word' id='word_1_139' title='bbox 176 1492 346 1532; x_wconf 78' lang='lat' dir='ltr'>revocatis,</span> <span class='ocrx_word' id='word_1_140' title='bbox 372 1493 517 1532; x_wconf 83' lang='lat' dir='ltr'>cassatis,</span> <span class='ocrx_word' id='word_1_141' title='bbox 545 1493 653 1533; x_wconf 87' lang='lat' dir='ltr'>irritis,</span> <span class='ocrx_word' id='word_1_142' title='bbox 673 1492 779 1533; x_wconf 88' lang='lat' dir='ltr'>nullis,</span> <span class='ocrx_word' id='word_1_143' title='bbox 806 1492 914 1525; x_wconf 90' lang='lat' dir='ltr'>invali-</span> 
     </span>
     <span class='ocr_line' id='line_1_30' title="bbox 176 1543 913 1588; baseline 0 -12"><span class='ocrx_word' id='word_1_144' title='bbox 176 1543 224 1576; x_wconf 89' lang='lat' dir='ltr'>dis</span> <span class='ocrx_word' id='word_1_145' title='bbox 250 1549 282 1577; x_wconf 88' lang='lat' dir='ltr'>et</span> <span class='ocrx_word' id='word_1_146' title='bbox 307 1545 449 1585; x_wconf 88' lang='lat' dir='ltr'>abolitis,</span> <span class='ocrx_word' id='word_1_147' title='bbox 468 1545 658 1588; x_wconf 84' lang='lat' dir='ltr'>viribusque</span> <span class='ocrx_word' id='word_1_148' title='bbox 677 1550 708 1578; x_wconf 92' lang='lat' dir='ltr'>et</span> <span class='ocrx_word' id='word_1_149' title='bbox 726 1544 840 1578; x_wconf 79' lang='lat' dir='ltr'>effectu</span> <span class='ocrx_word' id='word_1_150' title='bbox 862 1555 913 1588; x_wconf 90' lang='lat' dir='ltr'>pe-</span> 
     </span>
     <span class='ocr_line' id='line_1_31' title="bbox 175 1597 913 1642; baseline 0.001 -13"><span class='ocrx_word' id='word_1_151' title='bbox 175 1597 262 1630; x_wconf 90' lang='lat' dir='ltr'>nitus</span> <span class='ocrx_word' id='word_1_152' title='bbox 288 1603 320 1631; x_wconf 89' lang='lat' dir='ltr'>et</span> <span class='ocrx_word' id='word_1_153' title='bbox 345 1598 476 1631; x_wconf 87' lang='lat' dir='ltr'>omnino</span> <span class='ocrx_word' id='word_1_154' title='bbox 509 1599 614 1631; x_wconf 76' lang='lat' dir='ltr'>vacuis</span> <span class='ocrx_word' id='word_1_155' title='bbox 646 1608 775 1642; x_wconf 83' lang='lat' dir='ltr'>semper</span> <span class='ocrx_word' id='word_1_156' title='bbox 799 1598 913 1631; x_wconf 85' lang='lat' dir='ltr'>haberi</span> 
     </span>
    </p>
   </div>
   <div class='ocr_carea' id='block_1_5' title="bbox 958 277 1696 897">
    <p class='ocr_par' dir='ltr' id='par_1_6' title="bbox 958 277 1696 897">
     <span class='ocr_line' id='line_1_32' title="bbox 959 277 1694 320; baseline 0.003 -11"><span class='ocrx_word' id='word_1_157' title='bbox 959 277 1034 310; x_wconf 81' lang='lat' dir='ltr'>tiam</span> <span class='ocrx_word' id='word_1_158' title='bbox 1060 278 1200 320; x_wconf 74' lang='lat' dir='ltr'>allegare</span> <span class='ocrx_word' id='word_1_159' title='bbox 1226 277 1349 320; x_wconf 85' lang='lat' dir='ltr'>possit,</span> <span class='ocrx_word' id='word_1_160' title='bbox 1374 288 1410 310; x_wconf 83' lang='lat' dir='ltr'>ae</span> <span class='ocrx_word' id='word_1_161' title='bbox 1435 277 1558 320; x_wconf 88' lang='lat' dir='ltr'>pariter</span> <span class='ocrx_word' id='word_1_162' title='bbox 1583 278 1694 311; x_wconf 88' lang='lat' dir='ltr'>decer-</span> 
     </span>
     <span class='ocr_line' id='line_1_33' title="bbox 958 330 1695 364; baseline 0.001 -2"><span class='ocrx_word' id='word_1_163' title='bbox 958 330 1061 363; x_wconf 87' lang='lat' dir='ltr'>nimus</span> <span class='ocrx_word' id='word_1_164' title='bbox 1091 335 1125 362; x_wconf 80' lang='lat' dir='ltr'>ut</span> <span class='ocrx_word' id='word_1_165' title='bbox 1142 330 1217 363; x_wconf 88' lang='lat' dir='ltr'>illae</span> <span class='ocrx_word' id='word_1_166' title='bbox 1243 331 1282 363; x_wconf 91' lang='lat' dir='ltr'>ad</span> <span class='ocrx_word' id='word_1_167' title='bbox 1308 331 1414 363; x_wconf 82' lang='lat' dir='ltr'>valvas</span> <span class='ocrx_word' id='word_1_168' title='bbox 1439 330 1590 364; x_wconf 81' lang='lat' dir='ltr'>basilicae</span> <span class='ocrx_word' id='word_1_169' title='bbox 1609 330 1695 363; x_wconf 85' lang='lat' dir='ltr'>Prin-</span> 
     </span>
     <span class='ocr_line' id='line_1_34' title="bbox 958 383 1695 426; baseline 0.003 -12"><span class='ocrx_word' id='word_1_170' title='bbox 958 383 1036 425; x_wconf 89' lang='lat' dir='ltr'>cipis</span> <span class='ocrx_word' id='word_1_171' title='bbox 1062 383 1292 426; x_wconf 70' lang='lat' dir='ltr'>Apostolorum</span> <span class='ocrx_word' id='word_1_172' title='bbox 1319 394 1354 416; x_wconf 87' lang='lat' dir='ltr'>ac</span> <span class='ocrx_word' id='word_1_173' title='bbox 1373 383 1588 416; x_wconf 80' lang='lat' dir='ltr'>Caneellariae</span> <span class='ocrx_word' id='word_1_174' title='bbox 1611 383 1695 426; x_wconf 78' lang='lat' dir='ltr'>Apo-</span> 
     </span>
     <span class='ocr_line' id='line_1_35' title="bbox 958 435 1694 478; baseline 0.003 -12"><span class='ocrx_word' id='word_1_175' title='bbox 958 435 1089 468; x_wconf 81' lang='lat' dir='ltr'>stolicae</span> <span class='ocrx_word' id='word_1_176' title='bbox 1105 462 1112 475; x_wconf 94' lang='lat'>,</span> <span class='ocrx_word' id='word_1_177' title='bbox 1136 435 1308 478; x_wconf 82' lang='lat' dir='ltr'>curiaeque</span> <span class='ocrx_word' id='word_1_178' title='bbox 1344 436 1506 477; x_wconf 79' lang='lat' dir='ltr'>generalis</span> <span class='ocrx_word' id='word_1_179' title='bbox 1531 436 1563 468; x_wconf 88' lang='lat' dir='ltr'>iu</span> <span class='ocrx_word' id='word_1_180' title='bbox 1589 436 1694 469; x_wconf 84' lang='lat' dir='ltr'>Monte</span> 
     </span>
     <span class='ocr_line' id='line_1_36' title="bbox 958 486 1694 531; baseline 0.004 -12"><span class='ocrx_word' id='word_1_181' title='bbox 958 486 1121 527; x_wconf 86' lang='lat' dir='ltr'>Citatorio,</span> <span class='ocrx_word' id='word_1_182' title='bbox 1142 493 1173 520; x_wconf 88' lang='lat' dir='ltr'>et</span> <span class='ocrx_word' id='word_1_183' title='bbox 1190 488 1220 520; x_wconf 91' lang='lat' dir='ltr'>in</span> <span class='ocrx_word' id='word_1_184' title='bbox 1238 488 1305 521; x_wconf 90' lang='lat' dir='ltr'>acie</span> <span class='ocrx_word' id='word_1_185' title='bbox 1331 487 1542 531; x_wconf 87' lang='lat' dir='ltr'>Campissorae</span> <span class='ocrx_word' id='word_1_186' title='bbox 1558 489 1595 522; x_wconf 86' lang='lat' dir='ltr'>de</span> <span class='ocrx_word' id='word_1_187' title='bbox 1609 488 1694 522; x_wconf 75' lang='lat' dir='ltr'>Urbe</span> 
     </span>
     <span class='ocr_line' id='line_1_37' title="bbox 958 540 1696 584; baseline 0.001 -12"><span class='ocrx_word' id='word_1_188' title='bbox 958 551 1017 582; x_wconf 85' lang='lat' dir='ltr'>per</span> <span class='ocrx_word' id='word_1_189' title='bbox 1042 540 1181 584; x_wconf 84' lang='lat' dir='ltr'>aliquem</span> <span class='ocrx_word' id='word_1_190' title='bbox 1209 551 1244 574; x_wconf 72' lang='lat' dir='ltr'>ex</span> <span class='ocrx_word' id='word_1_191' title='bbox 1272 542 1458 574; x_wconf 84' lang='lat' dir='ltr'>cursoribus</span> <span class='ocrx_word' id='word_1_192' title='bbox 1497 541 1633 581; x_wconf 82' lang='lat' dir='ltr'>nostris,</span> <span class='ocrx_word' id='word_1_193' title='bbox 1661 546 1696 573; x_wconf 88' lang='lat' dir='ltr'>ut</span> 
     </span>
     <span class='ocr_line' id='line_1_38' title="bbox 958 593 1693 637; baseline 0.003 -12"><span class='ocrx_word' id='word_1_194' title='bbox 958 593 1057 625; x_wconf 89' lang='lat' dir='ltr'>moris</span> <span class='ocrx_word' id='word_1_195' title='bbox 1092 599 1158 633; x_wconf 83' lang='lat' dir='ltr'>est,</span> <span class='ocrx_word' id='word_1_196' title='bbox 1184 594 1402 637; x_wconf 76' lang='lat' dir='ltr'>publicentur,</span> <span class='ocrx_word' id='word_1_197' title='bbox 1425 594 1620 637; x_wconf 88' lang='lat' dir='ltr'>illarumque</span> <span class='ocrx_word' id='word_1_198' title='bbox 1647 605 1693 627; x_wconf 79' lang='lat' dir='ltr'>ex-</span> 
     </span>
     <span class='ocr_line' id='line_1_39' title="bbox 959 646 1696 690; baseline 0.001 -12"><span class='ocrx_word' id='word_1_199' title='bbox 959 647 1064 688; x_wconf 87' lang='lat' dir='ltr'>empla</span> <span class='ocrx_word' id='word_1_200' title='bbox 1100 646 1219 679; x_wconf 87' lang='lat' dir='ltr'>ibidem</span> <span class='ocrx_word' id='word_1_201' title='bbox 1251 647 1342 679; x_wconf 76' lang='lat' dir='ltr'>affixa</span> <span class='ocrx_word' id='word_1_202' title='bbox 1378 647 1626 690; x_wconf 79' lang='lat' dir='ltr'>relinquamur,</span> <span class='ocrx_word' id='word_1_203' title='bbox 1664 652 1696 679; x_wconf 87' lang='lat' dir='ltr'>et</span> 
     </span>
     <span class='ocr_line' id='line_1_40' title="bbox 958 698 1694 742; baseline 0.003 -13"><span class='ocrx_word' id='word_1_204' title='bbox 958 698 1003 730; x_wconf 89' lang='lat' dir='ltr'>sic</span> <span class='ocrx_word' id='word_1_205' title='bbox 1028 698 1221 741; x_wconf 85' lang='lat' dir='ltr'>publicatae,</span> <span class='ocrx_word' id='word_1_206' title='bbox 1249 709 1360 732; x_wconf 88' lang='lat' dir='ltr'>omnes</span> <span class='ocrx_word' id='word_1_207' title='bbox 1385 706 1416 731; x_wconf 91' lang='lat' dir='ltr'>et</span> <span class='ocrx_word' id='word_1_208' title='bbox 1440 699 1594 742; x_wconf 85' lang='lat' dir='ltr'>singulos,</span> <span class='ocrx_word' id='word_1_209' title='bbox 1616 709 1694 741; x_wconf 88' lang='lat' dir='ltr'>quos</span> 
     </span>
     <span class='ocr_line' id='line_1_41' title="bbox 958 752 1692 794; baseline 0.004 -12"><span class='ocrx_word' id='word_1_210' title='bbox 958 757 1165 791; x_wconf 83' lang='lat' dir='ltr'>concernunt,</span> <span class='ocrx_word' id='word_1_211' title='bbox 1191 752 1327 794; x_wconf 87' lang='lat' dir='ltr'>perinde</span> <span class='ocrx_word' id='word_1_212' title='bbox 1352 752 1502 793; x_wconf 83' lang='lat' dir='ltr'>afficiant,</span> <span class='ocrx_word' id='word_1_213' title='bbox 1520 763 1557 786; x_wconf 90' lang='lat' dir='ltr'>ac</span> <span class='ocrx_word' id='word_1_214' title='bbox 1582 752 1606 784; x_wconf 89' lang='lat' dir='ltr'>si</span> <span class='ocrx_word' id='word_1_215' title='bbox 1624 753 1692 785; x_wconf 90' lang='lat' dir='ltr'>uni-</span> 
     </span>
     <span class='ocr_line' id='line_1_42' title="bbox 958 802 1693 847; baseline 0.005 -13"><span class='ocrx_word' id='word_1_216' title='bbox 958 802 1072 845; x_wconf 88' lang='lat' dir='ltr'>cuique</span> <span class='ocrx_word' id='word_1_217' title='bbox 1098 804 1226 837; x_wconf 89' lang='lat' dir='ltr'>illorum</span> <span class='ocrx_word' id='word_1_218' title='bbox 1263 805 1477 847; x_wconf 74' lang='lat' dir='ltr'>personaliter</span> <span class='ocrx_word' id='word_1_219' title='bbox 1507 805 1693 839; x_wconf 84' lang='lat' dir='ltr'>notificatae</span> 
     </span>
     <span class='ocr_line' id='line_1_43' title="bbox 958 855 1361 897; baseline 0.01 -11"><span class='ocrx_word' id='word_1_220' title='bbox 958 860 989 887; x_wconf 86' lang='lat' dir='ltr'>et</span> <span class='ocrx_word' id='word_1_221' title='bbox 1013 855 1176 890; x_wconf 70' lang='lat' dir='ltr'>intimatae</span> <span class='ocrx_word' id='word_1_222' title='bbox 1202 857 1361 897; x_wconf 86' lang='lat' dir='ltr'>fuissent;</span> 
     </span>
    </p>
   </div>
   <div class='ocr_carea' id='block_1_6' title="bbox 1593 219 1885 258">
    <p class='ocr_par' dir='ltr' id='par_1_7' title="bbox 1593 219 1885 258">
     <span class='ocr_line' id='line_1_44' title="bbox 1593 219 1885 258; baseline 0.017 -6"><span class='ocrx_word' id='word_1_223' title='bbox 1593 219 1652 253; x_wconf 75' lang='lat'>861</span> <span class='ocrx_word' id='word_1_224' title='bbox 1703 229 1750 257; x_wconf 66' lang='lat' dir='ltr'>An.</span> <span class='ocrx_word' id='word_1_225' title='bbox 1768 229 1796 257; x_wconf 87' lang='lat' dir='ltr'>c.</span> <span class='ocrx_word' id='word_1_226' title='bbox 1819 230 1885 258; x_wconf 65' lang='lat'>¹729</span> 
     </span>
    </p>
   </div>
   <div class='ocr_carea' id='block_1_7' title="bbox 1000 907 1886 953">
    <p class='ocr_par' dir='ltr' id='par_1_8' title="bbox 1000 907 1886 953">
     <span class='ocr_line' id='line_1_45' title="bbox 1000 907 1886 953; baseline 0.002 -13"><span class='ocrx_word' id='word_1_227' title='bbox 1000 908 1014 950; x_wconf 68' lang='grc' dir='ltr'><strong>ξ</strong></span> <span class='ocrx_word' id='word_1_228' title='bbox 1040 907 1070 940; x_wconf 81' lang='lat'>5.</span> <span class='ocrx_word' id='word_1_229' title='bbox 1098 909 1202 952; x_wconf 85' lang='lat' dir='ltr'>thue</span> <span class='ocrx_word' id='word_1_230' title='bbox 1235 910 1376 953; x_wconf 89' lang='lat' dir='ltr'>ipsarum</span> <span class='ocrx_word' id='word_1_231' title='bbox 1402 910 1620 953; x_wconf 88' lang='lat' dir='ltr'>praesentium</span> <span class='ocrx_word' id='word_1_232' title='bbox 1646 911 1766 944; x_wconf 54' lang='lat' dir='ltr'>lit-rmus</span> <span class='ocrx_word' id='word_1_233' title='bbox 1789 921 1886 943; x_wconf 50' lang='lat' dir='ltr'>mummia</span> 
     </span>
    </p>
   </div>
   <div class='ocr_carea' id='block_1_8' title="bbox 957 963 1694 1272">
    <p class='ocr_par' dir='ltr' id='par_1_9' title="bbox 957 963 1694 1272">
     <span class='ocr_line' id='line_1_46' title="bbox 958 963 1691 1008; baseline 0.008 -16"><span class='ocrx_word' id='word_1_234' title='bbox 958 965 1096 993; x_wconf 87' lang='lat' dir='ltr'>terarum</span> <span class='ocrx_word' id='word_1_235' title='bbox 1138 963 1349 1006; x_wconf 84' lang='lat' dir='ltr'>transumptis</span> <span class='ocrx_word' id='word_1_236' title='bbox 1370 989 1376 1003; x_wconf 90' lang='lat'>,</span> <span class='ocrx_word' id='word_1_237' title='bbox 1415 974 1472 996; x_wconf 86' lang='lat' dir='ltr'>seu</span> <span class='ocrx_word' id='word_1_238' title='bbox 1512 965 1668 1008; x_wconf 80' lang='lat' dir='ltr'>exemplis</span> <span class='ocrx_word' id='word_1_239' title='bbox 1684 992 1691 1005; x_wconf 96' lang='lat'>,</span> 
     </span>
     <span class='ocr_line' id='line_1_47' title="bbox 958 1013 1365 1057; baseline 0.007 -12"><span class='ocrx_word' id='word_1_240' title='bbox 958 1013 1052 1046; x_wconf 88' lang='lat' dir='ltr'>etiam</span> <span class='ocrx_word' id='word_1_241' title='bbox 1078 1013 1264 1057; x_wconf 86' lang='lat' dir='ltr'>impressis,</span> <span class='ocrx_word' id='word_1_242' title='bbox 1291 1015 1365 1048; x_wconf 87' lang='lat' dir='ltr'>etc.¹</span> 
     </span>
     <span class='ocr_line' id='line_1_48' title="bbox 1000 1067 1692 1112; baseline 0.006 -13"><span class='ocrx_word' id='word_1_243' title='bbox 1000 1067 1112 1099; x_wconf 90' lang='lat' dir='ltr'>Datum</span> <span class='ocrx_word' id='word_1_244' title='bbox 1136 1068 1273 1108; x_wconf 85' lang='lat' dir='ltr'>Romae,</span> <span class='ocrx_word' id='word_1_245' title='bbox 1295 1069 1380 1112; x_wconf 88' lang='lat' dir='ltr'>apud</span> <span class='ocrx_word' id='word_1_246' title='bbox 1405 1069 1437 1103; x_wconf 88' lang='lat' dir='ltr'>S.</span> <span class='ocrx_word' id='word_1_247' title='bbox 1465 1069 1604 1111; x_wconf 88' lang='lat' dir='ltr'>Petrum,</span> <span class='ocrx_word' id='word_1_248' title='bbox 1632 1070 1692 1103; x_wconf 90' lang='lat' dir='ltr'>sub</span> 
     </span>
     <span class='ocr_line' id='line_1_49' title="bbox 957 1120 1694 1161; baseline 0.004 -9"><span class='ocrx_word' id='word_1_249' title='bbox 957 1121 1078 1153; x_wconf 88' lang='lat' dir='ltr'>annulo</span> <span class='ocrx_word' id='word_1_250' title='bbox 1114 1120 1311 1161; x_wconf 78' lang='lat' dir='ltr'>piscatoris,</span> <span class='ocrx_word' id='word_1_251' title='bbox 1338 1121 1389 1155; x_wconf 92' lang='lat' dir='ltr'>die</span> <span class='ocrx_word' id='word_1_252' title='bbox 1422 1133 1472 1156; x_wconf 74' lang='lat' dir='ltr'>x1x</span> <span class='ocrx_word' id='word_1_253' title='bbox 1509 1123 1694 1156; x_wconf 85' lang='lat' dir='ltr'>decembris</span> 
     </span>
     <span class='ocr_line' id='line_1_50' title="bbox 957 1174 1691 1216; baseline 0.004 -11"><span class='ocrx_word' id='word_1_254' title='bbox 957 1182 1138 1214; x_wconf 54' lang='grc' dir='ltr'>Μυρὼ-ΧΠ,</span> <span class='ocrx_word' id='word_1_255' title='bbox 1164 1174 1373 1216; x_wconf 84' lang='lat' dir='ltr'>pontificatus</span> <span class='ocrx_word' id='word_1_256' title='bbox 1399 1175 1501 1208; x_wconf 87' lang='lat' dir='ltr'>nostri</span> <span class='ocrx_word' id='word_1_257' title='bbox 1528 1186 1613 1208; x_wconf 88' lang='lat' dir='ltr'>anno</span> <span class='ocrx_word' id='word_1_258' title='bbox 1650 1185 1691 1208; x_wconf 89' lang='lat' dir='ltr'>v1.</span> 
     </span>
     <span class='ocr_line' id='line_1_51' title="bbox 992 1233 1694 1272; baseline 0.003 -12"><span class='ocrx_word' id='word_1_259' title='bbox 992 1233 1049 1261; x_wconf 89' lang='lat' dir='ltr'>Dat.</span> <span class='ocrx_word' id='word_1_260' title='bbox 1066 1233 1111 1261; x_wconf 81' lang='lat' dir='ltr'>die</span> <span class='ocrx_word' id='word_1_261' title='bbox 1131 1235 1162 1262; x_wconf 76' lang='lat'>19</span> <span class='ocrx_word' id='word_1_262' title='bbox 1177 1234 1334 1262; x_wconf 85' lang='lat' dir='ltr'>decembris</span> <span class='ocrx_word' id='word_1_263' title='bbox 1352 1236 1432 1271; x_wconf 70' lang='lat'>1729,</span> <span class='ocrx_word' id='word_1_264' title='bbox 1454 1235 1555 1272; x_wconf 81' lang='lat' dir='ltr'>pontif.</span> <span class='ocrx_word' id='word_1_265' title='bbox 1572 1244 1641 1264; x_wconf 88' lang='lat' dir='ltr'>auno</span> <span class='ocrx_word' id='word_1_266' title='bbox 1658 1242 1694 1263; x_wconf 83' lang='lat' dir='ltr'>vt.</span> 
     </span>
    </p>
   </div>
   <div class='ocr_carea' id='block_1_9' title="bbox 1221 1301 1430 1306">
    <p class='ocr_par' dir='ltr' id='par_1_10' title="bbox 1221 1301 1430 1306">
     <span class='ocr_line' id='line_1_52' title="bbox 1221 1301 1430 1306; baseline 0 0"><span class='ocrx_word' id='word_1_267' title='bbox 1221 1301 1430 1306; x_wconf 95' lang='lat' dir='ltr'> </span> 
     </span>
    </p>
   </div>
   <div class='ocr_carea' id='block_1_10' title="bbox 1251 1376 1398 1410">
    <p class='ocr_par' dir='ltr' id='par_1_11' title="bbox 1251 1376 1398 1410">
     <span class='ocr_line' id='line_1_53' title="bbox 1251 1376 1398 1410; baseline -0.007 -1"><span class='ocrx_word' id='word_1_268' title='bbox 1251 1376 1398 1410; x_wconf 82' lang='lat' dir='ltr'>CCXCIV.</span> 
     </span>
    </p>
   </div>
   <div class='ocr_carea' id='block_1_11' title="bbox 956 1454 1697 1658">
    <p class='ocr_par' dir='ltr' id='par_1_12' title="bbox 956 1454 1697 1658">
     <span class='ocr_line' id='line_1_54' title="bbox 956 1454 1695 1497; baseline 0.005 -11"><span class='ocrx_word' id='word_1_269' title='bbox 956 1454 1122 1487; x_wconf 71' lang='lat' dir='ltr'>Indicium·</span> <span class='ocrx_word' id='word_1_270' title='bbox 1139 1455 1332 1497; x_wconf 76' lang='lat' dir='ltr'>beatificatio</span> <span class='ocrx_word' id='word_1_271' title='bbox 1349 1456 1432 1489; x_wconf 75' lang='lat' dir='ltr'>servi</span> <span class='ocrx_word' id='word_1_272' title='bbox 1448 1456 1508 1489; x_wconf 81' lang='lat' dir='ltr'>Dei</span> <span class='ocrx_word' id='word_1_273' title='bbox 1527 1457 1620 1490; x_wconf 81' lang='lat' dir='ltr'>Petri</span> <span class='ocrx_word' id='word_1_274' title='bbox 1635 1457 1695 1490; x_wconf 88' lang='lat' dir='ltr'>Fo-</span> 
     </span>
     <span class='ocr_line' id='line_1_55' title="bbox 1000 1508 1692 1543; baseline 0.004 -4"><span class='ocrx_word' id='word_1_275' title='bbox 1000 1508 1083 1540; x_wconf 81' lang='lat' dir='ltr'>rerii</span> <span class='ocrx_word' id='word_1_276' title='bbox 1119 1508 1158 1541; x_wconf 86' lang='lat' dir='ltr'>de</span> <span class='ocrx_word' id='word_1_277' title='bbox 1187 1509 1394 1542; x_wconf 83' lang='lat' dir='ltr'>Mataincuria</span> <span class='ocrx_word' id='word_1_278' title='bbox 1423 1509 1598 1542; x_wconf 78' lang='lat' dir='ltr'>sacerdotis</span> <span class='ocrx_word' id='word_1_279' title='bbox 1628 1511 1692 1543; x_wconf 89' lang='lat' dir='ltr'>Lo-</span> 
     </span>
     <span class='ocr_line' id='line_1_56' title="bbox 1002 1560 1697 1605; baseline 0.003 -13"><span class='ocrx_word' id='word_1_280' title='bbox 1002 1560 1161 1603; x_wconf 69' lang='lat' dir='ltr'>tharinqi,</span> <span class='ocrx_word' id='word_1_281' title='bbox 1185 1561 1408 1603; x_wconf 62' lang='lat' dir='ltr'>reformator-is</span> <span class='ocrx_word' id='word_1_282' title='bbox 1430 1562 1697 1605; x_wconf 69' lang='lat' dir='ltr'>C0729⁷·e9ali0222&#39;s</span> 
     </span>
     <span class='ocr_line' id='line_1_57' title="bbox 1000 1613 1697 1658; baseline 0.003 -12"><span class='ocrx_word' id='word_1_283' title='bbox 1000 1613 1171 1646; x_wconf 85' lang='lat' dir='ltr'>Salvatoris</span> <span class='ocrx_word' id='word_1_284' title='bbox 1194 1614 1294 1647; x_wconf 81' lang='lat' dir='ltr'>nostri</span> <span class='ocrx_word' id='word_1_285' title='bbox 1319 1619 1539 1658; x_wconf 79' lang='lat' dir='ltr'>nuncupatae,</span> <span class='ocrx_word' id='word_1_286' title='bbox 1563 1614 1697 1648; x_wconf 78' lang='lat' dir='ltr'>Ordinis</span> 
     </span>
    </p>
   </div>
   <div class='ocr_carea' id='block_1_12' title="bbox 1704 950 1845 974">
    <p class='ocr_par' dir='ltr' id='par_1_13' title="bbox 1704 950 1845 974">
     <span class='ocr_line' id='line_1_58' title="bbox 1704 950 1845 974; baseline 0.014 -7"><span class='ocrx_word' id='word_1_287' title='bbox 1704 950 1789 968; x_wconf 71' lang='lat' dir='ltr'>trausuu</span> <span class='ocrx_word' id='word_1_288' title='bbox 1799 953 1845 974; x_wconf 67' lang='lat' dir='ltr'>ptis.</span> 
     </span>
    </p>
   </div>
   <div class='ocr_carea' id='block_1_13' title="bbox 174 1650 915 1852">
    <p class='ocr_par' dir='ltr' id='par_1_14' title="bbox 174 1650 915 1852">
     <span class='ocr_line' id='line_1_59' title="bbox 174 1650 914 1694; baseline 0.001 -12"><span class='ocrx_word' id='word_1_289' title='bbox 174 1650 340 1691; x_wconf 90' lang='lat' dir='ltr'>volumus,</span> <span class='ocrx_word' id='word_1_290' title='bbox 369 1650 481 1694; x_wconf 88' lang='lat' dir='ltr'>sicque</span> <span class='ocrx_word' id='word_1_291' title='bbox 500 1656 531 1684; x_wconf 89' lang='lat' dir='ltr'>et</span> <span class='ocrx_word' id='word_1_292' title='bbox 556 1661 620 1684; x_wconf 93' lang='lat' dir='ltr'>non</span> <span class='ocrx_word' id='word_1_293' title='bbox 646 1651 741 1684; x_wconf 84' lang='lat' dir='ltr'>aliter</span> <span class='ocrx_word' id='word_1_294' title='bbox 766 1651 797 1683; x_wconf 92' lang='lat' dir='ltr'>in</span> <span class='ocrx_word' id='word_1_295' title='bbox 822 1660 914 1694; x_wconf 87' lang='lat' dir='ltr'>prae-</span> 
     </span>
     <span class='ocr_line' id='line_1_60' title="bbox 175 1702 914 1747; baseline 0.003 -13"><span class='ocrx_word' id='word_1_296' title='bbox 175 1702 280 1735; x_wconf 86' lang='lat' dir='ltr'>missis</span> <span class='ocrx_word' id='word_1_297' title='bbox 307 1713 365 1746; x_wconf 90' lang='lat' dir='ltr'>per</span> <span class='ocrx_word' id='word_1_298' title='bbox 391 1713 615 1747; x_wconf 81' lang='lat' dir='ltr'>quoscumque</span> <span class='ocrx_word' id='word_1_299' title='bbox 638 1703 759 1736; x_wconf 84' lang='lat' dir='ltr'>iudices</span> <span class='ocrx_word' id='word_1_300' title='bbox 785 1703 914 1736; x_wconf 87' lang='lat' dir='ltr'>ordina-</span> 
     </span>
     <span class='ocr_line' id='line_1_61' title="bbox 174 1755 915 1799; baseline 0.003 -11"><span class='ocrx_word' id='word_1_301' title='bbox 174 1755 241 1788; x_wconf 86' lang='lat' dir='ltr'>rios</span> <span class='ocrx_word' id='word_1_302' title='bbox 266 1759 297 1789; x_wconf 88' lang='lat' dir='ltr'>et</span> <span class='ocrx_word' id='word_1_303' title='bbox 320 1756 506 1798; x_wconf 83' lang='lat' dir='ltr'>delegatos,</span> <span class='ocrx_word' id='word_1_304' title='bbox 531 1757 628 1790; x_wconf 88' lang='lat' dir='ltr'>etiam</span> <span class='ocrx_word' id='word_1_305' title='bbox 665 1767 834 1790; x_wconf 87' lang='lat' dir='ltr'>causarum</span> <span class='ocrx_word' id='word_1_306' title='bbox 860 1767 915 1799; x_wconf 82' lang='lat' dir='ltr'>pa-</span> 
     </span>
     <span class='ocr_line' id='line_1_62' title="bbox 174 1808 910 1852; baseline 0.001 -12"><span class='ocrx_word' id='word_1_307' title='bbox 174 1808 243 1841; x_wconf 85' lang='lat' dir='ltr'>latii</span> <span class='ocrx_word' id='word_1_308' title='bbox 268 1809 439 1852; x_wconf 90' lang='lat' dir='ltr'>apostolici</span> <span class='ocrx_word' id='word_1_309' title='bbox 467 1810 649 1850; x_wconf 87' lang='lat' dir='ltr'>auditores,</span> <span class='ocrx_word' id='word_1_310' title='bbox 678 1821 713 1843; x_wconf 89' lang='lat' dir='ltr'>ac</span> <span class='ocrx_word' id='word_1_311' title='bbox 740 1809 771 1843; x_wconf 89' lang='lat' dir='ltr'>S.</span> <span class='ocrx_word' id='word_1_312' title='bbox 806 1810 843 1842; x_wconf 86' lang='lat' dir='ltr'>R.</span> <span class='ocrx_word' id='word_1_313' title='bbox 876 1809 910 1842; x_wconf 80' lang='grc' dir='ltr'>Ε,</span> 
     </span>
    </p>
   </div>
   <div class='ocr_carea' id='block_1_14' title="bbox 1000 1666 1698 1762">
    <p class='ocr_par' dir='ltr' id='par_1_15' title="bbox 1000 1666 1698 1762">
     <span class='ocr_line' id='line_1_63' title="bbox 1000 1666 1698 1710; baseline 0.003 -12"><span class='ocrx_word' id='word_1_314' title='bbox 1000 1666 1231 1700; x_wconf 78' lang='lat' dir='ltr'>canonicorum</span> <span class='ocrx_word' id='word_1_315' title='bbox 1262 1667 1468 1710; x_wconf 73' lang='lat' dir='ltr'>reyularium</span> <span class='ocrx_word' id='word_1_316' title='bbox 1503 1668 1608 1700; x_wconf 79' lang='lat' dir='ltr'>sancti</span> <span class='ocrx_word' id='word_1_317' title='bbox 1630 1668 1698 1701; x_wconf 83' lang='lat' dir='ltr'>Au-</span> 
     </span>
     <span class='ocr_line' id='line_1_64' title="bbox 1000 1719 1162 1762; baseline 0.006 -11"><span class='ocrx_word' id='word_1_318' title='bbox 1000 1720 1128 1762; x_wconf 78' lang='lat' dir='ltr'>9usl2‘ni</span> <span class='ocrx_word' id='word_1_319' title='bbox 1140 1719 1162 1752; x_wconf 70' lang='lat'>³.</span> 
     </span>
    </p>
   </div>
   <div class='ocr_carea' id='block_1_15' title="bbox 1076 1800 1579 1878">
    <p class='ocr_par' dir='ltr' id='par_1_16' title="bbox 1076 1800 1579 1878">
     <span class='ocr_line' id='line_1_65' title="bbox 1134 1800 1524 1834; baseline 0.005 -8"><span class='ocrx_word' id='word_1_320' title='bbox 1134 1800 1315 1827; x_wconf 81' lang='lat' dir='ltr'>Benedictus</span> <span class='ocrx_word' id='word_1_321' title='bbox 1336 1800 1416 1834; x_wconf 83' lang='lat' dir='ltr'>Papa</span> <span class='ocrx_word' id='word_1_322' title='bbox 1436 1801 1524 1834; x_wconf 86' lang='lat' dir='ltr'>XIII,</span> 
     </span>
     <span class='ocr_line' id='line_1_66' title="bbox 1076 1844 1579 1878; baseline 0.004 -8"><span class='ocrx_word' id='word_1_323' title='bbox 1076 1844 1112 1871; x_wconf 88' lang='lat' dir='ltr'>ad</span> <span class='ocrx_word' id='word_1_324' title='bbox 1132 1847 1311 1878; x_wconf 79' lang='lat' dir='ltr'>perpetuam</span> <span class='ocrx_word' id='word_1_325' title='bbox 1330 1845 1376 1871; x_wconf 86' lang='lat' dir='ltr'>rei</span> <span class='ocrx_word' id='word_1_326' title='bbox 1396 1845 1579 1872; x_wconf 85' lang='lat' dir='ltr'>memoriam.</span> 
     </span>
    </p>
   </div>
   <div class='ocr_carea' id='block_1_16' title="bbox 0 2498 174 2576">
    <p class='ocr_par' dir='ltr' id='par_1_17' title="bbox 0 2498 174 2576">
     <span class='ocr_line' id='line_1_67' title="bbox 12 2498 174 2527; baseline 0.019 -7"><span class='ocrx_word' id='word_1_327' title='bbox 12 2498 125 2522; x_wconf 56' lang='lat' dir='ltr'>manditur</span> <span class='ocrx_word' id='word_1_328' title='bbox 136 2506 174 2527; x_wconf 71' lang='lat' dir='ltr'>ru·</span> 
     </span>
     <span class='ocr_line' id='line_1_68' title="bbox 0 2525 174 2555; baseline 0.017 -9"><span class='ocrx_word' id='word_1_329' title='bbox 0 2525 76 2555; x_wconf 63' lang='lat' dir='ltr'>dicatio</span> <span class='ocrx_word' id='word_1_330' title='bbox 99 2528 174 2551; x_wconf 56' lang='lat' dir='ltr'>liat-tm</span> 
     </span>
     <span class='ocr_line' id='line_1_69' title="bbox 0 2555 112 2576; baseline 0.036 -4"><span class='ocrx_word' id='word_1_331' title='bbox 0 2555 112 2576; x_wconf 69' lang='lat' dir='ltr'>iturarum.</span> 
     </span>
    </p>
   </div>
   <div class='ocr_carea' id='block_1_17' title="bbox 175 1861 920 2646">
    <p class='ocr_par' dir='ltr' id='par_1_18' title="bbox 175 1861 918 2486">
     <span class='ocr_line' id='line_1_70' title="bbox 175 1861 914 1904; baseline 0.003 -12"><span class='ocrx_word' id='word_1_332' title='bbox 175 1861 340 1904; x_wconf 78' lang='lat' dir='ltr'>praefatae</span> <span class='ocrx_word' id='word_1_333' title='bbox 366 1862 564 1901; x_wconf 85' lang='lat' dir='ltr'>cardinales,</span> <span class='ocrx_word' id='word_1_334' title='bbox 598 1863 693 1896; x_wconf 90' lang='lat' dir='ltr'>etiam</span> <span class='ocrx_word' id='word_1_335' title='bbox 733 1863 771 1896; x_wconf 87' lang='lat' dir='ltr'>de</span> <span class='ocrx_word' id='word_1_336' title='bbox 811 1863 914 1896; x_wconf 84' lang='lat' dir='ltr'>latere</span> 
     </span>
     <span class='ocr_line' id='line_1_71' title="bbox 176 1914 914 1958; baseline 0.003 -13"><span class='ocrx_word' id='word_1_337' title='bbox 176 1914 317 1955; x_wconf 81' lang='lat' dir='ltr'>legatos,</span> <span class='ocrx_word' id='word_1_338' title='bbox 355 1914 474 1947; x_wconf 88' lang='lat' dir='ltr'>aliosve</span> <span class='ocrx_word' id='word_1_339' title='bbox 511 1916 676 1958; x_wconf 86' lang='lat' dir='ltr'>quoslibet</span> <span class='ocrx_word' id='word_1_340' title='bbox 711 1926 914 1958; x_wconf 84' lang='lat' dir='ltr'>quacumque</span> 
     </span>
     <span class='ocr_line' id='line_1_72' title="bbox 177 1965 915 2010; baseline 0.001 -13"><span class='ocrx_word' id='word_1_341' title='bbox 177 1965 431 2008; x_wconf 76' lang='lat' dir='ltr'>praeeminentia</span> <span class='ocrx_word' id='word_1_342' title='bbox 449 1971 481 1999; x_wconf 87' lang='lat' dir='ltr'>et</span> <span class='ocrx_word' id='word_1_343' title='bbox 504 1972 663 2010; x_wconf 81' lang='lat' dir='ltr'>potestate</span> <span class='ocrx_word' id='word_1_344' title='bbox 689 1967 860 2010; x_wconf 77' lang='lat' dir='ltr'>fungentes</span> <span class='ocrx_word' id='word_1_345' title='bbox 883 1972 915 2000; x_wconf 88' lang='lat' dir='ltr'>et</span> 
     </span>
     <span class='ocr_line' id='line_1_73' title="bbox 179 2017 916 2059; baseline 0.003 -9"><span class='ocrx_word' id='word_1_346' title='bbox 179 2017 368 2059; x_wconf 88' lang='lat' dir='ltr'>functuros,</span> <span class='ocrx_word' id='word_1_347' title='bbox 400 2019 526 2051; x_wconf 78' lang='lat' dir='ltr'>sublata</span> <span class='ocrx_word' id='word_1_348' title='bbox 558 2020 604 2052; x_wconf 88' lang='lat' dir='ltr'>eis</span> <span class='ocrx_word' id='word_1_349' title='bbox 629 2024 660 2052; x_wconf 88' lang='lat' dir='ltr'>et</span> <span class='ocrx_word' id='word_1_350' title='bbox 684 2029 798 2052; x_wconf 85' lang='lat' dir='ltr'>eorum</span> <span class='ocrx_word' id='word_1_351' title='bbox 825 2019 916 2052; x_wconf 88' lang='lat' dir='ltr'>cuili—</span> 
     </span>
     <span class='ocr_line' id='line_1_74' title="bbox 177 2070 916 2114; baseline 0.003 -12"><span class='ocrx_word' id='word_1_352' title='bbox 177 2070 249 2110; x_wconf 77' lang='lat' dir='ltr'>bet,</span> <span class='ocrx_word' id='word_1_353' title='bbox 271 2071 381 2114; x_wconf 89' lang='lat' dir='ltr'>quavis</span> <span class='ocrx_word' id='word_1_354' title='bbox 403 2071 497 2103; x_wconf 84' lang='lat' dir='ltr'>aliter</span> <span class='ocrx_word' id='word_1_355' title='bbox 522 2071 684 2104; x_wconf 85' lang='lat' dir='ltr'>iudicandi</span> <span class='ocrx_word' id='word_1_356' title='bbox 704 2077 735 2104; x_wconf 89' lang='lat' dir='ltr'>et</span> <span class='ocrx_word' id='word_1_357' title='bbox 755 2072 916 2114; x_wconf 87' lang='lat' dir='ltr'>interpre-</span> 
     </span>
     <span class='ocr_line' id='line_1_75' title="bbox 179 2123 913 2164; baseline 0 -8"><span class='ocrx_word' id='word_1_358' title='bbox 179 2123 267 2157; x_wconf 87' lang='lat' dir='ltr'>tandi</span> <span class='ocrx_word' id='word_1_359' title='bbox 295 2123 442 2156; x_wconf 76' lang='lat' dir='ltr'>facultate</span> <span class='ocrx_word' id='word_1_360' title='bbox 475 2128 507 2156; x_wconf 89' lang='lat' dir='ltr'>et</span> <span class='ocrx_word' id='word_1_361' title='bbox 542 2124 754 2164; x_wconf 88' lang='lat' dir='ltr'>auctoritate,</span> <span class='ocrx_word' id='word_1_362' title='bbox 781 2124 913 2156; x_wconf 86' lang='lat' dir='ltr'>iudicari</span> 
     </span>
     <span class='ocr_line' id='line_1_76' title="bbox 181 2176 916 2217; baseline 0 -8"><span class='ocrx_word' id='word_1_363' title='bbox 181 2182 212 2209; x_wconf 90' lang='lat' dir='ltr'>et</span> <span class='ocrx_word' id='word_1_364' title='bbox 236 2176 363 2210; x_wconf 84' lang='lat' dir='ltr'>definiri</span> <span class='ocrx_word' id='word_1_365' title='bbox 389 2176 530 2217; x_wconf 87' lang='lat' dir='ltr'>debere,</span> <span class='ocrx_word' id='word_1_366' title='bbox 557 2187 593 2210; x_wconf 87' lang='lat' dir='ltr'>ac</span> <span class='ocrx_word' id='word_1_367' title='bbox 614 2177 739 2210; x_wconf 89' lang='lat' dir='ltr'>irritum</span> <span class='ocrx_word' id='word_1_368' title='bbox 764 2182 796 2209; x_wconf 88' lang='lat' dir='ltr'>et</span> <span class='ocrx_word' id='word_1_369' title='bbox 820 2176 916 2210; x_wconf 85' lang='lat' dir='ltr'>inane</span> 
     </span>
     <span class='ocr_line' id='line_1_77' title="bbox 181 2229 915 2274; baseline 0.001 -12"><span class='ocrx_word' id='word_1_370' title='bbox 181 2229 207 2262; x_wconf 88' lang='lat' dir='ltr'>si</span> <span class='ocrx_word' id='word_1_371' title='bbox 226 2239 319 2262; x_wconf 86' lang='lat' dir='ltr'>secus</span> <span class='ocrx_word' id='word_1_372' title='bbox 347 2240 446 2273; x_wconf 86' lang='lat' dir='ltr'>super</span> <span class='ocrx_word' id='word_1_373' title='bbox 474 2230 524 2263; x_wconf 91' lang='lat' dir='ltr'>his</span> <span class='ocrx_word' id='word_1_374' title='bbox 555 2241 572 2263; x_wconf 85' lang='lat' dir='ltr'>a</span> <span class='ocrx_word' id='word_1_375' title='bbox 597 2240 778 2274; x_wconf 84' lang='lat' dir='ltr'>quoquam,</span> <span class='ocrx_word' id='word_1_376' title='bbox 803 2230 915 2273; x_wconf 88' lang='lat' dir='ltr'>quavis</span> 
     </span>
     <span class='ocr_line' id='line_1_78' title="bbox 181 2283 917 2326; baseline 0.001 -11"><span class='ocrx_word' id='word_1_377' title='bbox 181 2283 390 2323; x_wconf 87' lang='lat' dir='ltr'>auctoritate,</span> <span class='ocrx_word' id='word_1_378' title='bbox 407 2283 550 2316; x_wconf 89' lang='lat' dir='ltr'>scienter</span> <span class='ocrx_word' id='word_1_379' title='bbox 562 2284 612 2316; x_wconf 90' lang='lat' dir='ltr'>vel</span> <span class='ocrx_word' id='word_1_380' title='bbox 630 2283 829 2326; x_wconf 83' lang='lat' dir='ltr'>ignoranter,</span> <span class='ocrx_word' id='word_1_381' title='bbox 845 2293 917 2316; x_wconf 86' lang='lat' dir='ltr'>con·</span> 
     </span>
     <span class='ocr_line' id='line_1_79' title="bbox 182 2335 918 2379; baseline 0 -11"><span class='ocrx_word' id='word_1_382' title='bbox 182 2335 292 2379; x_wconf 84' lang='lat' dir='ltr'>tigerit</span> <span class='ocrx_word' id='word_1_383' title='bbox 315 2336 484 2377; x_wconf 85' lang='lat' dir='ltr'>attentari,</span> <span class='ocrx_word' id='word_1_384' title='bbox 502 2336 717 2370; x_wconf 89' lang='lat' dir='ltr'>decernimus.</span> <span class='ocrx_word' id='word_1_385' title='bbox 740 2337 773 2369; x_wconf 90' lang='lat' dir='ltr'>ln</span> <span class='ocrx_word' id='word_1_386' title='bbox 792 2341 918 2369; x_wconf 88' lang='lat' dir='ltr'>contra-</span> 
     </span>
     <span class='ocr_line' id='line_1_80' title="bbox 182 2389 915 2432; baseline 0 -10"><span class='ocrx_word' id='word_1_387' title='bbox 182 2389 264 2422; x_wconf 89' lang='lat' dir='ltr'>rium</span> <span class='ocrx_word' id='word_1_388' title='bbox 289 2389 481 2422; x_wconf 83' lang='lat' dir='ltr'>facientibus</span> <span class='ocrx_word' id='word_1_389' title='bbox 511 2399 577 2422; x_wconf 88' lang='lat' dir='ltr'>non</span> <span class='ocrx_word' id='word_1_390' title='bbox 611 2389 815 2422; x_wconf 87' lang='lat' dir='ltr'>obstantibus</span> <span class='ocrx_word' id='word_1_391' title='bbox 841 2390 915 2432; x_wconf 86' lang='lat' dir='ltr'>qui-</span> 
     </span>
     <span class='ocr_line' id='line_1_81' title="bbox 182 2442 396 2486; baseline -0.005 -10"><span class='ocrx_word' id='word_1_392' title='bbox 182 2442 396 2486; x_wconf 84' lang='lat' dir='ltr'>buscumque.</span> 
     </span>
    </p>

    <p class='ocr_par' dir='ltr' id='par_1_19' title="bbox 184 2494 920 2646">
     <span class='ocr_line' id='line_1_82' title="bbox 228 2494 919 2539; baseline -0.001 -11"><span class='ocrx_word' id='word_1_393' title='bbox 228 2495 242 2539; x_wconf 64' lang='lat' dir='ltr'>g</span> <span class='ocrx_word' id='word_1_394' title='bbox 266 2495 298 2528; x_wconf 72' lang='lat'>4.</span> <span class='ocrx_word' id='word_1_395' title='bbox 317 2494 357 2528; x_wconf 89' lang='lat' dir='ltr'>Ut</span> <span class='ocrx_word' id='word_1_396' title='bbox 377 2499 484 2529; x_wconf 86' lang='lat' dir='ltr'>autem</span> <span class='ocrx_word' id='word_1_397' title='bbox 510 2494 640 2529; x_wconf 83' lang='lat' dir='ltr'>eaedem</span> <span class='ocrx_word' id='word_1_398' title='bbox 666 2500 855 2539; x_wconf 81' lang='lat' dir='ltr'>praesentes</span> <span class='ocrx_word' id='word_1_399' title='bbox 872 2494 919 2528; x_wconf 90' lang='lat' dir='ltr'>lit-</span> 
     </span>
     <span class='ocr_line' id='line_1_83' title="bbox 184 2547 916 2582; baseline -0.003 0"><span class='ocrx_word' id='word_1_400' title='bbox 184 2554 272 2582; x_wconf 85' lang='lat' dir='ltr'>terae</span> <span class='ocrx_word' id='word_1_401' title='bbox 296 2548 335 2581; x_wconf 92' lang='lat' dir='ltr'>ad</span> <span class='ocrx_word' id='word_1_402' title='bbox 360 2548 502 2582; x_wconf 88' lang='lat' dir='ltr'>omnium</span> <span class='ocrx_word' id='word_1_403' title='bbox 533 2548 681 2582; x_wconf 82' lang='lat' dir='ltr'>notitiam</span> <span class='ocrx_word' id='word_1_404' title='bbox 708 2548 833 2581; x_wconf 85' lang='lat' dir='ltr'>facilius</span> <span class='ocrx_word' id='word_1_405' title='bbox 858 2547 916 2580; x_wconf 82' lang='lat' dir='ltr'>de—</span> 
     </span>
     <span class='ocr_line' id='line_1_84' title="bbox 184 2601 920 2646; baseline 0 -11"><span class='ocrx_word' id='word_1_406' title='bbox 184 2603 323 2643; x_wconf 81' lang='lat' dir='ltr'>veniant,</span> <span class='ocrx_word' id='word_1_407' title='bbox 342 2613 401 2637; x_wconf 85' lang='lat' dir='ltr'>nec</span> <span class='ocrx_word' id='word_1_408' title='bbox 423 2602 590 2646; x_wconf 86' lang='lat' dir='ltr'>quisquam</span> <span class='ocrx_word' id='word_1_409' title='bbox 616 2602 742 2635; x_wconf 87' lang='lat' dir='ltr'>illarum</span> <span class='ocrx_word' id='word_1_410' title='bbox 768 2601 920 2644; x_wconf 82' lang='lat' dir='ltr'>ignoran-</span> 
     </span>
    </p>
   </div>
   <div class='ocr_carea' id='block_1_18' title="bbox 934 340 940 2227">
    <p class='ocr_par' dir='ltr' id='par_1_20' title="bbox 934 340 940 2227">
     <span class='ocr_line' id='line_1_85' title="bbox 934 340 940 2227; baseline 0 0"><span class='ocrx_word' id='word_1_411' title='bbox 934 340 940 2227; x_wconf 95' lang='lat' dir='ltr'> </span> 
     </span>
    </p>
   </div>
   <div class='ocr_carea' id='block_1_19' title="bbox 958 1914 1700 2432">
    <p class='ocr_par' dir='ltr' id='par_1_21' title="bbox 958 1914 1700 2432">
     <span class='ocr_line' id='line_1_86' title="bbox 1004 1914 1699 1958; baseline 0.003 -12"><span class='ocrx_word' id='word_1_412' title='bbox 1004 1914 1184 1947; x_wconf 87' lang='lat' dir='ltr'>Laudemus</span> <span class='ocrx_word' id='word_1_413' title='bbox 1201 1914 1284 1947; x_wconf 83' lang='lat' dir='ltr'>viros</span> <span class='ocrx_word' id='word_1_414' title='bbox 1311 1914 1482 1957; x_wconf 80' lang='lat' dir='ltr'>gloriosos,</span> <span class='ocrx_word' id='word_1_415' title='bbox 1499 1917 1553 1958; x_wconf 88' lang='lat' dir='ltr'>qui</span> <span class='ocrx_word' id='word_1_416' title='bbox 1572 1916 1603 1948; x_wconf 90' lang='lat' dir='ltr'>in</span> <span class='ocrx_word' id='word_1_417' title='bbox 1625 1926 1699 1949; x_wconf 86' lang='lat' dir='ltr'>con-</span> 
     </span>
     <span class='ocr_line' id='line_1_87' title="bbox 958 1966 1697 2009; baseline 0.005 -11"><span class='ocrx_word' id='word_1_418' title='bbox 958 1966 1138 1999; x_wconf 85' lang='lat' dir='ltr'>versatione</span> <span class='ocrx_word' id='word_1_419' title='bbox 1165 1966 1294 2009; x_wconf 80' lang='lat' dir='ltr'>gentis,</span> <span class='ocrx_word' id='word_1_420' title='bbox 1323 1977 1388 2000; x_wconf 88' lang='lat' dir='ltr'>non</span> <span class='ocrx_word' id='word_1_421' title='bbox 1413 1969 1602 2005; x_wconf 72' lang='lat' dir='ltr'>,secundum</span> <span class='ocrx_word' id='word_1_422' title='bbox 1628 1979 1697 2002; x_wconf 88' lang='lat' dir='ltr'>car-</span> 
     </span>
     <span class='ocr_line' id='line_1_88' title="bbox 959 2019 1697 2063; baseline 0.005 -12"><span class='ocrx_word' id='word_1_423' title='bbox 959 2029 1032 2051; x_wconf 86' lang='lat' dir='ltr'>nem</span> <span class='ocrx_word' id='word_1_424' title='bbox 1054 2019 1265 2059; x_wconf 80' lang='lat' dir='ltr'>ambulantes,</span> <span class='ocrx_word' id='word_1_425' title='bbox 1281 2019 1335 2052; x_wconf 88' lang='lat' dir='ltr'>sod</span> <span class='ocrx_word' id='word_1_426' title='bbox 1356 2019 1469 2063; x_wconf 88' lang='lat' dir='ltr'>spiritu</span> <span class='ocrx_word' id='word_1_427' title='bbox 1489 2020 1571 2054; x_wconf 82' lang='lat' dir='ltr'>facta</span> <span class='ocrx_word' id='word_1_428' title='bbox 1590 2021 1697 2054; x_wconf 83' lang='lat' dir='ltr'>carnis</span> 
     </span>
     <span class='ocr_line' id='line_1_89' title="bbox 959 2071 1695 2117; baseline 0.005 -14"><span class='ocrx_word' id='word_1_429' title='bbox 959 2071 1202 2113; x_wconf 78' lang='lat' dir='ltr'>mortificantes,</span> <span class='ocrx_word' id='word_1_430' title='bbox 1229 2083 1295 2105; x_wconf 90' lang='lat' dir='ltr'>non</span> <span class='ocrx_word' id='word_1_431' title='bbox 1320 2073 1425 2106; x_wconf 91' lang='lat' dir='ltr'>solum</span> <span class='ocrx_word' id='word_1_432' title='bbox 1452 2074 1640 2117; x_wconf 86' lang='lat' dir='ltr'>semetipsos</span> <span class='ocrx_word' id='word_1_433' title='bbox 1659 2085 1695 2107; x_wconf 85' lang='lat' dir='ltr'>ac</span> 
     </span>
     <span class='ocr_line' id='line_1_90' title="bbox 959 2124 1698 2160; baseline 0.003 -4"><span class='ocrx_word' id='word_1_434' title='bbox 959 2124 1157 2158; x_wconf 87' lang='lat' dir='ltr'>voluntatem</span> <span class='ocrx_word' id='word_1_435' title='bbox 1184 2135 1272 2158; x_wconf 88' lang='lat' dir='ltr'>suam</span> <span class='ocrx_word' id='word_1_436' title='bbox 1291 2136 1362 2158; x_wconf 88' lang='lat' dir='ltr'>cum</span> <span class='ocrx_word' id='word_1_437' title='bbox 1388 2127 1539 2160; x_wconf 89' lang='lat' dir='ltr'>omnibus</span> <span class='ocrx_word' id='word_1_438' title='bbox 1560 2127 1698 2160; x_wconf 86' lang='lat' dir='ltr'>terrenis</span> 
     </span>
     <span class='ocr_line' id='line_1_91' title="bbox 961 2177 1698 2222; baseline 0.003 -13"><span class='ocrx_word' id='word_1_439' title='bbox 961 2177 1129 2210; x_wconf 87' lang='lat' dir='ltr'>desideriis</span> <span class='ocrx_word' id='word_1_440' title='bbox 1155 2179 1379 2220; x_wconf 81' lang='lat' dir='ltr'>abnegarunt,</span> <span class='ocrx_word' id='word_1_441' title='bbox 1404 2184 1501 2222; x_wconf 86' lang='lat' dir='ltr'>atque</span> <span class='ocrx_word' id='word_1_442' title='bbox 1526 2180 1584 2212; x_wconf 90' lang='lat' dir='ltr'>sub</span> <span class='ocrx_word' id='word_1_443' title='bbox 1610 2179 1698 2212; x_wconf 81' lang='lat' dir='ltr'>suavi</span> 
     </span>
     <span class='ocr_line' id='line_1_92' title="bbox 960 2231 1697 2275; baseline 0.004 -13"><span class='ocrx_word' id='word_1_444' title='bbox 960 2231 1117 2272; x_wconf 77' lang='lat' dir='ltr'>regularis</span> <span class='ocrx_word' id='word_1_445' title='bbox 1134 2231 1324 2274; x_wconf 84' lang='lat' dir='ltr'>disciplinae</span> <span class='ocrx_word' id='word_1_446' title='bbox 1340 2232 1414 2275; x_wconf 83' lang='lat' dir='ltr'>iugo</span> <span class='ocrx_word' id='word_1_447' title='bbox 1429 2233 1618 2265; x_wconf 86' lang='lat' dir='ltr'>obtuleruut</span> <span class='ocrx_word' id='word_1_448' title='bbox 1631 2232 1697 2265; x_wconf 89' lang='lat' dir='ltr'>Deo</span> 
     </span>
     <span class='ocr_line' id='line_1_93' title="bbox 961 2282 1700 2324; baseline 0.003 -10"><span class='ocrx_word' id='word_1_449' title='bbox 961 2282 992 2315; x_wconf 93' lang='lat' dir='ltr'>in</span> <span class='ocrx_word' id='word_1_450' title='bbox 1018 2283 1266 2323; x_wconf 84' lang='lat' dir='ltr'>holocaustum,</span> <span class='ocrx_word' id='word_1_451' title='bbox 1294 2294 1421 2324; x_wconf 84' lang='lat' dir='ltr'>verum,</span> <span class='ocrx_word' id='word_1_452' title='bbox 1440 2283 1552 2317; x_wconf 79' lang='lat' dir='ltr'>diffusa</span> <span class='ocrx_word' id='word_1_453' title='bbox 1573 2284 1604 2317; x_wconf 94' lang='lat' dir='ltr'>in</span> <span class='ocrx_word' id='word_1_454' title='bbox 1631 2294 1700 2317; x_wconf 90' lang='lat' dir='ltr'>cor-</span> 
     </span>
     <span class='ocr_line' id='line_1_94' title="bbox 962 2334 1700 2376; baseline 0.004 -10"><span class='ocrx_word' id='word_1_455' title='bbox 962 2334 1055 2367; x_wconf 86' lang='lat' dir='ltr'>dibus</span> <span class='ocrx_word' id='word_1_456' title='bbox 1072 2335 1138 2368; x_wconf 88' lang='lat' dir='ltr'>suis</span> <span class='ocrx_word' id='word_1_457' title='bbox 1163 2335 1332 2376; x_wconf 84' lang='lat' dir='ltr'>charitate,</span> <span class='ocrx_word' id='word_1_458' title='bbox 1350 2346 1416 2369; x_wconf 92' lang='lat' dir='ltr'>non</span> <span class='ocrx_word' id='word_1_459' title='bbox 1441 2336 1548 2369; x_wconf 90' lang='lat' dir='ltr'>minus</span> <span class='ocrx_word' id='word_1_460' title='bbox 1571 2337 1609 2369; x_wconf 89' lang='lat' dir='ltr'>de</span> <span class='ocrx_word' id='word_1_461' title='bbox 1627 2337 1700 2369; x_wconf 88' lang='lat' dir='ltr'>alie-</span> 
     </span>
     <span class='ocr_line' id='line_1_95' title="bbox 961 2388 1700 2432; baseline 0.003 -13"><span class='ocrx_word' id='word_1_462' title='bbox 961 2389 1003 2419; x_wconf 74' lang='lat' dir='ltr'>na</span> <span class='ocrx_word' id='word_1_463' title='bbox 1045 2398 1139 2431; x_wconf 86' lang='lat' dir='ltr'>quam</span> <span class='ocrx_word' id='word_1_464' title='bbox 1176 2388 1215 2421; x_wconf 81' lang='lat' dir='ltr'>de</span> <span class='ocrx_word' id='word_1_465' title='bbox 1249 2389 1382 2432; x_wconf 72' lang='lat' dir='ltr'>propria</span> <span class='ocrx_word' id='word_1_466' title='bbox 1413 2390 1516 2422; x_wconf 88' lang='lat' dir='ltr'>salute</span> <span class='ocrx_word' id='word_1_467' title='bbox 1548 2389 1700 2430; x_wconf 80' lang='lat' dir='ltr'>solliciti,</span> 
     </span>
    </p>
   </div>
   <div class='ocr_carea' id='block_1_20' title="bbox 962 2474 1699 2643">
    <p class='ocr_par' dir='ltr' id='par_1_22' title="bbox 999 2474 1491 2511">
     <span class='ocr_line' id='line_1_96' title="bbox 999 2474 1491 2511; baseline 0.004 -10"><span class='ocrx_word' id='word_1_468' title='bbox 999 2476 1007 2501; x_wconf 84' lang='lat'>1</span> <span class='ocrx_word' id='word_1_469' title='bbox 1032 2474 1147 2510; x_wconf 84' lang='lat' dir='ltr'>Reliqua</span> <span class='ocrx_word' id='word_1_470' title='bbox 1162 2478 1192 2502; x_wconf 86' lang='lat' dir='ltr'>ut</span> <span class='ocrx_word' id='word_1_471' title='bbox 1206 2483 1268 2510; x_wconf 84' lang='lat' dir='ltr'>pag.</span> <span class='ocrx_word' id='word_1_472' title='bbox 1287 2475 1338 2502; x_wconf 68' lang='lat'>726</span> <span class='ocrx_word' id='word_1_473' title='bbox 1354 2484 1372 2503; x_wconf 84' lang='lat' dir='ltr'>a</span> <span class='ocrx_word' id='word_1_474' title='bbox 1385 2476 1425 2510; x_wconf 77' lang='lat' dir='ltr'>(R.</span> <span class='ocrx_word' id='word_1_475' title='bbox 1441 2476 1491 2511; x_wconf 83' lang='lat' dir='ltr'>T.).</span> 
     </span>
    </p>

    <p class='ocr_par' dir='ltr' id='par_1_23' title="bbox 962 2518 1699 2643">
     <span class='ocr_line' id='line_1_97' title="bbox 997 2518 1698 2554; baseline 0.004 -10"><span class='ocrx_word' id='word_1_476' title='bbox 997 2518 1013 2544; x_wconf 74' lang='lat'>2</span> <span class='ocrx_word' id='word_1_477' title='bbox 1024 2519 1080 2545; x_wconf 72' lang='lat' dir='ltr'>Alia</span> <span class='ocrx_word' id='word_1_478' title='bbox 1091 2518 1170 2545; x_wconf 88' lang='lat' dir='ltr'>huius</span> <span class='ocrx_word' id='word_1_479' title='bbox 1193 2519 1332 2546; x_wconf 85' lang='lat' dir='ltr'>Pontificis</span> <span class='ocrx_word' id='word_1_480' title='bbox 1347 2520 1455 2546; x_wconf 82' lang='lat' dir='ltr'>constit.</span> <span class='ocrx_word' id='word_1_481' title='bbox 1473 2520 1537 2547; x_wconf 88' lang='lat' dir='ltr'>edit.</span> <span class='ocrx_word' id='word_1_482' title='bbox 1555 2527 1698 2554; x_wconf 62' lang='lat' dir='ltr'>mnecxxrx,</span> 
     </span>
     <span class='ocr_line' id='line_1_98' title="bbox 962 2562 1699 2598; baseline 0.001 -8"><span class='ocrx_word' id='word_1_483' title='bbox 962 2562 1005 2590; x_wconf 88' lang='lat' dir='ltr'>die</span> <span class='ocrx_word' id='word_1_484' title='bbox 1026 2563 1059 2590; x_wconf 77' lang='lat'>12</span> <span class='ocrx_word' id='word_1_485' title='bbox 1077 2563 1176 2597; x_wconf 82' lang='lat' dir='ltr'>martii,</span> <span class='ocrx_word' id='word_1_486' title='bbox 1198 2563 1292 2598; x_wconf 84' lang='lat' dir='ltr'>pontif.</span> <span class='ocrx_word' id='word_1_487' title='bbox 1315 2571 1340 2596; x_wconf 82' lang='lat' dir='ltr'>v,</span> <span class='ocrx_word' id='word_1_488' title='bbox 1352 2563 1451 2591; x_wconf 84' lang='lat' dir='ltr'>indicta</span> <span class='ocrx_word' id='word_1_489' title='bbox 1471 2564 1520 2592; x_wconf 83' lang='lat' dir='ltr'>fuit</span> <span class='ocrx_word' id='word_1_490' title='bbox 1535 2565 1699 2592; x_wconf 78' lang='lat' dir='ltr'>beatificatio</span> 
     </span>
     <span class='ocr_line' id='line_1_99' title="bbox 962 2607 1451 2643; baseline 0.002 -7"><span class='ocrx_word' id='word_1_491' title='bbox 962 2608 1033 2636; x_wconf 86' lang='lat' dir='ltr'>servi</span> <span class='ocrx_word' id='word_1_492' title='bbox 1052 2607 1101 2635; x_wconf 80' lang='lat' dir='ltr'>Dei</span> <span class='ocrx_word' id='word_1_493' title='bbox 1122 2607 1220 2635; x_wconf 86' lang='lat' dir='ltr'>Fidelis</span> <span class='ocrx_word' id='word_1_494' title='bbox 1240 2615 1255 2635; x_wconf 86' lang='lat' dir='ltr'>a</span> <span class='ocrx_word' id='word_1_495' title='bbox 1274 2607 1451 2643; x_wconf 70' lang='lat' dir='ltr'>sigmaringa.</span> 
     </span>
    </p>
   </div>
   <div class='ocr_carea' id='block_1_21' title="bbox 1735 1921 1857 1943">
    <p class='ocr_par' dir='ltr' id='par_1_24' title="bbox 1735 1921 1857 1943">
     <span class='ocr_line' id='line_1_100' title="bbox 1735 1921 1857 1943; baseline 0.008 -1"><span class='ocrx_word' id='word_1_496' title='bbox 1735 1921 1857 1943; x_wconf 67' lang='lat' dir='ltr'>Exordium.</span> 
     </span>
    </p>
   </div>
  </div>
 </body>
</html>
