2170 3147
0 201 42 229 In.
61 201 88 227 C.
113 199 178 227 ¹728

7 994 68 1015 dl‘ae
91 997 109 1014 nt
130 996 164 1015 tri·

1 1022 48 1041 ulae
79 1021 105 1041 fa«.
113 1023 163 1042 ura·

0 1054 25 1068 ee.

180 248 253 281 tatis
279 247 500 280 testimonium
539 246 789 290 perhibendum,
819 247 913 279 etiam

180 311 215 334 ex
242 299 358 339 officio,
384 301 432 332 vel
459 300 548 339 alias,
590 305 685 342 prout
725 299 784 331 sibi
811 300 912 331 visum

178 353 271 390 soret,
311 362 369 394 per
407 351 529 385 similes
555 363 709 385 censuras
736 358 766 385 et
792 363 914 395 poenas

178 404 314 447 cogendi
333 409 364 437 et
381 405 616 448 compellendi;
636 415 766 447 eosque,
786 416 912 438 necnon
934 418 935 424 ¹

178 457 432 491 contradictores
458 459 621 501 quoslibet
642 463 674 491 et
694 458 844 497 rebelles,
863 457 912 490 in¹

177 509 376 549 sententias,
413 521 565 543 censuras
602 516 632 543 et
668 521 790 554 poenas
817 511 912 543 etiam

178 562 366 604 privationis
392 563 580 596 huiusmodi
598 565 763 604 incidisse,
787 566 914 597 servata
933 577 934 580 ¹

177 615 278 647 forma
316 614 449 648 Concilii
487 616 675 655 Tridentini,
713 616 910 655 declarandi,
932 626 934 653 ς

176 666 395 710 auxiliumque
412 668 536 700 brachii
564 670 737 702 saecularis
762 670 913 702 invocan-
933 684 934 699 l

176 719 221 759 di;
240 729 369 752 necnon
388 731 484 753 unum
509 723 783 754 locuiutenentem
804 722 836 754 in
856 722 913 753 hu-
933 740 934 752 i

175 771 314 804 iusmodi
346 772 448 805 causis
474 784 546 806 eum
573 774 670 807 simili
697 775 746 807 vel
778 774 912 806 limitata

175 829 343 866 potestate,
378 826 506 869 quoties
537 827 638 859 visum
672 827 763 867 foret,
790 827 912 859 consti-

177 877 287 910 tuendi
313 883 344 910 et
369 878 556 921 deputandi,
583 890 721 923 cumque
740 880 911 913 revocandi
932 896 934 902 x

175 941 211 963 ac
234 930 331 963 alium
358 931 426 964 eius
451 933 523 965 loco
547 933 766 976 subrogandi3
808 960 815 965 .

218 983 275 1026 §5-
289 983 421 1017 Necnon
438 985 562 1017 litteras
581 985 648 1018 seu⁹
662 986 910 1019 constitutiones

176 1036 220 1068 Pii
238 1036 272 1068 IV
285 1042 317 1069 et
330 1036 376 1069 Pii
389 1037 409 1068 V
422 1038 707 1080 praedecessorum
725 1038 910 1071 huiusmodi

175 1100 274 1132 super
300 1089 391 1122 dietis
417 1091 623 1124 confidentiis
657 1092 779 1132 editas,
814 1103 850 1125 ae
879 1103 912 1125 0-

175 1152 264 1175 nmes
282 1148 313 1175 ct
330 1143 473 1185 singulas
486 1145 663 1177 sententias
681 1145 710 1177 in
730 1145 821 1177 dictis
841 1156 912 1177 cau·

756 198 952 222 BEt—{EnlcTL's
980 198 1033 222 XIII
1058 199 1106 222 1³1³.

932 700 935 717 l

1596 188 1657 201 v-rsr-

1599 196 1655 221 tol

958 252 1103 280 testatem
1129 252 1159 280 et
1185 246 1415 280 auctoritatem
1444 247 1582 279 baberet
1600 252 1629 279 et
1650 247 1699 279 lia-

957 299 1035 332 bere
1062 300 1211 340 deberet;

1002 353 1016 394 ξ
1041 351 1073 384 6.
1100 351 1255 395 Quodque
1283 352 1421 385 officium
1449 352 1627 385 notariatus
1646 363 1699 385 ea-

957 405 1102 436 rumdem
1128 415 1307 446 causarum,
1336 405 1374 437 de
1400 411 1507 438 cetero
1530 406 1697 448 perpetuis

958 456 1072 488 suturis
1089 457 1302 499 temporibus,
1317 458 1354 490 ad
1371 468 1492 490 meram
1508 463 1539 490 et
1561 458 1695 490 liberam

959 519 1017 551 pro
1034 514 1180 551 tempore
1193 509 1357 542 existentis
1370 510 1526 543 auditoris
1540 511 1696 553 praedicti

958 562 1205 605 dispositionem
1238 569 1402 605 spectaret
1437 569 1468 596 et.
1499 564 1695 605 pertineret.

957 614 1091 657 ipseque
1118 625 1175 657 pro
1209 620 1355 658 tempore
1392 617 1534 649 existens
1569 617 1698 649 auditor

957 666 1097 699 officium
1124 668 1302 700 notariatus
1325 669 1508 701 huiusmodi
1531 670 1696 712 quibusvis

957 721 1115 762 personis,
1131 721 1168 753 de
1186 721 1303 764 quibus
1320 722 1380 754 sibi
1397 722 1497 754 risum
1517 722 1617 761 soret,
1637 734 1696 766 per

956 783 1029 805 suas
1055 778 1203 816 patentes
1228 773 1361 814 litteram,
1387 774 1494 816 sigillo
1521 774 1619 807 officii
1647 776 1694 807 sui

957 825 1160 858 auditoratus
1183 827 1322 859 munitas
1337 853 1343 865 ,
1360 827 1459 868 gratis
1477 828 1524 860 vel
1545 839 1603 869 pro
1622 839 1694 871 pre-

957 877 999 910 tio
1025 878 1213 921 reperibili,
1237 880 1419 912 concedere
1446 886 1476 912 et
1502 880 1666 922 assignare
1686 908 1692 920 ,

956 941 991 963 ac
1017 931 1123 963 soluta
1147 931 1208 963 sibi
1232 931 1324 964 solita
1350 933 1589 975 compositione
1616 933 1695 966 resi-

955 982 1116 1024 gnationis
1138 983 1176 1016 de
1196 984 1282 1016 dicto
1301 983 1407 1017 osticio
1433 985 1609 1017 notariatus
1636 997 1694 1028 pro

957 1040 1102 1078 tempore
1129 1036 1316 1077 faciendae,
1342 1047 1469 1070 necnon
1497 1048 1692 1080 personam,

955 1088 1004 1120 cui
1031 1088 1171 1121 osticium
1198 1089 1302 1131 ipsum
1327 1091 1506 1123 notariatus
1533 1102 1592 1133 pro
1615 1098 1694 1124 tem-

932 1144 1032 1184 'pore
1065 1142 1281 1176 concessisset
1313 1149 1344 1175 et
1378 1143 1626 1186 assignavisset,
1654 1147 1693 1178 ad

175 1195 218 1228 sis
258 1195 544 1238 confidenti-arum,
584 1203 645 1230 tam
683 1204 817 1231 eatenus
853 1209 912 1241 per
932 1231 933 1242 χ

174 1259 283 1281 earum
297 1248 434 1289 iudices,
451 1250 505 1292 qui
525 1262 582 1294 pro
602 1257 747 1294 tempore
765 1252 911 1292 fuissent,
931 1293 933 1297 X

175 1301 262 1341 latas,
285 1312 381 1344 quam
405 1302 615 1345 imposterum
642 1314 700 1347 per
726 1310 801 1337 tuuc
827 1306 911 1336 t'utu-
931 1327 932 1332 ,

175 1365 244 1387 rum
268 1355 447 1388 auditorem
474 1356 653 1389 huiusmodi
680 1358 814 1400 eiusque
843 1368 910 1390 suc·

175 1417 322 1441 cessores
362 1418 398 1440 ac
437 1410 695 1443 locumteneutes
740 1411 909 1448 serendas,

174 1461 223 1493 via
247 1461 421 1500 executira,
447 1463 535 1495 nulla
562 1464 622 1495 tela
648 1463 817 1496 iudiciaria
845 1475 910 1496 ser-

174 1514 254 1553 vata,
269 1524 305 1546 ac
322 1524 526 1556 <timeumque
545 1516 763 1558 appellatione
779 1519 908 1555 remota,
930 1535 932 1543 ι

175 1576 210 1599 ac
234 1566 313 1599 alias
338 1566 423 1599 iuxta
450 1566 630 1600 litterarum
673 1579 728 1601 seu
755 1570 909 1602 eonstitu-

176 1616 297 1652 tionum
322 1617 562 1660 praedic-tatum
588 1629 624 1652 ac
657 1620 751 1652 etiam
783 1618 932 1664 lacuna-J

175 1675 242 1702 tum
268 1670 360 1702 dictis
387 1669 546 1703 iudicibus
571 1683 630 1714 per
655 1683 725 1705 eum
759 1679 788 1705 et
820 1684 931 1716 prac-¹

175 1722 361 1756 decessores
385 1733 457 1756 suos
476 1726 722 1766 quomodolibet
739 1737 909 1759 concessa-

176 1785 244 1808 rum
269 1776 412 1815 sormam,
433 1776 665 1811 continentiam
679 1778 688 1794 ³
705 1785 736 1811 et
755 1784 908 1821 tenorem,
930 1775 931 1802 l

174 1828 322 1871 plenarie
349 1834 380 1861 et
405 1829 548 1862 totaliter
574 1832 756 1874 exequendi
783 1837 815 1865 et
839 1837 931 1866 exe-l

176 1881 297 1913 cutioni
327 1881 564 1923 demandandi,
596 1885 811 1929 mandataque
837 1896 909 1920 exe-

177 1933 307 1975 quutiva
331 1934 441 1967 et'alia
460 1937 707 1978 quomodolibet
724 1940 908 1973 necessaria

178 1989 209 2017 et
233 1991 416 2028 opportuna
441 1987 639 2021 decernendi
666 1997 696 2023 et
721 1992 906 2033 relaxandi,

178 2043 209 2071 et
233 2038 429 2080 generaliter
462 2040 569 2072 omnia
600 2048 631 2074 et
664 2044 791 2085 singula
826 2045 905 2085 alia,

178 2102 260 2135 quae
285 2091 316 2123 in
341 2092 526 2134 praemissis
551 2095 700 2128 omnibus
726 2101 757 2129 et
774 2097 908 2139 singulis

177 2143 426 2187 quomodolibet
457 2146 640 2180 necessaria
671 2153 702 2180 et
725 2156 909 2192 opportuna

177 2197 320 2237 fuissent,
338 2196 487 2237 faciendi,
502 2197 642 2239 dicendi,
660 2202 807 2243 gerendi,
824 2213 910 2236 exer-

176 2250 282 2289 cendi,
306 2249 490 2290 mandandi,
512 2251 718 2293 decernendi,
738 2255 907 2296 statuendi,

176 2302 350 2336 ordinandi
375 2307 406 2336 et
430 2305 619 2345 exequendi,
647 2307 778 2348 plenam
816 2313 846 2340 et
870 2309 908 2341 li-

176 2358 289 2390 beram
313 2362 345 2390 et
369 2356 586 2390 omnimodam
612 2358 796 2393 facultatem
812 2387 819 2401 ,
851 2371 909 2404 po-

212 2449 222 2474 1
245 2446 311 2474 Male
332 2447 397 2473 edit.
415 2446 493 2474 Main.
515 2447 645 2482 Iegitper
660 2456 707 2483 pro
722 2449 754 2475 in
769 2451 807 2483 (R.
824 2449 872 2485 T.).

209 2492 226 2518 2
246 2490 378 2518 Particula
392 2499 441 2518 seu
456 2491 581 2518 addimus
596 2500 626 2519 ex
642 2493 693 2520 loc.
706 2493 800 2528 parall.
811 2496 848 2527 (R.
860 2496 907 2527 in).

209 2535 226 2563 3
246 2535 362 2562 Pessime
382 2534 446 2562 edit.
463 2534 542 2563 Maia.
560 2535 624 2570 legit
638 2537 847 2565 continentium
861 2546 908 2573 pro

173 2579 386 2608 continentiam
399 2580 438 2614 (a.
455 2580 504 2613 τ.).

275 2634 357 2664 Buta.
373 2634 456 2666 Rom.
475 2650 510 2656 —
531 2636 591 2665 Vol.
611 2635 704 2664 XXII.
849 2637 889 2682 93]

955 1194 1033 1227 illud
1060 1195 1211 1238 illiusque
1246 1196 1385 1228 liberum
1415 1196 1601 1229 exercitium
1627 1198 1694 1230 abs-

955 1257 1015 1289 que
1049 1247 1111 1279 alia
1143 1247 1219 1280 dieti
1256 1247 1333 1280 sixti
1367 1249 1628 1291 praedecessoris
1662 1255 1694 1282 et

954 1310 1012 1342 pro
1039 1305 1184 1344 tempore
1211 1301 1378 1334 existentis
1406 1301 1538 1335 Romani
1564 1303 1693 1336 Pontifi-

954 1353 998 1384 cis
1016 1353 1225 1386 concessione
1245 1359 1276 1386 et
1295 1355 1525 1396 assignatione,
1544 1356 1692 1398 recipere

955 1410 985 1437 et
1010 1406 1191 1443 admittere,
1219 1417 1254 1438 ac
1280 1417 1339 1449 per
1363 1417 1430 1446 eos„
1456 1408 1494 1440 ad
1521 1419 1602 1451 quos
1623 1419 1693 1451 spe-

954 1459 1060 1490 ctabat
1085 1464 1115 1491 ct
1134 1470 1192 1502 pro
1212 1464 1358 1502 tempore
1381 1465 1572 1502 spectasset,
1590 1462 1691 1504 recipi

955 1516 986 1543 et
1010 1512 1151 1551 admitti,
1180 1523 1214 1545 ac
1241 1512 1304 1545 illis
1338 1513 1376 1545 de
1410 1513 1511 1545 solitis
1549 1520 1581 1546 et
1616 1525 1693 1547 con-

954 1565 1053 1597 suetis
1067 1566 1190 1598 iuribus
1204 1571 1234 1598 et
1252 1567 1481 1599 emolumentis
1501 1569 1691 1611 responderi

954 1620 1058 1651 tacere
1086 1619 1188 1651 libore
1223 1624 1252 1651 et
1278 1619 1364 1652 licite
1396 1621 1532 1660 valeret,
1570 1621 1692 1654 eisdem

954 1671 1144 1704 auctoritate
1173 1678 1203 1704 et
1227 1677 1340 1704 tenore
1363 1672 1515 1705 similiter
1534 1680 1690 1716 perpetuo

953 1725 1064 1757 statuit
1089 1731 1120 1757 et
1145 1725 1324 1758 ordinavit:
1353 1736 1387 1758 ac
1413 1726 1503 1765 alias,
1530 1732 1624 1769 prout
1659 1727 1691 1759 in

952 1778 1069 1811 litteris
1095 1778 1281 1821 apostolicis
1307 1779 1454 1812 eiusdem
1487 1778 1564 1812 Sixti
1599 1790 1692 1822 prae-

953 1832 1133 1866 decessoris
1161 1832 1302 1876 desuper
1322 1833 1380 1866 sub
1399 1833 1509 1866 datum
1528 1843 1564 1867 111
1582 1832 1692 1866 kalen-

952 1886 1006 1918 das
1033 1886 1225 1925 novembris,
1252 1886 1456 1929 pontificatus
1482 1886 1531 1920 sui
1557 1896 1641 1920 anno
1657 1897 1691 1928 11,

952 1939 1078 1981 plenius
1103 1939 1300 1972 continetur.

995 1993 1008 2035 g*
1035 1992 1064 2024 7.
1093 1992 1168 2025 Cum
1195 1991 1303 2036 itaque
1322 1993 1530 2036 postmodum
1553 1993 1692 2027 officium

951 2045 1152 2079 auditoratus
1185 2047 1346 2089 generalis
1385 2057 1554 2081 causarum
1593 2048 1693 2081 confl-

952 2098 1150 2138 dentialium,
1177 2100 1226 2132 vel
1253 2100 1331 2133 alias
1356 2105 1390 2132 ut
1415 2101 1598 2143 praefertur
1616 2102 1693 2134 mix-

953 2156 1055 2184 tarum
1074 2152 1275 2192 huiusmodi,
1294 2163 1353 2196 per
1375 2153 1510 2186 liberam
1529 2154 1691 2187 dimissio·

953 2214 1024 2236 nem
1051 2204 1245 2238 venerabilis
1271 2205 1377 2238 fratris
1402 2206 1501 2239 nostri
1530 2206 1691 2239 Francisci

951 2256 1105 2289 Friderici
1136 2258 1174 2290 de
1206 2258 1362 2299 Iordanis,
1387 2259 1536 2292 moderni
1563 2259 1692 2293 archie-

951 2310 1075 2353 piscopi
1101 2310 1291 2351 Melitensis,
1318 2323 1422 2357 nuper
1440 2313 1598 2347 dictarum
1620 2323 1692 2346 cau-

951 2372 1058 2395 sarum
1083 2362 1364 2398 conlidentialium
1389 2366 1555 2405 auditoris,
1584 2366 1623 2399 de
1646 2367 1692 2399 di-

951 2420 1001 2448 cto
1027 2415 1223 2456 auditoratu,
1259 2428 1355 2460 quem
1394 2424 1469 2452 tunc
1506 2418 1688 2458 obtinebat,

950 2468 1080 2511 praevia
1103 2473 1211 2502 tamen
1237 2470 1441 2505 restitutione
1476 2471 1571 2515 pretii
1606 2472 1690 2505 eius-

950 2520 1022 2553 dem
1047 2519 1146 2554 osficii
1171 2532 1244 2555 cum
1268 2523 1394 2558 Dataria
1419 2528 1529 2558 nostra
1559 2535 1690 2558 concor-

951 2573 1035 2615 dati,
1062 2573 1096 2606 in
1121 2574 1268 2609 manibus
1292 2577 1410 2612 nostris
1434 2578 1550 2612 saetam
1575 2583 1606 2612 et
1631 2587 1690 2621 per

1709 198 1758 224 ΛΠ.
1777 198 1804 224 C.
1830 197 1901 232 ΗΕΒ,

1744 364 1828 385 Necnon
1845 372 1895 386 ron·

1710 394 1772 409 rasr-it
1787 408 1790 413 .
1807 394 1828 411 ut
1851 392 1894 411 ossi·

1711 423 1763 436 etum
1776 421 1894 438 centenimus

1711 445 1832 463 carminib-iu
1846 451 1894 464 rau-

1710 476 1781 489 sarum
1798 470 1826 490 ab
1843 471 1895 490 liti-s-

1710 502 1753 516 ram
1765 503 1802 521 pro
1814 501 1894 521 tempo-

1710 529 1730 542 re
1740 525 1846 543 vxi-:tontis
1856 530 1895 543 au-

1709 549 1783 569 ditori„
1809 549 1894 573 prandi-

1709 576 1736 594 cii
1770 576 1894 600 dispositi-i·

1710 608 1755 621 num
1771 604 1884 627 spectaret.

1730 1999 1812 2021 caum
1827 2004 1887 2025 prae·

1702 2032 1767 2048 sentis
1786 2029 1886 2047 eonstitu-

1703 2057 1774 2075 tionis.
