2170 3147
23 209 72 237 An.
93 207 124 235 G.
144 206 208 234 1727

799 202 993 226 BENEDICTUS

217 264 293 287 nem
308 258 340 286 et
353 252 586 286 relaxationem
602 251 807 284 obtinuisset:
821 251 959 293 licetque

218 306 356 339 subinde
381 305 455 348 piae
479 304 656 337 memoriae
681 303 830 336 Clemens
854 303 914 335 PP.
934 303 959 335 X

216 359 453 402 praedecessor
477 358 572 390 etiam
592 362 717 397 noster,
735 367 795 400 per
815 368 890 389 suas
908 357 959 389 lit-

217 417 302 445 teras
327 411 439 444 itidem
465 411 497 443 in
524 410 625 443 forma
651 410 759 442 Brevis
784 410 836 442 die
861 420 888 442 νι
915 409 958 441 iu-

215 466 261 498 nii
286 474 447 499 unetxxvr
471 469 658 501 emanatas,
684 463 756 495 illas
782 463 956 495 Alexandri

215 517 481 562 praedecessoris
507 515 753 558 interpretando
772 515 957 548 declarave-

216 571 269 610 rit,
286 571 465 613 capitulum
488 570 641 611 generale
660 579 716 600 scu
735 567 955 600 definitorium

216 624 319 656 dictae
336 621 604 664 Congregationis
620 630 716 663 posse
732 620 954 662 dispensando

216 676 381 710 dimittere
419 676 458 707 ab
490 675 560 718 ipsa
585 673 845 715 Congregatione
882 683 953 711 eos,

214 729 269 772 qui
296 728 338 761 ob
363 738 419 760 sua
443 727 601 760 demerita
619 726 789 765 notabilia,
808 736 866 758 seu
883 735 955 768 pro-

213 787 286 824 pter
310 780 622 822 incorrigibilitatem
637 805 645 818 ‚
674 779 793 811 iudicio
808 779 954 810 eiusdem

214 834 346 878 capituli
373 833 537 876 generalis
562 843 618 865 seu
638 831 815 864 definitorii
830 832 860 863 id
881 842 954 873 pro-

213 887 402 925 meruerint,
422 886 547 919 etiamsi
566 885 681 917 dimitti
702 895 766 917 non
786 886 954 927 postulent

214 951 269 973 seu
295 940 409 981 nolint,
428 940 514 972 unde
540 939 614 971 satis
640 944 778 981 apparet
803 937 953 970 eumdem

213 993 410 1026 Clementem
436 991 726 1035 praedecessorem
748 991 851 1023 dictae
870 989 953 1023 Con-

212 1045 393 1087 gregationi
418 1045 548 1076 modum
586 1050 617 1076 et
651 1044 735 1076 viam
771 1044 952 1086 patefacere

212 1099 375 1137 voluisse,
403 1098 537 1140 quibus,
564 1097 634 1129 sine
667 1098 735 1130 ullo
768 1098 837 1130 eius
863 1098 952 1130 inco-

211 1153 327 1189 modo,
353 1152 490 1194 dyscolis
515 1157 548 1183 et.
572 1151 852 1193 incorrigibilibus
879 1162 952 1184 exo-

211 1206 318 1238 nerari
345 1216 380 1238 ac
401 1204 568 1247 repurgari
588 1209 717 1247 possets,
738 1205 950 1237 nibilominus

211 1258 374 1300 aliquibus
400 1268 464 1289 uon
491 1257 569 1289 satis
596 1257 671 1289 inde
696 1262 821 1289 certum
841 1259 950 1299 explo-
971 1285 973 1293 ,

211 1317 380 1353 ratumque
414 1311 586 1349 videatur,
623 1310 766 1352 capitulo
805 1312 973 1352 genet-ali:

211 1374 265 1395 seu
292 1363 477 1396 delinitor-io
505 1363 691 1395 huiusmodi
719 1364 831 1395 saetam
851 1364 949 1396 fuisse

210 1421 405 1458 potestatem
432 1426 488 1448 eos
513 1416 741 1458 delinquentes
760 1416 791 1447 in
810 1427 948 1458 poenam

210 1479 341 1501 suornm
383 1469 578 1501 notabilium
620 1469 853 1501 demeritortun
891 1480 946 1501 seu

208 1522 504 1563 incorrigibilitatis
529 1532 564 1553 ex
592 1522 662 1564 ipsa
689 1521 948 1565 Congregatione

210 1575 401 1613 dimittendi,
421 1575 474 1617 qui
501 1576 538 1607 ad
565 1586 671 1607 sacros
696 1575 793 1607 etiam
819 1577 948 1619 presby-

208 1634 328 1660 teratus
355 1628 488 1660 ordines
514 1629 553 1661 ad
580 1629 706 1661 titulum
728 1629 947 1671 praescriptae
969 1652 970 1657 ,

209 1682 481 1725 Congregationis
502 1683 641 1725 promoti
662 1682 830 1719 suerint‚si
850 1682 947 1714 aliun-

210 1736 248 1768 de
275 1746 339 1769 non
368 1737 509 1768 babeant
535 1736 621 1767 unde
647 1736 815 1768 commode
840 1736 947 1768 vivere
969 1750 971 1768 z

208 1789 353 1830 possint:
374 1800 444 1828 nos,
464 1799 591 1821 omnem
618 1789 648 1821 in
676 1789 863 1831 praemissis
890 1790 948 1821 du·
969 1793 971 1809 ³

208 1842 333 1875 bitandi
358 1842 561 1875 occasionem
588 1843 712 1880 tollere,
739 1853 774 1874 ac
793 1842 947 1875 scaudala

210 1906 228 1928 a
251 1895 336 1928 dicta
372 1895 654 1938 Congu-egatione,
680 1901 836 1937 quantum
874 1906 946 1927 cum

209 1947 347 1980 Domino
372 1958 565 1990 possumus,
591 1953 737 1980 avertere
763 1954 793 1979 et
819 1949 947 1980 submo-

210 2009 285 2031 vere
309 1999 495 2042 cupientes,
521 2000 697 2041 capitulum
717 2001 871 2041 generale
889 2011 945 2032 seu

212 2050 430 2083 definitorinm
457 2051 658 2093 praedictum
685 2063 748 2083 nou
766 2063 863 2095 posse
881 2053 947 2094 qui-

213 2103 284 2136 dem
310 2103 473 2136 dimittere
498 2104 641 2136 eiusdem
677 2105 945 2147 Congregationis

212 2156 347 2189 clericos
365 2158 403 2189 ad
422 2157 554 2189 ordines
568 2157 749 2199 praedictos
763 2158 801 2189 ad
819 2158 945 2191 titulum

211 2210 313 2253 ipsius
353 2209 623 2251 Congregationis
663 2216 828 2252 promotos
846 2237 853 2250 ,
892 2212 945 2254 qui

211 2263 252 2295 ob
270 2263 469 2295 incurabiles
486 2263 617 2295 morbos
643 2263 760 2295 aliasve
782 2263 877 2295 etiam
902 2274 946 2295 ra<

210 2315 383 2348 tionabiles
409 2325 518 2347 causas
543 2315 659 2347 dimitti
686 2317 862 2357 postulant,
883 2316 944 2348 nisi

210 2368 270 2401 sibi
296 2369 384 2411 prius
408 2368 643 2401 constiteritex
664 2369 781 2401 litteris
806 2369 946 2401 testimo-

210 2421 348 2454 nialibus
373 2421 533 2454 Ordinarii
560 2421 645 2459 loci,
670 2421 703 2453 in
735 2422 824 2454 cuius
857 2422 946 2455 dioe-

210 2474 273 2507 cesi
300 2474 438 2516 degunt,
463 2473 566 2517 ipsis¹
591 2474 723 2507 aliunde
750 2479 944 2516 suppetere,

209 2528 295 2560 unde
315 2527 487 2560 commode
503 2527 677 2559 sustentari
696 2528 836 2566 valeaut3
852 2538 946 2570 posse

244 2591 255 2614 1
278 2587 349 2614 Edit.
366 2588 447 2614 Main.
463 2587 530 2622 legit
548 2588 606 2622 ipsi
624 2590 663 2619 (n.
684 2588 735 2619 τ.).

315 2640 394 2666 Bull.
417 2641 500 2667 Rom.
524 2655 556 2659 -
580 2641 639 2666 Vol.
661 2640 751 2666 XXII.

899 2641 930 2659 ’ἦ

902 2656 930 2667 A-

1018 202 1075 225 x111
1098 202 1149 225 PP.
1642 192 1706 226 569

1003 261 1079 283 vero
1105 250 1326 293 dispensando
1352 249 1515 283 dimittere
1534 260 1588 283 eos
1605 250 1652 283 sic
1671 260 1745 292 pro-

1001 310 1128 344 motos,
1154 305 1207 348 qui
1234 305 1276 337 ob
1302 314 1358 337 sua
1395 304 1553 337 demerita
1588 304 1745 337 notabilia

1001 368 1058 390 sen
1099 364 1233 401 propter
1273 358 1589 400 incorrigibilitatem
1622 358 1743 390 iudicio

1002 411 1147 443 eiusdem
1174 411 1306 454 capituli
1333 422 1388 444 seu
1416 411 1593 443 delinitorii
1619 410 1650 443 id
1669 421 1744 453 pro-

1001 463 1202 503 meruerint,
1230 464 1356 496 etiamsi
1384 464 1500 497 dimitti
1533 474 1597 496 non
1630 468 1744 507 petant

1000 516 1067 548 sive
1094 516 1222 557 nolint,
1249 517 1393 559 quamvis
1418 527 1483 548 non
1520 521 1650 549 constet
1686 526 1741 549 eos

999 568 1131 601 aliunde
1158 568 1279 601 habere
1305 570 1391 601 unde
1418 570 1587 602 commode
1615 574 1743 601 susten-

1000 626 1123 659 tentur,
1151 632 1222 653 cum
1260 622 1323 654 hoc
1349 628 1457 654 tamen
1484 628 1518 654 ut
1543 622 1586 654 ita
1618 622 1741 654 dimissi

999 675 1038 706 ab
1066 675 1256 707 eorumdem
1279 675 1429 707 ordinum
1448 676 1601 708 exercitio
1619 675 1740 707 tamdiu

998 727 1149 770 suspensi
1175 735 1367 760 remaneant
1391 729 1495 761 donec
1520 728 1650 761 illorum
1683 728 1741 760 Or-

999 780 1125 812 dinario
1150 780 1336 813 constiterit
1360 781 1407 813 eis
1433 782 1471 814 de
1498 781 1678 814 redditibus
1700 781 1740 813 ad

998 843 1171 874 congruam
1196 833 1342 876 ipsorum
1365 834 1633 866 sustentationem
1654 833 1741 865 sussi-

998 886 1159 918 cientibus
1178 886 1342 928 prorisum
1362 887 1471 925 fuisse,
1489 892 1589 924 motu,
1604 886 1740 918 scientia

998 945 1029 971 et
1047 939 1215 981 potestatis
1235 940 1438 982 plenitudine
1464 939 1608 981 paribus,
1629 945 1740 971 tenore

998 993 1228 1036 praesentium,
1255 992 1482 1024 statuimus‘et
1499 992 1713 1024 declaramus.

1041 1047 1055 1089 ἓ
1079 1047 1111 1079 4.
1141 1047 1295 1088 Insuper,
1322 1046 1360 1078 ad
1386 1046 1565 1087 augendam
1593 1044 1738 1077 fidelium

997 1100 1188 1142 religionem
1215 1105 1247 1132 et
1271 1099 1450 1131 animarum
1476 1101 1616 1132 salutem
1634 1100 1738 1131 caele-

996 1155 1098 1186 stibus
1123 1153 1287 1186 Ecclesiae
1315 1152 1478 1184 thesauris
1505 1152 1557 1194 pia
1576 1153 1736 1185 charitate

972 1223 973 1230 κ
995 1207 1121 1245 intenti,
1148 1212 1277 1248 praeter
1302 1210 1334 1237 et
1355 1206 1438 1237 ultra
1460 1205 1680 1246 indulgentias
1706 1210 1738 1237 et

996 1266 1201 1302 peccatorum
1229 1258 1439 1291 remissiones
1457 1284 1464 1295 ,
1491 1268 1573 1300 quae
1596 1259 1737 1300 aliquam

995 1324 1031 1345 ex
1048 1312 1193 1345 ecclesiis
1212 1312 1315 1343 dictae
1330 1311 1602 1352 congregationis
1617 1311 1734 1343 erectis

994 1372 1025 1398 et
1050 1366 1081 1397 in
1107 1370 1274 1408 posterum
1300 1364 1466 1406 erigendis
1500 1364 1615 1396 diebus
1648 1364 1736 1396 sestis

995 1417 1265 1450 Annunciationis
1292 1417 1326 1449 Β.
1354 1417 1392 1448 Μ.
1420 1416 1560 1458 Virginis
1587 1427 1623 1448 ac
1653 1417 1737 1449 eius-

995 1472 1067 1503 dem
1092 1470 1246 1503 ccclesiae
1272 1470 1374 1502 sancti
1402 1469 1540 1502 titularis
1570 1470 1635 1501 sive
1672 1480 1732 1512 pa-

995 1524 1077 1555 troni
1104 1523 1309 1555 visitantibus
1335 1523 1526 1554 auctoritate
1553 1522 1735 1565 apostolica

993 1586 1166 1609 concessae
1194 1575 1414 1618 reperiuntur,
1443 1575 1593 1607 omnibus
1620 1576 1734 1607 utrius-

993 1641 1055 1673 que
1081 1640 1174 1661 sexus
1207 1628 1479 1660 christifidelibus
1512 1639 1585 1661 vere
1621 1629 1735 1671 poeni-

994 1683 1135 1715 tentibus
1162 1687 1194 1714 et
1217 1681 1396 1721 confessis,
1422 1691 1457 1713 ac
1481 1684 1570 1713 sacra
1596 1692 1734 1714 commu-

993 1737 1090 1768 nione
1130 1735 1287 1773 resectis,
1325 1735 1379 1777 qui
1417 1737 1531 1777 quarta
1571 1735 1733 1767 dominica

992 1789 1166 1821 cuiuslibet
1191 1789 1310 1821 mensis
1335 1789 1476 1830 aliquam
1513 1799 1549 1819 ex
1584 1788 1734 1820 ecclesiis

993 1842 1179 1874 huiusmodi
1201 1842 1315 1873 devote
1333 1841 1544 1878 visitaverint,
1561 1845 1592 1872 et.
1611 1841 1654 1872 ibi
1674 1852 1733 1883 pro

992 1895 1240 1926 clu-istumoruiu
1256 1893 1440 1935 principum
1457 1894 1640 1931 concordia,
1661 1894 1735 1926 liae-

992 1958 1100 1979 restun
1127 1947 1362 1989 extirpatione,
1388 1957 1425 1978 ac
1457 1952 1586 1979 sanctae
1620 1947 1732 1979 matris

992 2000 1155 2032 Ecclesiae
1180 2000 1378 2036 exaltatione
1404 1999 1473 2040 pias
1488 2000 1526 2031 ad
1547 1999 1644 2031 Deum
1663 2010 1733 2042 pre-

991 2065 1043 2085 ces
1068 2053 1265 2091 ell'uderiut,
1292 2052 1471 2094 plenariam
1498 2052 1547 2083 bis
1581 2052 1612 2084 in
1646 2063 1731 2085 anno

991 2106 1135 2139 omnium
1161 2110 1369 2148 peccatorum
1397 2115 1531 2137 suorum
1557 2105 1731 2145 indulgen-

992 2159 1065 2190 tiam
1092 2164 1123 2190 et
1148 2157 1372 2189 remissionem
1406 2168 1464 2199 per
1493 2168 1730 2201 quemcumque

991 2209 1253 2242 christifidelium
1269 2210 1535 2242 lucrifaciendam
1554 2211 1731 2243 misericor·

991 2264 1074 2295 diter
1099 2263 1130 2294 in
1157 2263 1292 2295 Domino
1313 2263 1544 2303 concedimus5
1565 2263 1596 2295 in
1615 2264 1731 2297 ceteris

990 2325 1065 2347 vero
1090 2315 1165 2347 anni
1190 2314 1366 2354 mensibus,
1391 2324 1519 2347 necnon
1544 2315 1732 2359 Conceptio-

991 2368 1040 2400 nis
1057 2396 1064 2408 ,
1090 2367 1292 2407 Nativitatis,
1320 2367 1579 2407 Purificationis,
1605 2375 1637 2402 et
1673 2371 1729 2403 As-

991 2420 1185 2463 sumptionis
1209 2420 1355 2453 eiusdem
1383 2421 1418 2453 B.
1446 2421 1564 2454 Mariae
1589 2422 1728 2465 Virginis

992 2473 1079 2507 festis
1117 2473 1230 2505 diebus
1266 2473 1444 2516 praemissa
1480 2475 1728 2517 peragentibus,

989 2532 1115 2570 septem
1134 2536 1236 2559 annos
1255 2531 1286 2558 et
1304 2527 1437 2560 totidem
1451 2528 1674 2570 quadragenas
1689 2529 1728 2561 de

992 2579 1143 2613 iniunctis
1167 2579 1214 2612 eis
1232 2589 1289 2612 seu
1311 2579 1388 2612 alias
1410 2581 1657 2623 quomodolibet
1674 2581 1728 2614 de-

1753 201 1802 228 An.
1824 201 1852 229 C.
1871 202 1938 229 1727

1776 1057 1889 1077 (lons-ossio
1904 1059 1932 1078 it>-

1749 1083 1911 1108 dulgentiarum.
