2170 3147
207 166 243 191 Au
274 166 302 190 (ἶ.
329 165 393 190 Πέἷ
442 155 482 187 '⁹23

401 223 572 246 successor
596 213 665 246 eius
682 213 798 246 similis
815 212 989 246 memoriae
1008 212 1142 245 Hadria-

400 277 461 299 nus
487 267 570 310 Papa
596 267 643 298 Vt.
672 266 737 304 Quo
765 266 884 299 deinde
910 266 1051 305 sublato,
1072 265 1141 298 Cte-

400 330 491 352 mens
525 319 610 361 Papa
644 319 690 351 vlt
728 319 845 352 litteris
882 319 1072 362 apostolicis
1109 319 1140 350 in

400 372 501 404 forma
529 372 636 403 [trevis
663 373 700 404 ad
725 372 900 404 Antonium
920 372 1139 404 Contarenum

400 425 537 456 civitatis
563 425 771 457 Venetiarum
799 425 1030 468 patriarcham,
1057 425 1139 457 duce

400 483 432 509 et
457 477 601 510 dominio
627 478 824 510 Venetorum
850 478 901 521 pie
934 478 1140 520 deposcenti-

399 530 471 568 bus,
483 531 657 568 concessit,
670 536 711 568 ut,
724 541 783 573 pro
798 531 921 563 aeterni
936 530 1031 572 Regis
1045 530 1139 562 laude

401 588 431 614 ct
457 583 572 624 gloria,
595 593 630 615 ac
650 583 751 626 ipsius
770 584 855 615 beati
876 583 1041 615 Laurentii
1061 594 1140 626 pon-

400 635 495 668 tilicis
520 640 553 667 et
578 636 775 668 confessoris
796 636 984 673 reverentia,
1008 641 1139 668 sanctae

400 687 563 720 Ecclesiae
579 688 697 721 decore
711 694 741 721 et
753 689 934 721 catholicae
946 688 1018 721 (idei
1031 689 1140 731 splen-

400 741 490 781 dore,
504 742 767 784 populorumque
793 741 869 774 dicti
890 741 1024 774 dominii
1044 742 1140 774 devo-

400 794 511 835 tione,
537 794 677 836 singulis
704 794 816 833 annis,
844 795 875 826 in
903 794 953 827 die
979 805 1040 837 qua
1065 795 1140 827 bea-

401 852 451 879 tus
477 847 667 880 Laurentius
695 848 844 891 migravit
868 848 905 880 ad
939 848 1110 880 Dominum
1130 874 1137 887 ‚

400 900 517 932 festum
544 905 576 932 et
600 901 740 933 osticium
767 902 807 934 de
832 901 948 934 eodem
975 911 1048 934 cum
1067 911 1139 933 ora-

400 952 490 986 tione
516 953 610 986 unius
637 953 801 996 pontificis
818 960 849 987 et
866 954 1062 988 confessoris
1080 954 1139 986 sub

399 1006 530 1038 nomine
557 1006 642 1038 beati
669 1007 831 1040 Laurentii
867 1007 1070 1050 patriarchae
1108 1007 1139 1039 in

399 1058 471 1091 cius
498 1065 528 1091 et
554 1059 626 1092 aliis
653 1059 790 1091 aedibus
815 1060 878 1092 Deo
905 1060 1004 1091 sacris
1030 1059 1137 1092 domi-

398 1112 442 1144 nii
472 1112 668 1144 Venetorum
702 1113 741 1144 ab
772 1112 923 1145 omnibus
957 1113 1141 1145 celebrare-

398 1171 460 1197 tur.
501 1166 567 1198 }Ioc
611 1170 705 1207 pacto
745 1165 892 1198 Clemens
933 1166 1139 1198 Laurentium

397 1218 568 1251 beatorum
595 1220 744 1260 catalogo
771 1218 960 1261 adscripsit..

202 1282 387 1314 ,tswumaran-
443 1272 457 1314 g
475 1271 506 1304 9.
525 1271 734 1304 Postmodum
754 1272 948 1304 recolendae
962 1271 1139 1305 memoriae

202 1309 388 1360 ss',¹.'[.⁴1'ii“eb1ii'‹2¹:1¹ss
400 1325 514 1368 Xystus
542 1325 627 1366 Papa
644 1324 666 1355 V
692 1324 873 1368 plenariam
900 1324 1138 1367 indulgentiam

202 1366 291 1410 {Lilltssss'n
306 1362 449 1410 “⁴¹0²2iis'die
477 1377 558 1410 festo
585 1377 670 1409 beati
686 1377 849 1410 Laurentii
871 1377 986 1410 aedem
1005 1388 1138 1416 sacram,

201 1417 280 1434 cattum
312 1421 350 1434 rou

201 1442 285 1461 dautur.

353 1421 387 1434 (ε’
400 1431 452 1463 ubi
480 1431 547 1463 eius
574 1441 694 1473 corpus
730 1431 988 1467 adservabatur.
1026 1431 1140 1464 devote

398 1483 610 1516 invisentibus
637 1484 771 1526 largitus
803 1489 872 1517 est:
904 1485 988 1528 quod
1026 1485 1139 1517 similis

397 1537 635 1570 recordationis
661 1537 813 1571 Clemens
840 1538 926 1580 Papa
951 1537 1012 1570 Vlll
1038 1539 1139 1571 semel

397 1596 493 1634 atque
526 1590 642 1624 iterum
677 1590 831 1628 indulsit,
867 1590 1058 1634 adprobatis
1096 1592 1139 1624 lc-

396 1643 560 1676 ctionibus
589 1643 733 1687 propriis
766 1643 797 1675 in
824 1643 970 1676 eiusdem
998 1643 1138 1676 instituti

396 1696 710 1739 congregationibus
744 1697 915 1729 beatorum
947 1696 1078 1739 Georgii
1108 1698 1138 1729 in

396 1751 476 1793 Αἲξ-εὶ
502 1755 535 1783 et
558 1749 687 1784 loannis
714 1750 935 1792 evangelistae
962 1750 992 1782 in
1019 1750 1138 1783 Lusita-

395 1804 449 1836 nia
485 1814 557 1836 cum
593 1804 661 1836 eius
698 1803 805 1836 officio
843 1803 1029 1836 recitandis.
1069 1803 1137 1837 Mox

395 1858 468 1898 piac
487 1856 723 1889 recordationis
741 1856 858 1889 Paulus
875 1856 959 1899 Papa
977 1856 997 1887 V
1022 1855 1137 1889 iisdem

395 1909 562 1941 canonicis
580 1909 664 1942 beati
685 1908 815 1951 Georgii
835 1909 867 1942 in
886 1910 965 1953 Alga
984 1909 1136 1949 indulsit,

394 1967 452 2001 ut,
479 1962 603 2008 quintis
639 1963 871 2005 cuiuscumque
909 1962 1136 1996 hebdomadae

395 2016 484 2049 feriis
509 2026 573 2049 non
600 2015 772 2059 impeditis,
793 2016 872 2048 illud
892 2016 978 2049 idem
996 2015 1136 2049 officinm

393 2068 582 2102 recitarent.
610 2068 698 2102 ldem
730 2074 846 2112 postea
883 2069 999 2102 Paulus
1034 2080 1136 2112 aeque

394 2132 430 2154 ac
454 2122 522 2154 eius
547 2132 718 2155 successor
746 2122 925 2165 Gregorius
956 2122 1042 2165 Papa
1069 2123 1136 2161 XV,

394 2185 429 2207 ac
447 2174 585 2208 subinde
604 2174 753 2207 Urbanus
771 2175 857 2218 Papa
875 2174 950 2214 vlit,
967 2175 1039 2218 piae
1058 2185 1136 2218 quo-

393 2238 456 2271 quc
482 2229 661 2262 memoriae
687 2234 915 2262 antecessores
940 2229 1070 2267 nostri,
1096 2230 1135 2262 de

392 2282 518 2324 magnis
545 2282 718 2315 virtutibus
746 2288 778 2315 et
808 2282 972 2315 miraculis
1003 2293 1063 2325 per
1089 2282 1136 2314 in-

394 2335 632 2367 tercessionem
668 2335 754 2369 beati
787 2335 951 2368 Laurentii
983 2335 1134 2378 patratis,

394 2392 465 2419 acta
486 2392 518 2419 et
536 2388 801 2429 commentarios
820 2399 880 2431 pro
900 2399 938 2421 eo
959 2388 991 2420 in
1009 2393 1137 2420 sancto-

393 2452 466 2474 rum
482 2451 641 2475 canonem
658 2442 798 2475 solemni
814 2445 931 2486 pompa
946 2442 1134 2481 referendo,

986 164 1165 187 n1‘1„1..tntt'3t
1194 163 1345 186 {immacu

1939 162 1987 189 An.
2004 161 2032 189 C.
2055 163 2122 191 1724

1186 211 1329 244 eiusdem
1357 211 1514 244 honorem
1540 212 1733 245 auctoritate
1752 211 1928 254 apostola-a

1186 264 1300 296 erectis
1330 265 1530 297 mentionem
1558 264 1733 298 facientes:
1762 275 1825 308 quo
1851 269 1928 298 tcm-

1187 327 1264 358 pore
1298 317 1394 350 huius
1426 318 1510 350 beati
1549 317 1742 351 confessoris
1772 323 1804 350 et
1839 328 1924 360 pon-

1186 369 1278 402 tificis
1304 380 1449 403 summac
1473 370 1653 403 sanctitatis
1679 371 1761 402 fama
1779 370 1875 403 etiam
1893 370 1927 402 in

1185 433 1284 464 regno
1310 423 1439 456 Siciliae
1459 424 1502 456 ita
1521 424 1721 466 percrebuit,
1743 429 1778 456 ut
1797 429 1927 457 senatus

1185 475 1442 515 panormitanus,
1458 477 1500 509 ol>
1515 476 1675 509 civitatem
1690 488 1707 509 a
1721 476 1927 519 contagionis

1184 530 1297 561 morbo
1323 529 1484 562 Laurentii
1511 529 1694 572 patrocinio
1721 529 1877 562 divinitus
1891 529 1928 562 li-

1185 582 1340 621 beratam,
1354 592 1427 614 eum
1444 582 1505 614 sibi
1522 583 1736 625 praecipuum
1753 587 1926 625 patronum

1184 635 1337 676 elegerit,
1369 634 1542 678 impetrata
1579 636 1675 668 etiam
1700 646 1718 668 a
1751 636 1815 668 iam
1841 635 1927 668 dicto

1185 687 1314 720 Urbano
1346 688 1429 730 Papa
1462 688 1525 720 Vlll
1559 689 1742 731 apostolica
1776 689 1926 722 facultate

1185 747 1218 774 ut
1242 743 1272 774 in
1301 743 1449 775 ecclesiis
1477 743 1714 775 panormitanis
1736 742 1878 775 officium
1896 748 1929 775 et

1186 794 1283 827 missa
1309 795 1346 827 dn,
1372 796 1486 828 eodem
1514 796 1608 828 heato
1635 795 1702 828 viro
1723 822 1730 833 ‚
1761 801 1926 840 tamquam

1185 848 1223 880 de
1251 853 1388 890 patrono
1409 875 1416 887 ,
1442 849 1701 881 celebrarentur.

1228 902 1242 944 ξ
1268 901 1321 934 w.
1339 901 1395 934 Tot
1416 902 1576 945 tantisque
1595 902 1816 936 monumentis
1842 903 1925 946 apud
1967 907 2121 930 *lustu—indm

1939 934 1984 955 vm
1997 935 2122 957 Sanctorum

1185 954 1404 996 Apostolicam
1430 955 1547 987 Sedcm
1567 955 1779 997 comprobata
1793 955 1852 988 viri
1868 955 1924 988 Dei
1937 962 2122 1010 gwggwffidffig

1184 1008 1368 1045 sanctitate,
1396 1018 1491 1049 quam
1516 1007 1715 1040 christianae
1741 1008 1876 1041 virtutes
1896 1014 2028 1053 etansnuor
2073 1015 2122 1036 aliis

1184 1060 1352 1102 complura
1370 1060 1525 1092 miracula
1545 1059 1797 1099 illustraverant,
1817 1061 1843 1093 is
1858 1066 1927 1094 tan·
1937 1043 2016 1063 num

1185 1112 1275 1150 dem,
1302 1123 1398 1155 quem
1424 1123 1522 1154 supra
1548 1113 1818 1153 memoravimus,
1847 1114 1923 1147 Ale-

1185 1164 1307 1197 xander
1332 1165 1417 1207 Papa
1442 1165 1521 1203 tht,
1546 1166 1585 1198 ad
1611 1176 1770 1199 summum
1796 1166 1927 1210 pontifi-

1184 1223 1291 1249 catum
1318 1222 1466 1255 evectus,
1493 1218 1532 1250 de
1556 1218 1731 1252 Laurentio
1758 1229 1829 1252 cum
1854 1219 1927 1252 aliis

1184 1269 1287 1302 beatis
1312 1269 1389 1301 viris
1415 1270 1535 1313 ubique
1562 1270 1788 1304 celeberrimis
1811 1281 1848 1304 ex
1867 1272 1926 1305 Ro-

1183 1333 1352 1356 manorum
1380 1323 1571 1356 Pontificum
1598 1324 1804 1365 auctoritate,
1830 1325 1927 1358 ritua-

1185 1377 1269 1410 libus
1287 1375 1590 1416 constitutionibus,
1618 1377 1798 1410 canonihus
1822 1382 1854 1411 et
1871 1378 1911 1411 de

1184 1431 1281 1463 cretis
1318 1430 1380 1463 rite
1420 1430 1556 1463 servatis
1573 1458 1580 1470 ,
1609 1431 1641 1463 in
1667 1436 1854 1465 sanctorum
1879 1437 1926 1464 ta-

1184 1484 1290 1521 bulis,
1322 1485 1404 1516 duce
1431 1488 1462 1516 et
1487 1484 1634 1517 dominio
1667 1485 1864 1518 Venetorum
1892 1496 1927 1518 o-

1184 1537 1344 1575 rantibus,
1362 1537 1578 1570 describendo
1600 1539 1734 1581 provide
1756 1539 1927 1581 cogitavit,

1184 1590 1324 1633 ideoque
1351 1596 1440 1632 gesta
1458 1590 1568 1623 omnia
1587 1591 1671 1624 beati
1687 1591 1746 1624 viri
1762 1592 1792 1624 in
1809 1602 1927 1624 novum

1184 1654 1318 1677 examen
1343 1643 1482 1676 adducta
1506 1649 1603 1676 sunt:
1633 1655 1718 1687 quo,
1753 1656 1789 1678 ex
1822 1644 1926 1678 veteri

1183 1707 1272 1730 more
1300 1697 1508 1740 Apostolicae
1535 1697 1642 1735 Sedis,
1664 1698 1695 1729 in
1723 1698 1823 1731 tribus
1849 1708 1926 1731 con-

1183 1750 1322 1783 sistoriis
1349 1761 1385 1783 ac
1417 1750 1565 1793 plenario
1597 1756 1761 1783 conventu
1795 1761 1928 1784 venera-

1183 1804 1296 1837 bilium
1329 1804 1462 1836 fratrum
1495 1804 1526 1836 S.
1556 1804 1591 1836 R.
1620 1804 1654 1836 E.
1691 1804 1925 1842 cardinalium,

1182 1862 1280 1899 atque
1311 1856 1407 1888 etiam
1440 1856 1726 1899 patriarcharum,
1762 1856 1927 1900 archiepi-

1182 1919 1355 1952 scoporum
1375 1915 1406 1941 et
1420 1910 1652 1952 episcoporum
1673 1910 1703 1942 in
1728 1909 1814 1942 Urbe
1831 1920 1926 1953 prae-

1181 1963 1321 1995 sentium
1349 1973 1455 1995 coram
1482 1973 1516 1996 se
1544 1963 1602 1995 rite
1628 1968 1774 2006 peraeto,
1791 1964 1923 1996 beatum

1181 2015 1389 2048 Laurentium
1422 2018 1541 2048 statuta
1573 2017 1625 2048 dic
1663 2017 1694 2049 in
1732 2021 1924 2049 sanctorum

1181 2079 1341 2101 canonem
1369 2079 1427 2112 per
1452 2080 1485 2101 se
1507 2069 1925 2112 referendun·tpronuncia-

1179 2122 1233 2155 vit.
1255 2122 1361 2160 Quare
1382 2133 1444 2155 xvn
1465 2123 1618 2155 kalendas
1635 2123 1821 2155 novembris
1839 2132 1924 2155 anno

1180 2176 1295 2208 salutis
1328 2185 1457 2214 hocve,
1496 2176 1544 2208 sui
1582 2175 1789 2219 pontificatus
1818 2186 1858 2216 ιι,
1892 2175 1923 2208 in

1180 2235 1422 2262 sacrosanctam
1447 2230 1534 2262 beati
1561 2229 1646 2262 Petri
1665 2230 1820 2274 principis
1846 2240 1924 2273 apo-

1179 2283 1336 2315 stolorum
1375 2282 1542 2315 basilicam
1577 2285 1703 2315 summa
1735 2282 1923 2316 celebritate

1182 2336 1279 2369 totius
1309 2336 1473 2369 Ecclesiae
1511 2336 1674 2369 Romanae
1710 2336 1923 2370 Laurentium

1180 2389 1318 2422 maxima
1343 2390 1551 2422 caeremonia
1576 2389 1662 2422 inter
1693 2389 1826 2422 Sanctos
1863 2400 1923 2422 nu-

1178 2447 1362 2475 meraturus
1388 2443 1573 2476 Alexander
1597 2442 1763 2485 profectus
1789 2447 1847 2482 est,
1866 2442 1923 2475 ubi

394 2495 510 2528 iterum
537 2495 696 2528 conscribi
723 2495 898 2534 iusserunt,
922 2495 960 2527 de
980 2495 1048 2527 eius
1067 2505 1137 2527 cor·
1179 2494 1211 2527 in
1237 2494 1387 2537 plenario
1413 2500 1576 2528 conventu
1603 2495 1795 2528 eorumdem
1825 2505 1923 2528 vene-

393 2550 480 2594 poris
508 2548 774 2582 translationibus
799 2555 895 2592 atque
921 2549 982 2582 aris
1010 2549 1074 2581 Deo
1104 2548 1135 2582 in
1181 2548 1330 2582 rabilium
1358 2549 1489 2583 fratrtun
1515 2550 1547 2583 5.
1581 2549 1616 2581 P..
1648 2549 1681 2581 E.
1710 2548 1923 2582 cardinalium
