2170 3147
187 208 236 236 An.
253 209 281 235 c.
305 208 372 236 1725
418 199 481 233 148

208 1440 258 1460 πωι
265 1439 320 1459 «llum

379 268 438 301 pro
462 258 560 301 plene
581 262 613 290 et
629 256 826 290 sufficienter
846 255 1007 299 expressis
1026 266 1062 289 ae
1080 256 1119 289 ad
1141 257 1143 264 '

379 310 512 342 verbum
538 310 672 343 insertis
698 310 866 349 habentes,
893 309 958 342 illis
982 309 1062 343 alias
1087 310 1118 342 in

378 373 436 395 suo
463 363 581 395 robore
602 362 834 406 permansuris,
861 362 899 394 ad
922 344 1121 404 praemisso·
1142 390 1143 394 ,

379 426 447 448 rum
469 415 629 454 ellectum,
653 416 713 448 hae
744 415 813 448 vice
840 416 1022 454 dumtaxat,
1043 426 1116 458 spe-

378 468 504 501 cialiter
528 474 559 500 et
576 479 729 511 expresse
749 468 966 510 deroganms;
988 468 1121 501 ceteris—

379 532 439 564 que
465 521 635 553 contrariis
663 520 937 564 quibuscumque.

421 574 533 607 Datum
553 575 685 614 Romae,
714 575 801 618 apud
829 574 860 607 S.
887 574 1018 607 Petrum
1033 601 1040 614 ,
1061 575 1120 607 sub

377 629 498 661 annulo
513 628 694 668 piscatoris,
706 628 756 661 die
767 638 818 661 xxi
830 628 944 671 aprilis
958 637 1119 668 uoccxxv‚

376 682 583 726 pontificatus
609 681 711 715 nostri
740 692 826 715 anno
853 693 875 716 1.

412 743 472 771 Dat.
489 744 533 771 die
550 744 578 771 21
605 744 697 780 aprilis
720 744 804 778 1725,
827 744 923 779 pontif.
942 752 1014 772 anno
1030 750 1048 771 1.

700 886 790 919 LVII.

375 967 554 1008 Statuitur,
580 971 617 999 ut
641 967 677 999 in
700 967 822 1007 Italia,
849 968 942 1011 eique
966 967 1118 1001 adiacen-

420 1021 506 1054 tibus
530 1020 668 1061 ins-ulis,
692 1021 846 1063 parochis
870 1021 1117 1064 defunctorum,

419 1075 479 1117 qui
490 1075 525 1106 in
537 1074 676 1106 ecclesiis
693 1074 901 1117 reyularium
915 1075 1119 1118 sepulturam

419 1127 601 1169 eleyerint,
632 1133 752 1171 quarta
783 1128 946 1170 funeralis
976 1128 1120 1171 persolvi

420 1179 565 1213 debeat&

559 1269 742 1298 Benedictus
763 1271 936 1305 episcopus,

559 1322 666 1342 servus
696 1323 853 1344 servorum
878 1317 941 1349 Dei,

517 1360 553 1387 ad
573 1361 707 1388 futuram
727 1362 771 1389 rei
792 1363 977 1389 memoriam.

422 1430 586 1465 Romanus
611 1431 769 1473 Pontifex,
789 1433 886 1477 aequi
904 1434 1049 1478 bonique
1069 1443 1120 1466 su-

378 1495 508 1528 premus
529 1492 682 1527 assertor,
709 1487 929 1521 auctoritatem
956 1499 973 1521 a
993 1488 1120 1522 Christo

378 1549 437 1582 per
469 1539 597 1573 beatum
624 1540 753 1574 Petrum
780 1540 1028 1584 apostolorum⁹
1053 1544 1121 1576 cul-

376 1602 451 1625 men
469 1592 530 1625 sibi
548 1594 699 1627 traditam
716 1594 902 1638 intelligens
921 1601 955 1628 ut
977 1606 1012 1629 ex
1040 1606 1119 1639 agro

377 1646 540 1679 dominico
565 1658 624 1691 pro
651 1653 834 1692 temporum
853 1649 1049 1682 necessitate
1068 1659 1120 1682 no-

375 1699 426 1732 xia
451 1701 568 1734 evellat
593 1706 624 1733 et
645 1701 801 1742 destruat,
819 1702 978 1746 utiliaque
994 1703 1121 1746 plantet

376 1762 412 1785 ac
437 1753 606 1793 aedificet,
635 1765 671 1787 ea
693 1755 867 1796 interdum,
888 1767 971 1799 quae
990 1767 1006 1788 a
1026 1767 1118 1799 prae-

376 1804 603 1840 decessoribus
628 1807 693 1840 suis
720 1807 761 1840 ob
791 1808 1005 1842 rationabiles
1024 1815 1055 1842 et
1073 1810 1120 1842 iu-

376 1863 440 1890 stas
466 1869 577 1892 causas
603 1860 679 1893 olim
706 1861 830 1894 sancita
856 1862 995 1901 fuerunt,
1016 1862 1070 1895 ubi
1090 1863 1119 1895 in

375 1922 471 1954 grave
490 1913 625 1946 aliorum
644 1915 878 1958 praeiudicium
901 1921 932 1948 et
946 1915 1122 1949 detrimen-

377 1971 444 1998 tum
471 1967 657 2001 redundare
672 1970 850 2012 cognoscit,
865 1976 962 2013 atque
977 1970 1120 2004 dissidiis

376 2024 408 2051 et
439 2021 704 2054 contentionibus
742 2022 921 2056 fomentum
958 2023 1120 2067 praebere

375 2072 622 2115 animadvertit,
649 2076 786 2109 maxime
812 2077 898 2110 inter
923 2078 977 2111 Dei
1005 2084 1037 2112 et
1061 2078 1119 2112 Ec-

376 2126 492 2160 clesiae
526 2128 692 2161 ministros
730 2141 868 2173 quorum
903 2137 950 2164 est
987 2142 1120 2176 evange-

375 2178 473 2213 lizare
510 2192 621 2224 pacem
649 2188 679 2215 et
704 2183 818 2227 quibus
845 2196 861 2217 a
886 2185 1023 2218 Domino
1056 2196 1118 2219 nou

376 2234 462 2266 aliud
494 2235 694 2278 frequentius
726 2247 833 2281 neque
871 2239 995 2272 enixius
1032 2251 1117 2273 eom-

376 2288 548 2320 mendatur
573 2300 668 2332 quam
693 2295 728 2322 ut
753 2301 866 2334 paceni
893 2302 929 2324 ac
958 2292 1117 2325 unitatem

376 2340 521 2382 diligant,
544 2343 706 2376 moderari
726 2350 758 2376 et
775 2345 956 2385 immutare,
974 2346 1117 2390 aliasque

375 2395 547 2437 pastoralis
573 2397 668 2428 otiieii
695 2399 745 2430 sui
771 2405 878 2441 partes
904 2399 1045 2443 desuper
1073 2401 1118 2432 in-

376 2452 553 2491 terponere
580 2450 672 2489 solet,
691 2457 802 2493 prout,
822 2463 940 2492 rerum,
962 2453 1116 2495 locorum,

411 2528 422 2553 1
446 2525 501 2552 Hac
521 2527 553 2553 de
574 2536 602 2553 re
623 2527 683 2554 vide
705 2527 854 2555 innocentii
875 2530 935 2557 Xlll
957 2535 1041 2557 const.
1071 2532 1116 2559 ed.

970 204 1152 232 BULLARIUM
1179 205 1335 232 ROMANUM

1142 331 1143 339 1
1163 309 1240 342 salis
1259 337 1266 350 ‚
1292 310 1526 344 discordiarum
1553 311 1742 345 extinctioni

374 2577 520 2604 Nnccxatl,
542 2572 584 2597 ‹lie
605 2572 638 2598 ³20*
659 2574 785 2607 augusti,
808 2576 903 2608 pontif.
928 2581 955 2602 il.

409 2616 425 2642 2
445 2616 515 2643 Edit.
540 2616 618 2643 Maio.⁴
643 2618 708 2653 legit
729 2620 888 2653 apostolum
912 2621 953 2655 (u,
979 2621 1026 2654 T.).

1919 210 1966 238 An.
1984 210 2011 238 C.
2035 211 2102 241 ¹725

1165 260 1414 300 temporumque
1430 256 1680 291 circumstantiis
1695 263 1820 292 mature
1832 268 1908 303 pen-

1764 340 1769 353 ,
1809 313 1912 346 ecele-

1164 362 1372 395 siasticorum
1391 364 1613 398 ministrorum
1635 365 1748 408 quieti,
1764 366 1909 398 fidelium

1164 416 1347 449 animarum
1373 417 1479 459 saluti,
1503 417 1679 462 divinoque
1707 419 1912 462 cultui-Teon-

1165 469 1261 512 spicit
1285 471 1459 503 salubriter
1484 472 1649 515 expedire.

1208 523 1222 566 ξ
1249 523 1277 556 1.
1302 523 1383 557 Sane
1410 526 1621 568 quamplures
1648 525 1781 558 Romani
1800 526 2102 582 Ponti-1.usi‹r.—guiari.

1163 575 1239 609 sices
1266 577 1540 620 praedecessores
1566 578 1689 619 nostri,
1716 579 1909 623 multiplicia
1921 570 1960 609 uf*
1981 570 2102 614 ἰ’ῗυῗῧῖῗιῗὲἆῗ

1164 639 1199 662 ae
1225 630 1320 673 plane
1348 631 1488 673 insignia
1515 632 1762 665 considerantes
1795 633 1909 666 merita
1921 619 2103 680 i'ssiiissssmpfl‘ssiffi

1163 683 1319 716 Ordinum
1347 685 1561 727 regularium,
1579 685 1632 729 qui
1656 686 1850 719 militantem
1876 686 1908 719 in
1921 670 2022 718 33:332..
2046 679 2104 719 ιὲιῖἕῖ

1164 738 1260 771 terris
1288 738 1464 771 Ecclesiam
1492 739 1674 772 fortissimis
1708 740 1797 773 omni
1830 725 1992 786 tem-{32·f¹¹f
2022 726 2102 752 'mu'

1162 801 1242 834 pore
1281 798 1440 825 auxerunt
1468 792 1660 835 praesidiis,
1689 793 1764 826 viris
1790 797 1907 838 nempe

1162 844 1244 878 vitae
1271 845 1452 885 sanctitate,
1472 846 1640 879 doctrinae
1662 846 1768 888 laude,
1794 857 1830 880 ac
1856 858 1908 880 or-

1164 898 1328 931 thodoxae
1359 898 1531 942 religionis
1558 901 1628 933 zelo
1655 899 1906 943 praestantibus,

1162 951 1336 996 eidemque
1370 952 1403 985 in
1436 954 1534 986 caelis
1561 953 1774 997 triumphanti
1800 953 1907 987 eximii

1163 1005 1298 1048 fulgoris
1324 1006 1447 1039 lumina
1472 1006 1680 1048 addiderunt,
1700 1007 1790 1050 ipsos
1816 1007 1909 1040 Ordi-

1162 1069 1221 1091 nes
1248 1070 1427 1102 eorumquc
1449 1061 1655 1103 professores
1680 1061 1829 1104 plurimis
1856 1072 1907 1095 sa-

1163 1112 1202 1145 tis
1223 1112 1341 1156 amplis
1363 1113 1498 1146 indultis
1516 1118 1548 1146 et
1565 1113 1747 1157 privilegiis
1765 1114 1907 1157 benigne

1164 1166 1374 1205 decorarunt,
1403 1177 1439 1199 ac
1466 1167 1551 1200 inter
1576 1167 1639 1200 alia
1665 1167 1703 1200 iis
1728 1168 1807 1201 illud
1833 1178 1909 1202 con-

1163 1224 1339 1258 cesserunt,
1362 1224 1398 1252 ut
1418 1220 1609 1253 eanonicam
1634 1221 1823 1264 portionem
1850 1232 1907 1256 seu

1163 1278 1307 1316 quartam
1325 1272 1518 1306 funeralium
1534 1275 1828 1309 emolumentorum
1839 1286 1909 1320 par-

1165 1331 1246 1365 tem,
1271 1336 1329 1369 pro
1356 1327 1508 1370 personis
1534 1338 1616 1371 quae
1641 1328 1674 1361 in
1712 1339 1823 1362 eorum
1856 1339 1909 1363 ec-

1163 1380 1272 1412 clesiis
1297 1381 1499 1424 sepulturam
1526 1381 1587 1415 sibi
1615 1382 1786 1426 eligerent,
1811 1394 1908 1426 paro-

1164 1433 1235 1466 chis
1260 1435 1453 1477 persolvere
1472 1435 1607 1469 minime
1626 1441 1839 1478 tenerentur;
1860 1448 1906 1478 ae,

1164 1488 1202 1521 ad
1229 1488 1383 1521 maiorem
1410 1488 1571 1523 eiusmodi
1590 1490 1754 1533 privilegii
1780 1489 1908 1524 firmita-

1165 1546 1237 1581 tem,
1264 1542 1423 1575 sanetioni
1451 1542 1548 1576 etiam
1575 1554 1591 1576 a
1624 1544 1726 1577 felicis
1758 1544 1908 1578 recorda-

1163 1594 1261 1628 tionis
1288 1594 1452 1629 Clemente
1473 1596 1495 1628 V
1517 1597 1770 1640 praedecessore
1795 1603 1907 1632 nostro

1164 1649 1269 1682 editae
1296 1649 1327 1681 in
1353 1649 1493 1682 concilio
1512 1650 1700 1692 Viennensi,
1729 1657 1760 1685 et
1784 1653 1907 1685 relatae

1163 1701 1196 1734 in
1222 1701 1424 1735 Clementina
1444 1702 1573 1736 Dudum
1590 1703 1627 1736 de
1644 1703 1821 1747 sepultur.,
1836 1714 1908 1738 nec-

1164 1765 1228 1789 non
1262 1755 1398 1788 Concilii
1420 1755 1600 1789 Tridentini
1639 1757 1772 1791 decreto
1804 1758 1906 1791 relato

1164 1808 1196 1842 in
1218 1819 1288 1852 cap.
1307 1819 1376 1848 xm,
1395 1820 1475 1842 sess.
1495 1820 1554 1843 xxv
1571 1810 1618 1843 De
1635 1811 1793 1854 Reform„
1812 1821 1907 1855 prae-

1165 1863 1283 1897 dictam
1325 1869 1471 1906 quartam
1519 1863 1718 1898 funeralium
1758 1866 1906 1909 parocho

1164 1923 1275 1960 aperte
1293 1917 1551 1959 reservantibus,
1572 1929 1639 1952 non
1657 1920 1758 1952 semel
1777 1920 1906 1963 amplis-

1164 1971 1246 2004 sime
1284 1971 1502 2014 derogarunt,
1543 1972 1629 2005 unde
1667 1983 1732 2006 non
1770 1974 1905 2008 acerbae

1163 2025 1258 2058 modo
1283 2025 1506 2068 parochorum
1534 2026 1695 2068 querelae,
1727 2027 1782 2060 sed
1815 2027 1907 2060 innu-

1163 2088 1271 2111 merae
1309 2079 1406 2111 etiam
1444 2078 1672 2112 contentiones
1705 2084 1801 2123 atque
1833 2080 1906 2113 lites

1163 2133 1247 2165 inter
1272 2143 1327 2165 eos
1354 2139 1384 2166 et
1410 2133 1578 2175 regulares
1604 2143 1705 2176 super
1738 2133 1904 2168 solutione

1163 2185 1309 2218 eiusdem
1351 2192 1484 2229 quartae
1523 2186 1659 2218 diversis
1701 2186 1904 2230 temporibus

1163 2240 1319 2273 excitatae
1337 2239 1479 2280 fuerunt,
1496 2250 1578 2283 quae
1598 2250 1706 2273 coram
1725 2239 1904 2274 Ordinariis

1162 2294 1321 2333 locorum,
1339 2298 1368 2325 et
1389 2293 1506 2325 deinde
1529 2292 1560 2325 in
1588 2292 1681 2326 variis
1708 2303 1837 2337 quoque
1863 2294 1906 2327 al·

1162 2357 1231 2379 mae
1258 2346 1354 2379 Urbis
1386 2352 1513 2379 nostrae
1553 2346 1780 2387 tribunalibus,
1810 2357 1906 2390 prae-

1162 2400 1272 2432 sertim
1300 2410 1376 2432 vero
1402 2399 1433 2432 in
1461 2399 1623 2433 auditorio
1654 2399 1766 2443 palatii
1802 2399 1904 2433 nostri

1161 2453 1329 2496 apostolici
1362 2459 1392 2486 et
1418 2453 1449 2485 in
1481 2453 1742 2496 Congregatione
1774 2463 1906 2486 venera-

1162 2506 1274 2538 bilium
1304 2507 1436 2539 fratrum
1464 2514 1647 2540 nostrorum
1673 2507 1704 2540 S.
1725 2507 1762 2540 R.
1782 2507 1817 2541 E.
1837 2517 1906 2542 car-

1161 2559 1317 2592 dinalium
1344 2560 1480 2602 praefati
1500 2559 1634 2593 Concilii
1651 2559 1832 2594 Tridentini
1857 2561 1905 2593 in-

1162 2618 1361 2657 terpretum,
1387 2623 1505 2657 magno
1542 2614 1682 2657 partium
1709 2615 1818 2649 studio
1843 2624 1904 2650 nec
