2170 3147
17 175 69 202 Αιι.
92 173 118 198 C.
142 172 206 199 1795

25 395 86 416 Fiden
97 393 166 412 hat-01.
177 393 195 412 ΕΔ

15 422 156 447 traam-ipris.

39 1553 160 1574 Exordium.

796 174 988 197 RENEDmTt's
1016 174 1030 196 X
1040 175 1071 197 111
1098 175 1144 197 ΡΡ.

209 220 399 262 specialiter
427 226 460 253 et.
487 231 641 263 expresse
670 222 891 264 derogamus,
917 227 948 254 et

209 273 398 315 derogatum
443 283 514 305 esse
555 273 728 312 10111111115;
764 274 947 317 ceterisque

208 324 378 358 contrariis
407 325 681 368 quibuscumque.

252 377 322 419 ξ8.
350 377 507 410 Volumus
545 384 653 411 autem
691 384 725 411 ut
760 380 946 412 carumdem

208 430 432 473 praesentium
446 431 627 464 litterarum
643 432 864 474 transumptis,
892 443 946 464 seu

210 483 390 526 exemplis,
419 484 515 516 etiam
543 484 710 526 impressis
731 511 738 524 ,
766 495 860 517 manu
894 485 949 517 ali—

208 536 299 568 cuius
315 536 430 569 notarii
446 537 565 580 publici
579 537 779 580 subscriptis,
797 538 946 580 etsigillo

208 599 369 631 personae
397 589 426 621 iu
454 589 613 631 dignitate
639 590 857 622 ecclesiastica
876 601 947 623 0011-

207 640 336 674 stitutae
363 642 505 681 munitis,
534 643 647 676 eadem
665 653 796 686 prorsus
816 642 895 676 tides
915 643 945 675 in

209 693 328 726 iudicio
344 700 374 726 et
396 700 482 726 extra
502 695 580 727 illud
599 695 717 738 ubique
736 696 942 735 adhibeatur,

207 757 289 789 quae
316 747 392 790 ipsis
426 748 650 790 praesentibus
684 748 894 782 adhiberetur
919 750 944 782 si

207 798 317 832 forent
341 799 503 833 exhibitae
528 801 575 833 vel
602 806 762 834 ostensae.

251 852 363 885 Datum
388 853 522 892 Romae,
544 854 629 897 apud
647 854 678 887 S.
698 854 829 887 Mariam
848 855 945 888 Maio-

207 915 295 945 rem,
327 906 386 938 sub
413 908 536 939 annulo
570 907 758 947 piscatoris,
779 907 830 940 die
848 918 944 941 xxviii

206 959 399 1002 septembris
431 970 589 998 nnccxxv,
612 960 817 1003 pontificatus
841 962 942 994 nostri

207 1023 292 1046 anno
320 1024 356 1046 u.

243 1073 305 1100 Dat.
321 1073 366 1100 die
381 1075 413 1101 28
429 1074 596 1109 septembris
615 1075 695 1109 1725,
713 1075 811 1111 pontis.
829 1084 900 1103 anno
916 1083 943 1103 11.

526 1217 624 1250 xcvi.

206 1296 404 1329 Slatuuiilur
420 1297 583 1330 nomzulla
601 1298 643 1329 ad
662 1298 779 1330 (tonum
797 1309 946 1332 annonae

249 1350 394 1392 reyimen
408 1351 480 1382 elin
491 1354 539 1383 rei
549 1352 702 1393 amariae
720 1352 908 1393 beneficium
923 1352 943 1385 ¹.

382 1430 563 1457 Benedictus
585 1431 663 1464 Papa
684 1431 764 1463 xm,

345 1474 381 1500 ad
402 1475 537 1501 futuram
558 1475 603 1502 rei
620 1477 803 1503 memoriam.

250 1545 295 1578 Ad
321 1556 482 1578 summum
510 1546 717 1588 Pontificem,
746 1553 779 1579 ut
803 1558 946 1581 commu-

207 1609 279 1631 nem
295 1599 437 1631 omnium
457 1599 636 1642 pastorem⁹
650 1606 746 1644 atque
766 1606 943 1643 parentem,

207 1662 271 1683 nou
297 1652 401 1684 solum
418 1652 556 1695 pertinet
578 1654 763 1695 generalem
785 1655 881 1687 totius
899 1655 943 1687 rei

206 1704 412 1743 christianae,
439 1705 496 1738 sed
523 1705 617 1738 etiam
643 1706 816 1749 specialem
844 1718 945 1750 popu-

207 1757 310 1789 lorum
336 1756 366 1790 S.
389 1757 425 1790 R.
446 1757 481 1790 E.
511 1758 624 1791 ditioni
653 1759 682 1791 in
711 1760 944 1803 temporalibus

206 1810 425 1843 subiectorum
452 1821 559 1843 curam
586 1812 749 1854 suscipere
771 1839 778 1852 ,
817 1823 944 1846 eorum-

207 1863 345 1906 demque
371 1863 494 1907 optimo
520 1864 616 1896 statui
643 1870 672 1897 et
701 1865 842 1897 felicitati
870 1876 944 1908 pro-

206 1916 277 1959 pria
299 1917 435 1959 quadam
461 1922 491 1949 et
510 1917 665 1959 peculiari
687 1918 853 1960 vigilantia
870 1930 946 1961 pro-

206 1969 327 2001 videre.
351 1969 445 2008 Iloc,
471 1969 538 2002 Deo
570 1970 694 2003 favente
719 1998 725 2010 ,
753 1976 943 2003 eventurum

207 2031 384 2064 speramus,
413 2022 438 2054 si
465 2022 504 2054 ad
529 2033 692 2055 annonam
720 2023 873 2056 urbanam
895 2034 945 2056 ar-

208 2079 335 2118 temque
362 2075 534 2118 agrariam,
561 2076 593 2108 111
620 2087 684 2120 quo
712 2077 810 2110 tutius
838 2078 944 2120 reipu-

207 2128 311 2161 blicae
339 2129 429 2171 rigor
454 2134 484 2161 et
509 2129 745 2162 incrementum
771 2131 945 2163 constituta

209 2191 278 2214 esse
306 2188 485 2214 noscuntur
502 2209 509 2221 ,
535 2183 653 2215 mentis
679 2188 808 2216 nostrae
834 2185 944 2217 oculos

209 2240 448 2268 convertamus.
476 2236 708 2269 Anlecessores
734 2237 864 2279 quidem
888 2248 945 2269 no-

207 2289 262 2321 stri
296 2289 430 2322 Romaui
463 2289 654 2330 Pontifices,
692 2301 748 2333 pro
776 2293 812 2323 ea
849 2301 943 2334 quam

244 2387 254 2413 1
279 2386 335 2412 Alia
356 2386 433 2412 huius
454 2386 590 2413 Pontificis
611 2390 696 2413 const.
719 2386 762 2413 ed.
784 2393 943 2416 1100011111,

207 2429 250 2456 die
269 2429 303 2456 28
324 2430 420 2461 martii,
441 2430 538 2465 pontif.
559 2437 587 2463 u,
609 2431 739 2457 nonnulla
761 2430 946 2456 decernuntur

208 2481 255 2509 pro
275 2473 461 2500 sublevamine
475 2474 541 2500 artis
556 2474 677 2508 agrariae
693 2478 719 2500 et
734 2474 879 2500 securitate
895 2482 944 2499 au-

209 2526 294 2545 nonae
315 2518 341 2544 in
362 2518 586 2544 mutuationibus

242 2562 260 2588 2
278 2562 349 2589 Male
369 2562 434 2589 edit.
456 2562 534 2589 Maia.
556 2563 620 2597 legit
636 2566 787 2597 pastorum
806 2564 845 2598 (u.
864 2563 912 2598 T.).

1626 164 1688 197 277

991 223 1149 264 gerebant
1175 233 1249 264 erga
1287 224 1429 266 populos
1455 223 1514 255 sibi
1541 222 1729 255 commissos

990 278 1127 318 paterna
1148 276 1379 316 sollicitudine,
1404 276 1625 309 saluberrimis
1651 275 1730 317 legi-

991 327 1048 359 bus
1070 333 1101 360 et
1125 328 1279 361 institutis
1298 334 1385 361 tanto
1404 328 1539 371 negocio
1561 329 1729 361 consulere

991 381 1194 413 studuerunt.
1220 382 1366 414 Attamen
1399 382 1473 424 quia
1505 381 1728 414 vicissitudine

993 437 1174 474 temporum
1195 444 1245 466 res
1264 434 1436 466 salubriter
1449 435 1616 466 institutae
1632 434 1731 466 idem-

993 483 1089 515 tidem
1116 484 1146 516 iu
1174 485 1318 517 deterius
1338 491 1510 524 imitantur,
1529 498 1544 518 e
1572 486 1728 528 dignitate

991 538 1100 568 nostra
1126 547 1195 570 esse
1221 538 1383 577 duximus,
1402 545 1443 577 ut,
1466 541 1491 571 si
1519 539 1595 582 quid
1624 539 1681 571 hac
1697 538 1728 571 in

992 599 1025 621 re
1053 590 1231 633 collapsum
1259 597 1324 629 cst,
1350 591 1381 623 id
1409 603 1466 634 pro
1493 592 1614 624 viribus
1641 602 1730 634 repa-

992 652 1110 680 remus,
1122 648 1200 675 utex
1213 644 1319 676 studio
1333 648 1362 676 el
1380 644 1728 677 sollicitudiuenostris

991 694 1123 726 uberem
1137 695 1272 727 fructum
1285 697 1396 738 populi
1412 697 1502 729 Sedis
1520 697 1727 739 Apostolicae

990 746 1127 789 imperio
1153 747 1335 781 immediate
1362 749 1497 781 subiecti
1513 749 1705 792 percipiant.

1034 800 1048 842 g
1073 799 1103 832 1.
1124 800 1247 843 Itaque,
1266 812 1337 834 cum
1358 812 1415 834 nos
1434 802 1657 844 gravissimum
1680 803 1725 834 rei

989 854 1133 896 agrariae
1171 855 1412 888 incommodum
1455 855 1626 888 imminere
1663 866 1727 888 non

989 906 1059 939 sine
1077 907 1201 949 ingenti
1222 908 1318 940 totius
1337 909 1537 951 reipublicae
1557 908 1729 941 detrimen-

990 964 1033 998 to,
1062 960 1102 992 ob
1130 971 1245 1002 magna
1269 961 1466 1004 assiduaque
1492 961 1662 1003 dispendia
1683 967 1728 993 at-

989 1022 1049 1054 que
1075 1022 1172 1045 onera
1194 1023 1276 1055 quae
1299 1019 1496 1046 mercatores
1522 1015 1727 1056 cultoresque

988 1075 1137 1106 agrorum
1158 1076 1193 1098 ac
1212 1067 1350 1109 pistores
1367 1067 1608 1105 buiusnostrae
1627 1067 1727 1099 almae

989 1117 1080 1150 Urbis
1115 1119 1248 1162 eiusque
1275 1121 1441 1153 districtus
1466 1121 1498 1152 iu
1525 1120 1592 1153 dies
1619 1120 1727 1152 51111110

988 1182 1024 1204 ac
1043 1172 1106 1215 pati
1122 1178 1293 1214 coguntur,
1315 1184 1351 1205 ex
1370 1173 1514 1216 ipsorum
1532 1173 1729 1206 clamoribus

988 1224 1026 1257 ad
1053 1235 1145 1257 aures
1173 1231 1298 1259 nostras
1323 1227 1458 1269 perlatis
1483 1227 1726 1270 acceperimus:

989 1279 1221 1311 mercatoribus
1240 1289 1454 1322 agrorumque
1469 1280 1650 1313 cultoribus
1667 1283 1729 1312 una

990 1341 1066 1363 voce
1093 1332 1377 1375 conquerentibus,
1397 1343 1431 1365 ex
1455 1334 1602 1375 publicae
1628 1344 1729 1365 anno-

990 1395 1049 1416 nae
1084 1389 1114 1417 et
1147 1385 1193 1417 rei
1230 1386 1459 1418 frumentariae
1496 1386 1728 1419 licitationibus

989 1439 1256 1482 mercaturisque,
1273 1450 1353 1482 quas
1368 1440 1436 1472 eius
1454 1439 1591 1472 ministri
1612 1440 1729 1473 hucus-

989 1501 1050 1533 que
1072 1502 1224 1525 exercere
1246 1498 1499 1532 consueverunt,
1516 1493 1728 1536 praecipuum

989 1544 1136 1577 laborum
1162 1555 1293 1577 suorum
1313 1545 1448 1578 fructum
1474 1546 1535 1578 sibi
1562 1546 1658 1589 eripi,
1676 1556 1728 1579 10-

989 1607 1099 1631 manos
1125 1609 1220 1641 agros
1246 1609 1302 1642 spe
1338 1600 1498 1632 uberioris
1530 1600 1642 1632 messis
1669 1611 1725 1632 ex-

989 1652 1117 1684 colendi
1151 1652 1210 1683 sihi
1247 1658 1439 1694 potestatem
1466 1659 1496 1685 et
1521 1653 1726 1686 commodum

989 1704 1103 1743 adimi;
1122 1705 1290 1737 maximam
1310 1705 1387 1738 lucri
1405 1711 1541 1748 partem,
1557 1716 1651 1748 quam
1667 1705 1726 1738 sibi

989 1768 1024 1789 ex
1051 1757 1184 1801 propria
1211 1758 1241 1790 in
1269 1759 1365 1791 rebus
1400 1758 1535 1801 agrariis
1571 1759 1727 1791 industria

989 1811 1026 1844 ad
1054 1811 1134 1844 vitae
1161 1812 1428 1845 sustentationem
1455 1813 1635 1855 comparari
1654 1822 1729 1855 pos-

988 1870 1068 1903 sent,
1097 1865 1126 1896 in
1154 1865 1296 1897 urbanae
1323 1875 1486 1903 annonae,
1515 1871 1548 1897 ut
1572 1864 1726 1903 aiebant,

989 1918 1160 1950 commoda
1187 1918 1318 1956 cedere,
1339 1918 1407 1950 sine
1430 1919 1495 1950 ullo
1514 1918 1662 1960 publicae
1681 1918 1726 1950 rei

989 1972 1229 2004 emolumento:
1257 1971 1470 2003 clamantibus
1508 1970 1604 2003 etiam
1629 1970 1728 2014 pisto-

990 2023 1090 2062 ribus,
1110 2034 1143 2055 se
1164 2024 1235 2066 plus
1253 2034 1358 2066 aequo
1385 2033 1533 2055 annonae
1561 2025 1655 2055 causa
1673 2033 1728 2065 op-

989 2076 1101 2120 primi,
1121 2082 1169 2115 et,
1188 2077 1229 2109 ob
1249 2087 1397 2119 magnam
1423 2075 1572 2108 frumenti
1600 2075 1659 2108 vim
1679 2086 1727 2107 su-

988 2140 1046 2173 pra
1072 2130 1154 2163 vires
1181 2129 1226 2162 eis
1253 2129 1466 2168 distributam,
1493 2134 1605 2172 utpote
1632 2128 1726 2161 nimis

989 2182 1076 2225 gravi
1104 2182 1208 2225 pretio
1235 2182 1417 2221 emendam,
1442 2192 1474 2214 se
1501 2182 1639 2225 impares
1658 2181 1726 2214 sieri

987 2236 1078 2269 011011
1105 2235 1304 2276 sustinendo⁷
1331 2240 1424 2277 atque
1447 2235 1484 2267 ad
1511 2240 1610 2267 artem
1637 2245 1726 2267 suam

990 2289 1202 2321 deserendam
1230 2288 1370 2331 impelli,
1394 2293 1443 2327 et,
1466 2287 1726 2331 quandoquidem

988 2352 1117 2384 semper
1142 2341 1286 2373 eiusdem
1312 2340 1468 2383 ponderis
1491 2351 1604 2383 panem
1632 2340 1729 2373 confi-

989 2406 1061 2427 cere
1088 2394 1217 2434 debent,
1244 2404 1277 2426 se
1304 2404 1339 2425 ex
1368 2394 1479 2427 eadem
1505 2400 1572 2426 arte
1598 2396 1654 2427 susi
1678 2394 1726 2426 vix

989 2458 1084 2491 posse
1110 2447 1190 2479 vitae
1224 2457 1300 2479 suae
1327 2446 1506 2479 necessaria
1532 2447 1724 2490 percipere,

989 2505 1183 2543 suppetente
1209 2499 1400 2542 praesertim
1423 2502 1510 2532 tanta
1536 2499 1656 2532 farinae
1678 2509 1727 2531 011-

989 2553 1180 2594 iuscumque
1202 2552 1327 2595 generis
1342 2552 1435 2595 copia
1451 2552 1481 2584 111
1500 2552 1636 2595 publicis
1655 2552 1727 2584 hor—

1738 174 1787 198 Λ11.
1809 174 1838 199 (ἶ.
1859 173 1924 199 1795

1768 813 1847 832 114111111-
1864 818 1923 837 [ιι-,111-

1740 845 1760 856 511
1773 842 1804 857 it„
1823 843 1924 858 coustitu-

1741 868 1783 885 11111
