2170 3147
13 248 61 275 An.
83 243 197 271 01725

84 884 195 906 clai-sulae

12 913 136 942 peculiares.

781 246 974 270 BENEDICTUS
999 247 1054 270 XIII
1079 247 1127 270 Μ’.

206 292 417 335 temporibus,
439 291 555 334 quibus
576 292 732 334 praedicti
759 293 943 336 archipres-

204 344 297 388 byter
312 349 344 378 et
357 344 502 378 canonici
523 344 672 387 antiquae
687 345 882 378 cathedralis
897 356 945 378 ec-

205 397 322 431 clesiae
358 397 526 441 Aquinatis
558 397 718 431 eiusmodi
752 398 945 431 indumenta

205 455 330 492 gestare
348 451 504 483 hactenus
530 456 789 491 consueverunt,
808 450 815 466 ¹
836 451 867 483 in
894 462 944 483 eo-

205 514 274 536 rum
294 504 432 537 ecclesia
450 515 544 547 quam
563 503 594 536 in
613 504 755 547 capitulo
773 505 822 536 vel
842 510 942 544 extra,

205 556 285 589 acin
304 556 568 599 processionibus
583 556 678 589 etiam
699 556 901 589 funeralibus
915 562 946 588 et

205 609 274 642 aliis
306 610 563 652 quibuscumque
591 609 828 649 functionibus,
858 614 946 652 post-

205 672 299 705 quam
337 667 444 694 tamen
485 662 610 694 litteras
647 667 772 694 nostras
813 662 946 694 indultis

206 714 362 747 eiusmodi
385 725 444 757 per
468 715 694 747 cancellariam
716 719 750 746 ut
767 715 947 757 praefertur

205 767 425 809 expediendas
450 767 675 808 obtinuerint,
703 772 733 800 et
757 778 822 800 non
849 772 943 806 ante,

206 819 333 852 deferre
358 819 486 862 possint
511 825 543 851 et
568 820 707 852 valeant.

249 872 264 914 ἓ
288 871 320 904 6.
348 872 579 913 Decernentes,
599 873 728 906 easdem
754 878 945 917 praesentes

206 925 328 957 litteras
352 935 480 968 semper
510 931 542 958 et
573 932 732 969 perpetuo
767 927 889 959 validas
915 932 946 959 et

205 977 350 1010 efficaces
376 978 514 1011 existere
541 984 572 1010 et
604 979 680 1017 sore,
707 989 851 1021 suosque
878 980 945 1022 ple-

203 1030 313 1063 narios
350 1035 382 1063 et
418 1031 563 1074 integros
600 1031 733 1064 ell'ectus
769 1031 877 1064 sortiri
914 1037 945 1064 et

205 1083 353 1115 obtinere
380 1083 508 1122 debere,
527 1094 563 1115 ac
588 1085 678 1116 nullo
699 1093 844 1126 ¹unquam
870 1090 947 1116 tem-

203 1146 284 1178 pore
311 1147 346 1168 ex
373 1147 575 1180 quocumque
602 1138 705 1180 capite
731 1139 779 1170 vel
802 1137 944 1180 qualibet
967 1136 968 1150 ³

204 1192 307 1228 causa,
334 1191 539 1233 quantumvis
575 1191 718 1232 legitima
744 1196 774 1222 et
799 1190 944 1227 iuridica,

205 1242 299 1274 etiam
323 1253 359 1274 ex
386 1253 423 1275 co
449 1243 534 1284 quod
558 1242 746 1285 capitulum,
765 1243 946 1285 archipres-

205 1294 295 1338 byter
314 1300 345 1327 et
369 1295 517 1328 canonici
544 1295 646 1328 dictae
675 1296 830 1328 ecclcsiae
849 1296 947 1338 Aqui-

204 1347 311 1387 natis,
340 1358 395 1380 seu
434 1348 631 1391 quicumque
664 1348 741 1388 alii,
769 1349 947 1381 cuiuscum-

205 1410 268 1443 que
287 1400 463 1442 dignitatis,
481 1401 599 1443 gradus
619 1406 651 1434 et
668 1402 945 1444 praeeminentiae

206 1453 285 1493 sint,
314 1453 344 1485 in
371 1453 555 1496 praemissis
581 1454 729 1486 omnibus
754 1460 785 1486 et
809 1454 945 1497 singulis

206 1511 237 1538 et
261 1506 344 1538 circa
369 1516 407 1539 ea
431 1506 680 1550 quomodolibet
717 1512 748 1539 et
773 1517 808 1539 cx
836 1506 946 1549 quavis

205 1561 312 1598 causa,
331 1559 464 1598 ratione,
484 1558 608 1592 actione
627 1560 675 1591 vel
695 1559 868 1592 occasione
897 1560 946 1592 ius

204 1612 254 1644 vel
281 1611 438 1644 interesse
464 1612 623 1644 habentes
649 1622 703 1644 seu
722 1612 843 1644 habere
860 1623 947 1655 prae-

206 1663 384 1703 tendentes,
411 1664 474 1696 illis
491 1674 555 1696 non
582 1665 816 1703 consenserint,
834 1671 887 1697 aut
908 1665 947 1697 ad

206 1717 238 1749 id
271 1717 373 1750 vocati
401 1722 432 1750 et
457 1717 575 1757 auditi,
602 1723 634 1750 et
658 1728 793 1757 causae,
814 1724 948 1761 propter

207 1780 286 1813 quas
311 1770 441 1803 eaedem
478 1776 666 1813 praesentes
701 1771 944 1811 emanaverint,
968 1780 970 1821 ζ

207 1823 376 1864 adductae,
401 1823 586 1856 verificatae
612 1834 648 1856 ac
673 1824 862 1856 iustificatae
884 1834 946 1856 non

209 1876 338 1916 suerint,
355 1877 394 1909 de
420 1877 641 1920 subreptionis
666 1878 714 1910 vcl
743 1877 947 1920 obreptionis

208 1934 262 1961 aut.
288 1929 446 1962 nullitatis
468 1940 521 1961 scu
549 1930 756 1962 invaliditatis
781 1930 873 1969 vitio,
899 1931 947 1962 vcl

209 1981 398 2021 intentionis
425 1988 567 2022 nostrae,
587 1988 639 2015 aut
656 1983 705 2015 ius
722 1984 770 2016 vel
789 1983 948 2015 interesse

209 2034 399 2067 habentium
425 2037 616 2075 consensus,
640 2041 692 2068 aut
714 2036 860 2079 quolibet
886 2036 949 2068 alio

210 2087 416 2130 quantumvis
442 2099 568 2130 magno,
591 2088 950 2128 ι<1111511111111111,11101100-

210 2140 310 2182 gitato
336 2146 367 2173 et
392 2140 645 2183 inexcogitabili,
662 2152 696 2174 ac
714 2141 896 2184 specificam
919 2147 951 2175 et

211 2193 410 2226 individuam
437 2195 636 2227 mentionem
655 2205 690 2226 ac
708 2196 950 2237 expressionem

211 2246 397 2288 requirente
436 2247 574 2286 defectu,
601 2247 667 2280 sive
703 2247 798 2280 etiam
837 2258 873 2279 ex
912 2258 950 2280 eo

211 2298 298 2341 quod
336 2299 365 2330 in
403 2299 588 2342 praemissis
628 2310 807 2343 eorumque
843 2300 951 2342 aliquo

211 2352 452 2391 solemnitates,
481 2357 513 2385 et
538 2353 668 2395 quaevis
693 2353 771 2392 alia,
798 2352 952 2384 servanda

212 2408 244 2436 et
260 2403 480 2447 adimplenda,
500 2410 623 2437 servata
640 2409 671 2438 et
688 2405 865 2446 adimpleta
887 2415 951 2437 non

212 2456 341 2497 suerint,
367 2462 420 2489 aut
446 2468 482 2490 ex
509 2468 714 2501 quocumque
750 2457 813 2490 alio
850 2457 952 2500 capite

212 2519 229 2542 a
255 2509 324 2542 Iure
351 2511 399 2543 vel
426 2511 509 2543 sacto
542 2516 597 2543 aut
629 2515 748 2542 statuto
786 2510 834 2542 vel
870 2520 950 2542 con-

212 2563 383 2596 suetudine
410 2564 519 2606 aliqua
546 2564 743 2603 resultante,
769 2573 823 2595 seu
850 2573 950 2596 enor-

249 2626 260 2653 1
282 2624 393 2653 Videtur
413 2624 509 2652 deesse
531 2628 590 2653 tam
606 2625 643 2662 (a.
664 2624 711 2660 T.).

987 295 1055 334 mis,
1083 295 1342 334 enormissimae,
1363 295 1536 338 totalisque
1561 295 1726 336 laesionis,

987 352 1038 379 aut
1066 358 1268 391 quocumque
1295 349 1413 388 colore,
1430 353 1609 391 praetextu,
1636 348 1728 381 ratio-

987 410 1026 432 ne
1062 401 1109 433 vcl
1148 403 1265 440 causa,
1294 402 1388 433 etiam
1416 401 1447 433 in
1484 412 1621 445 corpore
1647 401 1725 433 iuris

988 452 1117 491 clausa,
1144 453 1334 492 occasione,
1360 453 1462 486 aliave
1494 456 1606 494 causa,
1632 454 1726 486 etiam

987 506 1192 547 quantumvis
1218 506 1322 545 iusta,
1350 507 1545 546 rationabili,
1574 507 1725 549 legitima,

987 556 1130 597 1111-1111011,
1150 559 1213 601 pia,
1227 559 1438 601 privilegiata,
1459 559 1552 592 etiam
1572 561 1624 592 tali
1644 570 1727 603 quae

988 611 1025 642 ad
1067 610 1216 643 effectum
1257 611 1429 644 validitatis
1475 612 1726 655 praemissorum

988 663 1171 696 necessario
1198 664 1409 707 exprimenda
1436 664 1536 703 soret,
1561 670 1615 697 aut
1639 665 1727 707 quod

988 716 1025 748 de
1060 717 1227 748 voluntate
1264 718 1376 749 nostra
1414 722 1445 749 et
1480 717 1550 749 aliis
1579 717 1728 759 superius

988 767 1149 810 expressis
1187 768 1302 800 nullibi
1340 774 1528 812 appareret,
1555 779 1614 801 nec
1651 769 1728 801 alias

988 820 1121 863 probari
1147 825 1276 863 posset,
1302 821 1424 861 notari,
1452 821 1646 864 impugnari,
1673 822 1724 853 in—

987 873 1134 913 validari,
1160 874 1351 913 retractari,
1377 875 1407 906 in
1441 874 1488 906 ius
1523 875 1572 907 vel
1598 879 1729 907 contro-

989 926 1126 959 versiam
1152 926 1309 966 revocari,
1328 931 1381 959 aut
1407 927 1445 959 ad
1473 927 1628 960 terminos
1650 927 1727 959 iuris

989 980 1113 1019 reduci,
1137 980 1185 1013 vel
1223 980 1378 1013 adversus
1414 981 1483 1013 illas
1516 980 1730 1013 restitutionis

989 1032 1020 1064 111
1046 1032 1222 1075 integrum,
1249 1033 1440 1076 aperitionis
1466 1033 1541 1071 oris,
1568 1033 1730 1065 reductio-

989 1084 1037 1117 nis
1064 1086 1103 1117 ad
1129 1086 1211 1117 viam
1229 1091 1260 1118 ct
1278 1085 1434 1118 terminos
1454 1086 1543 1125 iuris,
1563 1091 1617 1118 aut
1641 1086 1728 1118 aliud

989 1139 1215 1181 quodcumque
1248 1138 1324 1171 iuris
1350 1139 1397 1171 vel
1430 1139 1502 1171 sacti
1529 1145 1582 1171 aut
1606 1139 1728 1180 gratiae

989 1192 1038 1224 vel
1071 1191 1210 1223 iustitiae
1237 1192 1417 1224 remedium
1454 1191 1644 1234 impetrari,
1671 1202 1729 1225 seu

988 1244 1237 1287 quomodolibet
1262 1245 1358 1276 etiam
1396 1251 1481 1277 motu
1519 1245 1614 1277 simili
1653 1255 1730 1278 con-

988 1307 1079 1329 cesso
1114 1297 1163 1329 vel
1200 1296 1372 1339 impetrato
1409 1302 1462 1329 aut
1497 1303 1645 1331 emanato
1681 1298 1729 1330 uti

967 1377 968 1380 ,
989 1359 1046 1381 seu
1066 1359 1099 1381 se
1118 1349 1227 1381 iuvare
1246 1349 1278 1381 in
1296 1349 1418 1382 iudicio
1435 1350 1483 1382 vel
1509 1355 1599 1382 extra
1624 1361 1729 1393 posse,

967 1404 969 1433 ἶ
990 1411 1094 1444 neque
1131 1403 1216 1444 ipsas
1251 1407 1438 1444 praesentes
1476 1403 1536 1434 sub
1566 1402 1729 1444 quibusvis

989 1454 1142 1486 similium
1168 1455 1217 1487 vel
1245 1454 1448 1487 dissimilium
1479 1454 1653 1497 gratiarum
1679 1466 1730 1487 re-

989 1506 1226 1547 vocationibus,
1253 1507 1534 1549 suspensionibus,
1566 1507 1730 1540 limitatio-

990 1560 1095 1595 nibus,
1121 1559 1427 1601 modificationibus,
1453 1560 1728 1602 derogationibus,

991 1613 1127 1656 aliisque
1145 1613 1315 1645 contrariis
1334 1612 1613 1656 dispositionibus,
1632 1613 1730 1646 etiam

991 1676 1048 1708 per
1071 1676 1130 1698 nos
1155 1671 1187 1698 et
1211 1676 1413 1699 successores
1443 1671 1572 1700 nostros
1608 1666 1727 1699 Roma-

991 1729 1048 1751 nos
1074 1718 1246 1752 Pontifices
1283 1729 1341 1761 pro
1375 1724 1520 1762 tempore
1554 1719 1729 1751 existentes

992 1776 1023 1804 et
1038 1771 1152 1804 Sedem
1171 1771 1390 1813 Apostolicam
1406 1771 1614 1814 praedictam,
1632 1771 1729 1803 etiam

990 1829 1088 1862 motu,
1115 1823 1251 1856 scientia
1280 1829 1311 1856 ct
1335 1824 1501 1866 potestatis
1526 1823 1729 1866 plenitudine

992 1877 1164 1916 similibus,
1202 1877 1296 1909 etiam
1329 1877 1605 1915 consistorialiter,
1632 1882 1663 1908 et
1694 1886 1729 1908 ex

993 1930 1192 1972 quibuslibet
1212 1929 1328 1968 01111315,
1348 1934 1378 1961 et
1403 1929 1461 1961 sub
1480 1929 1645 1971 quibusvis
1663 1939 1732 1961 ver—

993 1983 1107 2015 borum
1135 1982 1301 2015 tenoribus
1320 1987 1350 2014 et
1370 1982 1488 2021 formis,
1508 1992 1542 2014 ac
1568 1993 1638 2014 curu
1665 1982 1732 2025 qui-

970 2036 1101 2071 .l)usvis
1133 2036 1285 2069 clausulis
1312 2041 1343 2068 et
1368 2036 1521 2074 decretis,
1549 2035 1672 2068 etiamsi
1699 2036 1731 2068 111

993 2089 1038 2122 eis
1074 2089 1111 2122 dc
1142 2089 1265 2122 eisdem
1300 2089 1524 2132 praesentibus
1557 2099 1730 2131 carumque

994 2147 1062 2175 toto
1101 2148 1212 2175 tenore
1251 2153 1286 2174 ac
1323 2142 1394 2175 data
1427 2141 1578 2184 specialis
1610 2141 1732 2174 mentio

994 2195 1059 2235 fiat,
1080 2206 1138 2238 pro
1165 2200 1309 2237 tempore
1337 2195 1424 2226 sactis
1449 2199 1476 2226 ct
1503 2194 1667 2227 concessis
1697 2205 1733 2226 ac

997 2248 1152 2281 faciendis
1179 2253 1209 2279 et
1234 2247 1450 2279 concedendis
1477 2247 1731 2290 comprehendi,

995 2300 1062 2339 scd,
1082 2306 1242 2342 tamquam
1264 2299 1301 2331 ad
1328 2299 1428 2331 maius
1455 2299 1575 2331 bonum
1604 2299 1734 2331 tenden—

997 2359 1064 2392 tes,
1090 2362 1219 2394 semper
1244 2357 1273 2383 et
1300 2351 1433 2383 omnino
1461 2351 1499 2382 ab
1530 2351 1593 2384 illis
1619 2351 1733 2394 excipi,

997 2409 1047 2443 ct,
1074 2404 1199 2446 quoties
1225 2404 1299 2436 illac
1334 2404 1550 2443 emanabunt,
1582 2404 1675 2436 toties
1701 2404 1733 2435 111

997 2458 1170 2500 pristinum
1197 2462 1228 2489 ct
1263 2456 1515 2496 validissimum,
1542 2468 1578 2489 ac
1603 2467 1675 2489 eum
1702 2457 1734 2489 in

997 2521 1060 2552 quio
1085 2515 1178 2542 antea
1205 2509 1453 2552 quomodolibet
1478 2515 1588 2549 erant,
1618 2515 1733 2541 statum

997 2562 1177 2600 restitutas,
1203 2562 1362 2604 repositas
1388 2567 1419 2594 et
1443 2563 1589 2605 plenarie
1615 2563 1734 2594 reinte-

998 2620 1119 2659 gratas,
1146 2624 1181 2646 ac
1207 2615 1246 2647 de
1271 2625 1356 2648 novo
1383 2615 1477 2648 etiam
1499 2616 1558 2648 sub
1585 2625 1733 2660 quacum-

1623 237 1688 270 ⁶213
1736 245 1784 272 An.
1807 245 1861 272 stt

1869 246 1918 259 *cx*

1874 255 1920 272 Ιίι)
