2170 3147
230 238 278 261 ᾹΠ.
304 236 330 260 Γ.
353 234 419 260 '’s-Pl&

252 1834 302 1855 tvvm
319 1835 337 1855 ἰη
354 1835 410 1859 rapi·

226 1864 275 1882 tutis
289 1866 307 1881 ut
324 1867 361 1881 con

225 1889 346 1913 »itionibus

225 1917 339 1936 nei-atibusv

365 1869 461 1915 ige-dc
488 1882 637 1924 capitulis
663 1887 694 1914 et
719 1881 1030 1924 congregationibus
1068 1891 1167 1924 gene-

466 224 529 257 ¹llss

424 292 561 325 cumque
587 288 742 326 perpetua
769 280 929 325 suffragia,
952 285 1017 314 tam
1036 281 1074 314 de
1096 280 1163 313 iure

425 347 519 378 quam
548 336 587 367 de
620 335 867 375 consuetudine,
902 345 1035 378 quoquo
1068 335 1165 367 modo

424 389 456 420 in
482 389 649 431 capitulis,
676 389 985 431 congregationibus
1009 389 1061 421 vel
1088 389 1167 420 deti-

423 442 550 474 nitoriis
580 442 830 484 particularibus
861 442 1104 485 provinciarum
1136 446 1166 473 et

423 495 655 535 custodiarum,
682 500 743 528 tam
766 496 805 528 de
823 494 1046 533 Observantia,
1071 504 1166 536 quam

423 548 695 587 Reformatorum,
716 548 996 587 Discalceatorum,
1023 547 1167 580 Recolle-

424 607 562 641 ctorum,
588 601 832 641 Tertiariorum,
869 602 918 634 vel
944 601 1008 633 alio
1033 600 1166 633 nomine

423 660 693 698 nuncupatorium,
721 655 887 698 quibusvis
923 654 1076 687 fratribus
1112 654 1167 686 ba-

424 714 536 740 ctenus
555 708 804 751 quomodolibet
818 708 1049 751 competentia,
1067 713 1164 746 motu,

424 761 569 799 scicntia,
588 772 623 794 ac
641 763 679 794 de
704 762 873 805 potestatis
891 761 1096 805 plenitudine
1115 771 1168 804 pa-

424 814 525 854 ribus,
553 815 668 846 barum
696 815 782 847 serie
809 814 905 847 etiam
931 818 1093 857 perpetuo
1120 824 1167 846 rc-

424 877 598 905 vocamus,
639 868 844 900 annullamus
885 872 915 899 et
954 868 1165 909 abrogamus,

424 921 612 963 nulliusque
640 920 766 953 roboris
785 926 817 953 et
832 920 988 953 momenti
1009 919 1167 962 deinceps

424 974 491 1006 sore
518 980 549 1007 et
574 985 644 1007 esse
671 974 889 1007 declaramus:
914 974 1060 1006 volentes
1097 983 1167 1016 pro⁷

425 1026 498 1059 inde
526 1028 557 1059 in
583 1028 732 1070 capitulis
766 1027 1021 1071 provincialibus
1053 1026 1164 1059 huius>

424 1081 511 1113 modi
539 1082 747 1123 guardhmos,
776 1080 977 1121 definitores,
1003 1080 1165 1119 custodes,

424 1138 455 1166 et
469 1134 684 1176 provinciales
699 1134 874 1174 ministros,
890 1144 926 1166 ac
939 1133 1165 1177 praesidentes

424 1187 619 1229 capitulares
660 1197 769 1219 vocem
806 1186 943 1219 activam
985 1196 1045 1229 pro
1083 1195 1166 1218 novo

425 1238 611 1272 delinitorio
634 1239 797 1282 eligendO,
818 1239 972 1282 ipsosque
999 1239 1166 1271 ministros

424 1292 642 1334 provinciales
678 1303 738 1325 suo
775 1298 852 1325 tnnc
892 1292 998 1325 officio
1039 1292 1165 1324 functos

423 1351 531 1378 votum
557 1346 653 1379 etiam
678 1346 897 1379 consultivum
929 1351 961 1378 et
986 1345 1164 1378 decisivum

424 1399 456 1431 in
493 1399 644 1432 omnibus
671 1399 793 1432 actibus
830 1398 1066 1442 capitularibus
1102 1399 1165 1430 una

424 1464 495 1485 cum
521 1463 604 1486 novo
632 1453 817 1486 definitorio
845 1458 876 1486 et
898 1452 1107 1496 praesidente
1134 1452 1165 1484 in

424 1507 566 1538 futurum
599 1506 763 1539 dumtaxat
795 1505 935 1545 babere,
963 1505 995 1537 in
1028 1504 1165 1548 reliquis

423 1569 499 1592 vero
526 1559 718 1592 delinitoriis
758 1559 1008 1602 particularibus
1034 1564 1065 1591 et
1090 1567 1188 1590 con-⁴

423 1613 668 1655 gregatIOuibus
694 1612 898 1646 intermediis
926 1613 1013 1645 solos
1039 1612 1166 1655 provin-

421 1666 537 1705 ciales,
553 1667 732 1706 ministros,
752 1666 905 1699 custodes
924 1670 957 1698 et
974 1665 1165 1698 definitores

422 1720 609 1752 huiusmodi
644 1730 722 1752 voce
755 1720 936 1753 consultiva
969 1724 1002 1751 et
1028 1719 1166 1752 decisiva

422 1774 466 1806 uti
492 1779 525 1806 et
550 1774 611 1806 frui
637 1774 771 1806 debere.

466 1828 481 1870 ἓ,
505 1826 536 1860 9.
564 1827 707 1870 Cumque
733 1827 847 1860 cadem
869 1837 1005 1870 prorsus
1023 1826 1063 1859 sit
1084 1826 1165 1860 ratio

424 1935 556 1974 ralibws,
583 1941 614 1967 ct
640 1945 679 1967 ne
705 1935 802 1967 etiam
828 1936 869 1966 ob
897 1935 979 1966 hanc
1000 1933 1167 1976 suffragio-

424 1999 492 2019 rum
519 1988 771 2031 perpetuitatem
798 1988 897 2030 aliqui
925 1998 961 2020 ex
989 1977 1081 2020 dictis
1115 1998 1166 2019 re—

422 2041 556 2083 ligiosis,
573 2047 702 2073 sauctae
718 2047 749 2073 ct
763 2040 955 2083 scrapbicae
973 2041 1166 2073 humilitatis

423 2095 526 2133 obliti,
560 2095 671 2137 spiritu
709 2094 883 2137 superbiae
912 2094 1077 2133 inflentur,
1105 2095 1166 2133 vel,

423 2148 637 2180 diuturnitate
664 2148 867 2189 gubernandi
890 2147 1010 2187 allecti,
1033 2147 1166 2179 subesse

424 2202 602 2241 dediscant,
626 2208 656 2233 et
682 2202 735 2234 alii
758 2212 867 2234 corum
895 2201 1044 2243 exemplo
1071 2201 1166 2233 simili

423 2254 596 2296 cupiditate
622 2255 850 2293 :asna-nitantur,
885 2253 1073 2296 priusquam
1111 2254 1168 2285 liu-

423 2306 563 2339 iusmodi
591 2308 744 2339 scaudala
770 2307 802 2339 in
828 2307 956 2339 Ordinis
987 2312 1020 2339 et
1045 2307 1168 2339 anima-

424 2369 492 2391 rum
520 2360 750 2392 detrimentum
776 2360 993 2400 invehantur,
1027 2359 1167 2402 idipsum

424 2412 510 2455 quod
545 2413 584 2444 de
622 2413 770 2455 rzqsitulis
798 2418 827 2445 ct
854 2412 1167 2455 congregationibus

424 2466 679 2507 provincialibus
707 2467 938 2509 disposuimus,
965 2473 998 2499 ut
1024 2468 1168 2509 praescr-

425 2526 494 2558 tur,
521 2520 558 2551 ad
585 2520 860 2561 congregationes
886 2520 983 2553 etiam
1020 2526 1051 2552 et
1081 2519 1169 2563 capi-

425 2574 490 2605 tula
517 2573 682 2614 generalia
700 2572 777 2604 dicti
795 2572 925 2605 Ordinis
944 2573 1167 2606 extendimus:

999 231 1183 256 BULLARu'M
1207 230 1363 256 ROMANUM

1208 281 1246 313 lis
1283 280 1440 324 praedicti
1476 280 1605 314 Ordinis
1646 280 1804 325 patribus,
1841 290 1882 313 ne
1920 279 1953 312 in

1209 333 1358 377 capitulis
1392 339 1423 367 et
1447 335 1755 377 congregationibus
1787 333 1953 377 generali-

1209 388 1267 420 bus
1292 388 1448 431 praesatis
1474 388 1647 432 quisquam
1667 399 1777 422 eorum
1796 389 1828 420 in
1847 393 1953 431 poste-

1204 452 1298 481 rum,
1326 442 1556 485 cuiuscumque
1583 441 1830 481 habitualitatis,
1856 441 1951 474 etiam

1211 496 1427 537 generalatus,
1454 500 1635 539 praetextu,
1653 494 1841 538 sull'ragium
1869 495 1952 527 l'errc

1211 548 1312 591 possit
1338 559 1397 592 pro
1423 549 1650 592 superioribus
1676 548 1887 591 generalibus
1903 548 1952 581 vel

1211 601 1405 635 definitoriis
1443 602 1568 635 noviter
1604 602 1773 644 eligendis,
1811 601 1868 634 sed
1905 601 1953 635 illi

1212 660 1335 687 tantum
1361 655 1440 688 inibi
1466 660 1575 688 votum
1602 655 1757 694 babeant,
1786 654 1840 698 qui
1866 654 1954 687 iuxta

1211 708 1340 741 Ordinis
1366 708 1616 742 constitutiones
1641 708 1680 741 de
1712 718 1850 751 corpore
1876 707 1954 741 defi-

1211 761 1319 794 nitorii
1346 762 1511 803 generalis
1544 761 1678 802 suerint,
1712 761 1755 794 ita
1786 766 1891 794 tamen
1919 765 1954 793 ut

1211 813 1272 857 ipsi
1300 815 1487 858 superiores
1513 815 1685 857 generales
1715 814 1822 847 officio
1855 814 1953 847 suncti

1211 868 1243 899 in
1271 868 1334 900 illis
1359 868 1511 911 capitulis
1531 872 1562 900 et
1579 867 1900 910 congregationibus,
1921 867 1954 900 in

1212 921 1329 963 quibus
1363 932 1477 954 eorum
1509 931 1626 953 munus
1653 921 1777 964 expleri
1803 931 1859 954 seu
1884 930 1955 953 ces-

1211 984 1282 1006 sare
1314 974 1508 1017 contigerit,
1535 979 1645 1008 votum
1673 974 1889 1007 consultivum
1922 978 1955 1006 et

1211 1027 1388 1060 decisivum
1414 1028 1447 1060 in
1473 1027 1625 1060 omnibus
1652 1027 1777 1061 actibus
1802 1028 1955 1070 capitula-

1211 1081 1299 1114 ribus
1337 1081 1527 1121 obtineant3
1555 1081 1672 1124 quibus
1694 1081 1867 1121 absolutis,
1893 1080 1954 1113 soli

1209 1134 1356 1167 minister
1381 1140 1411 1167 et
1436 1135 1680 1167 commissarius
1699 1135 1870 1177 generales
1896 1144 1956 1166 no-

1210 1188 1292 1220 viter
1318 1187 1412 1220 electi
1440 1198 1510 1220 cum
1537 1198 1653 1221 eorum
1678 1187 1872 1221 officialibus
1903 1198 1957 1220 cu-

1209 1240 1276 1272 riae
1292 1246 1323 1272 et
1341 1240 1566 1272 definitoribus
1585 1240 1773 1273 universum
1797 1239 1955 1273 Ordinem

1209 1294 1258 1326 vel
1285 1293 1439 1326 familiam
1460 1293 1647 1336 respective,
1668 1293 1802 1327 seclusis
1820 1293 1954 1336 quibus-

1210 1356 1347 1389 cumque
1383 1346 1512 1378 Ordinis
1549 1346 1719 1387 discretis,
1756 1347 1886 1380 valeant
1922 1351 1955 1380 et

1210 1399 1352 1432 debeant
1377 1400 1557 1439 moderari;
1584 1400 1627 1432 ita
1655 1398 1742 1443 quod
1768 1400 1955 1444 superiores

1209 1453 1379 1494 generales
1408 1453 1594 1485 huiusmodi
1629 1453 1661 1485 in
1686 1452 1796 1486 arduis
1822 1452 1953 1486 Ordinis

1209 1506 1259 1538 vel
1287 1506 1426 1539 familiae
1454 1506 1592 1549 negotiis
1617 1506 1744 1550 aliquos
1770 1516 1806 1539 ex
1834 1506 1956 1539 discre-

1211 1559 1247 1591 tis
1266 1565 1297 1592 et
1316 1560 1461 1602 patribus
1480 1560 1645 1603 praefatis,
1665 1570 1748 1603 quos
1769 1559 1955 1600 maluerint,

1209 1613 1392 1652 consulere,
1420 1619 1449 1645 et
1477 1613 1573 1645 etiam
1599 1613 1636 1645 ad
1664 1612 1850 1646 ordinarios
1875 1622 1953 1646 con-

1209 1677 1351 1708 gressus,
1385 1666 1409 1698 si
1436 1666 1466 1698 id
1502 1666 1672 1699 commode
1713 1665 1783 1698 fieri
1824 1665 1952 1709 poterit,

1208 1730 1325 1752 vocare
1352 1719 1503 1758 debeant,
1531 1725 1628 1762 prout
1664 1718 1835 1762 religionis
1866 1719 1954 1752 bono

1210 1773 1393 1805 conducere
1421 1773 1690 1806 existimaverint.

1253 1827 1267 1869 g
1292 1825 1346 1858 10.
1375 1826 1491 1866 Porro,
1521 1826 1608 1868 quod
1635 1825 1750 1858 attinet
1775 1825 1814 1859 ad
1840 1825 1956 1859 subro-

1210 1879 1377 1922 gationem
1412 1884 1538 1922 patrum
1574 1879 1607 1911 in
1640 1878 1792 1921 capitulis
1819 1883 1852 1911 et
1876 1889 1956 1912 con-

1210 1932 1454 1975 gregationibus
1484 1932 1551 1964 sive
1570 1932 1823 1975 particularibus
1841 1931 1956 1965 defini-

1211 1986 1303 2018 toriis
1331 1991 1383 2018 aut.
1409 1986 1651 2028 congressibus,
1668 1990 1730 2018 tam
1749 1985 1955 2027 generalibus

1212 2050 1307 2081 quam
1331 2038 1600 2082 provincialibus,
1627 2049 1663 2071 ea
1690 2038 1798 2071 onmia
1834 2038 1957 2071 servari

1188 2096 1190 2105 ⁴
1212 2092 1332 2125 debere
1351 2092 1557 2131 mandamus,
1570 2102 1649 2134 quas
1668 2088 1746 2124 alias
1764 2102 1823 2135 per
1840 2096 1957 2124 statuta

1212 2146 1298 2178 dicto
1319 2145 1433 2178 Ordini
1453 2145 1655 2188 praescripta
1675 2144 1897 2188 reperiuntur,
1914 2144 1958 2178 ita

1211 2205 1258 2238 ut,
1285 2200 1464 2231 secundum
1484 2199 1743 2241 uniuscuiusque
1765 2198 1901 2241 gradum
1926 2203 1958 2232 et

1212 2252 1414 2294 dignitatem,
1430 2251 1535 2295 primo
1549 2251 1681 2283 Ordinis
1697 2256 1728 2284 et
1744 2251 1882 2284 familiae
1896 2251 1956 2284 dis-

1211 2305 1301 2346 creti,
1329 2305 1447 2338 deiude
1475 2305 1680 2337 cxx-officiatos
1707 2304 1871 2337 Romanae
1897 2303 1957 2337 Cu-

1212 2359 1278 2391 riae
1305 2369 1340 2390 ac
1366 2357 1611 2390 cx-deiinitoi‘es
1630 2358 1815 2399 generales,
1841 2361 1957 2400 postea

1212 2411 1408 2444 ox-minisiri
1436 2417 1466 2443 et
1491 2411 1679 2454 provinciae
1712 2416 1821 2454 patres
1846 2420 1957 2453 respe-

1211 2465 1301 2505 ctive,
1324 2465 1409 2497 iuxta
1430 2464 1617 2498 eorumdem
1635 2469 1827 2497 statutorum
1846 2463 1957 2506 dispo-

1212 2518 1382 2558 sitionem,
1408 2518 1643 2551 substituantur
1668 2522 1699 2549 et
1725 2517 1954 2559 subrogentur.

1213 2570 1364 2603 Volcutcs
1392 2576 1498 2604 tamen
1524 2571 1610 2613 quod
1633 2569 1872 2614 provinciarum
1899 2569 1956 2602 mi-

422 2624 610 2658 inhibentes
638 2629 812 2668 propterca
838 2625 987 2658 omnibus
1014 2631 1044 2659 et
1063 2626 1167 2669 singu·
1212 2624 1303 2658 nistri
1333 2624 1439 2657 osticio
1475 2625 1598 2665 suncti,
1633 2630 1664 2656 et
1697 2624 1750 2668 qui
1787 2623 1872 2658 inter
1897 2632 1955 2657 eos

1962 229 2010 257 An.
2028 229 2057 258 C.
2079 230 2146 261 1724

1966 1831 2092 1853 Statuuntur
2099 1837 2150 1854 non·

1965 1859 2023 1879 nulla
2038 1859 2064 1880 de
2074 1858 2150 1880 subro-

1966 1885 2050 1911 gatione
2067 1888 2148 1911 patrum

1966 1913 1986 1932 in
1998 1913 2096 1938 capitulis
2107 1914 2147 1934 tam

1976 1938 2137 1964 particular-ihu·

1967 1970 2030 2013 guam
2043 1965 2150 1991 generati-

1982 1997 2014 2013 us.
