2170 3147
160 223 213 248 An.
232 222 261 248 c.
280 220 348 247 5727
394 211 461 245 582
945 216 1130 242 numanum
1153 216 1308 242 Romaim

360 269 549 312 disciplinas
582 275 677 313 atque
715 274 800 301 artes
829 267 961 311 publice
987 267 1107 299 docere

360 328 391 355 et
415 324 589 365 perlegere
614 321 759 365 possint,
783 330 931 363 quosque
956 319 1018 357 ibi,
1053 324 1108 351 aut

360 375 456 408 etiam
481 376 571 414 alibi,
592 379 725 418 peracto
745 374 925 407 studiorum
943 372 1107 405 curriculo

359 428 489 460 habiles
516 434 548 460 et
572 428 712 460 idoneos
740 426 880 469 reperiri
915 425 1105 467 contigerit,

360 481 399 514 ad
424 481 648 523 magisterium
681 480 715 512 in
742 479 925 522 theologia,
951 479 984 510 in
1017 483 1108 510 utro-

360 544 421 577 que
447 534 516 567 iure
543 535 738 567 cumulative
771 545 844 566 cum
876 532 1016 575 collegio
1051 532 1104 564 iu-

358 587 634 621 risconsultorum
660 587 805 620 eiusdem
833 586 992 625 civitatis,
1020 590 1051 617 et
1074 585 1106 617 in

359 640 521 674 medicina
546 651 698 683 quoque,
723 644 900 683 postquam
927 639 1024 671 huius
1059 649 1108 671 ar-

359 694 400 726 tis
425 693 594 737 professor
618 693 736 726 iisdem
754 692 918 735 magistris
936 691 1107 724 adiunctus

360 747 466 787 suerit,
493 748 621 779 servata
645 745 679 778 in
704 746 857 778 omnibus
877 746 980 778 forma
999 750 1031 777 et
1049 744 1106 776 dis·

360 801 522 843 positione
548 799 742 832 Viennensis
768 804 799 832 et
823 797 1004 831 Tridentini
1026 797 1107 830 Con-

359 854 520 893 ciliorum,
542 853 660 896 quibus
685 852 717 884 in
743 852 852 895 aliquo
871 852 1030 894 derogare
1051 860 1108 883 ne-

360 916 521 950 quaquam
567 906 768 938 intendimus
786 932 793 945 ,
836 905 875 937 ad
917 905 1106 936 doctoratus

360 960 496 1002 gradum
522 969 717 1001 promovere
738 958 842 991 libere
871 963 903 990 et
932 957 1018 990 licite
1036 967 1107 999 pos-

360 1013 426 1045 sint
451 1018 482 1045 et
505 1013 635 1045 valeant
668 1012 701 1044 in
735 1011 885 1044 omnibus
915 1016 947 1044 et
978 1020 1039 1054 per
1074 1021 1108 1042 o-

360 1066 447 1098 mnia
477 1071 575 1108 prout
607 1065 641 1097 in
665 1065 737 1097 aliis
762 1064 944 1097 studiorum
971 1073 1108 1105 genera-

359 1119 439 1152 lium
464 1117 732 1151 universitatibus
751 1127 809 1160 per
829 1117 947 1149 Sedem
970 1117 1108 1158 Aposto-

360 1173 456 1205 licam
482 1170 600 1204 erectis
626 1170 694 1202 sieri
720 1171 819 1208 solet,
847 1168 1025 1212 apostolica
1052 1178 1108 1200 au-

360 1226 520 1263 ctoritate,
536 1223 725 1256 earumdem
745 1228 858 1254 tenore
873 1222 1107 1264 praesentium,

359 1283 523 1321 perpetuo
564 1276 671 1318 erigas
712 1280 811 1318 atque
857 1275 1033 1314 instituas,
1070 1285 1107 1306 ac

360 1332 467 1365 eidem
491 1329 697 1363 universitati
733 1329 830 1361 studii
865 1327 1029 1370 generalis
1061 1327 1108 1360 sie

360 1390 489 1417 erectae
515 1394 552 1416 ae
577 1383 764 1422 institutae,
798 1382 934 1424 eiusque
973 1391 1107 1424 praece-

359 1437 510 1481 ptoribus
537 1441 570 1468 et
594 1435 772 1477 magistris,
799 1434 1016 1473 scholaribus,
1041 1434 1108 1467 offi-

359 1491 509 1529 cialibus,
538 1489 678 1531 aliisque
704 1488 857 1531 personis
893 1488 1107 1530 quibuscum-

359 1554 422 1587 que
447 1553 507 1586 pro
535 1548 683 1584 tempore
701 1541 929 1579 existentibus,
953 1546 987 1572 ut
1004 1541 1108 1573 omni-

358 1598 418 1629 bus
445 1602 477 1629 et
502 1596 640 1638 singulis
666 1594 865 1637 privilegiis,
892 1594 1041 1633 indultis,
1069 1595 1107 1627 li-

358 1650 562 1688 bertatibus,
589 1647 870 1687 immunitatibuS,
887 1647 1108 1690 exemptioni-

358 1704 429 1743 bus,
456 1701 675 1740 facultatibus,
701 1701 880 1740 favoribus,
907 1700 1104 1738 honoribus,

358 1754 611 1800 praerogativis,
638 1753 911 1795 praeeminentiis
938 1759 970 1785 et
994 1753 1107 1794 gratiis

358 1810 540 1852 gaudeant,
566 1818 648 1851 quae
682 1807 714 1839 in
751 1807 979 1839 universitates
1007 1806 1105 1839 studii

360 1863 525 1906 generalis
560 1862 623 1894 iam
657 1866 783 1893 erectas
818 1871 876 1903 per
907 1860 990 1892 viam
1024 1870 1129 1892 com-1

358 1916 594 1949 numieationis
615 1920 648 1947 et
665 1915 745 1947 alias
772 1913 1023 1957 quomodolibet
1043 1915 1107 1946 col-

359 1972 441 2004 latae
467 1969 545 2002 olim
572 1969 713 2007 suerunt,
731 1973 827 2010 atque
851 1967 888 1999 iis
910 1966 980 2009 pari
1008 1966 1105 1999 modo
1127 1987 1128 1990 =

1128 2020 1252 2057 ¹semel
1290 2023 1344 2050 aut
1376 2017 1505 2060 saepius
1542 2017 1581 2049 ad
1614 2017 1646 2049 id
1682 2016 1896 2050 convocando

1127 2062 1129 2073 ³
1150 2072 1416 2105 distributionem
1442 2071 1640 2109 faciendam,
1667 2071 1763 2103 liceat
1787 2070 1895 2102 eidem

360 2029 391 2056 et
416 2023 539 2065 absque
571 2022 638 2054 utta
665 2031 802 2064 prorsus
830 2019 1013 2052 differentia
1038 2019 1104 2060 uti,

360 2077 421 2108 srui
447 2081 478 2108 et
503 2075 646 2117 gaudere
673 2074 776 2106 libere
795 2079 826 2106 et
846 2073 935 2105 licite
960 2073 1104 2112 valeant,

361 2130 556 2161 auctoritate
581 2133 613 2160 et
638 2132 752 2160 tenore
778 2126 954 2169 praedictis
987 2136 1105 2169 perpe·
1126 2116 1128 2146 ⁴]

360 2190 415 2215 tuo
440 2182 587 2223 largiaris
614 2187 712 2223 atque
738 2180 922 2221 indulgeas.

179 2243 264 2264 Necnon
281 2242 348 2262 etum
404 2236 418 2277 ᾗ
439 2235 470 2267 4
492 2235 664 2267 Ριιιοιριιει
683 2239 774 2265 scuta
791 2244 826 2266 ee
832 2239 921 2265 ntum
940 2238 973 2264 et
991 2232 1128 2274 viginti¹

165 2275 227 2295 prae
230 2269 318 2314 εὲιΙΜῐιιῖ)
322 2270 350 2289 ut

165 2303 190 2321 rw
180 2299 234 2315 ιιιι
317 2326 339 2339 c
336 2293 531 2327 monetae,
560 2298 611 2330 qu
606 2297 641 2319 ie
666 2287 824 2318 hactenus
850 2285 1022 2328 capitaneo
1048 2296 1104 2318 seu

165 2329 192 2342 mi
202 2302 277 2341 nitatis

165 2329 222 2374 wanr
215 2349 281 2368 ιιιιιιι
283 2300 349 2366 εωιὶι-
362 2341 459 2373 iudici
493 2344 603 2373 exteio
634 2340 890 2383 appellationum
916 2339 1104 2382 praedictae
1126 2341 1128 2368 ἒ

182 2378 263 2395 nullom
292 2379 340 2393 man

182 2404 209 2422 ει
362 2393 500 2426 civitatis
525 2403 584 2435 pei
601 2393 724 2425 dictum
744 2392 984 2425 thesaurarium
999 2392 1105 2424 soluta

363 2447 511 2484 suerunt,
537 2456 596 2488 pro
624 2448 687 2477 una
713 2450 835 2477 tantum
862 2445 1017 2487 portione
1045 2445 1105 2486 (al-

364 2501 444 2537 tera,
463 2508 545 2541 quae
563 2497 702 2530 consilio
728 2498 875 2539 generali
902 2497 1006 2529 dictae
1032 2496 1105 2528 civi-

364 2551 437 2584 tatis
462 2550 626 2583 sufficiens
651 2549 716 2581 visa
742 2549 852 2588 suerit,
881 2549 1000 2582 salario
1026 2548 1103 2581 dicti

364 2602 526 2648 capitanei
563 2612 622 2634 seu
648 2601 762 2634 iudicis
788 2602 1046 2644 appellationum
1070 2605 1105 2633 ut

1150 265 1234 299 infra
1260 265 1415 308 eligendi,
1435 265 1444 283 ¹
1462 268 1667 310 remanente)
1689 278 1760 300 cum
1786 267 1900 300 liuius-

1152 318 1240 351 modi
1267 320 1414 352 locorum
1436 320 1593 353 montium
1615 320 1824 353 cameralium
1842 320 1899 353 tri-

1152 371 1242 413 ginta
1267 377 1350 411 octo‚
1370 378 1465 416 atque
1492 372 1658 414 octoginta
1684 383 1737 405 sex
1760 372 1900 405 centesi-

1152 424 1225 464 mis,
1245 430 1343 469 atque
1370 426 1475 458 obolis
1502 431 1575 459 octo
1602 432 1633 458 et
1658 425 1838 468 sexaginta,
1858 425 1899 459 ad

1152 477 1273 511 dictum
1289 479 1377 521 pium
1393 490 1476 522 opus
1489 479 1726 522 spectantibus,
1740 479 1898 521 assignes,

1152 531 1228 573 quia
1254 531 1338 564 idem
1364 532 1453 575 pium
1481 542 1563 574 opus
1589 531 1735 571 aliunde,
1756 536 1900 574 utprae-

1151 584 1265 623 fertur,
1281 585 1466 627 adimpleri,
1487 591 1518 617 et
1535 585 1647 617 civitas
1660 585 1899 618 Camerinensis

1152 638 1288 680 eiusque
1315 638 1482 670 districtus
1508 638 1640 671 aliunde
1677 639 1776 671 etiam
1801 639 1898 682 copia

1152 691 1305 724 frumenti
1331 692 1472 724 ubertim
1498 692 1539 724 ali
1566 697 1694 734 potest;
1721 702 1800 735 quas
1825 702 1899 734 por-

1153 744 1259 777 tiones
1275 750 1305 777 et
1324 746 1396 777 loca
1418 746 1576 777 montium
1596 745 1671 778 ideo
1690 756 1707 777 a
1728 745 1899 788 praedicto

1151 797 1205 840 pio
1224 808 1324 840 opere
1342 797 1424 830 sine²
1437 797 1731 831 administrationis
1746 798 1897 839 iustitiae,

1152 861 1235 893 quae
1260 861 1277 883 a
1303 851 1474 893 capitaneo
1496 862 1552 884 seu
1574 851 1681 884 iudice
1707 852 1900 895 appellatio-

1152 914 1229 935 num
1256 904 1349 936 reddi
1376 905 1476 942 solet,
1503 904 1615 947 piique
1651 904 1762 947 operis
1801 904 1899 937 adim-

1151 957 1309 999 plementi
1330 957 1476 989 laesione
1498 962 1530 989 et
1547 957 1763 1000 praeiudicio,
1783 957 1899 990 eadem

1152 1009 1346 1042 auctoritate
1371 1015 1535 1053 perpetuo
1563 1010 1726 1043 distrahas
1751 1015 1784 1043 et
1808 1020 1900 1053 sepa-

1151 1073 1218 1095 res.
1239 1063 1299 1096 Pro
1325 1064 1462 1096 duorum
1489 1069 1606 1103 autem,
1627 1064 1817 1106 theologiae
1839 1063 1900 1097 sci—

1151 1117 1229 1149 licet
1263 1128 1300 1150 ac
1332 1117 1505 1160 utriusque
1539 1117 1619 1150 iuris
1648 1118 1896 1160 professorum,

1151 1170 1359 1213 aliorumque
1376 1170 1588 1212 imposterum
1610 1170 1899 1212 adiungendorum

1151 1222 1313 1264 congruis,
1333 1227 1365 1254 et
1391 1223 1477 1254 iuxta
1502 1222 1672 1265 providam
1699 1223 1732 1254 in
1758 1222 1897 1256 consilio

1151 1277 1299 1317 generali
1325 1276 1605 1308 Camerinensium
1631 1277 1736 1309 semel
1757 1281 1811 1308 aut
1827 1287 1899 1309 sae-

1151 1328 1224 1370 pius
1250 1328 1404 1361 habendo
1424 1328 1692 1361 distributionem
1716 1328 1899 1362 faciendam

1150 1392 1210 1425 pro
1236 1382 1410 1425 stipendiis
1441 1382 1666 1424 assignandis,
1693 1382 1898 1425 aliorumque

1151 1446 1289 1468 onerum
1314 1436 1502 1468 necessario
1520 1435 1768 1467 subeundorum
1790 1440 1822 1467 et
1839 1445 1900 1478 per

1128 1481 1272 1521 'dietum
1306 1488 1482 1521 consilium
1518 1489 1671 1530 generale
1709 1488 1899 1521 statuendo-

1151 1551 1222 1573 rum
1242 1542 1413 1574 tolerantia
1439 1547 1471 1573 et
1495 1540 1761 1583 supportatione,
1782 1541 1898 1574 eadem

1151 1599 1242 1626 scuta
1268 1599 1396 1626 eentum
1428 1599 1459 1625 et
1494 1593 1631 1635 viginti,
1666 1603 1725 1635 pro
1758 1595 1823 1625 una
1858 1604 1897 1626 ex

1151 1648 1278 1680 duabus
1304 1647 1513 1690 portionibus
1546 1646 1722 1688 praedictis
1749 1651 1898 1686 tantum,

1151 1701 1191 1733 ab
1208 1700 1430 1743 assignatione
1449 1700 1559 1732 salarii
1578 1699 1767 1732 huiusmodi
1786 1699 1898 1731 distra-

1151 1759 1222 1792 cta,
1242 1759 1273 1785 et
1299 1763 1398 1796 saepe
1420 1757 1599 1784 memorata
1617 1754 1688 1784 loca
1712 1752 1894 1792 montium,

1151 1806 1190 1838 ab
1216 1816 1317 1848 opere
1343 1806 1417 1848 pio,
1444 1810 1478 1836 ut
1502 1805 1701 1847 praefertur,
1728 1809 1895 1847 separata,

1151 1860 1256 1892 eidem
1283 1859 1483 1891 universitati
1517 1858 1615 1890 studii
1649 1858 1812 1899 generalis
1838 1869 1898 1901 per

1151 1923 1208 1945 nos
1229 1917 1359 1945 erectae
1379 1917 1410 1944 et
1428 1911 1605 1951 institutae,
1624 1911 1711 1943 iuxta
1729 1910 1896 1953 providam

1150 1971 1182 1997 et
1207 1966 1344 1998 liberam
1372 1964 1411 1996 ab
1436 1964 1552 1996 eodem
1584 1963 1722 1996 consilio
1749 1963 1896 2005 generali

1151 2125 1369 2164 universitati,
1390 2130 1421 2156 et
1447 2135 1507 2167 pro
1533 2124 1589 2156 itta
1616 2123 1684 2156 eius
1711 2122 1895 2155 rectoribus

1150 2189 1205 2211 seu
1231 2177 1408 2215 ministris,
1438 2182 1566 2209 centum
1598 2181 1629 2208 et
1654 2175 1765 2218 viginti
1792 2180 1896 2208 scuto-

1150 2242 1235 2269 rum,
1268 2241 1327 2273 pro
1364 2233 1427 2262 una
1454 2234 1578 2262 tantum
1606 2240 1643 2261 ex
1670 2228 1794 2261 duabus
1819 2238 1894 2271 por-

1150 2285 1296 2316 tionibus
1314 2283 1502 2326 praedictis‚
1522 2288 1618 2324 atque
1639 2282 1785 2314 locorum
1802 2291 1895 2314 mon-

1151 2338 1229 2369 tium
1246 2336 1446 2375 huiusmodi,
1467 2341 1501 2367 ut
1522 2335 1705 2378 praefertur
1723 2334 1896 2366 distracto·

1150 2401 1219 2422 rum
1245 2395 1277 2422 et
1300 2393 1544 2432 separatorum,
1569 2397 1676 2420 veram
1702 2392 1734 2419 et
1758 2387 1891 2426 realem,

1149 2443 1309 2475 actualem
1342 2446 1374 2474 et
1404 2441 1612 2483 corporalem
1645 2438 1892 2482 possessionem

1149 2495 1252 2527 libere
1291 2493 1565 2537 apprehendere,
1592 2497 1624 2525 et
1648 2492 1893 2535 apprehensam

1186 2566 1195 2590 1
1221 2563 1371 2599 l'raeposit.
1393 2572 1410 2591 α
1431 2562 1555 2590 delemus
1573 2564 1611 2596 (a.
1629 2562 1679 2596 τ.).

1183 2608 1200 2634 2
1215 2608 1282 2635 Male
1303 2608 1348 2635 ed.
1371 2607 1451 2634 Maia.
1472 2607 1539 2642 legit
1557 2606 1616 2634 sive
1635 2613 1684 2641 pro
1703 2605 1765 2632 sine
1786 2606 1826 2639 (n.
1842 2605 1891 2637 τ.).

1905 218 1958 246 An.
1977 217 2007 246 C.
2025 218 2096 248 172⁷
