2170 3147
211 245 260 272 An.
279 246 297 272 C
332 244 397 272 1727

239 414 382 434 rrum-mium.

240 1769 329 1790 Dia-reia
341 1774 401 1794 praa-

219 1797 274 1816 diu-ta
288 1797 400 1816 definitor-n

219 1824 324 1847 generalis
341 1829 399 1848 prae-

217 1851 307 1870 iatmum
357 1849 402 1869 sra-

218 1883 278 1899 1ruup

445 234 509 268 596

593 293 774 321 Benedictus
796 292 874 325 Papa
893 290 974 323 xm,

543 338 580 365 ad
599 338 734 365 futuram
753 337 800 364 rei
819 336 1008 364 memoriam.

451 401 618 434 Militantis
643 400 810 433 Ecclesiae
827 399 980 442 regimini
1001 408 1059 441 per
1076 397 1154 430 inef-

407 454 538 488 fabilem
565 454 690 486 divinae
724 453 882 486 bonitatis
916 451 1150 485 abundantiam

407 509 498 541 nullo
525 509 599 541 licet
616 508 807 541 meritorum
825 514 1012 540 nostrorum
1040 505 1153 538 sutl'ra-

407 562 460 604 gio
479 561 676 606 praepositi,
693 562 764 601 illa,
781 572 863 605 quac
880 571 941 604 pro
961 560 1045 593 felici
1065 559 1152 592 chri-

407 617 596 649 stindetium
634 616 693 648 sub
730 615 821 648 suavi
865 614 1036 656 religionis
1076 614 1151 656 iugo

407 670 564 704 Altissimi
590 669 757 712 obsequiis
782 669 1041 712 mancipatorum
1069 668 1154 701 dire-

408 724 515 756 ctione
553 722 687 766 provide
724 722 900 755 constituta
934 731 1007 754 esse
1039 721 1154 763 digno-

408 782 554 817 scuntur,
579 776 737 815 libenter,
764 786 835 808 cum
857 786 874 807 a
899 775 995 808 nobis
1020 775 1154 819 petitur,

409 830 590 873 apostolico
616 829 795 862 munimine
820 829 1026 862 roboramus.

453 883 525 927 §L
558 883 682 927 Exponi
720 882 883 926 siquidem
915 882 1012 915 nohis
1048 892 1155 925 nuper

409 938 484 970 fecit
510 938 647 970 dilectus
666 937 749 970 tilius
769 936 907 969 Michael
926 947 942 969 a
960 936 991 969 S.
1012 935 1154 978 loseplio

409 991 680 1034 Congregationis
706 990 890 1033 Hispaniae,
924 989 963 1022 de
1000 989 1154 1022 mandato

410 1054 565 1087 expresso
603 1043 780 1076 definitorii
818 1043 981 1086 generalis
1022 1042 1155 1074 fratrum

409 1097 684 1130 Discalceatornm
711 1101 975 1138 nuncupatorum
1008 1095 1061 1129 SS.
1089 1095 1156 1128 Tri-

411 1151 519 1183 nitatis
547 1150 785 1193 redemptionis
809 1150 1012 1194 captivorum
1039 1149 1070 1181 in
1097 1149 1155 1182 Ro—

410 1206 503 1236 mana
527 1204 619 1237 Curia
644 1209 839 1246 procurator
865 1202 1039 1245 generalis,
1066 1202 1153 1246 quod

411 1258 461 1291 die
487 1268 543 1291 xm
569 1257 688 1290 mensis
715 1257 913 1301 septembris
939 1257 1015 1289 anni
1050 1256 1155 1299 proxi-

410 1322 460 1344 me
481 1310 650 1355 praeteriti
669 1310 701 1343 in
721 1321 802 1343 sess.
821 1321 865 1344 vir
883 1309 958 1343 dicti
981 1309 1153 1342 definitorii

410 1365 527 1397 Matriti
553 1364 728 1397 Toletanae
763 1364 924 1397 dioecesis
958 1363 1068 1396 habita
1094 1373 1154 1406 pro

410 1417 496 1451 bono
527 1417 686 1460 regimine
722 1417 913 1461 provinciae
938 1416 970 1449 S.
998 1415 1154 1449 Ioacbimi

411 1477 442 1504 ct
460 1481 738 1514 quarumcumque
758 1470 893 1503 aliarum
913 1470 1154 1514 provinciarum

410 1524 681 1567 Congrcgationis
715 1524 903 1557 huiusmodi
930 1524 961 1557 in
988 1529 1154 1567 posterum

411 1577 865 1621 erigendarum,unanimiter
890 1583 922 1610 et
946 1576 1157 1610 conformiter

411 1633 551 1665 stabilita
576 1637 609 1665 et
644 1631 794 1665 ordinata
829 1632 959 1665 suerunt
995 1631 1155 1674 quaedam

412 1686 545 1719 decreta
571 1685 695 1718 tenoris
723 1686 776 1729 qui
803 1685 961 1729 sequitur,
988 1683 1155 1717 videlicet:

451 1771 470 1792 1.
495 1761 575 1798 Quod
592 1762 621 1791 in
639 1761 862 1801 praenominata
877 1761 1028 1800 provincia
1052 1760 1081 1790 S.
1096 1760 1155 1790 loa-

413 1811 502 1841 cliimi
520 1812 670 1850 perpetuis
686 1811 792 1840 suturis
808 1809 989 1850 temporibus
1005 1810 1063 1839 sint
1080 1818 1155 1839 unus

414 1860 605 1900 provincialis
629 1864 658 1890 et
678 1860 728 1890 alii
746 1860 802 1890 duo
830 1859 996 1889 successuri
1026 1859 1055 1889 in
1079 1859 1157 1888 dese-

414 1914 491 1939 ctum
516 1909 665 1948 priorum,
690 1918 722 1938 ac
754 1917 828 1938 uuus
850 1909 1018 1948 redemptor
1042 1908 1157 1947 provin-

415 1959 497 1988 cialis
528 1962 554 1987 et
585 1968 661 1988 unus
698 1958 865 1997 provinciae
903 1962 1086 1998 procurator.
1123 1976 1153 1978 Ἀ

414 2016 443 2037 u.
468 2006 547 2042 Quod
571 2008 598 2036 in
623 2007 789 2046 supradicta
814 2007 965 2046 provincia
992 2006 1157 2036 celebretur

415 2056 575 2095 capitulum
604 2056 782 2094 provinciale
805 2056 839 2085 de
863 2056 991 2085 triennio
1014 2056 1042 2084 in
1067 2055 1158 2085 trien-
1178 2057 1180 2067 ⁸

414 2105 496 2134 nium
519 2104 620 2135 sabato
642 2110 708 2134 ante
732 2110 864 2144 quartam
888 2104 1064 2134 dominicam
1094 2109 1157 2143 post

415 2154 535 2183 Pascha.
560 2172 598 2177 —
620 2163 659 2184 111.
682 2154 762 2189 Quod
785 2154 947 2193 capitulum
978 2154 1157 2193 provinciale

416 2203 1156 2242 huiusmodicelebrariincipiatabaiinonnccxxx.

415 2268 453 2273 -——
478 2260 515 2280 iv.
536 2252 616 2286 Quod
640 2253 668 2281 in
692 2252 860 2281 definitorio
883 2252 1013 2290 generali
1037 2261 1159 2289 congre-

416 2301 510 2337 gando
533 2302 701 2330 immediate
726 2306 788 2340 post
812 2301 961 2331 obtentam
987 2311 1001 2330 a
1029 2302 1058 2330 S.
1084 2301 1158 2330 Sede

417 2349 520 2379 harum
544 2350 767 2389 dispositionum
791 2351 1063 2386 confirmationem,
1088 2351 1158 2380 defi-

416 2398 555 2427 nitoriurn
568 2399 704 2435 generale
717 2400 803 2437 eligat
820 2400 1076 2439 supranominatae
1094 2409 1159 2438 pro-

419 2446 529 2476 vinciae
549 2456 637 2476 novos
654 2449 713 2476 sive
731 2449 839 2487 primos
855 2449 1025 2478 definitores
1042 2449 1159 2488 provin-

418 2496 506 2524 ciales
524 2496 652 2524 eiusdem
678 2497 859 2534 provinciae,
884 2502 912 2527 et
935 2497 1007 2527 duos
1030 2497 1157 2527 actuales

418 2545 522 2580 socios,
548 2545 608 2583 qui,
633 2546 821 2575 conformiter
843 2546 878 2575 ad
902 2556 934 2576 ea
957 2556 1031 2585 quae
1055 2546 1082 2576 in
1108 2556 1159 2575 no-

418 2593 486 2623 stris
502 2593 761 2623 constitutionibus
777 2595 978 2633 stabiliuntur,
996 2596 1054 2625 sint
1071 2595 1157 2625 etiam

420 2642 545 2671 ministri
562 2642 700 2676 actuales,
722 2651 752 2670 ac
777 2643 892 2672 demum
915 2644 988 2673 duos
1011 2644 1105 2673 socios
1129 2645 1156 2673 in

988 238 1173 266 BULLARIUM
1198 238 1356 263 ROMANUM

1196 289 1339 318 desectum
1364 287 1513 328 priorum,
1537 288 1587 328 qui
1617 288 1684 327 eligi
1713 287 1842 327 possint,
1869 286 1938 317 licet

1197 347 1253 368 non
1281 337 1341 367 sint
1367 341 1431 367 actu
1456 337 1603 375 ministri,
1636 341 1664 367 et
1694 337 1744 376 qui
1773 336 1938 366 successive

1197 397 1273 417 unus
1301 391 1365 426 post
1395 387 1485 416 alium
1508 386 1695 421 subintrent,
1724 390 1753 415 et
1783 385 1939 425 suppleant

1198 436 1288 466 vicem
1311 437 1525 475 cuiuscumque
1544 435 1678 465 habentis
1696 444 1796 464 vocem
1814 435 1937 464 activam

1197 486 1227 515 in
1246 486 1375 524 capitulo
1399 485 1582 524 provinciali,
1607 494 1675 514 casu
1699 493 1756 522 quo
1776 487 1834 513 tam
1857 483 1938 513 brevi

1198 535 1336 574 temporis
1359 536 1485 564 decursu
1502 534 1651 573 nequierit
1669 533 1742 563 alias
1765 534 1845 572 eligi,
1870 543 1941 572 qua-

1198 584 1263 613 liter
1286 584 1320 613 de
1344 584 1431 613 sociis
1458 582 1644 621 generalibus
1670 583 1700 612 in
1728 582 1872 612 desectum
1896 591 1941 612 re-

1197 633 1326 672 spective
1349 632 1487 662 statuitur
1510 632 1543 661 ad
1561 632 1720 671 capitulum
1736 632 1884 670 generale.
1907 650 1939 653 —

1198 690 1224 710 v.
1249 681 1330 717 Quod
1354 681 1389 711 ad
1412 681 1538 720 primum
1569 681 1729 720 capitulum
1759 680 1939 720 provinciale

1197 731 1381 770 supradictae
1418 730 1585 769 provinciae
1620 730 1831 760 celebrandum
1865 739 1941 760 anno

1198 789 1347 818 rruccxxx,
1369 784 1546 810 concurrant
1569 789 1668 809 vocem
1689 779 1813 809 activam
1831 778 1942 809 haben-

1199 834 1259 859 tes:
1284 830 1394 869 primo,
1420 834 1569 868 tamquam
1593 838 1710 868 praeses
1732 828 1863 868 capituli,
1889 829 1942 858 mi-

1199 879 1290 908 nister
1322 878 1467 916 generalis
1501 877 1639 913 Ordinis,
1665 878 1709 907 vel
1733 877 1782 917 qui
1806 886 1840 907 ex
1863 877 1941 907 dicta

1200 927 1352 967 provincia
1379 927 1504 965 eligatur
1534 936 1650 966 praeses
1672 926 1793 966 capituli
1822 936 1836 955 a
1865 926 1942 956 dicto

1200 976 1336 1006 ministro
1359 976 1511 1014 generali3
1532 976 1672 1009 secundo,
1696 975 1835 1005 definitor
1856 985 1943 1014 gene-

1199 1026 1268 1056 ralis
1300 1026 1389 1056 totius
1422 1025 1559 1063 Ordinis,
1593 1025 1642 1065 qui
1674 1026 1703 1055 in
1737 1026 1865 1064 capitulo
1894 1034 1944 1063 ge-

1200 1075 1293 1104 nerali
1325 1075 1495 1104 immediate
1533 1075 1690 1114 praeterito
1728 1083 1762 1104 ex
1799 1075 1872 1104 ortis
1907 1075 1943 1104 de

1199 1133 1288 1162 regno
1312 1123 1449 1153 l'oloniae
1472 1124 1584 1153 electus
1607 1124 1714 1158 snerit;
1741 1124 1837 1161 tertio,
1863 1128 1944 1163 pater

1200 1173 1388 1213 provincialis
1412 1173 1460 1212 qui
1484 1173 1595 1212 spirat,
1619 1177 1645 1203 et
1671 1173 1781 1203 electus
1803 1173 1891 1202 fuerit
1913 1175 1942 1203 in

1201 1222 1367 1251 definitorio
1399 1222 1550 1259 generati;
1586 1226 1711 1260 quarto,
1745 1227 1873 1262 quatuor
1895 1222 1944 1252 de-

1200 1271 1331 1302 finitores
1356 1271 1543 1310 provinciae,
1568 1271 1618 1310 qui
1641 1271 1726 1301 electi
1750 1272 1860 1311 pariter
1884 1272 1945 1301 l'uc-

1200 1321 1257 1350 rint
1280 1321 1309 1349 in
1332 1320 1409 1350 dicto
1442 1320 1610 1350 delinitorio
1644 1320 1785 1359 generali,
1817 1329 1942 1359 quorum

1200 1369 1330 1399 officium
1353 1369 1445 1408 spirat
1460 1369 1488 1398 in
1513 1368 1590 1398 (licto
1613 1369 1741 1408 capitulo
1758 1370 1942 1409 provinciali,

1200 1418 1228 1448 in
1263 1427 1319 1457 quo
1353 1418 1529 1458 praecedent
1560 1418 1639 1447 iuxta
1675 1418 1807 1448 ordinem
1841 1428 1942 1449 eorum

1200 1465 1351 1495 electionis
1375 1465 1448 1494 facta
1472 1465 1500 1494 in
1526 1465 1674 1504 praedicto
1704 1465 1872 1495 definitorio
1894 1476 1944 1503 ge-

1200 1514 1314 1544 nerali:
1339 1514 1392 1543 hos
1422 1518 1583 1552 sequentur
1606 1514 1732 1544 ministri
1757 1518 1823 1544 actu
1852 1516 1942 1553 socii,

1200 1568 1349 1593 servantes
1372 1564 1458 1593 etiam
1479 1563 1612 1593 ordinem
1637 1563 1767 1603 ipsorum
1789 1565 1944 1595 electionis

1200 1613 1292 1642 sactae
1325 1613 1354 1642 in
1388 1613 1465 1642 dicto
1497 1612 1663 1642 definitorio
1696 1613 1849 1651 generali;
1881 1618 1945 1653 post

1199 1672 1271 1701 quos
1304 1667 1465 1701 sequentur
1500 1662 1593 1702 primo
1627 1662 1806 1701 redemptor,
1840 1663 1945 1694 deinde

1200 1715 1372 1750 procurator
1396 1711 1574 1750 provinciae,
1602 1715 1630 1740 et
1663 1711 1693 1740 hi
1726 1711 1784 1742 duo
1816 1712 1944 1750 eligendi

1199 1765 1267 1791 sunt
1290 1761 1319 1790 in
1343 1760 1512 1790 definitorio
1530 1760 1661 1798 generali
1677 1761 1745 1790 anni
1762 1769 1943 1798 iunccxxvin,

1201 1809 1353 1849 posteriori
1370 1809 1509 1838 nimirum
1522 1809 1650 1848 capitulo
1669 1809 1800 1847 generali
1813 1810 1943 1839 eiusdem

1199 1859 1278 1895 anni,
1303 1858 1337 1887 ad
1354 1857 1431 1897 quod
1447 1861 1560 1897 spectat
1576 1858 1693 1887 illorum
1712 1858 1827 1895 electio,
1845 1867 1945 1897 qnem-

1199 1907 1354 1937 admodum
1381 1916 1474 1946 usque
1506 1906 1590 1936 hodie
1620 1907 1805 1937 observatum
1829 1907 1894 1945 suit,
1918 1912 1944 1937 et

1199 1957 1321 1986 istorum
1336 1956 1463 1985 osticium
1476 1955 1567 1995 spiret
1582 1956 1732 1995 praedicto
1745 1966 1793 1986 an.
1806 1955 1943 1986 tinccxxia

1201 2010 1264 2044 post
1287 2005 1513 2034 celebrationem
1537 2005 1658 2044 capituli
1684 2005 1883 2044 provincialis.
1906 2024 1944 2028 —

1201 2063 1236 2083 vi.
1259 2053 1339 2089 Quod
1364 2058 1394 2083 ut
1418 2054 1578 2092 capitulum
1598 2054 1777 2093 provinciale
1794 2054 1944 2093 perpetuis

1201 2103 1308 2132 suturis
1336 2102 1516 2141 temporibus
1550 2103 1716 2132 celebretur
1749 2103 1783 2132 de
1817 2103 1943 2132 triennio

1201 2153 1228 2181 in
1255 2152 1415 2182 triennium
1433 2152 1460 2181 in
1478 2152 1557 2181 dicta
1575 2152 1724 2190 provincia
1743 2154 1772 2181 S.
1790 2151 1942 2190 loachimi,

1201 2207 1286 2240 atque
1310 2203 1339 2231 in
1363 2211 1396 2231 eo
1419 2202 1489 2231 siant
1521 2202 1680 2231 electiones
1712 2202 1747 2231 ad
1781 2201 1942 2241 capitulum

1201 2252 1380 2290 provinciale
1417 2256 1604 2290 spectantes,
1636 2251 1883 2290 quemadmodum
1916 2255 1943 2281 et

1201 2302 1268 2331 illae
1292 2311 1366 2340 quae
1389 2302 1424 2330 ad
1447 2301 1647 2330 delinitorium
1671 2300 1873 2330 immediatum
1896 2309 1943 2330 ca-

1203 2351 1294 2389 pitulo
1319 2350 1490 2389 provinciali
1514 2350 1659 2386 attinent,
1689 2350 1812 2390 ideoque
1841 2353 1943 2379 vacent

1201 2404 1228 2429 et
1250 2399 1361 2438 spirent
1386 2399 1415 2428 in
1444 2400 1593 2437 praedicto
1620 2399 1739 2438 capituli
1771 2398 1942 2437 provinciali

1201 2447 1377 2477 celebrando
1400 2458 1476 2477 anno
1500 2456 1636 2477 nnucxxx
1662 2457 1763 2477 onmes
1786 2447 1942 2486 praelatio-

1201 2507 1253 2527 nes
1275 2503 1302 2527 et
1326 2497 1421 2527 onmia
1445 2497 1558 2535 officia,
1584 2501 1641 2526 tam
1664 2497 1712 2526 illa
1735 2505 1808 2536 quae
1838 2496 1941 2526 collata

1201 2547 1309 2576 fuerint
1332 2547 1361 2576 in
1386 2547 1462 2576 dicto
1489 2546 1654 2576 definitorio
1677 2545 1825 2583 generaIL
1854 2553 1940 2583 quam

1202 2605 1275 2634 quae
1306 2595 1420 2634 provisa
1454 2595 1563 2624 suerint
1595 2595 1623 2624 in
1657 2593 1784 2633 capitulo
1809 2592 1940 2631 generali

1202 2643 1377 2674 celebrando
1400 2653 1476 2673 anno
1500 2652 1684 2682 nnccxxvni,
1709 2652 1821 2673 necnon
1845 2642 1939 2673 officia

1951 237 1999 265 An.
2018 238 2046 266 C.
2063 239 2127 274 1727
