2170 3147
200 209 250 233 An.
270 207 298 233 C.
318 206 383 233 1729

432 196 495 231 832

567 255 750 282 Benedictus
773 254 855 286 Papa
876 250 944 278 XIII
958 271 964 281 ‚

396 319 521 346 Dilectis
534 317 605 344 filiis
619 315 784 347 monachis,
798 322 831 341 ac
844 312 965 340 dilectis
978 310 1007 336 in
1021 308 1139 336 christo

431 363 549 390 filiabus
566 360 759 390 monialibus,
780 357 916 388 novitiis,
939 353 1093 381 conversis
1110 355 1140 379 et

431 408 549 435 donatis
572 406 688 433 Ordinis
710 403 987 432 Carthusianorum,
1005 399 1139 425 ubicum-

432 461 487 487 que
504 450 734 482 existentibus1,
747 449 879 474 salutem
896 449 926 473 et
941 442 1140 479 apostoticam

431 496 683 525 benedictionem.

442 571 456 613 ξ
486 570 512 601 l.
543 568 586 601 Ad
614 565 796 609 augendam
831 568 966 595 rostram
1000 558 1141 592 <tex-otio-

219 615 334 661 ldssi'ss‘isss
358 620 473 656 '¹¹'neni
500 628 528 654 et
556 620 734 653 animarum
772 618 908 650 salutem
945 612 1142 646 caelestibus

398 675 560 710 Ecclesiae
578 671 742 705 thesauris
762 671 812 714 pia
831 669 992 702 charitate
1013 665 1142 704 intenti,

399 730 491 763 vobis
518 727 667 761 omnibus
700 731 731 757 et
765 722 902 766 singulis
928 732 1002 754 rere
1029 718 1143 763 poeni-

400 784 542 817 tentibus
569 788 599 814 et
624 779 796 819 confessis,
823 787 859 810 ac
884 777 976 809 sacr-[1
1002 784 1128 807 commu

400 838 498 871 nione
527 835 678 875 resectis,
717 833 770 877 qui
805 838 836 865 et
869 841 950 874 quite
985 829 1084 862 semel
1110 828 1140 859 iu

401 890 605 925 bebdomada
643 888 750 922 decies
788 885 970 920 orationem
1007 881 1144 916 domini-

401 956 470 978 cam
505 948 536 976 et
571 942 665 975 toties
702 940 930 974 salutationem
966 936 1144 979 angelicam

402 998 434 1030 in
461 996 603 1030 oratorio
629 994 726 1028 vestri
753 992 908 1027 domicilii
931 991 1044 1024 devote
1064 988 1145 1021 reci-

403 1051 558 1091 taveritis,
576 1055 605 1083 et
624 1049 666 1081 ibi
694 1059 752 1092 pro
781 1045 1031 1079 christianorum
1060 1043 1146 1086 prin-

403 1106 510 1149 cipum
527 1103 709 1142 concordia,
728 1102 903 1134 haeresum
921 1097 1146 1141 extirluitione,

404 1170 439 1192 ac
464 1159 494 1191 S.
523 1159 562 1190 M.
590 1157 624 1189 Ε.
661 1154 856 1188 exaltatione
888 1153 957 1196 pias
982 1152 1020 1184 ad
1047 1152 1146 1183 Deum

404 1222 519 1256 preces
540 1209 729 1248 effuderitis,
748 1219 810 1252 qua
827 1207 894 1239 rire
910 1205 1146 1250 praedictarum

405 1267 436 1299 id
468 1264 617 1307 egeritis,
651 1269 685 1295 ut
720 1273 773 1295 eas
810 1271 923 1294 omnes
949 1265 981 1292 et
1006 1259 1148 1301 singulas

406 1318 628 1361 indulgentias
647 1322 679 1349 et
696 1321 904 1359 peecatorum
924 1313 1147 1351 remissione&

407 1385 443 1406 ac
469 1373 494 1405 si
521 1377 646 1415 septem
673 1371 776 1403 almae
802 1369 896 1402 Urbis
918 1372 1046 1400 nostrae
1066 1366 1150 1398 intra

408 1432 438 1460 et
465 1431 554 1459 extra
593 1425 678 1458 illius
714 1433 824 1455 rnuros
860 1420 1014 1454 ecclesias
1047 1420 1085 1452 ad
1119 1419 1149 1452 id

408 1481 594 1523 designatas
621 1477 840 1521 personaliter
873 1482 904 1508 et
939 1475 1053 1508 devote
1080 1474 1152 1506 visi-

410 1535 543 1576 taretis,
572 1539 685 1566 tenore
720 1529 941 1575 praesentium
968 1527 1152 1561 misericor-

410 1590 494 1623 diter
520 1589 550 1621 in
572 1586 708 1620 Domino
746 1583 955 1618 concedimus
990 1588 1020 1616 et
1046 1582 1153 1614 indul-

411 1653 535 1686 gemus.

455 1697 469 1739 ξ
495 1696 526 1728 02.
553 1695 623 1728 'Non
650 1693 797 1727 obstante
831 1693 942 1734 regula
978 1692 1087 1723 nostra
1115 1689 1153 1722 de

412 1761 477 1783 non
504 1747 724 1782 concedendis
750 1745 959 1788 indulgentiis
988 1745 1024 1777 ad
1042 1744 1152 1782 instar,

412 1803 597 1846 ceterisque
646 1800 818 1834 contrariis
878 1799 1151 1842 (piibuscumque.

413 1856 641 1890 Praesentibus
666 1855 704 1887 ad
732 1852 926 1886 decennium
954 1857 1078 1884 tantum
1104 1861 1154 1883 ra-

413 1910 529 1944 lituris.
570 1910 724 1941 l'olivuuus
762 1913 868 1939 autern
910 1906 995 1949 quod
1033 1905 1059 1937 si
1097 1916 1155 1948 pro

413 1963 654 2007 impetratione,
682 1960 962 2004 praesentatione,
990 1958 1156 1992 admissio-

413 2028 453 2051 ne
472 2028 528 2050 seu
549 2015 773 2059 publicatione
791 2012 1010 2057 praesentium
1033 2011 1155 2055 aliquid

413 2074 461 2105 vel
487 2071 655 2104 miniunnu
678 2069 782 2108 detur,
805 2072 857 2100 aut
875 2072 989 2110 sponte
1012 2066 1155 2099 oblatum

413 2124 600 2168 recipiatur,
616 2127 806 2166 1111·aesentes
824 2122 934 2154 nullae
953 2120 1034 2160 sint,
1055 2120 1157 2163 quod-

415 2188 475 2221 que
493 2176 713 2221 praesentitur]
732 2174 960 2217 transumptis,
976 2184 1030 2206 seu
1050 2183 1158 2206 exeni-

414 2231 496 2274 plis,
534 2229 628 2263 etiam
668 2228 851 2272 impi'essiS‚
890 2238 986 2259 manu
1021 2226 1158 2259 alicuius

415 2283 531 2316 notarii
559 2282 680 2326 publici
703 2281 895 2324 subscriptis
917 2286 947 2313 et
963 2279 1070 2323 sigillo
1089 2290 1159 2322 per-

416 2348 514 2370 sonae
541 2337 571 2369 in
603 2334 821 2369 ecelesiastica
849 2335 1006 2377 dignitate
1039 2334 1158 2367 consti-

418 2396 503 2423 tutae
525 2390 666 2429 munitis,
687 2389 799 2422 eadem
818 2399 949 2431 prorsus
969 2387 1047 2420 sides
1067 2387 1159 2420 adbi-

417 2443 540 2482 beatur,
564 2454 646 2486 quae
668 2442 882 2475 adhiberetur
909 2440 985 2484 ipsis
1004 2451 1160 2484 praesen-

419 2495 502 2527 tibus
529 2495 552 2528 si
580 2496 685 2527 terent
711 2495 893 2534 exhibitae,
920 2495 967 2526 vel
995 2499 1156 2526 ostensae.

455 2613 464 2639 1
489 2611 559 2638 Edit.
582 2609 662 2638 Malu.
686 2610 750 2646 legit
770 2610 961 2639 existentium
982 2613 1021 2644 tr..
1038 2610 1088 2645 τ.).

979 195 1163 224 nummum
1188 193 1342 219 Romnum

1930 189 1981 216 An,
2000 189 2028 214 (Σ.
2048 189 2113 218 1729

1225 244 1337 276 Datum
1353 242 1540 283 Beneventi,
1565 243 1625 275 sub
1644 242 1764 275 annulo
1783 240 1926 274 Piscato-

1183 297 1235 335 ris.
1249 297 1299 330 die
1316 307 1398 330 xxvn
1414 295 1526 340 aprilis
1541 305 1707 336 rinucxnx,
1719 294 1924 338 pontificatus

1183 350 1286 385 nostri
1313 362 1398 384 anno
1425 361 1452 383 v.

1219 412 1279 440 Dat.
1296 412 1341 440 dic
1358 412 1390 439 ‘27
1408 411 1501 448 aprilis
1520 411 1597 443 1729,
1621 410 1725 446 pontis.
1745 418 1819 437 anuo
1840 417 1864 436 v.

1461 553 1652 587 CCLXXYH.

1188 635 1430 678 Confirmmztur
1476 633 1639 677 quaedum
1686 633 1930 665 constitutiones

1230 690 1373 731 fratrum
1385 688 1520 721 Ordinis
1531 687 1565 719 M
1568 687 1695 719 imorum
1712 686 1818 718 sancti
1826 685 1856 718 F
1856 696 1891 717 ra
1897 696 1931 718 n-

1231 742 1308 774 εἰδοί
1333 742 1369 774 de
1396 740 1607 775 observantia
1626 739 1649 773 ⁹.

1370 821 1550 850 Benedictus
1572 821 1649 854 Papa
1668 820 1753 853 xm,

1307 868 1342 894 ad
1364 870 1540 901 perpetuam
1562 865 1607 892 rei
1627 865 1807 891 memoriam.

1234 939 1279 972 Ad
1299 938 1469 982 pastoralis
1489 937 1654 979 dignitatis
1673 935 1847 978 fastigium,
1865 946 1931 967 me-
1969 941 2091 963 Exordium-

1191 992 1259 1025 ritis
1285 993 1361 1026 lieet
1379 991 1567 1035 imparibus,
1587 990 1694 1023 divina
1721 988 1932 1032 dispositione

1191 1046 1304 1086 evecti,
1325 1046 1378 1078 illa
1396 1055 1479 1088 quae
1506 1055 1565 1087 pro
1593 1044 1677 1076 felici
1704 1053 1932 1087 prosperoque

1193 1100 1422 1142 religiosorum
1448 1098 1604 1131 Ordinum
1630 1097 1749 1130 uberes
1774 1096 1934 1129 bonorum

1192 1163 1327 1195 operum
1355 1152 1477 1183 tructus
1503 1151 1533 1183 in
1560 1150 1703 1183 Ecclesia
1727 1149 1782 1182 Dei
1809 1149 1936 1182 assidue

1192 1205 1339 1248 proferre
1366 1204 1583 1246 satagentium
1619 1202 1778 1245 gubernio
1804 1207 1834 1235 et
1861 1213 1937 1246 pro-

1193 1270 1307 1302 gressu
1344 1258 1475 1302 provide
1512 1257 1687 1290 constituta
1724 1262 1756 1290 et
1789 1255 1938 1290 ordinata

1194 1324 1263 1346 esse
1290 1318 1486 1351 noscuntur,
1513 1317 1547 1343 ut
1572 1311 1663 1343 lirina
1687 1320 1817 1354 semper
1842 1315 1938 1353 atque

1194 1366 1399 1400 inviolabilia
1432 1365 1630 1410 persistant,
1659 1364 1829 1408 apostolici
1868 1375 1938 1396 mu-

1195 1421 1325 1454 niminis
1349 1420 1450 1454 nostri
1477 1418 1667 1463 patrocinio,
1687 1429 1758 1452 cum
1784 1418 1815 1451 id
1842 1429 1858 1451 a
1885 1428 1940 1451 no-

1195 1474 1243 1507 bis
1270 1474 1398 1518 petitur,
1422 1473 1563 1507 libenter
1589 1472 1846 1505 constabilimus.

1240 1529 1254 1571 ᾗ
1284 1528 1311 1560 l.
1345 1527 1470 1571 Exponi
1508 1525 1669 1569 siquidem
1708 1525 1801 1559 nobis
1835 1529 2151 1568 11uperN⁰¹¹¹11¹1¹³⁵con-.

1951 1558 2070 1577 stitutionofl
2111 1559 2129 1579 tn

1197 1582 1271 1614 fecit
1297 1581 1435 1614 dilectus
1472 1579 1558 1613 tilius
1596 1580 1753 1623 Iosephus
1778 1578 1875 1611 Maria
1901 1577 1939 1610 ab
1952 1584 2129 1633 521¹i¹¹¹ii3i1332⁸ss0¹

1197 1636 1309 1674 Ebora,
1336 1639 1528 1678 procurator
1554 1633 1714 1676 generalis
1727 1631 1857 1666 Ordinis
1878 1631 2130 1687 s¹'a‘ii›''i¹.'{i;i„⁰³⁶s¹ssi''f'21

1199 1696 1281 1723 trum
1310 1688 1471 1720 Minorum
1498 1686 1601 1719 sancti
1626 1685 1787 1719 Francisci
1816 1685 1854 1718 de
1880 1684 2025 1718 Ob-fwur.

1198 1741 1359 1774 servantia
1385 1745 1668 1782 nuncupatorum,
1697 1739 1783 1782 quod
1810 1749 1869 1781 pro
1895 1748 1943 1770 sa-

1198 1795 1281 1828 lubri
1309 1794 1406 1827 totius
1431 1792 1561 1826 Ordinis
1581 1792 1770 1825 huiusmodi
1790 1791 1941 1834 illiusque

1199 1848 1331 1880 t'ratruni
1357 1846 1516 1889 regimine
1544 1851 1575 1878 et
1600 1845 1776 1878 directione
1796 1844 1942 1877 diversae

1199 1900 1447 1933 constitutiones
1482 1899 1513 1931 iu
1546 1898 1687 1941 capitulo
1720 1897 1864 1940 generali
1898 1897 1944 1941 ip-

1199 1954 1264 1986 sius
1297 1953 1426 1986 Ordinis
1464 1952 1638 1985 novissime
1676 1951 1826 1984 videlieet
1857 1961 1943 1984 anuo

1200 2016 1365 2041 noecxxin
1388 2006 1420 2038 iu
1447 2006 1507 2038 bac
1532 2006 1614 2038 alma
1640 2004 1724 2037 Urbe
1763 2004 1942 2043 celebrato,

1200 2061 1250 2094 eui
1277 2060 1381 2093 t'clicis
1401 2059 1641 2093 recordationis
1663 2058 1870 2091 Innocentius
1889 2058 1945 2090 Pa-

1201 2125 1241 2158 pa
1267 2114 1331 2146 Xlll
1357 2114 1595 2157 praedecessor
1620 2117 1729 2145 noster
1755 2111 1942 2155 praesedit,

1202 2168 1326 2207 editae,
1353 2178 1390 2200 ae
1415 2166 1553 2199 subinde
1590 2166 1677 2198 iussu
1713 2170 1823 2198 nostro
1852 2175 1870 2198 a
1893 2175 1946 2198 ve-

1202 2220 1337 2254 nerabili
1359 2220 1456 2253 tratre
1471 2225 1583 2254 nostro
1601 2218 1775 2252 Laurentio
1794 2217 1945 2262 episcopo

1202 2275 1382 2309 Tusculano
1400 2274 1543 2314 Corsino,
1564 2272 1692 2306 Ordinis
1707 2271 1842 2316 praefati
1861 2271 1947 2315 apud

1241 2383 1250 2408 1
1275 2382 1332 2408 Atia
1353 2381 1436 2408 buius
1457 2380 1597 2408 Pontiticis
1621 2383 1707 2407 coust.
1729 2378 1772 2406 ed.
1794 2384 1947 2411 noccxxvn,

1204 2427 1246 2453 die.
1268 2435 1301 2453 xx
1323 2427 1409 2459 iunii,
1432 2425 1528 2462 pontif.
1550 2432 1594 2459 tv,
1616 2426 1792 2451 confirmatur
1811 2423 1948 2459 quoddam

1204 2474 1343 2499 decretum
1364 2471 1478 2498 ministri
1495 2470 1629 2505 generalis
1645 2469 1804 2497 eorumdem
1821 2468 1947 2502 fratrum,

1203 2523 1230 2544 ct
1249 2521 1338 2544 const.
1360 2516 1401 2544 ed.
1422 2522 1560 2550 tttnccxxx,
1583 2515 1625 2542 die
1646 2521 1705 2541 xxix
1725 2513 1857 2548 ianuarii,
1880 2522 1948 2549 pon-

1205 2562 1244 2589 tif.
1266 2568 1309 2593 vt,
1330 2563 1526 2589 confirmantur
1547 2559 1681 2596 quaedam
1702 2558 1812 2587 decreta
1839 2556 1947 2593 capituti

1203 2606 1348 2643 generalis.
