2139 3142
188 245 239 271 An.
256 244 286 272 c.
308 243 376 272 1729
423 234 486 269 862

191 834 275 855 [nudes
292 834 375 859 pra-*di-

192 864 218 881 cti
235 862 289 881 :ciri
305 861 352 881 Dei.

199 1948 213 1968 Α
231 1947 381 1971 conciet-atin-

198 1981 223 1994 ιν,
247 1974 330 1994 Rittium
354 1974 380 1994 ad

199 2002 252 2020 ιΙΙιικ
273 2000 381 2020 beatifica-

199 2030 276 2046 tatneui
297 2027 381 2046 uatem·

200 2060 215 2072 ri
231 2060 291 2077 posse
303 2054 327 2073 de
338 2059 381 2073 mu-

201 2080 380 2100 redccrctnmvst.

384 294 464 326 riam
492 293 716 325 mand-ntorum
742 290 867 323 Danuui
905 301 942 323 ac
977 289 1124 322 christia-

385 357 444 379 nae
469 344 678 389 perfectionis
704 344 864 384 semitam,
882 343 990 386 inqua
1005 342 1126 375 direxe-
1146 352 1147 355 ’

385 405 456 431 rant
481 408 609 439 gressus
645 407 735 435 suos,
762 395 995 428 christifideles
1027 395 1125 428 verbo

386 457 417 484 et
441 453 590 494 exemplo
619 449 909 492 saluberrituisque
943 447 1126 491 praeceptis

385 510 414 538 et
439 503 596 536 institutis
622 508 809 535 constanter
844 501 960 534 sectari
997 511 1033 533 ac
1058 506 1126 533 tuto

385 558 556 590 decurrere
587 556 801 595 edocuerunt,
828 554 1030 597 scliciterque
1055 563 1150 587 con-l

385 611 469 643 fecto
502 610 647 642 mortalis
674 609 770 641 huius
795 608 864 641 aeri
894 608 998 641 stadio
1024 613 1128 640 aeter-

385 674 457 696 nam
483 661 777 704 repromissionem
808 672 844 694 ac
870 660 1011 693 iustitiae
1038 671 1129 693 coro-

385 726 458 748 nam
484 715 516 747 in
543 714 692 747 caelestis
726 713 926 746 Hierusalem
952 713 1127 746 stabilitate

385 770 532 812 accipere
559 773 761 801 meruerunt.

431 824 445 866 ἓ
471 822 501 854 1.
530 822 614 860 Quos
641 821 725 855 iuter
761 832 832 854 cum
863 822 962 864 longe
1000 822 1127 864 lateque

386 876 551 909 refulserit
584 876 639 908 Dei
682 886 792 908 servus
829 875 943 907 Petrus
981 874 1129 907 Forerius

387 930 426 962 de
464 928 675 962 Mataiucuria
700 928 853 961 sacerdos
889 927 1127 969 Lotharingus,

386 981 593 1025 praepositus
611 981 773 1024 generalis
792 987 824 1014 et
841 981 1036 1014 reformator
1049 980 1130 1013 Con-

387 1035 584 1078 gregationis
600 1034 772 1068 Salvatoris
798 1034 899 1067 nostri
925 1038 1128 1076 nuncupatae

386 1087 515 1121 Ordinis
542 1087 775 1120 canonicorum
801 1086 1000 1129 regularium
1026 1086 1128 1119 sancti

387 1141 569 1184 Augustini,
595 1152 724 1174 necnon
750 1141 917 1174 institutor
938 1140 1127 1173 monialium

386 1194 657 1237 Congregationis
688 1195 748 1227 sub
775 1194 866 1228 titulo
893 1193 1048 1227 Dominae
1074 1204 1152 1226 tio-2

387 1252 475 1280 strae
500 1258 536 1280 ac
561 1249 674 1291 regula
711 1248 856 1281 eiusdem
881 1247 911 1280 S.
940 1247 1129 1290 Augustini,

387 1365 481 1388 arcus
507 1354 673 1396 refulgens
704 1354 790 1387 inter
822 1353 957 1387 nebulas
983 1358 1015 1386 et
1040 1353 1129 1396 quasi

386 1409 444 1441 ssos
463 1418 611 1441 rosarum
632 1407 664 1440 in
684 1407 798 1440 diebus
820 1407 936 1447 vernis,
954 1407 1130 1440 Ecclesiam

387 1461 529 1494 nominis
557 1461 603 1493 sui
639 1461 827 1494 celebritate
853 1471 888 1494 ac
914 1460 1130 1503 spiritualium

388 1519 567 1547 aromatum
593 1514 693 1547 odore
709 1513 864 1557 implerit,
883 1513 1055 1556 apostolici
1075 1512 1131 1545 mi-

388 1567 512 1600 nisterii
530 1595 538 1609 ‚
566 1568 652 1611 quod
689 1567 808 1600 viribus
842 1567 920 1600 licet
952 1571 983 1599 et
1007 1566 1130 1599 meritis

388 1621 485 1664 longe
518 1621 658 1664 impares
687 1621 794 1653 divina
831 1620 1020 1663 dignatione
1047 1621 1132 1662 geri-

390 1685 480 1715 mus,
503 1674 583 1707 ratio
609 1675 771 1717 postulat,
799 1679 833 1705 ut
862 1673 949 1706 illius
975 1673 1075 1706 cultui
1102 1678 1155 1711 et}

390 1727 590 1761 venerationi
617 1727 649 1760 in
676 1727 770 1760 terris
805 1727 842 1760 ad
879 1727 934 1759 Dei
976 1726 1103 1760 laudem
1122 1754 1130 1767 ‚

390 1781 491 1825 ipsius
516 1781 679 1814 Ecclesiae
706 1782 804 1814 decus
822 1808 829 1822 ,
863 1780 1132 1824 spiritualemque

390 1834 503 1879 populi
529 1834 699 1867 christiani
732 1833 1016 1874 aedificationem,
1042 1838 1156 1878 pote-³

391 1894 472 1921 state
488 1887 582 1920 nobis
598 1899 614 1920 a
628 1887 764 1920 Domino
781 1887 903 1926 tradita,
917 1889 1132 1921 consulamus.

436 1941 450 1984 ξ
475 1940 505 1973 ΕΞ.
526 1940 627 1979 Quum
652 1940 772 1984 itaque,
793 1945 917 1973 mature
946 1941 1135 1983 diligenter-

393 2005 454 2038 que
482 1994 636 2027 discussis
657 2000 752 2037 atque
779 1994 957 2037 perpensis,
976 2004 1035 2037 per
1053 1993 1135 2026 Con-
1155 2019 1157 2022 .

393 2047 615 2090 gregationem
647 2046 881 2080 venerabilium
920 2046 1052 2079 fratrum
1079 2057 1135 2079 no-

393 2106 533 2134 strorum
571 2100 602 2133 S.
634 2100 669 2133 R.
707 2100 741 2132 E.
779 2100 993 2133 cardinalium
1034 2100 1134 2132 sacris

393 2154 508 2187 ritibus
541 2154 824 2197 praepositorum,
850 2153 1058 2196 processibus
1096 2153 1134 2186 de

395 2207 600 2250 Apostolicae
627 2206 718 2239 Sedis
742 2206 874 2239 lieentia
904 2207 964 2239 rite
991 2212 1022 2239 et
1046 2211 1134 2239 recte

395 2261 548 2293 confectis
579 2270 680 2303 super
710 2260 791 2292 vitae
822 2260 991 2292 sanctitate
1018 2264 1050 2292 et
1073 2259 1135 2291 vir-

398 2313 518 2345 tutibus
537 2313 687 2353 heroicis,
707 2313 824 2356 quibus
846 2313 931 2345 idem
950 2323 1061 2345 servus
1079 2312 1134 2344 Dei

397 2365 506 2397 Petrus
532 2364 682 2398 Forerius
708 2365 932 2408 multipliciter
957 2365 1132 2405 claruisse,

398 2427 524 2450 necnon
549 2418 735 2458 miraculis,
767 2429 850 2462 quae
876 2418 916 2451 ad
941 2418 1010 2451 eius
1037 2418 1137 2450 inter-

399 2470 577 2502 cessionem
604 2476 635 2503 et
659 2471 698 2504 ad
724 2471 991 2505 manifestandam
1029 2471 1135 2505 homi-

398 2521 493 2554 nibus
528 2523 614 2556 illius
650 2524 850 2557 sanctitatem
876 2535 892 2556 a
917 2524 980 2558 Deo
1012 2530 1136 2568 patrata

399 2575 494 2607 fuisse
524 2577 768 2617 asserebantur,
799 2583 830 2610 et
855 2578 993 2610 subinde
1018 2578 1137 2611 auditis

398 2638 457 2671 per
475 2638 532 2661 nos
552 2628 590 2660 dc
606 2639 693 2662 more
709 2631 896 2663 eorumdem
911 2631 1136 2674 cardinalium,

969 240 1148 265 BULLARIUM
1173 239 1329 264 Romanu

1145 290 1147 297 '
1169 300 1205 321 ac
1230 289 1327 321 etiam
1346 288 1441 321 huius
1458 289 1724 332 Congregationis
1749 289 1912 322 consulto-

1169 353 1239 374 rum
1265 341 1434 385 suffragiis,
1458 342 1658 385 assiduisque
1677 352 1712 375 ac
1733 341 1912 375 humilibus

1147 430 1149 436 .
1169 395 1333 438 precibus,
1353 396 1526 439 implorato
1544 395 1634 438 prius
1660 396 1794 438 superni
1819 394 1914 429 lumi-

1170 449 1220 482 nis
1247 449 1364 482 auxilio
1380 476 1387 488 ,
1413 449 1492 482 alias
1514 448 1752 482 decreverimus
1784 448 1914 492 praedi-

1172 507 1259 534 ctum
1277 513 1404 535 servum
1428 502 1483 535 Dei
1504 502 1634 535 Beatum
1657 512 1727 535 cum
1742 501 1847 535 solitis
1866 501 1914 534 in-

1172 555 1271 588 dultis
1298 555 1479 588 declarare:

1216 609 1230 651 ξ
1254 608 1286 642 3.
1315 608 1397 641 Hine
1423 614 1471 641 est
1496 608 1581 652 quod
1619 618 1693 648 nos,
1719 607 1780 651 piis
1818 612 1914 651 atque

1919 239 1968 266 An.
1985 238 2013 267 C.
2035 239 2102 269 ¹72⁹

1974 617 2108 644 indulgentur

1906 660 1912 666 .
1926 645 2032 671 quaedam
2081 645 2107 666 ad

1173 714 1277 747 Caroli
1303 715 1531 758 Hispaniarum
1562 714 1714 747 catholici
1744 719 1776 747 et
1799 713 1915 747 Roma-

1173 778 1288 801 norum
1313 767 1400 810 regis
1427 767 1457 799 in
1486 766 1716 810 imperatorem
1741 765 1849 806 electi,
1879 776 1917 799 ac

1174 820 1282 854 dilecti
1308 820 1365 854 filii
1391 820 1486 853 nobis
1522 819 1647 853 iuvenis
1671 818 1833 852 Francisci
1857 818 1917 852 Lo-

1174 873 1357 916 tharingiae
1392 878 1424 905 et
1447 872 1537 906 Barri
1576 871 1689 913 ducis,
1723 876 1755 905 et
1780 871 1916 905 dilectae

1174 926 1294 969 pariter
1311 926 1343 958 in
1362 925 1492 959 Christo
1519 925 1604 959 filiae
1629 925 1748 958 nobilis
1769 924 1916 958 mulieris

1174 979 1307 1013 Carolae
1332 979 1541 1012 Elisabeth-ae
1559 990 1576 1012 a
1593 979 1728 1012 Francia
1744 979 1918 1012 Lotharin-

1150 1063 1152 1080 γ,
1174 1033 1245 1076 giae
1271 1033 1384 1066 itidem
1415 1038 1447 1065 et
1471 1033 1560 1066 Barri
1583 1032 1733 1066 ducissae
1748 1059 1756 1073 ,
1781 1033 1894 1065 viduae
1910 1058 1918 1072 ‚

1151 1115 1152 1120 ,
1175 1097 1301 1120 necnon
1326 1086 1559 1119 venerabilium
1585 1086 1718 1118 fratrum
1745 1085 1919 1128 episcopo-

1174 1151 1245 1172 rum
1263 1139 1424 1172 Tullensis
1445 1143 1477 1172 et
1494 1138 1691 1179 Virduensis,
1711 1138 1920 1172 dilectorum-

1175 1203 1236 1236 que
1261 1192 1402 1226 filiorum
1431 1192 1527 1225 totius
1554 1192 1633 1225 cleri
1665 1197 1697 1225 et
1720 1192 1835 1235 populi
1861 1192 1919 1225 du·

1151 1287 1152 1290 ¹
1175 1251 1303 1279 eatuum
1318 1245 1549 1288 Lotharingiae
1564 1250 1596 1278 et
1610 1244 1700 1278 Barri
1720 1245 1917 1286 huiusmodi,

387 1300 486 1344 digna
511 1301 590 1334 tanti
616 1301 759 1344 parentis
777 1301 902 1340 sobole,
921 1299 1128 1344 quae,squasi
1151 1291 1153 1318 l

1175 1309 1211 1332 ac
1235 1299 1379 1331 universi
1404 1297 1532 1331 Ordinis
1564 1297 1798 1331 canonicorum
1823 1307 1919 1341 regu--

1152 1375 1153 1381 ,
1175 1351 1289 1385 larium
1316 1351 1419 1385 sancti
1445 1351 1627 1394 Augustini,
1645 1351 1823 1394 praecipue
1842 1361 1918 1384 vero

1175 1406 1279 1439 dictae
1304 1404 1576 1449 Congregationis
1601 1403 1777 1438 Salvatoris
1801 1404 1917 1445 nostri,

1176 1470 1211 1493 ac
1236 1459 1369 1503 insuper
1395 1459 1584 1492 monialium
1612 1463 1812 1493 memoratae
1837 1458 1920 1492 Con-

1176 1513 1375 1556 gregationis
1401 1513 1458 1546 sub
1485 1513 1578 1546 titulo
1597 1512 1752 1546 Dominae
1774 1517 1919 1553 nostrae,

1176 1566 1471 1610 supplicationibus
1496 1566 1591 1599 nohis
1616 1576 1716 1609 super
1733 1566 1797 1599 hoc
1815 1565 1921 1598 humi-

1176 1621 1251 1653 liter
1275 1619 1433 1663 porrectis
1458 1621 1594 1663 paterna
1624 1618 1830 1662 benignitate
1863 1629 1920 1652 an-

1177 1679 1335 1713 nuentes,
1363 1673 1554 1707 auctoritate
1579 1673 1778 1717 apostolica,
1806 1677 1918 1706 tenore

1154 1757 1155 1764 ,
1176 1726 1413 1769 praesentium,
1434 1726 1639 1769 indulgemus
1656 1730 1691 1758 ut
1705 1726 1791 1759 idem
1809 1735 1919 1759 servus

1177 1780 1233 1813 Dei
1257 1780 1369 1812 Petrus
1394 1779 1546 1812 Forerius
1571 1779 1603 1811 in
1632 1784 1803 1822 posterum
1829 1778 1919 1812 Beati

1178 1833 1308 1866 nomine
1334 1837 1562 1874 nuncupetur,
1591 1831 1725 1875 eiusque
1745 1841 1864 1875 corpus
1890 1835 1921 1864 et

1177 1885 1335 1929 reliquiae
1360 1885 1559 1918 venerationi
1589 1883 1735 1918 fidelium
1761 1884 1849 1928 (non
1875 1888 1922 1917 ta-

1178 1949 1251 1972 men
1284 1939 1316 1971 in
1352 1937 1616 1981 processionibus
1646 1937 1919 1980 circumferenda)

1178 1996 1396 2035 exponantur;
1415 1990 1572 2033 imagines
1594 2000 1721 2034 quoque
1742 1989 1840 2023 radiis
1864 1999 1922 2023 seu

1178 2046 1407 2090 splendoribus
1433 2050 1641 2085 exornentur,
1663 2055 1699 2077 ac
1718 2044 1757 2077 de
1783 2054 1821 2077 eo
1838 2044 1922 2078 reci-

1179 2104 1266 2133 tetur
1291 2098 1433 2131 osficium
1470 2104 1502 2130 et
1537 2097 1636 2130 missa
1669 2097 1855 2130 celebretur
1880 2097 1920 2130 de

1178 2153 1370 2186 Confessore
1395 2162 1460 2184 non
1486 2149 1642 2183 Pontifice
1664 2149 1801 2193 singulis
1828 2149 1920 2183 annis

1178 2207 1266 2239 iuxta
1291 2206 1437 2239 rubricas
1472 2203 1622 2237 breviarii
1649 2209 1680 2237 et
1703 2203 1841 2237 missalis
1870 2213 1922 2237 ro-

1179 2259 1277 2300 mani,
1297 2259 1347 2292 die
1373 2268 1417 2291 vn
1442 2257 1524 2298 iulii,
1550 2267 1621 2290 cum
1647 2257 1716 2290 dies
1742 2267 1772 2290 ix
1797 2256 1922 2290 decem-

1178 2312 1254 2352 bris,
1274 2323 1337 2356 qua
1355 2311 1426 2355 ipse
1448 2320 1560 2345 servus
1584 2309 1640 2343 Dei
1661 2309 1809 2353 spiritum
1828 2309 1922 2343 Crea-

1180 2364 1240 2398 tori
1265 2364 1421 2405 reddidit,
1442 2368 1473 2396 et
1493 2363 1574 2396 aliae
1600 2363 1711 2406 plures
1737 2362 1826 2396 illam
1846 2362 1923 2395 suh-

1180 2423 1366 2461 sequcntes,
1392 2421 1427 2449 ut
1452 2422 1565 2449 notum
1592 2420 1648 2455 est,
1668 2415 1845 2459 impeditae
1871 2425 1922 2448 re-

1180 2471 1357 2515 periantur.
1386 2470 1488 2503 Porro
1515 2469 1742 2503 recitationem
1767 2468 1864 2502 officii
1885 2478 1922 2502 ac

1180 2524 1296 2558 missae
1337 2524 1590 2558 celebrationem
1629 2523 1815 2557 huiusmodi
1851 2521 1922 2556 fieri

1180 2577 1390 2611 concedimus
1412 2578 1444 2609 in
1466 2577 1547 2610 locis
1573 2577 1735 2610 dumtaxat
1759 2575 1922 2609 infrascri-

1179 2631 1263 2674 ptis,
1296 2631 1447 2665 videlicet
1481 2630 1513 2663 in
1551 2630 1672 2674 oppido
1709 2628 1922 2665 Miraecuriae

1149 675 1151 695 l
1177 662 1279 694 enixis
1316 661 1475 695 carissimi
1513 662 1543 694 in
1580 661 1706 694 Christo
1731 660 1788 694 silii
1813 667 1914 695 nostri
1927 671 2108 692 eiusdemcunum.
