2170 3147
235 183 285 207 An.
308 180 337 207 c.
354 179 424 207 mo
470 171 533 205 820

428 231 524 262 etiarn
551 229 751 267 iuramento,
773 225 1020 260 confirmatione
1039 229 1167 268 aposto-

429 283 498 322 lica,
525 282 574 314 vel
596 280 707 324 quavis
736 279 885 312 firmitate
911 279 972 312 alia
994 278 1164 316 roboratis,

430 334 566 373 statutis,
601 333 702 377 stylis,
727 333 838 365 usibus
865 337 898 365 et
923 331 1167 364 consuetudini-

429 387 500 427 bus,
532 388 626 420 etiam
654 384 982 423 iinmemorabilibus,
1007 384 1167 427 capitulo-

429 450 497 471 rum
535 438 736 481 generalium
770 443 802 471 et
827 437 1077 481 provincialium
1112 437 1167 469 de-

429 492 536 531 cretis,
556 491 733 535 privilegiis
753 502 895 534 quoque,
916 491 1051 524 indultis
1070 497 1101 523 et
1122 490 1166 523 lit-

430 545 505 578 teris
525 545 723 589 apostolicis,
748 545 872 578 eisdem
890 544 1014 584 Ordini,
1039 544 1168 588 provin-

429 599 497 631 ciae
519 604 550 630 et
569 598 801 637 conventibus,
818 608 854 631 ae
874 597 1003 630 illorum
1018 598 1166 641 superio-

429 651 525 692 ribus,
554 652 707 685 fratribus
728 657 759 685 et
776 651 928 695 personis
956 651 1165 695 quibuslibet,

428 705 487 737 sub
513 705 772 748 quibuscumque
797 706 972 738 verborum
1001 704 1168 737 tenoribus

428 763 460 790 et
486 759 605 799 formis,
631 769 667 791 ac
692 769 763 791 cum
791 758 957 802 quibusvis
983 758 1078 791 etiam
1114 759 1168 792 de-

429 811 663 854 rogatoriarum
691 812 919 854 derogatoriis,
937 811 1073 854 aliisque
1101 811 1167 844 effi-

432 864 635 905 cacioribus,
683 864 913 897 efficacissimis
954 870 986 897 et
1025 864 1167 898 insolitis

428 919 583 952 clausulis
603 924 634 952 et
651 918 791 951 decretis
812 918 844 951 in
863 918 1058 951 contrarium
1077 929 1167 962 prae-

428 973 603 1005 missorum
629 972 811 1011 concessis,
837 972 940 1011 editis,
967 971 1166 1004 confirmatis

429 1030 460 1058 et
484 1025 682 1068 approbatis,
701 1035 736 1057 ac
756 1025 880 1068 pluries
903 1030 934 1057 et
953 1025 1168 1068 quantiscum-

428 1087 490 1121 que
516 1077 636 1110 vicibus
664 1077 835 1118 innovatis;
867 1077 984 1120 quibus
1016 1077 1168 1110 omuibus

429 1136 461 1164 et
496 1131 652 1173 singulis,
679 1130 805 1163 etiamsi
837 1140 895 1173 pro
926 1130 1056 1163 illorum
1083 1130 1169 1163 susti-

428 1185 526 1217 cienti
563 1184 777 1226 derogatione
809 1184 848 1216 de
885 1183 951 1217 illis
989 1194 1168 1227 eorumque

430 1237 503 1270 totis
530 1237 699 1270 tenoribus
725 1237 896 1281 specialis,
923 1237 1088 1280 specifica,
1121 1237 1169 1270 in-

429 1289 557 1323 dividua
583 1295 615 1323 et
647 1299 821 1333 expressa,
847 1301 884 1323 ac
921 1290 960 1323 de
997 1291 1095 1324 verbo
1129 1291 1167 1323 ad

428 1344 571 1383 verbum,
597 1355 663 1377 non
682 1350 787 1377 autem
807 1354 865 1386 per
889 1344 1050 1377 clausulas
1076 1355 1169 1387 gene-

429 1398 512 1431 rales
553 1398 640 1431 idem
681 1398 917 1441 importantes,
951 1398 1073 1431 mentio
1111 1408 1169 1431 seu

429 1451 560 1494 quaevis
603 1451 663 1484 alia
706 1452 877 1494 expressio
922 1452 1075 1485 habenda
1117 1456 1171 1484 aut

429 1504 537 1547 aliqua
563 1504 624 1537 alia
649 1504 808 1547 exquisita
835 1505 936 1537 forma
961 1504 1000 1537 ad
1023 1504 1084 1538 hoc
1104 1515 1170 1537 ser-

431 1558 533 1590 vanda
570 1558 670 1597 soret,
699 1563 829 1590 tenores
855 1558 1040 1591 huiusmodi
1074 1569 1169 1601 prae-

429 1611 575 1643 sentibus
602 1621 661 1653 pro
688 1612 786 1654 plene
813 1617 844 1644 et
880 1610 1079 1645 sufficienter
1116 1622 1169 1644 ex-

428 1663 560 1706 pressis,
587 1663 731 1704 insertis,
758 1665 892 1698 servatis
919 1670 952 1698 et
976 1664 1169 1708 specitieatis

429 1717 607 1760 respective
633 1717 816 1758 habentes,
843 1719 907 1752 illis
940 1718 1018 1752 alias
1044 1718 1076 1751 in
1110 1729 1169 1751 suo

429 1769 548 1803 robore
575 1771 822 1814 permansuris,
849 1771 888 1804 ad
914 1771 1168 1815 praemissorum

429 1822 589 1865 effectum,
616 1824 677 1857 hae
702 1824 772 1857 vice
792 1824 1171 1868 dumtaxat,specialiter

428 1883 460 1909 et
476 1887 628 1920 expresse
648 1878 846 1921 derogamus
865 1890 871 1918 ;
895 1878 1079 1922 ceterisque
1095 1888 1171 1911 con-

428 1929 538 1962 trariis
565 1930 839 1974 quibuscumque.

472 1982 586 2016 Datum
613 1984 745 2024 Romae,
772 1984 857 2028 apud
880 1984 911 2017 S.
940 1985 1088 2026 Petrum,
1110 1985 1170 2018 sub

429 2036 549 2069 annulo
595 2036 791 2077 piscatoris,
843 2037 894 2070 die
939 2047 1011 2071 xxvi
1062 2037 1169 2070 martii

427 2098 598 2130 unccxxtx,
625 2090 833 2134 pontificatus
860 2091 965 2124 nostri
989 2101 1074 2124 anuo
1093 2100 1123 2124 v.

463 2151 524 2179 Dat.
542 2151 587 2179 die
603 2151 638 2179 20
655 2151 744 2180 martii
762 2152 841 2188 1729,
863 2153 966 2188 pontis.
986 2160 1058 2180 anuo
1074 2159 1099 2179 v,

714 2403 894 2439 CCLXXIII.

427 2518 658 2563 Reinteyralur
671 2522 900 2565 motuproprio
911 2521 1042 2555 ecclesia
1053 2521 1084 2555 S.
1097 2520 1170 2554 Leo-

471 2574 524 2608 nis
549 2573 690 2607 ciuitatis
711 2574 909 2609 Fereercmae
933 2575 975 2609 acl
999 2574 1170 2610 cathedra-

1003 174 1183 200 BULLARIUM
1209 174 1365 199 ROMANUM
1955 173 2006 201 An.
2029 174 2149 209 0172&

1257 223 1381 256 litatem
1400 224 1546 267 episcopi,
1565 224 1704 267 capituli
1730 228 1757 257 ec
1783 223 1953 257 canonico-

1255 288 1329 310 rum.
1355 279 1448 310 iuxta
1470 278 1674 321 primaevum
1700 282 1823 311 statum
1841 277 1860 311 ¹.

1389 359 1570 386 Benedictus
1590 360 1668 392 Papa
1687 359 1766 386 XIII.

1425 421 1507 447 Motu
1529 421 1659 454 proprio,
1681 424 1739 448 ete.

1255 491 1324 534 51.
1352 490 1461 533 Nuper
1486 491 1579 524 nobis
1613 490 1753 524 innotuit
1784 491 1872 534 quod
1902 500 1954 524 ec·
1999 499 2140 534 carismata„

1211 544 1311 578 clesia
1345 545 1542 577 cathedralis
1578 544 1716 577 civitatis
1754 544 1951 577 Feretranae
1964 527 2141 604 Ξιῐιῖξὲῗαῐέἱξὲ

1212 598 1251 630 ab
1277 597 1504 640 antiquissimo
1532 602 1678 640 tempore
1704 602 1811 630 erecta
1837 597 1895 629 suit
1919 607 1951 630 ln
1964 605 2140 658 ῗέιῗὲιὲιΐιέυξίιῑὲιὲε

1212 651 1349 684 ecclesia
1388 650 1419 683 S.
1459 649 1576 683 Leonis
1615 651 1763 683 eiusdem
1800 649 1951 691 civitatis,
1965 659 2141 691 eustasi-,eqni-

1212 704 1322 746 ibique
1349 714 1408 746 per
1433 704 1526 746 plura
1552 703 1680 736 saecula
1705 703 1864 737 continuit
1882 686 2141 736 cunlii¹s⁰i2i2i¹itiiil¹⁸⁸‘

1213 767 1277 789 non
1303 757 1488 799 interrupta
1513 757 1741 799 episcoporum
1759 756 1954 797 residentia,

1213 822 1249 843 ex
1276 821 1314 844 co
1338 816 1443 844 tamen
1462 811 1548 854 quod
1573 816 1754 854 temporum
1779 820 1952 854 progressu

1213 863 1300 896 illius
1328 864 1507 897 dominium
1534 863 1682 896 transivit
1705 864 1738 896 in
1763 863 1860 897 duces
1896 863 1954 897 Ur-

1212 918 1290 958 bini,
1317 918 1371 962 qui
1400 918 1486 951 illam
1512 929 1577 951 non
1605 924 1667 951 tam
1692 923 1760 951 arte
1786 928 1880 961 quarn
1900 928 1954 951 na-

1215 975 1284 1005 tura
1310 972 1560 1006 munitissimam
1581 973 1681 1005 multo
1703 972 1840 1005 militum
1866 982 1953 1015 prae-

1213 1025 1295 1058 sidio
1323 1026 1515 1068 urgentibus
1538 1025 1699 1058 bellorum
1716 1025 1953 1058 calamitatibus

1213 1078 1376 1112 custodire
1403 1078 1608 1121 satagebant,
1645 1089 1709 1121 qua
1735 1078 1774 1111 de
1800 1079 1895 1111 eausa
1921 1087 1955 1110 e-

1213 1132 1348 1176 piscopo
1375 1137 1405 1165 et
1430 1132 1594 1165 canonicis
1613 1132 1760 1165 eiusdem
1786 1131 1955 1165 cathedra-

1214 1185 1252 1218 lis
1281 1190 1366 1218 tutus
1393 1195 1429 1218 ac
1455 1185 1547 1225 liber,
1575 1191 1609 1217 ut
1634 1185 1780 1224 decebat,
1808 1195 1872 1218 non
1899 1195 1955 1228 pa-

1215 1239 1301 1271 tebat
1325 1248 1484 1278 accessus,
1510 1238 1620 1281 ibique
1640 1249 1656 1271 a
1670 1237 1769 1271 sacris
1787 1238 1955 1271 celebran-

1214 1292 1263 1324 dis
1306 1291 1487 1334 divinisque
1524 1291 1637 1324 ost'iciis
1674 1290 1885 1324 decantandis
1921 1290 1955 1323 in

1213 1344 1388 1376 maximum
1435 1343 1533 1381 divini
1574 1345 1679 1377 cultus
1722 1343 1954 1377 detrimentum

1213 1398 1482 1431 retrahebantur.
1509 1398 1643 1438 idcirco,
1663 1398 1701 1431 ad
1721 1397 1878 1430 tollendas
1904 1407 1956 1429 ca-

1214 1451 1341 1484 nonicis
1385 1451 1613 1485 excusationes
1655 1450 1850 1484 residentiae
1890 1460 1956 1483 non

1213 1505 1399 1548 praestitae,
1432 1504 1535 1538 felicis
1561 1504 1797 1538 recordationis
1827 1503 1955 1547 Grego-

1213 1558 1279 1590 rius
1306 1557 1385 1597 Xlll,
1413 1558 1649 1600 praedecessor
1686 1562 1808 1598 noster,
1843 1557 1956 1590 inhae-

1213 1611 1317 1644 rendo
1338 1610 1633 1644 deliberationibus
1658 1611 1688 1643 S.
1714 1610 1758 1643 Pii
1785 1610 1806 1642 V
1832 1609 1956 1653 pariter

1213 1664 1488 1708 praedecessoris,
1503 1675 1646 1708 persnas
1657 1664 1782 1697 litteras
1796 1662 1956 1706 incipien-

1214 1724 1260 1750 tes
1274 1718 1575 1760 Raliotzz'cotzqi·tt1't
1589 1717 1755 1761 expeditas
1769 1717 1827 1750 sub
1846 1717 1955 1750 datum

1215 1771 1336 1804 Romae
1365 1772 1450 1814 apud
1476 1770 1507 1803 S.
1537 1771 1665 1803 Petrum
1703 1780 1757 1804 viu
1794 1769 1953 1803 halendas

1214 1825 1295 1857 iunii
1320 1834 1468 1863 MDLXXH,
1495 1824 1697 1867 praedictam
1733 1823 1955 1857 cathedralem

1214 1878 1438 1918 Forum-auam,
1477 1888 1549 1909 cum
1586 1877 1743 1921 episcopo
1770 1883 1801 1909 et
1825 1877 1954 1920 integro

1214 1932 1357 1975 capitulo
1383 1930 1564 1974 composito
1586 1931 1624 1964 de
1643 1930 1740 1963 unico
1766 1930 1953 1973 praeposito

1215 1991 1243 2018 et
1271 1995 1323 2018 sex
1348 1984 1525 2025 canonicis,
1546 1984 1708 2017 transtulit
1725 1984 1764 2017 ad
1784 1983 1954 2017 ecclesiam

1215 2039 1419 2082 collegiatam
1460 2038 1490 2071 S.
1541 2037 1783 2071 Bartholomaei
1831 2037 1954 2070 Pinnae

1215 2093 1369 2127 Billorum
1395 2092 1538 2126 eiusdem
1564 2092 1735 2131 dioecesis,
1758 2090 1954 2124 declarando

1215 2147 1302 2190 quod
1328 2146 1442 2179 liceret
1467 2146 1622 2189 episeopo
1659 2150 1690 2178 et
1726 2144 1890 2177 canonicis
1921 2143 1955 2176 in

1197 2200 1382 2244 ,praedicta
1406 2200 1545 2233 ecclesia
1576 2199 1607 2232 S.
1635 2198 1879 2232 Bartholomaei
1904 2207 1954 2231 re-

1215 2253 1319 2287 sidere
1346 2258 1377 2287 et
1402 2253 1481 2286 inibi
1508 2252 1614 2285 diviua
1639 2251 1744 2285 officia
1769 2261 1843 2285 curn
1867 2249 1954 2284 illius

1214 2306 1381 2342 canonicis
1408 2307 1592 2347 decantare,
1613 2305 1676 2340 hoe
1693 2305 1827 2349 insuper
1845 2303 1954 2338 addito

1252 2406 1260 2431 t
1286 2405 1341 2432 Hac
1361 2405 1394 2432 de
1414 2413 1442 2432 re
1462 2404 1521 2432 vide
1542 2403 1663 2439 Gregorii
1679 2403 1736 2430 xlll
1756 2402 1866 2430 constit.
1888 2401 1954 2430 edit.

1214 2455 1336 2484 Manxu,
1357 2449 1400 2476 die
1420 2451 1453 2477 25
1475 2449 1547 2483 maii,
1564 2448 1699 2484 pontif.1;
1717 2452 1743 2475 et
1762 2447 1842 2475 huius
1863 2446 1955 2475 Ponti-
1984 2480 1987 2483 η

1214 2494 1270 2520 ficis
1289 2497 1376 2521 coust.
1398 2500 1560 2527 mcccxxvut,
1593 2493 1636 2520 die
1657 2494 1690 2521 15
1709 2491 1877 2526 novembris,
1898 2491 1955 2518 col-

1212 2537 1311 2571 legiata
1330 2541 1403 2565 terra
1423 2537 1550 2565 Fabi-iani
1571 2541 1663 2564 erecta
1689 2536 1739 2564 fuit
1764 2535 1791 2563 in
1812 2534 1954 2563 cathedra·

1213 2582 1276 2618 lem,
1298 2590 1329 2610 ec
1349 2586 1422 2611 terra
1441 2582 1582 2618 praedicta
1601 2583 1626 2609 in
1647 2582 1792 2611 civitatem.
