2170 3147
0 206 36 227 ln.
53 201 80 227 C.
101 199 168 227 1728

16 1513 44 1534 Ad
56 1515 167 1534 canonicas

0 1539 96 1560 Ecclesiae
108 1547 168 1565 regn-

0 1572 21 1586 as
40 1566 93 1587 idem
116 1568 167 1587 iudi·

0 1593 167 1619 ,tumepiseopale

0 1622 102 1644 mragitur.

777 197 972 221 ixiixizinCTt's
1000 198 1055 221 xlii
1081 198 1126 221 ΙΨ.

180 258 213 280 ac
239 246 461 280 definitionem
498 246 633 278 liuiusrc
668 256 781 278 causae
814 246 914 288 impe-

179 301 246 333 dire
273 294 464 338 tentassent,
492 298 585 331 ctiam
605 309 663 341 per
681 299 914 331 ecclesiasticas

178 360 332 384 censuras
358 361 528 383 occurrere
555 351 702 389 deberet,
724 356 820 392 utque
838 350 913 389 illis,

178 416 195 437 a
220 404 336 446 quibus
362 414 456 436 causa
482 404 706 445 cognoscenda
733 408 831 443 esset,
866 403 913 435 iis<

179 457 251 488 dem
276 455 438 495 adhibitis,
466 455 490 488 si
517 466 598 498 opus
625 461 728 494 esset,
750 455 913 494 remediis,

178 508 323 541 ediceret
359 517 398 539 ne
436 507 509 540 ullis
540 506 680 546 ol'liciis,
713 507 914 540 commenda-

180 560 332 599 tionibus,
358 565 410 592 aut
436 560 573 602 partium
608 559 724 591 studiis
757 559 915 601 obseque-

178 618 310 650 rentur,
337 613 393 645 sed
419 613 522 645 solum
548 612 646 644 Deum
674 611 816 643 veritatis
838 621 915 653 prae

181 664 282 698 oculis
308 665 481 697 haberent.
509 665 546 696 Et
571 675 609 697 ne
636 665 666 696 in
693 674 727 696 re
755 665 837 695 [anta
862 664 914 695 dc*

179 717 321 750 finienda
346 716 437 749 novis
457 715 804 759 procrastinationibus
826 715 915 747 locus

180 779 252 802 esse
277 774 401 812 posset,
428 769 579 801 bimestre
617 774 741 810 tempus
771 768 846 799 huic
870 767 916 799 iu-

179 822 263 855 dicio
289 821 491 854 conficiendo
517 821 738 863 praefiximus.
760 821 823 852 llas
841 830 916 852 vero

179 875 304 907 litteras
337 874 474 906 dilectus
510 874 593 906 silius
626 872 814 915 Fulgentius
847 873 917 905 Bel-

178 927 281 967 lellus,
307 926 398 970 prior
423 926 587 968 generalis
614 927 748 958 fratrum
767 925 917 958 eremita-

178 992 247 1014 rum
286 981 382 1013 totius
417 980 547 1013 Ordinis
584 979 614 1012 S.
654 979 849 1021 Augustini,
883 978 915 1010 in

178 1033 335 1066 coenobio
354 1033 438 1064 iuxta
455 1032 652 1075 praedictam
675 1032 788 1064 aedem
810 1031 914 1063 sancti

178 1085 333 1123 doctoris,
358 1085 436 1117 alias
462 1084 493 1117 S.
522 1084 606 1117 Petri
634 1084 664 1116 in
691 1084 782 1116 caelo
801 1094 914 1123 aureo,

179 1138 279 1170 Ticini
315 1138 529 1175 constitutus,
566 1136 624 1179 ipsi
663 1136 819 1179 episcopo
858 1146 916 1178 per

179 1191 314 1224 dilectos
341 1189 423 1222 [ilios
450 1190 625 1232 Iosephum
653 1190 690 1222 dc
717 1188 880 1231 Gregoriis
899 1199 916 1220 a

177 1243 207 1276 S.
233 1243 377 1286 Elpidio,
405 1248 435 1276 et
460 1242 622 1286 Aloysium
648 1243 686 1274 de
713 1242 913 1283 Bellagente,

177 1296 402 1335 Ticinensem,
441 1297 556 1328 fratres
593 1296 745 1328 eremitas
771 1295 915 1328 ciusdem

177 1349 323 1388 Ordinis,
351 1354 515 1391 tamquam
543 1348 701 1391 speciales
727 1353 916 1390 procurato—

162 1413 229 1435 .res
254 1402 286 1434 in
312 1402 373 1434 hac
394 1403 490 1434 causa
515 1412 531 1433 a
557 1410 590 1433 se
617 1401 801 1443 deputatos,
825 1411 915 1444 prae-

179 1454 298 1488 sentari
324 1454 457 1487 curavit.

222 1508 237 1550 g
268 1506 299 1540 3.
326 1506 506 1549 Episcopus
537 1506 737 1546 Tit-inensis,
774 1507 915 1549 acceptis

180 1559 295 1592 litteris
332 1558 450 1591 nostris
484 1563 515 1591 et
547 1558 682 1590 iuridice
719 1558 838 1591 vocatis
863 1569 915 1591 vo-

179 1611 311 1651 candis,
344 1610 397 1653 qui
431 1610 508 1643 olim
542 1620 600 1653 pro
633 1610 798 1643 identitate
832 1611 914 1643 sacri

179 1663 324 1706 corporis
350 1663 557 1703 declaranda,
577 1663 707 1695 nomine
727 1665 912 1696 eorumdem

179 1717 312 1748 fratrum
337 1715 546 1748 eremitarum
571 1716 602 1747 in
630 1721 809 1748 memorato
842 1726 915 1748 coe-

179 1769 275 1801 nobio
294 1768 494 1810 degentium,
517 1768 618 1801 vocati
638 1769 778 1807 fuerant,
806 1769 915 1811 inspe-

179 1821 302 1864 ctisque
329 1821 406 1853 actis
432 1821 464 1853 in
490 1821 602 1853 eadem
629 1824 723 1853 causa
755 1832 770 1853 a
804 1832 913 1854 mense

179 1873 321 1905 octobris
347 1873 420 1905 anni
440 1882 565 1906 nocxcv
587 1884 688 1916 usque
710 1875 748 1906 ad
767 1885 912 1907 mensem

179 1925 327 1958 martium
342 1926 415 1958 anni
431 1936 569 1959 MDcxtnx
584 1928 750 1966 consectis,
764 1929 826 1959 una
841 1937 911 1959 eum

179 1977 416 2009 visitationibus
434 1978 536 2020 ipsius
554 1980 700 2021 corporis
718 1979 749 2012 S.
767 1979 914 2022 Augusti-

181 2030 231 2069 ni,
257 2030 350 2062 annis
376 2040 511 2070 nncxcv,
537 2041 675 2065 Mocxcvi
697 2037 728 2064 et
748 2042 912 2073 Mnexcvn,

180 2083 302 2126 pariter
335 2082 445 2123 sactis,
478 2093 605 2116 necnon
637 2084 782 2125 iuribus,
816 2085 912 2118 docu-

180 2134 306 2174 mentis,
334 2135 459 2167 teslium
486 2136 756 2178 depositionibus,
778 2137 914 2181 aliisque

180 2187 400 2220 monumentis
419 2193 450 2220 et
475 2189 643 2231 scripturis
659 2194 734 2221 tunc
755 2193 784 2223 et
801 2190 914 2223 subsc-

181 2241 354 2283 quenlibus
371 2240 462 2273 annis
484 2241 611 2283 publica
632 2243 824 2276 auctoritate
842 2253 915 2275 exa-

180 2293 271 2332 ratis3
291 2293 486 2336 compluries
506 2293 600 2326 etiam
620 2294 781 2336 theologis
807 2305 915 2328 sacro-

180 2356 316 2388 rumque
347 2356 507 2378 canonum
542 2347 775 2389 interpretibus
805 2358 914 2381 coram

179 2409 214 2431 se
240 2398 465 2441 cougregatis,
491 2409 571 2441 quos
598 2410 632 2431 cx
659 2399 719 2442 piis
746 2400 914 2443 doctisque

179 2450 254 2483 viris
279 2450 317 2482 ad
343 2451 545 2494 praescripta
564 2452 757 2485 sacrosancti
779 2451 914 2485 Concilii

178 2502 358 2535 Tridentini
393 2503 423 2535 in
456 2503 626 2537 eonsilium
662 2504 722 2536 sibi
746 2505 914 2538 adhiben-

179 2555 237 2589 dos
256 2555 438 2598 delegerat,
457 2556 573 2599 quibus
592 2567 726 2600 poenas,
748 2558 779 2589 in
799 2558 913 2592 iisdem

1588 187 1645 219 711

958 246 1073 279 litteris
1115 246 1232 278 nostris
1265 256 1433 289 expressas
1469 245 1602 285 indixit,
1635 244 1698 276 sin-

958 300 1031 341 gula
1057 309 1175 332 causae
1209 304 1372 331 momenta
1397 303 1520 331 attente
1554 298 1696 330 discussa

959 357 990 384 et
1015 358 1139 385 mature
1166 352 1370 385 considerata
1394 352 1534 384 suerunt.
1554 351 1695 383 Tandem

957 414 1034 437 vcro
1059 405 1144 437 idem
1170 405 1341 447 episcopus
1368 404 1419 437 die
1437 414 1496 437 xxv
1519 403 1697 446 iuniigluna

959 467 1031 489 cum
1057 457 1170 489 iisdem
1208 458 1273 489 suis
1311 458 1369 489 liae
1400 457 1432 488 in
1465 459 1560 489 causa
1591 456 1696 489 consi-

958 508 1059 540 liariis
1091 509 1130 541 ab
1159 520 1192 541 se
1219 509 1369 548 delectis,
1406 519 1511 541 coram
1547 508 1697 541 fratribus

959 560 1101 592 eremitis
1117 561 1357 602 Augustinianis
1374 566 1404 592 et
1423 560 1586 593 canonicis
1602 571 1698 602 regu-

959 612 1081 644 laribus
1120 613 1389 644 Lateranensibus
1422 623 1546 644 sacrum
1577 623 1696 655 corpus

960 665 991 696 in
1017 664 1222 697 consessione
1249 670 1413 707 repertum
1443 674 1527 696 anno
1556 674 1693 703 nncxcv,

960 722 1033 758 post
1058 717 1226 748 recitatum
1257 717 1295 748 ad
1330 727 1416 748 aram
1443 716 1612 748 maximam
1640 717 1697 759 hy-

959 779 1069 801 mnum
1100 769 1179 800 Veni
1210 773 1332 800 m‘calor
1363 768 1525 811 Spiritus,
1560 779 1594 801 ex
1622 779 1698 801 eon-

960 821 1099 854 sessione
1134 822 1163 853 in
1199 824 1293 865 capsa
1319 823 1461 854 clausum
1488 822 1525 853 ad
1552 823 1697 854 eamdem

960 884 1046 906 aram
1071 885 1130 918 per
1155 885 1208 907 sex
1234 874 1440 918 presbyteros
1462 874 1546 907 inter
1563 885 1698 907 accensa

961 926 1078 959 funalia
1103 933 1292 959 reverenter
1326 928 1502 969 perlatum,
1529 932 1638 960 exacte
1667 933 1699 960 et

960 979 1073 1012 sedulo
1100 979 1363 1012 visitaritdielnis
1388 990 1446 1012 xxv
1469 979 1698 1022 ctxxv1ssiunii,

960 1031 1116 1064 adhibitis
1145 1032 1246 1064 tribus
1268 1043 1302 1064 ex
1331 1031 1541 1074 peritioribus
1562 1032 1698 1064 civitatis

959 1090 1125 1117 anatomes
1151 1084 1406 1126 professoribus,
1433 1084 1641 1116 iureiurando
1660 1085 1698 1117 de

959 1137 1092 1169 veritate
1119 1137 1257 1170 dicenda
1276 1137 1451 1177 obstrictis,
1480 1137 1534 1180 qui
1556 1137 1698 1180 singulas

959 1190 1038 1222 sacri
1065 1190 1213 1232 corporis
1239 1195 1349 1232 partes
1370 1190 1515 1222 studiose
1541 1200 1698 1232 recogno-

959 1247 1101 1281 scentes,
1127 1253 1159 1275 os
1185 1242 1313 1274 brachii
1344 1242 1473 1273 sinistri
1497 1242 1536 1274 ab
1562 1242 1698 1276 humero

959 1295 997 1327 ad
1023 1295 1189 1334 cubitum,
1225 1300 1319 1338 atque
1356 1295 1441 1327 aliud
1486 1295 1572 1338 quod
1613 1296 1698 1328 atlas

958 1353 1110 1386 vocatur,
1137 1348 1249 1380 deesse
1275 1348 1591 1381 animadverterunt:
1618 1359 1699 1391 quo-

958 1411 1029 1432 rum
1055 1400 1194 1444 primum
1221 1400 1321 1432 Ticini
1348 1412 1363 1433 a
1389 1400 1492 1433 felicis
1524 1401 1698 1434 memoriae

959 1454 1133 1486 decessore
1168 1458 1279 1486 nostro
1310 1453 1488 1486 Benedicto
1519 1454 1602 1497 Papa
1634 1455 1696 1486 Vlll

959 1506 992 1538 Β.
1020 1505 1204 1548 Egelnotlio
1223 1505 1348 1548 prinmti
1367 1505 1587 1539 Cantuariensi
1610 1507 1697 1539 dono

960 1559 1109 1590 traditum
1137 1559 1262 1597 suerat3
1289 1559 1428 1590 alterum
1468 1569 1542 1591 vero
1569 1559 1601 1591 in
1626 1559 1697 1592 Dal-

958 1612 1055 1644 matia
1080 1618 1226 1645 servatur
1241 1611 1272 1643 in
1288 1612 1441 1644 thesauro
1467 1622 1628 1645 sacrarum
1648 1624 1697 1646 rc-

958 1665 1131 1707 liquiarum
1150 1664 1422 1707 metropolitanae
1441 1665 1595 1698 ecclesiae
1614 1665 1697 1698 Rau-

958 1718 1058 1750 sinae.
1086 1718 1139 1750 llis
1165 1717 1321 1760 peractis,
1355 1710 1512 1760 sacroque
1547 1718 1697 1761 deposito

957 1771 988 1803 in
1016 1771 1187 1814 pristinum
1215 1770 1430 1803 consessionis
1457 1772 1563 1803 locum
1583 1772 1697 1806 eadem

957 1823 1161 1856 caeremonia
1198 1823 1366 1861 restituto,
1405 1823 1490 1855 idem
1523 1823 1697 1867 episcopus

957 1876 1135 1908 Ticinensis
1154 1876 1315 1907 solemnes
1336 1875 1590 1917 supplicationes
1605 1876 1699 1909 alias-

957 1939 1019 1972 que
1063 1928 1208 1972 publicas
1246 1933 1276 1959 et
1315 1928 1462 1960 assiduas
1494 1939 1609 1972 preces
1658 1930 1695 1962 ad

957 1982 1097 2015 divinam
1125 1992 1218 2024 opem
1246 1990 1305 2023 pro
1333 1986 1420 2014 recto
1446 1981 1565 2015 iudicio
1584 1993 1697 2016 secun-

957 2035 1032 2068 dum
1070 2035 1170 2067 Deum
1206 2039 1237 2066 ct
1267 2033 1400 2066 veritate
1432 2034 1565 2067 serendo
1597 2035 1697 2080 impe-

957 2087 1103 2120 trandam
1153 2086 1286 2126 indixit,
1325 2086 1443 2129 quibus
1482 2087 1594 2121 devote
1625 2099 1696 2122 cum

957 2146 1094 2183 utroque
1119 2141 1207 2173 clero
1234 2145 1265 2171 et
1290 2141 1412 2182 populo
1437 2140 1574 2174 civitatis
1600 2142 1696 2175 inter-

958 2191 1032 2227 fuit:
1050 2191 1191 2234 visisque
1219 2191 1345 2224 tandem
1371 2192 1520 2225 omnibus
1540 2193 1694 2235 videndis,

958 2250 987 2276 et
1018 2245 1229 2277 consideratis
1263 2243 1531 2285 considerandis,
1558 2256 1696 2289 congre-

958 2296 1104 2339 gatisque
1126 2297 1242 2329 iterum
1263 2306 1372 2329 coram
1390 2307 1422 2329 se
1440 2307 1549 2330 sacrae
1572 2298 1696 2332 theolo-

958 2349 1027 2391 giae
1043 2350 1202 2390 magistris
1221 2355 1252 2382 et
1267 2359 1427 2382 canonum
1442 2351 1694 2393 professoribus,

959 2412 1054 2444 quos,
1087 2402 1132 2433 uti
1166 2403 1226 2434 iam
1254 2402 1414 2442 diximus,
1444 2404 1482 2436 ad
1512 2404 1696 2438 sanctiones

957 2454 1090 2487 Concilii
1116 2454 1311 2494 Tridentini,
1340 2461 1433 2488 antea
1463 2457 1495 2488 in
1521 2457 1695 2490 consilium

957 2512 1144 2546 vocaverat,
1162 2507 1283 2550 quique
1303 2508 1413 2541 decen]
1439 2514 1470 2541 et
1495 2514 1618 2553 septem
1637 2520 1695 2542 nu-

956 2570 1044 2592 mero
1078 2570 1137 2603 pro
1163 2559 1297 2593 veritate
1332 2566 1426 2604 atque
1452 2560 1620 2595 identitate
1646 2572 1696 2596 re-

1705 201 1752 222 Λη.
1776 197 1804 222 (ἶ.
1826 197 1890 222 1798
