2170 3147
2 221 28 239 u.
42 213 73 239 C.
97 211 163 239 ¹727

6 1317 127 1338 clausulae.

45 1423 161 1448 Derogatio

0 1450 142 1470 >nti-ariorum.

762 212 958 237 BENEDICTUS
982 213 1042 236 XIII
1065 213 1116 237 PP.

170 270 233 302 gne
257 271 403 294 annuere
436 262 603 300 volentes,
637 272 777 304 eumque
803 271 820 293 a
845 260 914 303 qui-

171 314 282 346 busvis
307 313 663 352 excommunicationis,
688 314 913 356 suspensionis

170 371 202 398 et
224 365 401 404 interdicti,
421 365 558 408 aliisque
583 365 811 398 ecclesiasticis
835 376 911 398 sen-

172 417 300 456 tentiis,
326 417 471 450 censuris
500 423 533 449 et
562 417 696 459 poenis,
721 428 739 449 a
763 418 833 449 iure
865 418 914 450 vel

170 469 210 501 ab
236 469 384 508 homine,
409 469 521 512 quavis
547 468 719 501 occasione
745 470 794 501 vel
820 471 915 501 causa

170 522 252 561 latis,
279 522 304 554 si
329 522 448 564 quibus
473 521 720 564 quomodolibet
741 521 915 552 innodatus

171 574 297 613 existit,
332 574 372 606 ad
405 572 553 606 ellectum
579 573 799 615 praesentium
825 573 915 604 dum-

173 630 255 659 taxat
279 626 570 668 consequendum,
598 625 713 656 harum
748 624 834 657 serie
860 624 916 656 ab·

172 680 334 711 solventes
361 684 391 711 et
416 679 600 711 absolutum
626 678 695 710 sore
720 682 913 715 censentes,

172 731 468 774 supplicationibus
495 730 562 762 eius
587 730 718 762 nomine
745 729 839 762 nobis
864 739 916 761 su-

172 793 231 826 per
268 784 330 816 hoc
366 783 534 816 humiliter
565 781 728 825 porrectis
759 781 914 816 inclinati.

172 835 390 878 praeinsertas
414 835 582 867 memorati
602 834 754 866 Matthaei
776 833 914 865 ministri

174 888 337 929 generalis
355 893 507 931 patentes
524 888 659 927 litteras,
683 886 859 929 omniaque
885 892 916 918 et

174 940 302 982 singula
321 941 353 972 in
371 941 417 973 eis
435 946 599 979 contenta,
620 939 810 972 auctoritate
837 949 916 981 apo—

173 994 295 1032 stolica,
311 999 421 1025 tenore
438 993 671 1035 praesentium,
686 992 916 1025 confirmamus

175 1051 207 1077 et
231 1046 462 1088 approbamus,
482 1046 609 1087 illisque
627 1044 824 1076 inviolabilis
843 1054 915 1086 apo-

174 1099 306 1131 stolicae
344 1098 502 1130 firmitatis
527 1098 626 1130 robur
664 1096 854 1136 adiicimus,
879 1107 915 1128 ac

174 1161 286 1183 omnes
313 1156 344 1182 et
368 1151 513 1192 singulos
545 1149 624 1182 iuris
656 1155 688 1182 et
724 1149 797 1181 sacti
830 1149 915 1181 dese-

174 1210 252 1243 ctus,
278 1204 303 1236 si
330 1204 385 1246 qui
418 1203 558 1246 desuper
590 1202 838 1245 quomodolibet
868 1203 917 1233 in-

175 1256 369 1289 tervenerint
381 1283 388 1295 ‚
412 1257 610 1298 supplemus.

219 1310 234 1352 ἓ
258 1308 291 1341 3.
319 1309 545 1345 Decerucntes‚
573 1313 764 1350 praesentes
790 1307 916 1339 litteras

175 1371 306 1404 semper
327 1360 444 1398 firmas,
460 1361 581 1392 validas
599 1365 630 1392 et
651 1360 806 1399 efficaces,
835 1357 913 1392 etc¹.

218 1414 234 1457 g
257 1413 289 1445 li.
309 1413 379 1445 lion
398 1413 603 1445 obstantibus
629 1412 917 1444 constitutionibus

175 1472 208 1499 ct
234 1465 492 1498 ordinatIOnibus
517 1464 714 1506 apostolicis,
741 1475 788 1503 ac,
808 1470 918 1506 quate-

175 1529 237 1551 nus
263 1528 343 1560 opus
369 1518 420 1556 sit,
444 1518 662 1560 praefatorum
680 1516 820 1555 Ordinis,
844 1527 920 1559 pro-

176 1571 310 1609 vinciae,
338 1571 434 1602 etiam
459 1570 649 1609 iuramento,
669 1576 731 1602 etc.
747 1568 769 1601 ⁴³.

219 1623 334 1655 Datum
359 1623 547 1661 Beneventi,
580 1623 638 1654 sub
669 1622 788 1654 annulo
817 1621 920 1653 Pisca-

177 1676 269 1715 toris,
301 1676 354 1708 dic
386 1687 416 1708 iv
442 1675 554 1717 aprilis
580 1685 763 1713 niocmxvu,
789 1674 921 1716 pontisi-

177 1735 267 1761 catus
293 1728 395 1761 nostri
422 1739 508 1759 anno
533 1738 580 1760 iu.

212 1791 274 1816 Dat.
291 1789 334 1815 (lie
355 1790 369 1814 st
390 1790 483 1824 aprilis
506 1789 584 1819 1727,
608 1789 705 1822 pontis.
728 1797 799 1814 auuo
820 1795 858 1814 nt.

472 1922 626 1955 CLxxw.

181 1993 374 2027 Conceditur
406 1993 549 2035 capitulo
583 1993 615 2025 S.
650 1993 742 2024 Petri·
771 1992 810 2024 de
843 1992 922 2024 Urbe

224 2046 366 2088 facultas
406 2045 599 2078 concedendi
638 2045 844 2077 dimissorias
881 2046 923 2077 ad

225 2108 334 2129 omnes
358 2108 464 2130 sacros
488 2098 617 2130 ordines
641 2098 780 2129 subditis
801 2108 924 2130 monm-

229 2150 384 2182 Ieriorum
408 2150 511 2183 eidem
536 2151 678 2193 capitulo
699 2150 903 2182 unitorum&

219 2229 228 2253 1
254 2227 287 2253 Ut
305 2235 388 2261 supra
408 2236 468 2261 pag.
490 2228 536 2254 471
560 2236 578 2254 α
598 2234 635 2254 (n.
652 2228 702 2257 TA.

218 2271 234 2297 2
255 2270 287 2297 Ut
306 2280 387 2306 supra
408 2279 467 2305 pag.
490 2272 535 2297 471
560 2280 578 2297 a
598 2273 637 2305 (u.
655 2272 703 2304 T.).

219 2315 237 2341 3
258 2315 319 2341 Pius
340 2315 374 2341 lV
394 2324 463 2341 anno
484 2322 598 2344 MDLxW,
620 2315 663 2341 die
683 2323 715 2341 ,xx
736 2315 819 2347 iunii,
841 2315 927 2341 univit

187 2367 295 2385 mensae
325 2359 469 2393 capitulari
489 2360 576 2385 dictae
597 2359 737 2391 basilicae,
758 2359 830 2384 iuter
849 2359 924 2392 alias,

186 2402 320 2429 abbatiam
349 2402 374 2428 S.
403 2402 490 2428 liulilli
513 2402 775 2436 Foropoinpilensis3
797 2407 823 2428 et
843 2402 926 2428 lnno-

187 2447 291 2473 centius
314 2447 344 2473 xl
371 2451 456 2473 const.
478 2446 521 2472 eil.
552 2453 724 2478 MDCLxxle,
750 2447 793 2472 die
819 2453 868 2471 xxv
888 2447 927 2472 fc-

188 2490 310 2524 bruarii,
332 2491 428 2524 pontif.
451 2496 488 2520 ιι,
514 2491 674 2524 approbavit
702 2491 842 2516 decretum
864 2490 927 2516 dicti

188 2534 296 2568 capituli
324 2534 357 2560 de
386 2534 578 2560 distributione
598 2534 794 2560 beneficiorum
821 2534 928 2562 clericis

188 2578 305 2605 subditis
324 2578 412 2604 dictae
432 2578 568 2604 abbatiae.

1594 203 1658 236 519
1705 213 1753 240 An.
1772 213 1800 239 C.
1821 212 1890 240 1727

1138 262 1320 290 Benedictus
1341 263 1420 296 Papa
1437 262 1520 293 xm.

1074 306 1111 333 ad
1130 310 1310 341 perpetuam
1328 307 1376 334 rei
1395 306 1578 334 memoriam.

1002 367 1036 399 In
1061 369 1260 409 apostolicae
1279 368 1446 410 dignitatis
1464 368 1613 410 fastigio,
1634 377 1699 400 me-
1736 378 1860 398 mmmm.

958 419 1027 450 ritis
1063 420 1138 452 licet
1172 420 1371 463 imparibus,
1407 430 1468 462 per
1500 419 1698 453 ineffabilem

959 471 1086 504 divinae
1099 472 1255 504 bonitatis
1268 473 1501 505 abundantiam
1519 472 1699 511 constituti,

959 523 998 555 ad
1020 529 1137 556 statum
1155 525 1299 556 omnium
1318 525 1471 557 catholici
1489 525 1577 558 orbis
1595 526 1700 558 eccle-

958 576 1096 613 siarum,
1116 577 1312 618 praesertim
1327 579 1433 610 almae
1453 577 1546 610 Urbis
1565 583 1698 610 nostrae

959 627 1190 666 basilicarum,
1220 639 1354 671 quarum
1382 630 1533 672 specialis
1563 630 1658 662 nobis
1683 641 1700 662 a

958 680 1095 712 Domino
1121 679 1243 712 credita
1264 686 1311 712 est
1328 681 1529 721 sollicitudo,
1548 692 1699 724 persona-

960 743 1097 774 rumque
1122 733 1155 764 in
1180 733 1227 765 eis
1252 733 1418 766 Altissimo
1445 735 1572 767 assidue
1598 734 1700 766 famu-

960 785 1094 818 lantium
1112 811 1119 823 ,
1146 786 1319 828 propensis
1355 787 1469 819 studiis
1502 787 1620 828 iugiter
1644 786 1696 818 in-

960 837 1136 876 tendimus,
1161 847 1337 880 earumque
1362 839 1489 878 decori,
1507 844 1699 871 ornamento

960 900 997 922 ac
1015 889 1165 931 dignitati
1184 891 1320 931 paterna
1339 891 1539 932 benignitate
1558 891 1699 923 libenter

960 943 1183 979 consulimus,
1218 942 1336 982 sicuti,
1363 944 1517 975 omnibus
1554 949 1698 976 maturae

960 996 1233 1028 considerationis
1260 996 1379 1028 trutina
1405 997 1596 1038 perpensis,
1617 997 1702 1028 salu-

960 1048 1063 1080 briter
1087 1047 1243 1090 expedire
1268 1048 1300 1080 in
1326 1048 1463 1080 Domino
1489 1048 1697 1080 arbitramur.

1005 1100 1019 1142 ξ
1044 1100 1075 1132 sl.
1102 1100 1212 1142 Nuper
1245 1100 1408 1143 siquidem
1443 1112 1503 1144 pro
1536 1107 1629 1143 parte
1659 1101 1703 1133 di·
1733 1111 1895 1149 Δχιωιγιωιι-

961 1156 1119 1186 lectorum
1146 1153 1285 1185 filiorum
1311 1153 1444 1196 capituli
1471 1158 1500 1187 et
1532 1140 1768 1187 canonico-llll*
1791 1140 1895 1190 '¹¹0‘J.¹1¹›iii¹.i2]

961 1217 1032 1238 rum
1057 1206 1210 1238 basilicae
1246 1206 1276 1238 S.
1317 1206 1399 1238 Petri
1432 1207 1470 1239 de
1497 1206 1582 1239 Urbe
1607 1192 1897 1249 nobisl³u¹‹s¹.?}s‘'¹t5‚1.m¹¹⁰0¹ss‘f

962 1259 1144 1301 expositum
1171 1259 1251 1296 suit,
1277 1259 1376 1301 quod,
1398 1270 1470 1290 cum
1496 1260 1573 1291 alias
1599 1243 1896 1302 (post-iiiiv'ifffiw‘l'c'w'

962 1322 1057 1354 quam
1082 1311 1184 1343 felicis
1214 1312 1450 1343 recordatiouis
1478 1312 1551 1344 Pius
1580 1313 1638 1344 Pr.
1666 1313 1702 1345 lv

962 1365 1201 1406 praedecessor
1226 1370 1338 1396 noster
1354 1390 1361 1402 ,
1388 1364 1504 1396 intuitu
1536 1375 1571 1397 ac
1596 1365 1628 1397 in
1653 1376 1704 1397 re-

962 1416 1223 1449 munerationem
1250 1417 1465 1459 quorumdam
1482 1417 1703 1450 subsidiorum

963 1481 980 1502 a
1005 1469 1150 1512 capitulo
1187 1480 1223 1501 ac
1257 1474 1332 1501 tuuc
1363 1469 1580 1501 existentibus
1613 1480 1705 1502 cano-

963 1522 1043 1554 nicis
1070 1522 1213 1554 eiusdem
1239 1522 1392 1553 basilicae
1410 1522 1442 1553 in
1460 1521 1552 1554 Sedis
1570 1522 1706 1565 Aposto—

963 1575 1044 1607 licae
1081 1576 1227 1606 levamen
1266 1575 1484 1609 collatorum,
1519 1584 1579 1616 per
1613 1584 1705 1607 suam

965 1627 1113 1659 cedulam
1133 1626 1367 1668 motusproprii
1392 1636 1436 1658 ΧΠ
1462 1626 1617 1658 kalendas
1634 1626 1704 1659 iulii

964 1689 1049 1710 anno
1073 1688 1194 1711 MDinv
1227 1688 1283 1710 scu
1311 1678 1373 1710 alio
1408 1678 1525 1709 veriori
1557 1684 1705 1721 tempore

964 1731 1164 1774 expeditam,
1191 1730 1319 1762 diversa
1339 1731 1539 1763 monasteria
1563 1732 1706 1764 abbatias

965 1788 1170 1825 nuncupata,
1197 1788 1230 1815 et
1254 1783 1449 1825 pracsertim
1481 1783 1556 1815 illa¹
1582 1784 1613 1816 S.
1641 1785 1706 1816 Ru-

966 1837 1023 1869 lilli
1054 1836 1165 1878 oppidi
1193 1836 1429 1878 Foropompilii
1447 1863 1454 1875 ‚
1481 1837 1513 1868 in
1538 1837 1706 1870 Ravenna-

967 1888 1062 1928 tensi,
1086 1894 1118 1920 et
1138 1888 1186 1920 Ss.
1207 1888 1292 1920 Petri
1319 1889 1358 1920 de
1379 1888 1494 1921 Cusato
1512 1899 1549 1921 ac
1566 1889 1704 1929 Nazarii,

967 1941 998 1972 iu
1024 1941 1230 1973 Salernitana
1256 1941 1435 1983 respective
1461 1952 1517 1973 seu
1538 1942 1608 1974 aliis
1636 1953 1707 1985 pro—

966 1994 1081 2025 vinciis
1107 1993 1332 2032 consistentia,
1358 1995 1424 2025 una
1448 2004 1520 2026 cum
1546 1994 1706 2027 universis

967 2056 1082 2078 eorum
1107 2045 1399 2085 iurisdictionibus,
1423 2046 1566 2078 vassallis
1586 2053 1617 2079 et
1633 2047 1708 2079 sub-

968 2099 1055 2137 ditis,
1082 2099 1187 2131 eidem
1213 2098 1354 2140 capitulo
1379 2099 1538 2141 perpetuo
1564 2099 1706 2132 univerat

968 2157 1000 2183 et
1024 2151 1310 2193 incorporaveiat,
1337 2156 1366 2182 et
1394 2161 1411 2182 a
1436 2161 1640 2194 quacumque
1661 2163 1708 2184 su-

969 2203 1158 2246 perioritate
1196 2209 1271 2234 tunc
1304 2208 1336 2234 et
1367 2213 1426 2244 pro
1465 2209 1611 2246 tempore
1647 2205 1708 2236 exi-

969 2256 1124 2288 stentium
1164 2256 1390 2298 cpiscoporum
1431 2256 1706 2296 Britonoriensis‚

970 2308 1213 2341 policastrensis
1236 2314 1266 2340 et
1294 2308 1549 2352 Caputaquensis
1568 2309 1655 2342 tum²
1677 2311 1709 2342 in

970 2360 1193 2402 spiritualibus
1223 2366 1289 2392 tuin
1319 2360 1351 2392 in
1378 2362 1610 2404 temporalibus
1640 2373 1710 2395 exc-

971 2414 1086 2451 merat>
1105 2423 1189 2445 anno
1208 2422 1314 2445 iunxcv
1332 2418 1408 2445 tunc
1429 2414 1571 2447 existens
1590 2415 1710 2458 episco-

970 2475 1030 2507 pus
1052 2465 1299 2498 Policastrensis
1317 2466 1365 2498 ius
1382 2467 1549 2499 ecclesiam
1564 2467 1708 2500 eiusdem

1008 2536 1017 2561 1
1043 2535 1109 2561 Male
1129 2535 1193 2562 edit.
1214 2535 1295 2562 Main.
1315 2536 1380 2570 legit
1398 2537 1468 2563 illae
1487 2537 1527 2572 (n.
1549 2539 1598 2572 T.).

1006 2578 1022 2605 2
1044 2579 1204 2605 Particulam
1226 2583 1284 2607 tum
1304 2588 1352 2607 nos
1371 2580 1494 2608 addimus
1513 2583 1550 2614 (a.
1572 2586 1619 2614 τ.).
