2170 3147
191 237 243 263 An.
262 235 290 263 C.
314 236 381 264 1725

218 459 267 478 1201„
284 461 337 481 quai*
356 462 374 475 itt

216 1470 288 1491 Denuo
300 1472 376 1501 sensu·-

191 1498 483 1557 fienaSll'i'lll'ssnibus
516 1512 556 1544 ab
593 1512 663 1554 ipsa
700 1511 759 1543 iam
795 1511 902 1551 editis,
939 1517 969 1544 et
995 1522 1011 1544 a
1037 1510 1131 1543 nobis

191 1552 374 1604 arguze-mae-

191 1500 259 1518 matur

220 2372 374 2393 novormtnwm

189 2400 298 2419 cniusdam
403 2419 408 2424 .
429 2419 434 2424 .
718 2421 722 2426 .
1029 2422 1034 2427 .

188 2425 537 2473 {³21¹hass'ssssii'c'iii‘§mmmm
565 2431 620 2453 seu
649 2421 782 2454 dubium
803 2422 917 2464 quinto
935 2423 1008 2455 loco
1028 2434 1059 2455 m
1079 2425 1129 2456 ea-

188 2473 458 2527 llZffetfif’¹'“''“²‘d‘³¹¹¹
484 2474 743 2516 Congregatione
771 2476 974 2518 propositum
1006 2476 1057 2509 die
1087 2487 1128 2510 xu

428 227 492 259 ⁶29⁹]

387 285 472 323 duci,
497 285 645 325 institui,
675 283 809 317 utilibus
845 284 1069 317 contractibus
1095 293 1130 316 ac

386 337 613 371 stabilimentis
639 337 774 377 servari,
802 337 1063 381 opportunisque
1085 338 1132 370 le-
1152 354 1153 382 3

1152 386 1153 416 l
1173 390 1230 423 Iius
1254 391 1459 424 cautionibus
1481 402 1539 435 pro
1564 402 1716 424 annonae
1745 393 1918 427 securitate

430 444 444 486 ἓ
471 443 500 476 7.
529 443 729 485 lniungimus
756 444 890 487 insuper
911 448 1054 476 exactam
1081 454 1153 476 att-i

267 488 595 539 „'.'.⁰„.'¹[um11·atamque
622 497 766 529 omnium
800 507 912 530 earum
946 485 1154 542 dispositio}

387 560 463 581 num
489 554 520 582 et
546 550 765 592 provisionum
791 550 1027 590 executionem,
1051 560 1131 593 quae
1153 562 1154 588 ι

385 390 479 433 gibus
507 390 653 422 roborari
681 389 842 432 cupimus.

387 612 403 634 a
425 602 519 635 nobis
545 602 577 634 in
597 603 658 635 lioc
677 608 789 636 nostro
810 608 897 636 motu
925 603 1058 646 proprio
1077 602 1132 636 ob-

387 655 565 688 servandae
582 660 611 688 et
629 656 757 688 debitae
777 656 963 689 executioni
981 656 1133 689 mandan-

387 708 446 741 dae
472 708 698 751 iniunguntur.
725 708 880 747 Quoniam
911 719 987 741 vero
1006 708 1130 752 paterni

387 762 487 795 nostri
513 762 632 795 amoris
659 762 839 802 instinctus,
867 762 921 806 qui
946 762 1129 795 vehemen-

387 821 436 849 ter
458 816 557 849 fertur
582 816 613 848 in
640 815 842 849 subditorum
860 822 1050 849 nostrorum
1071 816 1132 848 uti-
1153 810 1155 848 s

385 870 510 903 litatem
537 880 618 913 quae
639 870 774 903 maxime
792 870 823 902 in
843 869 930 902 omni
945 869 1131 913 principatu

387 978 592 1012 commerciis
619 979 821 1022 expectanda
839 984 904 1019 est,
925 976 1049 1011 moras¹
1068 987 1132 1010 non

386 1031 516 1075 patitur,
545 1037 575 1064 et
600 1031 694 1064 citam
732 1031 982 1074 expeditamque
1018 1041 1155 1073 eorum:¹

1153 1077 1155 1100 Ξ
1177 1085 1261 1118 tarii.

1153 1130 1155 1142 l

388 1085 622 1124 executionem,
639 1095 720 1128 quae
739 1085 815 1117 liuic
832 1085 885 1117 lini
901 1083 1130 1128 assequend0²‚

386 1138 544 1171 retardari
571 1148 634 1170 non
662 1138 820 1171 sustinet:
839 1143 1017 1181 propterea
1042 1138 1131 1170 volu-

386 1202 459 1225 mus
492 1197 525 1223 ut
555 1192 642 1224 omni
668 1192 834 1224 celeritate
860 1192 957 1234 plene
991 1201 1027 1223 ac
1058 1201 1131 1233 per-

387 1245 469 1278 fecte
510 1245 708 1288 impleantur
744 1254 968 1288 quaecumque
1006 1244 1132 1276 resolu-

386 1299 492 1332 tiones
512 1303 543 1331 et
561 1298 829 1338 deliberationes,
851 1309 929 1342 quas
945 1297 1132 1342 saepedicta

386 1351 603 1394 Congregatio
629 1351 660 1384 in
687 1351 834 1384 ιιιᾶιιιιιιι3
851 1351 1057 1384 subditorum
1077 1361 1132 1383 no-

387 1411 523 1438 strorum
543 1404 739 1438 beneficium
759 1415 906 1437 cessuras
927 1404 1129 1436 iudicaverit.

431 1459 445 1502 ἓ
469 1457 500 1491 8.
529 1458 739 1490 inhaerentes
766 1458 862 1500 igitur
888 1457 1133 1490 determinatio-

386 1566 538 1610 superius
564 1565 762 1605 cnunc-latis,
781 1567 928 1598 volumus
948 1576 1001 1597 eas
1018 1575 1131 1597 omnes

387 1621 425 1652 ad
445 1620 622 1663 perfectam
641 1619 879 1652 observantiam
899 1624 929 1651 et
949 1618 1131 1661 plenarium

386 1673 536 1708 effectum
564 1674 697 1707 omnino
724 1673 866 1713 deduci;
893 1679 1131 1716 proptereaque

386 1738 440 1760 eas
467 1728 581 1759 iteium
607 1727 777 1770 speciatim
800 1731 831 1759 et
855 1726 1033 1769 praecipue
1059 1736 1132 1758 con-

385 1781 550 1814 firmamus
589 1786 620 1813 et
655 1780 889 1824 approbaunis,
916 1781 1061 1812 volentes
1098 1785 1132 1811 ut

385 1835 612 1877 irrefragabile
638 1835 738 1867 robur
756 1840 787 1866 et
804 1834 866 1866 vim
893 1839 1053 1877 perpetuo
1080 1834 1132 1866 ha-

384 1889 491 1928 beant,
511 1894 542 1921 et
558 1888 779 1931 undequaque
799 1888 1029 1927 observentur,
1049 1898 1129 1927 eum,

385 1951 438 1974 eas
487 1940 722 1973 inviolabiliter
761 1940 925 1973 observari
972 1950 1130 1983 suumque

384 1996 519 2038 plenum
546 1994 694 2027 effectum
721 1994 839 2034 soi-tiri,
859 1995 900 2027 sit
921 2000 1033 2027 nostra
1055 2005 1130 2037 spe-

384 2048 474 2081 cialis
509 2053 539 2080 et
577 2048 727 2080 absoluta
763 2049 924 2081 voluntas.
953 2048 1025 2080 Illas
1055 2058 1130 2081 vero

385 2101 650 2139 deliberationes,
682 2112 764 2144 qnae
790 2112 806 2133 a
832 2101 924 2134 nobis
961 2101 1129 2144 speciatim

384 2154 583 2197 approbatae
609 2164 673 2186 non
700 2160 785 2194 sunt,
814 2155 998 2197 approbare
1024 2154 1129 2187 inten-

385 2207 512 2247 dimus,
549 2208 743 2251 easdcmque
781 2207 962 2250 praesentis
1000 2213 1128 2241 nostrae

384 2261 523 2303 paginae
547 2266 657 2294 tenore
681 2261 711 2293 iu
732 2261 834 2294 forma
859 2261 991 2304 speciali
1013 2272 1130 2305 appro-

384 2313 497 2345 bamus
524 2320 555 2346 et
580 2313 821 2346 confirmamus.

429 2366 443 2409 ,ξ
468 2365 499 2398 9.
528 2366 736 2399 Declarantes
764 2368 918 2409 (relative
945 2368 983 2401 ad
1009 2379 1130 2412 propo-

422 2556 430 2580 1
452 2553 518 2580 Male
531 2553 574 2579 ed.
589 2553 667 2579 nain.
682 2553 744 2588 legit
760 2563 852 2582 mores
865 2564 912 2589 pro
926 2563 1023 2583 moras
1033 2557 1127 2589 (R.T.).

419 2597 434 2623 ἓ
449 2597 547 2633 Supple
563 2601 737 2631 conqruwil,
754 2602 799 2624 aut
816 2599 902 2624 simile
918 2604 954 2633 (tt.
973 2601 1021 2631 Ἰ·.).

419 2642 434 2668 3
451 2642 565 2668 Videtur
582 2642 728 2676 legendnm
745 2651 886 2676 maynum
904 2645 943 2676 (ιι.
962 2644 1012 2676 T.).

971 236 1149 260 mssLttaatt'n
1178 235 1328 259 nontxt'st

1917 239 1966 266 An.
1986 240 2015 266 C.
2039 239 2109 269 1725

1174 283 1242 316 iulii
1262 283 1382 316 mensis
1398 284 1498 328 elapsi
1518 285 1654 318 huiusce
1668 286 1742 318 anni
1757 295 1914 327 unccxxig

1175 336 1323 370 videlicet
1340 348 1346 370 2
1371 337 1547 378 Quomodo,
1563 349 1629 381 qua
1646 338 1773 372 ratione
1790 344 1818 372 et
1843 341 1917 384 qui-

1174 443 1308 477 debeuut
1324 444 1398 487 fieri
1418 445 1638 477 mutuationes
1662 445 1825 487 ayricoliS,
1843 446 1917 489 fun-

1174 496 1290 530 dorum
1316 497 1478 537 domnus,
1512 502 1540 529 et
1572 496 1819 530 conductoribus
1843 499 1920 542 ayri

1174 551 1306 583 romani
1333 562 1369 583 ac
1398 551 1467 583 eius
1499 550 1686 589 districtus)
1714 551 1822 594 quod'
1858 552 1918 584 liu-

1175 603 1315 636 iusmodi
1338 604 1563 637 determinatio
1589 604 1684 637 unice
1705 604 1866 648 pertineat
1883 615 1933 649 ac·

1175 657 1340 699 pertinere
1382 657 1501 690 debeat
1542 657 1579 689 ad
1623 656 1916 700 congregationem

1153 732 1154 735 =
1175 710 1394 752 praelatorum
1421 710 1622 753 aliorumque
1644 721 1661 743 a
1678 710 1773 743 nobis
1798 711 1829 744 in
1855 711 1918 745 hoc

1176 768 1286 797 nostro
1305 770 1391 796 motu
1410 763 1544 807 proprio
1563 774 1662 807 super
1680 765 1715 797 ea
1732 774 1767 797 re
1786 764 1919 808 deputa-

1177 822 1258 850 tam:
1281 818 1319 851 ad
1343 829 1437 861 quam
1456 817 1551 851 unice
1573 818 1668 851 etiam
1695 823 1844 862 spectare
1870 819 1919 852 de·

1153 880 1155 889 ¹
1176 871 1335 903 clararnus
1356 871 1577 914 cognitionem
1596 870 1783 904 idoneitatis
1803 881 1918 905 eorum

387 935 422 957 ex
461 934 495 957 re
533 925 658 967 agraria
694 930 724 957 et
759 924 900 957 assiduis
940 923 1154 967 crebrisque,

1176 924 1292 967 quibus
1312 924 1512 967 erogandum
1531 925 1592 957 erit
1609 924 1730 958 dictum
1756 930 1917 967 mutuum,

1177 984 1207 1011 et
1233 978 1415 1011 cautionem
1442 978 1540 1011 etiam
1572 977 1855 1021 suscipiendorum
1889 984 1921 1012 et

1177 1030 1437 1074 exigendorum²
1463 1030 1549 1064 iuxta
1575 1032 1764 1075 qualitatem
1797 1036 1920 1064 mutua-

1220 1139 1234 1182 ἓ
1260 1137 1313 1171 10.
1340 1136 1498 1176 Quantum
1524 1148 1598 1171 vero
1633 1137 1671 1171 ad
1697 1142 1819 1172 sextam
1846 1149 1943 1182 pro-y
2036 1177 2038 1179 ‚

1174 1192 1387 1235 positionem,
1412 1202 1468 1225 seu
1494 1192 1700 1235 propositum
1726 1192 1858 1225 dubium
1886 1175 2114 1233 5112'35¹21‘1¹1f¹-¹‘1'›'.¹.2'1132¹3

1175 1245 1288 1277 ezldem
1309 1245 1581 1287 Congregatione‚
1596 1245 1707 1278 eadem
1727 1245 1789 1286 die,
1807 1256 1918 1279 mense
1929 1230 2116 1304 {Euffiffiiissiii'siffi

1176 1304 1208 1331 et
1233 1309 1325 1338 anno,
1351 1297 1522 1331 videlicet:
1556 1297 1598 1330 In
1622 1308 1767 1341 quanam
1792 1303 1921 1342 quanm-

1177 1356 1240 1385 [ατε
1254 1356 1281 1384 el
1295 1353 1422 1384 summa
1436 1351 1607 1395 faciendae
1620 1352 1686 1384 sint
1697 1351 1878 1395 praedictis
1891 1363 1921 1385 α-

1967 1149 2077 1173 Qumtdam
2093 1155 2114 1170 a·

1153 1443 1155 1450 k
1174 1405 1309 1449 yrz'colis
1322 1406 1561 1438 mutuationes:
1583 1405 1830 1439 considerantes
1849 1416 1919 1448 nos,

1176 1459 1262 1491 iuxta
1287 1465 1486 1502 postremum
1513 1463 1628 1491 statum
1656 1469 1803 1491 annonae
1828 1470 1922 1503 supe-

1177 1513 1243 1545 rius
1269 1512 1533 1552 constabilitum,
1560 1512 1732 1556 pecuniam
1749 1540 1756 1553 ,
1782 1512 1820 1545 de
1858 1524 1920 1557 qua

1176 1568 1301 1601 libere3
1320 1567 1495 1610 disponere
1522 1577 1706 1610 possumus,
1728 1567 1767 1600 ad
1793 1567 1920 1600 notabi-

1176 1623 1239 1655 lem
1266 1628 1295 1654 et
1321 1621 1532 1664 conspicuam
1559 1631 1716 1653 summam
1741 1621 1920 1655 ascendere

1176 1681 1342 1708 scutorum
1379 1685 1589 1707 romanorum
1627 1677 1845 1708 tercentorum
1872 1685 1921 1707 se-

1176 1728 1346 1771 ptuaginta
1376 1728 1470 1760 unius
1502 1727 1637 1760 millium
1665 1728 1919 1770 quingentorum

1176 1782 1342 1824 octoginta
1363 1787 1503 1825 septem,
1530 1787 1560 1814 et
1586 1781 1760 1814 obulorum
1782 1781 1921 1825 quadra-

1176 1835 1279 1878 ginta,
1306 1846 1370 1878 qua
1395 1835 1525 1878 quidem
1552 1836 1678 1867 summa
1703 1835 1919 1868 abundantius

1175 1888 1368 1931 pleniusque
1385 1887 1534 1929 agricolis
1549 1887 1722 1921 subvenire
1736 1898 1920 1931 possumus,

1175 1942 1338 1981 volumus,
1365 1940 1581 1984 praecipimus
1609 1946 1704 1984 atque
1732 1941 1920 1973 mandamus

1174 1999 1208 2026 ut
1232 2005 1268 2027 ex
1295 1994 1355 2026 liae
1381 1993 1532 2037 pecunia,
1550 1999 1626 2037 post
1650 1999 1761 2037 parata
1789 1993 1921 2037 triginta

1175 2047 1279 2081 millia
1305 2048 1403 2080 rubra
1431 2047 1582 2080 frumenti
1610 2047 1642 2079 in
1669 2046 1810 2091 publicis
1844 2048 1920 2080 hor-

1175 2102 1239 2134 reis
1266 2101 1435 2142 scrvanda,
1462 2101 1644 2144 appretiata
1673 2101 1703 2133 in
1736 2101 1836 2134 scutis
1863 2102 1920 2135 du-

1174 2154 1277 2188 centis
1304 2155 1416 2187 decem
1444 2154 1600 2194 millibus,
1626 2158 1661 2186 ut
1686 2153 1836 2197 superius
1863 2154 1919 2187 de-

1174 2214 1298 2241 cretum
1319 2208 1385 2248 suit,
1406 2219 1509 2251 eoque
1530 2208 1690 2241 frumento
1709 2209 1827 2241 collato
1845 2219 1918 2241 cum

1173 2264 1300 2295 summa
1326 2262 1538 2295 ducentorum
1574 2267 1605 2295 et
1637 2263 1750 2295 decem
1777 2262 1917 2295 millium

1173 2321 1336 2349 scutorum
1363 2326 1582 2355 romanorum,
1602 2326 1637 2348 ex
1658 2314 1791 2358 reliquis
1817 2315 1916 2348 scutis

1174 2374 1305 2402 centum
1327 2368 1494 2411 se=aginta
1512 2379 1576 2401 uno
1595 2368 1738 2401 millibus
1761 2367 1917 2412 quingen-

1211 2467 1220 2491 1
1247 2465 1381 2491 Particula
1404 2465 1479 2499 quod
1499 2473 1545 2491 nos
1566 2464 1691 2491 addimus
1710 2464 1736 2493 (n
1770 2463 1817 2492 T.)

1208 2509 1224 2534 2
1244 2510 1345 2535 Forsan
1367 2509 1536 2535 cautionum
1559 2513 1647 2535 etium
1667 2508 1918 2542 suscvpiendarum

1172 2556 1196 2579 el
1216 2554 1432 2586 exctyenrlurum
1453 2559 1491 2586 (tt.
1509 2560 1558 2583 T.)-

1208 2599 1222 2622 :t
1244 2597 1365 2623 Pessime
1395 2597 1461 2624 edit.
1484 2597 1563 2623 Maia.
1593 2596 1657 2631 legit
1684 2597 1717 2622 de
1737 2596 1864 2631 qualibet
1884 2605 1916 2625 re

1173 2649 1219 2676 pro
1241 2642 1274 2668 de
1294 2649 1351 2676 qua
1376 2642 1464 2669 libere
1483 2642 1524 2676 (u.
1546 2641 1595 2676 T.).
