<?xml version="1.0" encoding="UTF-8"?>
<!DOCTYPE html PUBLIC "-//W3C//DTD XHTML 1.0 Transitional//EN"
    "http://www.w3.org/TR/xhtml1/DTD/xhtml1-transitional.dtd">
<html xmlns="http://www.w3.org/1999/xhtml" xml:lang="en" lang="en">
 <head>
  <title>
</title>
<meta http-equiv="Content-Type" content="text/html;charset=utf-8" />
  <meta name='ocr-system' content='tesseract 3.04.00' />
  <meta name='ocr-capabilities' content='ocr_page ocr_carea ocr_par ocr_line ocrx_word'/>
</head>
<body>
  <div class='ocr_page' id='page_1' title='image "./bullarumdiplomat22cath_0088.png"; bbox 0 0 2170 3147; ppageno 0'>
   <div class='ocr_carea' id='block_1_1' title="bbox 183 207 371 236">
    <p class='ocr_par' dir='ltr' id='par_1_1' title="bbox 183 207 371 236">
     <span class='ocr_line' id='line_1_1' title="bbox 183 207 371 236; baseline -0.005 -1"><span class='ocrx_word' id='word_1_1' title='bbox 183 207 371 236; x_wconf 68' lang='lat' dir='ltr'>An.C.1724</span> 
     </span>
    </p>
   </div>
   <div class='ocr_carea' id='block_1_2' title="bbox 182 269 386 476">
    <p class='ocr_par' dir='ltr' id='par_1_2' title="bbox 182 269 367 476">
     <span class='ocr_line' id='line_1_2' title="bbox 182 269 367 291; baseline -0.011 -1"><span class='ocrx_word' id='word_1_2' title='bbox 182 273 214 291; x_wconf 69' lang='lat' dir='ltr'>ste</span> <span class='ocrx_word' id='word_1_3' title='bbox 229 269 329 290; x_wconf 76' lang='lat' dir='ltr'>auxilinm</span> <span class='ocrx_word' id='word_1_4' title='bbox 345 272 367 289; x_wconf 87' lang='lat' dir='ltr'>ut</span> 
     </span>
     <span class='ocr_line' id='line_1_3' title="bbox 183 300 367 317; baseline -0.011 0"><span class='ocrx_word' id='word_1_5' title='bbox 183 303 195 317; x_wconf 73' lang='lat' dir='ltr'>a</span> <span class='ocrx_word' id='word_1_6' title='bbox 233 303 269 316; x_wconf 73' lang='lat' dir='ltr'>sua</span> <span class='ocrx_word' id='word_1_7' title='bbox 272 300 312 315; x_wconf 97' lang='grc' dir='ltr'>(ιι</span> <span class='ocrx_word' id='word_1_8' title='bbox 315 300 367 316; x_wconf 47' lang='lat' dir='ltr'>amo</span> 
     </span>
     <span class='ocr_line' id='line_1_4' title="bbox 183 322 366 343; baseline -0.012 0"><span class='ocrx_word' id='word_1_9' title='bbox 183 322 216 343; x_wconf 71' lang='lat' dir='ltr'>sae·</span> <span class='ocrx_word' id='word_1_10' title='bbox 213 324 266 343; x_wconf 88' lang='grc' dir='ltr'><strong>ιΙιιιι</strong></span> <span class='ocrx_word' id='word_1_11' title='bbox 282 324 302 341; x_wconf 77' lang='lat' dir='ltr'>et</span> <span class='ocrx_word' id='word_1_12' title='bbox 322 322 366 342; x_wconf 79' lang='lat' dir='ltr'>seli</span> 
     </span>
     <span class='ocr_line' id='line_1_5' title="bbox 183 348 386 374; baseline -0.011 -5"><span class='ocrx_word' id='word_1_13' title='bbox 183 355 200 370; x_wconf 81' lang='lat' dir='ltr'>ei</span> <span class='ocrx_word' id='word_1_14' title='bbox 204 356 228 370; x_wconf 77' lang='grc' dir='ltr'>υι</span> <span class='ocrx_word' id='word_1_15' title='bbox 243 349 287 374; x_wconf 69' lang='lat' dir='ltr'>rugi</span> <span class='ocrx_word' id='word_1_16' title='bbox 301 354 318 374; x_wconf 85' lang='lat' dir='ltr'>p·</span> <span class='ocrx_word' id='word_1_17' title='bbox 323 354 349 367; x_wconf 97' lang='grc' dir='ltr'>ιιι</span> <span class='ocrx_word' id='word_1_18' title='bbox 341 348 386 367; x_wconf 67' lang='lat' dir='ltr'>sit.</span> 
     </span>
     <span class='ocr_line' id='line_1_6' title="bbox 182 374 367 396; baseline -0.011 0"><span class='ocrx_word' id='word_1_19' title='bbox 182 381 229 396; x_wconf 76' lang='lat' dir='ltr'>uni</span> <span class='ocrx_word' id='word_1_20' title='bbox 229 375 309 396; x_wconf 77' lang='grc' dir='ltr'><strong>ιιιιΙι»</strong></span> <span class='ocrx_word' id='word_1_21' title='bbox 329 374 367 395; x_wconf 78' lang='lat' dir='ltr'>Ec·</span> 
     </span>
     <span class='ocr_line' id='line_1_7' title="bbox 182 402 368 423; baseline -0.016 0"><span class='ocrx_word' id='word_1_22' title='bbox 182 403 226 423; x_wconf 69' lang='lat' dir='ltr'>elus</span> <span class='ocrx_word' id='word_1_23' title='bbox 217 409 248 422; x_wconf 96' lang='grc' dir='ltr'>ιι</span> <span class='ocrx_word' id='word_1_24' title='bbox 265 408 284 421; x_wconf 91' lang='grc' dir='ltr'>ιιι</span> <span class='ocrx_word' id='word_1_25' title='bbox 301 408 311 420; x_wconf 95' lang='grc' dir='ltr'>ιι</span> <span class='ocrx_word' id='word_1_26' title='bbox 322 402 368 421; x_wconf 75' lang='lat' dir='ltr'>inun&#39;</span> 
     </span>
     <span class='ocr_line' id='line_1_8' title="bbox 183 433 367 455; baseline -0.005 -6"><span class='ocrx_word' id='word_1_27' title='bbox 183 435 214 455; x_wconf 74' lang='grc' dir='ltr'>ριι</span> <span class='ocrx_word' id='word_1_28' title='bbox 216 435 254 454; x_wconf 80' lang='grc' dir='ltr'><strong>ιιιμ</strong></span> <span class='ocrx_word' id='word_1_29' title='bbox 255 434 285 449; x_wconf 74' lang='grc' dir='ltr'>-τι</span> <span class='ocrx_word' id='word_1_30' title='bbox 281 434 317 448; x_wconf 77' lang='grc' dir='ltr'>ιι</span> <span class='ocrx_word' id='word_1_31' title='bbox 324 433 367 448; x_wconf 74' lang='lat' dir='ltr'>ium</span> 
     </span>
     <span class='ocr_line' id='line_1_9' title="bbox 182 459 247 476; baseline -0.018 0"><span class='ocrx_word' id='word_1_32' title='bbox 182 459 247 476; x_wconf 63' lang='lat' dir='ltr'>nutu</span> 
     </span>
    </p>
   </div>
   <div class='ocr_carea' id='block_1_3' title="bbox 417 198 1145 231">
    <p class='ocr_par' dir='ltr' id='par_1_3' title="bbox 417 198 1145 231">
     <span class='ocr_line' id='line_1_10' title="bbox 417 198 1145 231; baseline -0.003 0"><span class='ocrx_word' id='word_1_33' title='bbox 417 198 460 231; x_wconf 72' lang='lat'>54</span> <span class='ocrx_word' id='word_1_34' title='bbox 966 207 1004 229; x_wconf 78' lang='lat' dir='ltr'>ni</span> <span class='ocrx_word' id='word_1_35' title='bbox 1008 207 1044 230; x_wconf 83' lang='lat' dir='ltr'>LI</span> <span class='ocrx_word' id='word_1_36' title='bbox 1049 206 1145 230; x_wconf 68' lang='lat' dir='ltr'>immi</span> 
     </span>
    </p>
   </div>
   <div class='ocr_carea' id='block_1_4' title="bbox 376 255 1149 2641">
    <p class='ocr_par' dir='ltr' id='par_1_4' title="bbox 379 255 1143 352">
     <span class='ocr_line' id='line_1_11' title="bbox 380 255 1143 342; baseline 0 -54"><span class='ocrx_word' id='word_1_37' title='bbox 380 256 427 289; x_wconf 88' lang='lat' dir='ltr'>ins</span> <span class='ocrx_word' id='word_1_38' title='bbox 415 256 581 289; x_wconf 76' lang='lat' dir='ltr'>crutibili</span> <span class='ocrx_word' id='word_1_39' title='bbox 608 255 830 299; x_wconf 73' lang='lat' dir='ltr'>ptovidetiti·i¹</span> <span class='ocrx_word' id='word_1_40' title='bbox 857 256 981 298; x_wconf 84' lang='lat' dir='ltr'>paritet</span> <span class='ocrx_word' id='word_1_41' title='bbox 1000 266 1036 288; x_wconf 89' lang='lat' dir='ltr'>ac</span> <span class='ocrx_word' id='word_1_42' title='bbox 1059 261 1121 288; x_wconf 89' lang='lat' dir='ltr'>ter-</span> <span class='ocrx_word' id='word_1_43' title='bbox 1141 269 1143 342; x_wconf 51' lang='lat' dir='ltr'>l</span> 
     </span>
     <span class='ocr_line' id='line_1_12' title="bbox 379 309 1118 352; baseline -0.003 -10"><span class='ocrx_word' id='word_1_44' title='bbox 379 320 457 342; x_wconf 82' lang='lat' dir='ltr'>tena</span> <span class='ocrx_word' id='word_1_45' title='bbox 483 309 594 342; x_wconf 91' lang='lat' dir='ltr'>omnia</span> <span class='ocrx_word' id='word_1_46' title='bbox 619 309 861 352; x_wconf 76' lang='lat' dir='ltr'>sapientissime</span> <span class='ocrx_word' id='word_1_47' title='bbox 888 309 1118 351; x_wconf 80' lang='lat' dir='ltr'>disponunttu,</span> 
     </span>
    </p>

    <p class='ocr_par' dir='ltr' id='par_1_5' title="bbox 376 343 1144 2429">
     <span class='ocr_line' id='line_1_13' title="bbox 380 343 1143 404; baseline -0.003 -10"><span class='ocrx_word' id='word_1_48' title='bbox 380 362 572 394; x_wconf 76' lang='lat' dir='ltr'>immensam</span> <span class='ocrx_word' id='word_1_49' title='bbox 604 371 695 394; x_wconf 67' lang='lat' dir='ltr'>suam</span> <span class='ocrx_word' id='word_1_50' title='bbox 733 371 810 404; x_wconf 82' lang='lat' dir='ltr'>eiga</span> <span class='ocrx_word' id='word_1_51' title='bbox 848 371 906 394; x_wconf 84' lang='lat' dir='ltr'>nos</span> <span class='ocrx_word' id='word_1_52' title='bbox 941 343 1143 393; x_wconf 68' lang='lat' dir='ltr'>bonitatemi</span> 
     </span>
     <span class='ocr_line' id='line_1_14' title="bbox 379 413 1143 458; baseline -0.001 -11"><span class='ocrx_word' id='word_1_53' title='bbox 379 415 559 448; x_wconf 88' lang='lat' dir='ltr'>clarissimo</span> <span class='ocrx_word' id='word_1_54' title='bbox 587 414 773 448; x_wconf 86' lang='lat' dir='ltr'>testimonio</span> <span class='ocrx_word' id='word_1_55' title='bbox 799 413 964 458; x_wconf 70' lang='lat' dir='ltr'>patefecit</span> <span class='ocrx_word' id='word_1_56' title='bbox 990 414 1117 446; x_wconf 84' lang='lat' dir='ltr'>eumad</span> <span class='ocrx_word' id='word_1_57' title='bbox 1141 430 1143 441; x_wconf 55' lang='grc' dir='ltr'>ι</span> 
     </span>
     <span class='ocr_line' id='line_1_15' title="bbox 379 467 1119 511; baseline -0.001 -10.976"><span class='ocrx_word' id='word_1_58' title='bbox 379 468 525 511; x_wconf 77' lang='lat' dir='ltr'>tegimen</span> <span class='ocrx_word' id='word_1_59' title='bbox 550 467 743 500; x_wconf 82' lang='lat' dir='ltr'>universalis</span> <span class='ocrx_word' id='word_1_60' title='bbox 772 467 936 500; x_wconf 81' lang='lat' dir='ltr'>Ecclesiie</span> <span class='ocrx_word' id='word_1_61' title='bbox 975 467 1119 509; x_wconf 81' lang='lat' dir='ltr'>ptetioso</span> 
     </span>
     <span class='ocr_line' id='line_1_16' title="bbox 378 520 1119 564; baseline -0.001 -11"><span class='ocrx_word' id='word_1_62' title='bbox 378 532 435 555; x_wconf 89' lang='lat' dir='ltr'>suo</span> <span class='ocrx_word' id='word_1_63' title='bbox 455 522 613 564; x_wconf 86' lang='lat' dir='ltr'>sanguine</span> <span class='ocrx_word' id='word_1_64' title='bbox 631 521 819 564; x_wconf 70' lang='lat' dir='ltr'>acquisitae,</span> <span class='ocrx_word' id='word_1_65' title='bbox 840 526 912 564; x_wconf 88' lang='lat' dir='ltr'>post</span> <span class='ocrx_word' id='word_1_66' title='bbox 933 520 1119 553; x_wconf 77' lang='lat' dir='ltr'>diuturnam</span> 
     </span>
     <span class='ocr_line' id='line_1_17' title="bbox 378 572 1120 618; baseline -0.005 -10"><span class='ocrx_word' id='word_1_67' title='bbox 378 575 584 618; x_wconf 84' lang='lat' dir='ltr'>Apostolicae</span> <span class='ocrx_word' id='word_1_68' title='bbox 607 574 699 607; x_wconf 89' lang='lat' dir='ltr'>Sedis</span> <span class='ocrx_word' id='word_1_69' title='bbox 726 574 944 612; x_wconf 81' lang='lat' dir='ltr'>vacationem,</span> <span class='ocrx_word' id='word_1_70' title='bbox 959 572 1120 605; x_wconf 86' lang='lat' dir='ltr'>humilita-</span> 
     </span>
     <span class='ocr_line' id='line_1_18' title="bbox 379 623 1142 669; baseline -0.004 -10"><span class='ocrx_word' id='word_1_71' title='bbox 379 633 441 660; x_wconf 90' lang='lat' dir='ltr'>tem</span> <span class='ocrx_word' id='word_1_72' title='bbox 468 632 610 660; x_wconf 89' lang='lat' dir='ltr'>nostram</span> <span class='ocrx_word' id='word_1_73' title='bbox 638 637 762 665; x_wconf 84' lang='lat' dir='ltr'>vocare,</span> <span class='ocrx_word' id='word_1_74' title='bbox 789 636 946 669; x_wconf 82' lang='lat' dir='ltr'>suamque</span> <span class='ocrx_word' id='word_1_75' title='bbox 973 626 1005 658; x_wconf 89' lang='lat' dir='ltr'>in</span> <span class='ocrx_word' id='word_1_76' title='bbox 1025 624 1119 657; x_wconf 81' lang='lat' dir='ltr'>terris</span> <span class='ocrx_word' id='word_1_77' title='bbox 1141 623 1142 667; x_wconf 54' lang='grc' dir='ltr'>ᾗ</span> 
     </span>
     <span class='ocr_line' id='line_1_19' title="bbox 377 678 1118 723; baseline -0.005 -11"><span class='ocrx_word' id='word_1_78' title='bbox 377 680 527 712; x_wconf 75' lang='lat' dir='ltr'>vicariam</span> <span class='ocrx_word' id='word_1_79' title='bbox 554 685 748 723; x_wconf 84' lang='lat' dir='ltr'>potestatem</span> <span class='ocrx_word' id='word_1_80' title='bbox 783 679 878 711; x_wconf 88' lang='lat' dir='ltr'>nobis</span> <span class='ocrx_word' id='word_1_81' title='bbox 915 678 1118 711; x_wconf 73' lang='lat' dir='ltr'>committere</span> 
     </span>
     <span class='ocr_line' id='line_1_20' title="bbox 378 723 1143 775; baseline -0.004 -11"><span class='ocrx_word' id='word_1_82' title='bbox 378 733 530 775; x_wconf 74' lang='lat' dir='ltr'>dignatus</span> <span class='ocrx_word' id='word_1_83' title='bbox 549 738 608 766; x_wconf 85' lang='lat' dir='ltr'>est.</span> <span class='ocrx_word' id='word_1_84' title='bbox 636 732 673 764; x_wconf 87' lang='lat' dir='ltr'>Et</span> <span class='ocrx_word' id='word_1_85' title='bbox 699 743 757 765; x_wconf 89' lang='lat' dir='ltr'>nos</span> <span class='ocrx_word' id='word_1_86' title='bbox 783 732 912 775; x_wconf 82' lang='lat' dir='ltr'>quidem</span> <span class='ocrx_word' id='word_1_87' title='bbox 933 731 1118 774; x_wconf 78' lang='lat' dir='ltr'>impositam</span> <span class='ocrx_word' id='word_1_88' title='bbox 1141 723 1143 739; x_wconf 66' lang='lat'><em>²</em></span> 
     </span>
     <span class='ocr_line' id='line_1_21' title="bbox 378 779 1142 829; baseline -0.003 -12"><span class='ocrx_word' id='word_1_89' title='bbox 378 785 574 818; x_wconf 73' lang='lat' dir='ltr'>sacrosancti</span> <span class='ocrx_word' id='word_1_90' title='bbox 601 786 802 829; x_wconf 82' lang='lat' dir='ltr'>apostolatus</span> <span class='ocrx_word' id='word_1_91' title='bbox 836 785 1020 823; x_wconf 76' lang='lat' dir='ltr'>sarcinam,</span> <span class='ocrx_word' id='word_1_92' title='bbox 1059 784 1118 816; x_wconf 83' lang='lat' dir='ltr'>etsi</span> <span class='ocrx_word' id='word_1_93' title='bbox 1140 779 1142 829; x_wconf 60' lang='lat' dir='ltr'>J</span> 
     </span>
     <span class='ocr_line' id='line_1_22' title="bbox 377 836 1117 881; baseline -0.003 -11"><span class='ocrx_word' id='word_1_94' title='bbox 377 838 497 871; x_wconf 79' lang='lat' dir='ltr'>viribus</span> <span class='ocrx_word' id='word_1_95' title='bbox 527 839 645 871; x_wconf 90' lang='lat' dir='ltr'>nostris</span> <span class='ocrx_word' id='word_1_96' title='bbox 682 840 780 881; x_wconf 81' lang='lat' dir='ltr'>longe</span> <span class='ocrx_word' id='word_1_97' title='bbox 818 838 1004 880; x_wconf 87' lang='lat' dir='ltr'>imparem,</span> <span class='ocrx_word' id='word_1_98' title='bbox 1040 836 1117 879; x_wconf 83' lang='lat' dir='ltr'>quin</span> 
     </span>
     <span class='ocr_line' id='line_1_23' title="bbox 378 890 1119 935; baseline -0.003 -12"><span class='ocrx_word' id='word_1_99' title='bbox 378 891 473 924; x_wconf 87' lang='lat' dir='ltr'>etiam</span> <span class='ocrx_word' id='word_1_100' title='bbox 501 891 578 935; x_wconf 87' lang='lat' dir='ltr'>ipsis</span> <span class='ocrx_word' id='word_1_101' title='bbox 604 891 760 933; x_wconf 80' lang='lat' dir='ltr'>angelicis</span> <span class='ocrx_word' id='word_1_102' title='bbox 783 891 926 924; x_wconf 87' lang='lat' dir='ltr'>humeris</span> <span class='ocrx_word' id='word_1_103' title='bbox 946 890 1119 923; x_wconf 74' lang='lat' dir='ltr'>formidan-</span> 
     </span>
     <span class='ocr_line' id='line_1_24' title="bbox 378 944 1119 989; baseline -0.003 -12"><span class='ocrx_word' id='word_1_104' title='bbox 378 945 459 984; x_wconf 87' lang='lat' dir='ltr'>dam,</span> <span class='ocrx_word' id='word_1_105' title='bbox 487 944 627 989; x_wconf 83' lang='lat' dir='ltr'>suspiria</span> <span class='ocrx_word' id='word_1_106' title='bbox 648 944 732 977; x_wconf 89' lang='lat' dir='ltr'>inter</span> <span class='ocrx_word' id='word_1_107' title='bbox 753 951 783 977; x_wconf 89' lang='lat' dir='ltr'>et</span> <span class='ocrx_word' id='word_1_108' title='bbox 798 946 966 987; x_wconf 70' lang='lat' dir='ltr'>lacrymas,</span> <span class='ocrx_word' id='word_1_109' title='bbox 981 948 1119 976; x_wconf 86' lang='lat' dir='ltr'>nectam</span> 
     </span>
     <span class='ocr_line' id='line_1_25' title="bbox 377 997 1118 1042; baseline -0.004 -12"><span class='ocrx_word' id='word_1_110' title='bbox 377 999 588 1031; x_wconf 82' lang='lat' dir='ltr'>immerentes</span> <span class='ocrx_word' id='word_1_111' title='bbox 622 1009 719 1042; x_wconf 84' lang='lat' dir='ltr'>quam</span> <span class='ocrx_word' id='word_1_112' title='bbox 754 997 865 1037; x_wconf 82' lang='lat' dir='ltr'>inviti,</span> <span class='ocrx_word' id='word_1_113' title='bbox 891 997 1118 1040; x_wconf 83' lang='lat' dir='ltr'>suscepimus,</span> 
     </span>
     <span class='ocr_line' id='line_1_26' title="bbox 377 1049 1141 1093; baseline -0.003 -10"><span class='ocrx_word' id='word_1_114' title='bbox 377 1057 411 1083; x_wconf 88' lang='lat' dir='ltr'>ut</span> <span class='ocrx_word' id='word_1_115' title='bbox 437 1051 563 1084; x_wconf 87' lang='lat' dir='ltr'>divinae</span> <span class='ocrx_word' id='word_1_116' title='bbox 589 1052 676 1084; x_wconf 82' lang='lat' dir='ltr'>vocis</span> <span class='ocrx_word' id='word_1_117' title='bbox 708 1050 869 1093; x_wconf 89' lang='lat' dir='ltr'>imperio,</span> <span class='ocrx_word' id='word_1_118' title='bbox 911 1049 1119 1093; x_wconf 87' lang='lat' dir='ltr'>quemadmo-</span> <span class='ocrx_word' id='word_1_119' title='bbox 1140 1053 1141 1073; x_wconf 70' lang='lat'>1</span> 
     </span>
     <span class='ocr_line' id='line_1_27' title="bbox 377 1104 1117 1147; baseline -0.004 -10"><span class='ocrx_word' id='word_1_120' title='bbox 377 1105 453 1139; x_wconf 88' lang='lat' dir='ltr'>dum</span> <span class='ocrx_word' id='word_1_121' title='bbox 479 1115 538 1147; x_wconf 89' lang='lat' dir='ltr'>par</span> <span class='ocrx_word' id='word_1_122' title='bbox 562 1110 641 1144; x_wconf 89' lang='lat' dir='ltr'>erat,</span> <span class='ocrx_word' id='word_1_123' title='bbox 664 1104 831 1136; x_wconf 87' lang='lat' dir='ltr'>humiliter</span> <span class='ocrx_word' id='word_1_124' title='bbox 850 1104 1117 1145; x_wconf 79' lang='lat' dir='ltr'>obsequeremur.</span> 
     </span>
     <span class='ocr_line' id='line_1_28' title="bbox 376 1156 1120 1198; baseline -0.003 -8"><span class='ocrx_word' id='word_1_125' title='bbox 376 1158 500 1198; x_wconf 77' lang='lat' dir='ltr'>Verum,</span> <span class='ocrx_word' id='word_1_126' title='bbox 528 1158 603 1191; x_wconf 89' lang='lat' dir='ltr'>dum</span> <span class='ocrx_word' id='word_1_127' title='bbox 630 1159 812 1190; x_wconf 87' lang='lat' dir='ltr'>luctuosum</span> <span class='ocrx_word' id='word_1_128' title='bbox 840 1156 1035 1189; x_wconf 81' lang='lat' dir='ltr'>christianae</span> <span class='ocrx_word' id='word_1_129' title='bbox 1058 1156 1120 1189; x_wconf 87' lang='lat' dir='ltr'>rei-</span> 
     </span>
     <span class='ocr_line' id='line_1_29' title="bbox 376 1208 1120 1255; baseline -0.005 -11"><span class='ocrx_word' id='word_1_130' title='bbox 376 1211 537 1255; x_wconf 85' lang='lat' dir='ltr'>publicae,</span> <span class='ocrx_word' id='word_1_131' title='bbox 559 1211 704 1254; x_wconf 81' lang='lat' dir='ltr'>gravium</span> <span class='ocrx_word' id='word_1_132' title='bbox 729 1211 887 1243; x_wconf 84' lang='lat' dir='ltr'>malorum</span> <span class='ocrx_word' id='word_1_133' title='bbox 905 1208 1059 1252; x_wconf 85' lang='lat' dir='ltr'>procellis</span> <span class='ocrx_word' id='word_1_134' title='bbox 1075 1214 1120 1241; x_wconf 88' lang='lat' dir='ltr'>tot</span> 
     </span>
     <span class='ocr_line' id='line_1_30' title="bbox 376 1262 1120 1308; baseline -0.004 -10"><span class='ocrx_word' id='word_1_135' title='bbox 376 1275 435 1308; x_wconf 90' lang='lat' dir='ltr'>per</span> <span class='ocrx_word' id='word_1_136' title='bbox 459 1275 560 1298; x_wconf 88' lang='lat' dir='ltr'>anuos</span> <span class='ocrx_word' id='word_1_137' title='bbox 585 1264 723 1307; x_wconf 81' lang='lat' dir='ltr'>agitatae</span> <span class='ocrx_word' id='word_1_138' title='bbox 746 1269 777 1296; x_wconf 91' lang='lat' dir='ltr'>et</span> <span class='ocrx_word' id='word_1_139' title='bbox 802 1263 987 1306; x_wconf 79' lang='lat' dir='ltr'>graviorum</span> <span class='ocrx_word' id='word_1_140' title='bbox 1014 1262 1120 1295; x_wconf 89' lang='lat' dir='ltr'>adhuc</span> 
     </span>
     <span class='ocr_line' id='line_1_31' title="bbox 376 1315 1121 1361; baseline -0.005 -10"><span class='ocrx_word' id='word_1_141' title='bbox 376 1318 532 1361; x_wconf 86' lang='lat' dir='ltr'>periculis</span> <span class='ocrx_word' id='word_1_142' title='bbox 555 1318 731 1360; x_wconf 76' lang='lat' dir='ltr'>expositae,</span> <span class='ocrx_word' id='word_1_143' title='bbox 756 1322 875 1349; x_wconf 88' lang='lat' dir='ltr'>statum</span> <span class='ocrx_word' id='word_1_144' title='bbox 904 1321 1027 1349; x_wconf 89' lang='lat' dir='ltr'>attente</span> <span class='ocrx_word' id='word_1_145' title='bbox 1058 1315 1121 1348; x_wconf 89' lang='lat' dir='ltr'>cir-</span> 
     </span>
     <span class='ocr_line' id='line_1_32' title="bbox 377 1369 1120 1416; baseline -0.005 -11"><span class='ocrx_word' id='word_1_146' title='bbox 377 1371 620 1416; x_wconf 82' lang='lat' dir='ltr'>cumspicimus,</span> <span class='ocrx_word' id='word_1_147' title='bbox 635 1371 843 1413; x_wconf 76' lang='lat' dir='ltr'>susceptique</span> <span class='ocrx_word' id='word_1_148' title='bbox 863 1369 971 1402; x_wconf 87' lang='lat' dir='ltr'>oneris</span> <span class='ocrx_word' id='word_1_149' title='bbox 996 1369 1120 1411; x_wconf 74' lang='lat' dir='ltr'>magni-</span> 
     </span>
     <span class='ocr_line' id='line_1_33' title="bbox 378 1427 1121 1466; baseline -0.007 -7"><span class='ocrx_word' id='word_1_150' title='bbox 378 1427 535 1466; x_wconf 83' lang='lat' dir='ltr'>tudinem,</span> <span class='ocrx_word' id='word_1_151' title='bbox 564 1431 595 1458; x_wconf 89' lang='lat' dir='ltr'>et</span> <span class='ocrx_word' id='word_1_152' title='bbox 619 1435 726 1458; x_wconf 89' lang='lat' dir='ltr'>rerum</span> <span class='ocrx_word' id='word_1_153' title='bbox 753 1435 789 1456; x_wconf 85' lang='lat' dir='ltr'>ac</span> <span class='ocrx_word' id='word_1_154' title='bbox 823 1429 1006 1466; x_wconf 90' lang='lat' dir='ltr'>temporum</span> <span class='ocrx_word' id='word_1_155' title='bbox 1043 1432 1121 1455; x_wconf 92' lang='lat' dir='ltr'>con-</span> 
     </span>
     <span class='ocr_line' id='line_1_34' title="bbox 378 1477 1117 1520; baseline -0.008 -7"><span class='ocrx_word' id='word_1_156' title='bbox 378 1480 536 1513; x_wconf 87' lang='lat' dir='ltr'>ditionem</span> <span class='ocrx_word' id='word_1_157' title='bbox 570 1478 656 1511; x_wconf 87' lang='lat' dir='ltr'>serio</span> <span class='ocrx_word' id='word_1_158' title='bbox 694 1477 864 1510; x_wconf 86' lang='lat' dir='ltr'>nobiscum</span> <span class='ocrx_word' id='word_1_159' title='bbox 901 1481 1117 1520; x_wconf 85' lang='lat' dir='ltr'>reputamus,</span> 
     </span>
     <span class='ocr_line' id='line_1_35' title="bbox 380 1534 1121 1573; baseline -0.008 -6"><span class='ocrx_word' id='word_1_160' title='bbox 380 1534 476 1567; x_wconf 88' lang='lat' dir='ltr'>timor</span> <span class='ocrx_word' id='word_1_161' title='bbox 502 1539 533 1566; x_wconf 88' lang='lat' dir='ltr'>et</span> <span class='ocrx_word' id='word_1_162' title='bbox 558 1538 680 1566; x_wconf 85' lang='lat' dir='ltr'>tremor</span> <span class='ocrx_word' id='word_1_163' title='bbox 701 1536 863 1564; x_wconf 76' lang='lat' dir='ltr'>venerunt</span> <span class='ocrx_word' id='word_1_164' title='bbox 881 1540 980 1573; x_wconf 88' lang='lat' dir='ltr'>super</span> <span class='ocrx_word' id='word_1_165' title='bbox 998 1540 1066 1569; x_wconf 86' lang='lat' dir='ltr'>nos,</span> <span class='ocrx_word' id='word_1_166' title='bbox 1090 1535 1121 1562; x_wconf 85' lang='lat' dir='ltr'>et</span> 
     </span>
     <span class='ocr_line' id='line_1_36' title="bbox 379 1583 1143 1629; baseline -0.005 -10"><span class='ocrx_word' id='word_1_167' title='bbox 379 1586 504 1629; x_wconf 81' lang='lat' dir='ltr'>vigilias</span> <span class='ocrx_word' id='word_1_168' title='bbox 530 1586 794 1629; x_wconf 76' lang='lat' dir='ltr'>anticipaverunt</span> <span class='ocrx_word' id='word_1_169' title='bbox 821 1584 907 1618; x_wconf 91' lang='lat' dir='ltr'>oculi</span> <span class='ocrx_word' id='word_1_170' title='bbox 925 1583 1038 1623; x_wconf 84' lang='lat' dir='ltr'>nostri,</span> <span class='ocrx_word' id='word_1_171' title='bbox 1055 1593 1120 1615; x_wconf 86' lang='lat' dir='ltr'>me-</span> <span class='ocrx_word' id='word_1_172' title='bbox 1141 1596 1143 1624; x_wconf 59' lang='grc' dir='ltr'>ι</span> 
     </span>
     <span class='ocr_line' id='line_1_37' title="bbox 379 1625 1143 1683; baseline -0.007 -10"><span class='ocrx_word' id='word_1_173' title='bbox 379 1640 506 1683; x_wconf 81' lang='lat' dir='ltr'>riteque</span> <span class='ocrx_word' id='word_1_174' title='bbox 534 1649 686 1672; x_wconf 83' lang='lat' dir='ltr'>veremur</span> <span class='ocrx_word' id='word_1_175' title='bbox 711 1649 750 1671; x_wconf 85' lang='lat' dir='ltr'>ne</span> <span class='ocrx_word' id='word_1_176' title='bbox 784 1637 989 1681; x_wconf 79' lang='lat' dir='ltr'>impendenti</span> <span class='ocrx_word' id='word_1_177' title='bbox 1026 1625 1143 1669; x_wconf 59' lang='lat' dir='ltr'>nobis¹</span> 
     </span>
     <span class='ocr_line' id='line_1_38' title="bbox 379 1689 1121 1737; baseline -0.004 -11"><span class='ocrx_word' id='word_1_178' title='bbox 379 1693 587 1737; x_wconf 76' lang='lat' dir='ltr'>gravissimae</span> <span class='ocrx_word' id='word_1_179' title='bbox 612 1702 759 1725; x_wconf 88' lang='lat' dir='ltr'>curarum</span> <span class='ocrx_word' id='word_1_180' title='bbox 783 1690 860 1723; x_wconf 88' lang='lat' dir='ltr'>moli</span> <span class='ocrx_word' id='word_1_181' title='bbox 879 1689 1047 1722; x_wconf 81' lang='lat' dir='ltr'>infirmitas</span> <span class='ocrx_word' id='word_1_182' title='bbox 1065 1700 1121 1723; x_wconf 91' lang='lat' dir='ltr'>no-</span> 
     </span>
     <span class='ocr_line' id='line_1_39' title="bbox 379 1744 1143 1780; baseline -0.003 0"><span class='ocrx_word' id='word_1_183' title='bbox 379 1754 446 1780; x_wconf 84' lang='lat' dir='ltr'>stra</span> <span class='ocrx_word' id='word_1_184' title='bbox 466 1747 668 1780; x_wconf 77' lang='lat' dir='ltr'>succumbat.</span> <span class='ocrx_word' id='word_1_185' title='bbox 690 1745 758 1779; x_wconf 81' lang='lat' dir='ltr'>Non</span> <span class='ocrx_word' id='word_1_186' title='bbox 786 1750 893 1778; x_wconf 87' lang='lat' dir='ltr'>tamen</span> <span class='ocrx_word' id='word_1_187' title='bbox 918 1744 1121 1777; x_wconf 84' lang='lat' dir='ltr'>concidimus</span> <span class='ocrx_word' id='word_1_188' title='bbox 1142 1758 1143 1778; x_wconf 76' lang='lat'>1</span> 
     </span>
     <span class='ocr_line' id='line_1_40' title="bbox 380 1798 1143 1844; baseline -0.005 -11"><span class='ocrx_word' id='word_1_189' title='bbox 380 1801 513 1841; x_wconf 84' lang='lat' dir='ltr'>animo,</span> <span class='ocrx_word' id='word_1_190' title='bbox 540 1800 597 1833; x_wconf 88' lang='lat' dir='ltr'>sed</span> <span class='ocrx_word' id='word_1_191' title='bbox 622 1809 753 1832; x_wconf 87' lang='lat' dir='ltr'>omnem</span> <span class='ocrx_word' id='word_1_192' title='bbox 780 1809 839 1841; x_wconf 89' lang='lat' dir='ltr'>pro</span> <span class='ocrx_word' id='word_1_193' title='bbox 867 1799 968 1830; x_wconf 85' lang='lat' dir='ltr'>salute</span> <span class='ocrx_word' id='word_1_194' title='bbox 1006 1798 1119 1830; x_wconf 86' lang='lat' dir='ltr'>crediti</span> <span class='ocrx_word' id='word_1_195' title='bbox 1142 1823 1143 1844; x_wconf 59' lang='lat'>3</span> 
     </span>
     <span class='ocr_line' id='line_1_41' title="bbox 380 1852 1121 1897; baseline -0.007 -9"><span class='ocrx_word' id='word_1_196' title='bbox 380 1855 473 1888; x_wconf 81' lang='lat' dir='ltr'>nobis</span> <span class='ocrx_word' id='word_1_197' title='bbox 499 1865 515 1887; x_wconf 89' lang='lat' dir='ltr'>e</span> <span class='ocrx_word' id='word_1_198' title='bbox 540 1855 629 1887; x_wconf 88' lang='lat' dir='ltr'>caelo</span> <span class='ocrx_word' id='word_1_199' title='bbox 656 1853 765 1897; x_wconf 74' lang='lat' dir='ltr'>gregis</span> <span class='ocrx_word' id='word_1_200' title='bbox 790 1853 935 1886; x_wconf 86' lang='lat' dir='ltr'>laborem</span> <span class='ocrx_word' id='word_1_201' title='bbox 968 1852 1121 1885; x_wconf 75' lang='lat' dir='ltr'>alacriter</span> 
     </span>
     <span class='ocr_line' id='line_1_42' title="bbox 381 1905 1118 1951; baseline -0.007 -10"><span class='ocrx_word' id='word_1_202' title='bbox 381 1908 489 1941; x_wconf 86' lang='lat' dir='ltr'>subire</span> <span class='ocrx_word' id='word_1_203' title='bbox 530 1907 633 1951; x_wconf 84' lang='lat' dir='ltr'>parati</span> <span class='ocrx_word' id='word_1_204' title='bbox 655 1934 661 1947; x_wconf 92' lang='lat'>,</span> <span class='ocrx_word' id='word_1_205' title='bbox 701 1907 733 1939; x_wconf 91' lang='lat' dir='ltr'>in</span> <span class='ocrx_word' id='word_1_206' title='bbox 774 1908 935 1939; x_wconf 88' lang='lat' dir='ltr'>bonorum</span> <span class='ocrx_word' id='word_1_207' title='bbox 977 1905 1118 1938; x_wconf 91' lang='lat' dir='ltr'>omnium</span> 
     </span>
     <span class='ocr_line' id='line_1_43' title="bbox 379 1959 1121 2004; baseline -0.005 -10"><span class='ocrx_word' id='word_1_208' title='bbox 379 1961 536 2004; x_wconf 78' lang='lat' dir='ltr'>largitore</span> <span class='ocrx_word' id='word_1_209' title='bbox 563 1961 641 2000; x_wconf 87' lang='lat' dir='ltr'>Deo,</span> <span class='ocrx_word' id='word_1_210' title='bbox 669 1960 723 2003; x_wconf 88' lang='lat' dir='ltr'>qui</span> <span class='ocrx_word' id='word_1_211' title='bbox 742 1964 920 2003; x_wconf 73' lang='lat' dir='ltr'>sperantes</span> <span class='ocrx_word' id='word_1_212' title='bbox 944 1959 975 1991; x_wconf 86' lang='lat' dir='ltr'>in</span> <span class='ocrx_word' id='word_1_213' title='bbox 994 1969 1027 1991; x_wconf 88' lang='lat' dir='ltr'>se</span> <span class='ocrx_word' id='word_1_214' title='bbox 1046 1968 1121 1991; x_wconf 89' lang='lat' dir='ltr'>con-</span> 
     </span>
     <span class='ocr_line' id='line_1_44' title="bbox 381 2013 1120 2057; baseline -0.005 -10"><span class='ocrx_word' id='word_1_215' title='bbox 381 2014 469 2047; x_wconf 81' lang='lat' dir='ltr'>fundi</span> <span class='ocrx_word' id='word_1_216' title='bbox 497 2024 559 2048; x_wconf 88' lang='lat' dir='ltr'>non</span> <span class='ocrx_word' id='word_1_217' title='bbox 586 2013 730 2057; x_wconf 87' lang='lat' dir='ltr'>patitur,</span> <span class='ocrx_word' id='word_1_218' title='bbox 759 2013 882 2045; x_wconf 72' lang='lat' dir='ltr'>sirmam</span> <span class='ocrx_word' id='word_1_219' title='bbox 921 2013 1120 2044; x_wconf 82' lang='lat' dir='ltr'>collocamus</span> 
     </span>
     <span class='ocr_line' id='line_1_45' title="bbox 380 2064 1121 2109; baseline -0.005 -9"><span class='ocrx_word' id='word_1_220' title='bbox 380 2066 541 2108; x_wconf 83' lang='lat' dir='ltr'>fiduciam,</span> <span class='ocrx_word' id='word_1_221' title='bbox 569 2067 636 2100; x_wconf 81' lang='lat' dir='ltr'>sore</span> <span class='ocrx_word' id='word_1_222' title='bbox 663 2072 706 2106; x_wconf 89' lang='lat' dir='ltr'>ut,</span> <span class='ocrx_word' id='word_1_223' title='bbox 732 2066 786 2109; x_wconf 86' lang='lat' dir='ltr'>qui</span> <span class='ocrx_word' id='word_1_224' title='bbox 813 2065 907 2098; x_wconf 88' lang='lat' dir='ltr'>nobis</span> <span class='ocrx_word' id='word_1_225' title='bbox 933 2064 1039 2097; x_wconf 75' lang='lat' dir='ltr'>extitit</span> <span class='ocrx_word' id='word_1_226' title='bbox 1065 2065 1121 2097; x_wconf 79' lang='lat' dir='ltr'>lio-</span> 
     </span>
     <span class='ocr_line' id='line_1_46' title="bbox 380 2117 1121 2163; baseline -0.007 -9"><span class='ocrx_word' id='word_1_227' title='bbox 380 2121 471 2154; x_wconf 89' lang='lat' dir='ltr'>noris</span> <span class='ocrx_word' id='word_1_228' title='bbox 498 2125 626 2159; x_wconf 80' lang='lat' dir='ltr'>auctor,</span> <span class='ocrx_word' id='word_1_229' title='bbox 655 2120 725 2163; x_wconf 88' lang='lat' dir='ltr'>ipse</span> <span class='ocrx_word' id='word_1_230' title='bbox 752 2118 807 2151; x_wconf 85' lang='lat' dir='ltr'>siat</span> <span class='ocrx_word' id='word_1_231' title='bbox 832 2117 1121 2151; x_wconf 81' lang='lat' dir='ltr'>administrationis</span> 
     </span>
     <span class='ocr_line' id='line_1_47' title="bbox 381 2170 1144 2215; baseline -0.005 -8"><span class='ocrx_word' id='word_1_232' title='bbox 381 2174 516 2213; x_wconf 84' lang='lat' dir='ltr'>adiutor,</span> <span class='ocrx_word' id='word_1_233' title='bbox 545 2179 575 2206; x_wconf 90' lang='lat' dir='ltr'>et</span> <span class='ocrx_word' id='word_1_234' title='bbox 599 2174 750 2206; x_wconf 88' lang='lat' dir='ltr'>virtutem</span> <span class='ocrx_word' id='word_1_235' title='bbox 776 2171 935 2215; x_wconf 81' lang='lat' dir='ltr'>largiatur</span> <span class='ocrx_word' id='word_1_236' title='bbox 964 2170 1018 2214; x_wconf 84' lang='lat' dir='ltr'>qui</span> <span class='ocrx_word' id='word_1_237' title='bbox 1046 2181 1144 2206; x_wconf 60' lang='lat' dir='ltr'>eou-⁴</span> 
     </span>
     <span class='ocr_line' id='line_1_48' title="bbox 381 2224 1119 2271; baseline -0.005 -11"><span class='ocrx_word' id='word_1_238' title='bbox 381 2229 456 2262; x_wconf 89' lang='lat' dir='ltr'>tulit</span> <span class='ocrx_word' id='word_1_239' title='bbox 481 2228 684 2271; x_wconf 81' lang='lat' dir='ltr'>dignitatem.</span> <span class='ocrx_word' id='word_1_240' title='bbox 713 2227 745 2260; x_wconf 91' lang='lat' dir='ltr'>ld</span> <span class='ocrx_word' id='word_1_241' title='bbox 772 2236 870 2271; x_wconf 91' lang='lat' dir='ltr'>porro</span> <span class='ocrx_word' id='word_1_242' title='bbox 896 2235 953 2258; x_wconf 90' lang='lat' dir='ltr'>nos</span> <span class='ocrx_word' id='word_1_243' title='bbox 978 2236 995 2258; x_wconf 89' lang='lat' dir='ltr'>a</span> <span class='ocrx_word' id='word_1_244' title='bbox 1013 2224 1119 2257; x_wconf 79' lang='lat' dir='ltr'>divina</span> 
     </span>
     <span class='ocr_line' id='line_1_49' title="bbox 379 2278 1122 2324; baseline -0.007 -9"><span class='ocrx_word' id='word_1_245' title='bbox 379 2281 553 2315; x_wconf 81' lang='lat' dir='ltr'>clementia</span> <span class='ocrx_word' id='word_1_246' title='bbox 591 2279 732 2324; x_wconf 86' lang='lat' dir='ltr'>supplici</span> <span class='ocrx_word' id='word_1_247' title='bbox 773 2280 954 2323; x_wconf 79' lang='lat' dir='ltr'>devotaque</span> <span class='ocrx_word' id='word_1_248' title='bbox 992 2278 1122 2311; x_wconf 87' lang='lat' dir='ltr'>humili-</span> 
     </span>
     <span class='ocr_line' id='line_1_50' title="bbox 383 2332 1144 2377; baseline -0.004 -10"><span class='ocrx_word' id='word_1_249' title='bbox 383 2341 447 2369; x_wconf 82' lang='lat' dir='ltr'>tate</span> <span class='ocrx_word' id='word_1_250' title='bbox 472 2335 599 2368; x_wconf 83' lang='lat' dir='ltr'>assidue</span> <span class='ocrx_word' id='word_1_251' title='bbox 625 2334 750 2377; x_wconf 86' lang='lat' dir='ltr'>precari</span> <span class='ocrx_word' id='word_1_252' title='bbox 777 2343 840 2366; x_wconf 88' lang='lat' dir='ltr'>non</span> <span class='ocrx_word' id='word_1_253' title='bbox 868 2332 1065 2371; x_wconf 85' lang='lat' dir='ltr'>desinimus,</span> <span class='ocrx_word' id='word_1_254' title='bbox 1092 2338 1144 2369; x_wconf 66' lang='grc' dir='ltr'>ει,</span> 
     </span>
     <span class='ocr_line' id='line_1_51' title="bbox 383 2385 1123 2429; baseline -0.006 -8"><span class='ocrx_word' id='word_1_255' title='bbox 383 2390 423 2422; x_wconf 81' lang='lat' dir='ltr'>ab</span> <span class='ocrx_word' id='word_1_256' title='bbox 449 2387 605 2421; x_wconf 81' lang='lat' dir='ltr'>univetsis</span> <span class='ocrx_word' id='word_1_257' title='bbox 630 2387 725 2420; x_wconf 86' lang='lat' dir='ltr'>ctiun</span> <span class='ocrx_word' id='word_1_258' title='bbox 750 2385 1030 2425; x_wconf 72' lang='lat' dir='ltr'>christifidelibus</span> <span class='ocrx_word' id='word_1_259' title='bbox 1053 2385 1123 2429; x_wconf 86' lang='lat' dir='ltr'>qui-</span> 
     </span>
    </p>

    <p class='ocr_par' dir='ltr' id='par_1_6' title="bbox 382 2403 1149 2641">
     <span class='ocr_line' id='line_1_52' title="bbox 382 2403 1146 2485; baseline -0.005 -10"><span class='ocrx_word' id='word_1_260' title='bbox 382 2443 443 2475; x_wconf 86' lang='lat' dir='ltr'>bus</span> <span class='ocrx_word' id='word_1_261' title='bbox 470 2441 647 2485; x_wconf 74' lang='lat' dir='ltr'>apostolica</span> <span class='ocrx_word' id='word_1_262' title='bbox 673 2440 860 2473; x_wconf 89' lang='lat' dir='ltr'>sollicitudo</span> <span class='ocrx_word' id='word_1_263' title='bbox 885 2451 901 2471; x_wconf 88' lang='lat' dir='ltr'>a</span> <span class='ocrx_word' id='word_1_264' title='bbox 935 2439 1029 2472; x_wconf 84' lang='lat' dir='ltr'>nobis</span> <span class='ocrx_word' id='word_1_265' title='bbox 1066 2440 1124 2471; x_wconf 89' lang='lat' dir='ltr'>im-</span> <span class='ocrx_word' id='word_1_266' title='bbox 1143 2403 1146 2479; x_wconf 70' lang='lat' dir='ltr'>i</span> 
     </span>
     <span class='ocr_line' id='line_1_53' title="bbox 383 2481 1147 2553; baseline -0.007 -24"><span class='ocrx_word' id='word_1_267' title='bbox 383 2495 557 2553; x_wconf 80' lang='lat' dir='ltr'>pendenda</span> <span class='ocrx_word' id='word_1_268' title='bbox 584 2500 650 2530; x_wconf 88' lang='lat' dir='ltr'>est</span> <span class='ocrx_word' id='word_1_269' title='bbox 678 2493 823 2526; x_wconf 90' lang='lat' dir='ltr'>unanimi</span> <span class='ocrx_word' id='word_1_270' title='bbox 850 2493 959 2525; x_wconf 89' lang='lat' dir='ltr'>studio</span> <span class='ocrx_word' id='word_1_271' title='bbox 986 2481 1147 2535; x_wconf 59' lang='lat' dir='ltr'>tingite-ui*</span> 
     </span>
     <span class='ocr_line' id='line_1_54' title="bbox 383 2547 1149 2641; baseline -0.007 -60"><span class='ocrx_word' id='word_1_272' title='bbox 383 2548 521 2582; x_wconf 81' lang='lat' dir='ltr'>maxime</span> <span class='ocrx_word' id='word_1_273' title='bbox 547 2547 694 2590; x_wconf 86' lang='lat' dir='ltr'>cupimus</span> <span class='ocrx_word' id='word_1_274' title='bbox 716 2573 723 2586; x_wconf 87' lang='lat'>,</span> <span class='ocrx_word' id='word_1_275' title='bbox 750 2551 784 2578; x_wconf 88' lang='lat' dir='ltr'>ut</span> <span class='ocrx_word' id='word_1_276' title='bbox 809 2555 885 2578; x_wconf 77' lang='lat' dir='ltr'>cxoi</span> <span class='ocrx_word' id='word_1_277' title='bbox 889 2551 957 2578; x_wconf 65' lang='lat' dir='ltr'>atus</span> <span class='ocrx_word' id='word_1_278' title='bbox 984 2555 1125 2577; x_wconf 88' lang='lat' dir='ltr'>commu-</span> <span class='ocrx_word' id='word_1_279' title='bbox 1144 2557 1149 2641; x_wconf 63' lang='grc' dir='ltr'>ι</span> 
     </span>
    </p>
   </div>
   <div class='ocr_carea' id='block_1_5' title="bbox 1141 1125 1144 1752">
    <p class='ocr_par' dir='ltr' id='par_1_7' title="bbox 1141 1125 1144 1752">
     <span class='ocr_line' id='line_1_55' title="bbox 1141 1125 1144 1752; baseline 0 0"><span class='ocrx_word' id='word_1_280' title='bbox 1141 1125 1144 1752; x_wconf 95' lang='lat' dir='ltr'> </span> 
     </span>
    </p>
   </div>
   <div class='ocr_carea' id='block_1_6' title="bbox 421 2607 963 2642">
    <p class='ocr_par' dir='ltr' id='par_1_8' title="bbox 421 2607 963 2642">
     <span class='ocr_line' id='line_1_56' title="bbox 421 2607 963 2642; baseline -0.009 -5"><span class='ocrx_word' id='word_1_281' title='bbox 421 2612 432 2638; x_wconf 84' lang='lat'>1</span> <span class='ocrx_word' id='word_1_282' title='bbox 456 2609 570 2637; x_wconf 75' lang='lat' dir='ltr'>Videtur</span> <span class='ocrx_word' id='word_1_283' title='bbox 590 2608 685 2637; x_wconf 77' lang='lat' dir='ltr'>deesse</span> <span class='ocrx_word' id='word_1_284' title='bbox 706 2607 840 2635; x_wconf 76' lang='lat' dir='ltr'>caelestia</span> <span class='ocrx_word' id='word_1_285' title='bbox 865 2609 899 2642; x_wconf 46' lang='lat' dir='ltr'>ga.</span> <span class='ocrx_word' id='word_1_286' title='bbox 915 2607 963 2640; x_wconf 84' lang='lat' dir='ltr'>T.).</span> 
     </span>
    </p>
   </div>
   <div class='ocr_carea' id='block_1_7' title="bbox 1164 206 1905 509">
    <p class='ocr_par' dir='ltr' id='par_1_9' title="bbox 1169 206 1324 230">
     <span class='ocr_line' id='line_1_57' title="bbox 1169 206 1324 230; baseline 0 -1"><span class='ocrx_word' id='word_1_287' title='bbox 1169 206 1324 230; x_wconf 63' lang='lat' dir='ltr'>nomnen</span> 
     </span>
    </p>

    <p class='ocr_par' dir='ltr' id='par_1_10' title="bbox 1164 253 1905 509">
     <span class='ocr_line' id='line_1_58' title="bbox 1164 253 1905 298; baseline -0.001 -11"><span class='ocrx_word' id='word_1_288' title='bbox 1164 255 1262 288; x_wconf 84' lang='lat' dir='ltr'>nibus</span> <span class='ocrx_word' id='word_1_289' title='bbox 1288 254 1438 298; x_wconf 85' lang='lat' dir='ltr'>precibus</span> <span class='ocrx_word' id='word_1_290' title='bbox 1463 254 1625 297; x_wconf 79' lang='lat' dir='ltr'>benignus</span> <span class='ocrx_word' id='word_1_291' title='bbox 1650 258 1683 287; x_wconf 87' lang='lat' dir='ltr'>et</span> <span class='ocrx_word' id='word_1_292' title='bbox 1719 253 1905 287; x_wconf 86' lang='lat' dir='ltr'>misericors</span> 
     </span>
     <span class='ocr_line' id='line_1_59' title="bbox 1165 306 1905 350; baseline -0.004 -9"><span class='ocrx_word' id='word_1_293' title='bbox 1165 307 1336 347; x_wconf 84' lang='lat' dir='ltr'>Dominus,</span> <span class='ocrx_word' id='word_1_294' title='bbox 1363 308 1415 350; x_wconf 88' lang='lat' dir='ltr'>qui</span> <span class='ocrx_word' id='word_1_295' title='bbox 1438 308 1492 340; x_wconf 88' lang='lat' dir='ltr'>dat</span> <span class='ocrx_word' id='word_1_296' title='bbox 1509 309 1594 340; x_wconf 83' lang='lat' dir='ltr'>lasso</span> <span class='ocrx_word' id='word_1_297' title='bbox 1621 306 1785 346; x_wconf 79' lang='lat' dir='ltr'>vittutem,</span> <span class='ocrx_word' id='word_1_298' title='bbox 1806 306 1905 339; x_wconf 87' lang='lat' dir='ltr'>ethis</span> 
     </span>
     <span class='ocr_line' id='line_1_60' title="bbox 1165 359 1905 403; baseline -0.001 -12"><span class='ocrx_word' id='word_1_299' title='bbox 1165 360 1218 403; x_wconf 81' lang='lat' dir='ltr'>qui</span> <span class='ocrx_word' id='word_1_300' title='bbox 1246 370 1309 392; x_wconf 90' lang='lat' dir='ltr'>non</span> <span class='ocrx_word' id='word_1_301' title='bbox 1333 365 1407 392; x_wconf 81' lang='lat' dir='ltr'>sunt</span> <span class='ocrx_word' id='word_1_302' title='bbox 1425 360 1644 393; x_wconf 76' lang='lat' dir='ltr'>sottitudinem</span> <span class='ocrx_word' id='word_1_303' title='bbox 1663 365 1695 392; x_wconf 90' lang='lat' dir='ltr'>et</span> <span class='ocrx_word' id='word_1_304' title='bbox 1712 359 1812 392; x_wconf 82' lang='lat' dir='ltr'>iobur</span> <span class='ocrx_word' id='word_1_305' title='bbox 1828 360 1905 392; x_wconf 88' lang='lat' dir='ltr'>mul·</span> 
     </span>
     <span class='ocr_line' id='line_1_61' title="bbox 1166 411 1903 456; baseline -0.003 -11"><span class='ocrx_word' id='word_1_306' title='bbox 1166 413 1312 456; x_wconf 33' lang='lat' dir='ltr'>tiplicffiu</span> <span class='ocrx_word' id='word_1_307' title='bbox 1342 413 1477 445; x_wconf 76' lang='lat' dir='ltr'>brachio</span> <span class='ocrx_word' id='word_1_308' title='bbox 1504 418 1617 446; x_wconf 85' lang='lat' dir='ltr'>saneto</span> <span class='ocrx_word' id='word_1_309' title='bbox 1645 423 1703 445; x_wconf 91' lang='lat' dir='ltr'>suo</span> <span class='ocrx_word' id='word_1_310' title='bbox 1739 411 1903 445; x_wconf 83' lang='lat' dir='ltr'>confortet</span> 
     </span>
     <span class='ocr_line' id='line_1_62' title="bbox 1164 466 1904 509; baseline 0 -11"><span class='ocrx_word' id='word_1_311' title='bbox 1164 477 1200 499; x_wconf 84' lang='lat' dir='ltr'>ae</span> <span class='ocrx_word' id='word_1_312' title='bbox 1231 466 1363 500; x_wconf 89' lang='lat' dir='ltr'>roboret</span> <span class='ocrx_word' id='word_1_313' title='bbox 1398 477 1478 505; x_wconf 76' lang='lat' dir='ltr'>nos,</span> <span class='ocrx_word' id='word_1_314' title='bbox 1515 471 1724 509; x_wconf 78' lang='lat' dir='ltr'>mentemque</span> <span class='ocrx_word' id='word_1_315' title='bbox 1758 470 1904 498; x_wconf 83' lang='lat' dir='ltr'>nostram</span> 
     </span>
    </p>
   </div>
   <div class='ocr_carea' id='block_1_8' title="bbox 1141 517 1904 615">
    <p class='ocr_par' dir='ltr' id='par_1_11' title="bbox 1141 517 1904 619">
     <span class='ocr_line' id='line_1_63' title="bbox 1141 517 1904 570; baseline 0 -19"><span class='ocrx_word' id='word_1_316' title='bbox 1141 517 1286 570; x_wconf 36' lang='lat' dir='ltr'>{lumine</span> <span class='ocrx_word' id='word_1_317' title='bbox 1313 530 1390 553; x_wconf 86' lang='lat' dir='ltr'>suae</span> <span class='ocrx_word' id='word_1_318' title='bbox 1416 520 1572 553; x_wconf 83' lang='lat' dir='ltr'>claritatis</span> <span class='ocrx_word' id='word_1_319' title='bbox 1596 519 1740 552; x_wconf 85' lang='lat' dir='ltr'>illustret</span> <span class='ocrx_word' id='word_1_320' title='bbox 1778 518 1818 551; x_wconf 87' lang='lat' dir='ltr'>ad</span> <span class='ocrx_word' id='word_1_321' title='bbox 1852 527 1904 551; x_wconf 88' lang='lat' dir='ltr'>co-</span> 
     </span>
     <span class='ocr_line' id='line_1_64' title="bbox 1164 571 1904 615; baseline -0.001 -10.03"><span class='ocrx_word' id='word_1_322' title='bbox 1164 574 1383 614; x_wconf 85' lang='lat' dir='ltr'>gnoscendum</span> <span class='ocrx_word' id='word_1_323' title='bbox 1400 573 1645 615; x_wconf 80' lang='lat' dir='ltr'>faciendumque</span> <span class='ocrx_word' id='word_1_324' title='bbox 1674 581 1803 615; x_wconf 84' lang='lat' dir='ltr'>semper</span> <span class='ocrx_word' id='word_1_325' title='bbox 1816 571 1904 615; x_wconf 87' lang='lat' dir='ltr'>quod</span> 
     </span>
    </p>
   </div>
   <div class='ocr_carea' id='block_1_9' title="bbox 1164 624 1904 665">
    <p class='ocr_par' dir='ltr' id='par_1_12' title="bbox 1164 624 1904 665">
     <span class='ocr_line' id='line_1_65' title="bbox 1164 624 1904 665; baseline -0.003 -7"><span class='ocrx_word' id='word_1_326' title='bbox 1164 626 1287 659; x_wconf 87' lang='lat' dir='ltr'>bonum</span> <span class='ocrx_word' id='word_1_327' title='bbox 1314 632 1363 659; x_wconf 91' lang='lat' dir='ltr'>est</span> <span class='ocrx_word' id='word_1_328' title='bbox 1388 627 1420 659; x_wconf 95' lang='lat' dir='ltr'>in</span> <span class='ocrx_word' id='word_1_329' title='bbox 1446 626 1548 659; x_wconf 86' lang='lat' dir='ltr'>oculis</span> <span class='ocrx_word' id='word_1_330' title='bbox 1564 625 1650 665; x_wconf 79' lang='lat' dir='ltr'>suis;</span> <span class='ocrx_word' id='word_1_331' title='bbox 1670 625 1792 658; x_wconf 83' lang='lat' dir='ltr'>tribuat</span> <span class='ocrx_word' id='word_1_332' title='bbox 1809 624 1904 658; x_wconf 89' lang='lat' dir='ltr'>nobis</span> 
     </span>
    </p>
   </div>
   <div class='ocr_carea' id='block_1_10' title="bbox 1141 673 1905 722">
    <p class='ocr_par' dir='ltr' id='par_1_13' title="bbox 1141 673 1905 722">
     <span class='ocr_line' id='line_1_66' title="bbox 1141 673 1905 722; baseline -0.001 -11"><span class='ocrx_word' id='word_1_333' title='bbox 1141 673 1142 716; x_wconf 54' lang='grc' dir='ltr'>ᾗ</span> <span class='ocrx_word' id='word_1_334' title='bbox 1164 679 1313 722; x_wconf 88' lang='lat' dir='ltr'>spiritum</span> <span class='ocrx_word' id='word_1_335' title='bbox 1338 679 1519 722; x_wconf 83' lang='lat' dir='ltr'>sapientiae</span> <span class='ocrx_word' id='word_1_336' title='bbox 1546 684 1577 711; x_wconf 78' lang='lat' dir='ltr'>et</span> <span class='ocrx_word' id='word_1_337' title='bbox 1602 679 1790 712; x_wconf 86' lang='lat' dir='ltr'>intellectus</span> <span class='ocrx_word' id='word_1_338' title='bbox 1807 704 1814 717; x_wconf 92' lang='lat'>,</span> <span class='ocrx_word' id='word_1_339' title='bbox 1840 678 1905 722; x_wconf 91' lang='lat' dir='ltr'>spi-</span> 
     </span>
    </p>
   </div>
   <div class='ocr_carea' id='block_1_11' title="bbox 1164 731 1907 1255">
    <p class='ocr_par' dir='ltr' id='par_1_14' title="bbox 1164 731 1907 1255">
     <span class='ocr_line' id='line_1_67' title="bbox 1165 731 1905 774; baseline 0 -10"><span class='ocrx_word' id='word_1_340' title='bbox 1165 732 1260 764; x_wconf 89' lang='lat' dir='ltr'>ritum</span> <span class='ocrx_word' id='word_1_341' title='bbox 1286 732 1413 765; x_wconf 77' lang='lat' dir='ltr'>consilii</span> <span class='ocrx_word' id='word_1_342' title='bbox 1440 737 1472 765; x_wconf 87' lang='lat' dir='ltr'>et</span> <span class='ocrx_word' id='word_1_343' title='bbox 1497 731 1706 770; x_wconf 82' lang='lat' dir='ltr'>fortitudinis,</span> <span class='ocrx_word' id='word_1_344' title='bbox 1739 737 1774 763; x_wconf 92' lang='lat' dir='ltr'>ut</span> <span class='ocrx_word' id='word_1_345' title='bbox 1797 736 1905 774; x_wconf 86' lang='lat' dir='ltr'>pasto-</span> 
     </span>
     <span class='ocr_line' id='line_1_68' title="bbox 1166 785 1904 828; baseline 0 -12"><span class='ocrx_word' id='word_1_346' title='bbox 1166 785 1231 817; x_wconf 83' lang='lat' dir='ltr'>rale</span> <span class='ocrx_word' id='word_1_347' title='bbox 1255 785 1395 817; x_wconf 84' lang='lat' dir='ltr'>officium</span> <span class='ocrx_word' id='word_1_348' title='bbox 1410 785 1586 818; x_wconf 81' lang='lat' dir='ltr'>salubriter</span> <span class='ocrx_word' id='word_1_349' title='bbox 1604 785 1722 828; x_wconf 75' lang='lat' dir='ltr'>exequi</span> <span class='ocrx_word' id='word_1_350' title='bbox 1742 786 1904 818; x_wconf 83' lang='lat' dir='ltr'>valeamus</span> 
     </span>
     <span class='ocr_line' id='line_1_69' title="bbox 1164 837 1904 881; baseline -0.001 -10"><span class='ocrx_word' id='word_1_351' title='bbox 1164 838 1201 871; x_wconf 87' lang='lat' dir='ltr'>ad</span> <span class='ocrx_word' id='word_1_352' title='bbox 1229 838 1326 870; x_wconf 81' lang='lat' dir='ltr'>divini</span> <span class='ocrx_word' id='word_1_353' title='bbox 1362 838 1504 871; x_wconf 85' lang='lat' dir='ltr'>nominis</span> <span class='ocrx_word' id='word_1_354' title='bbox 1540 838 1703 881; x_wconf 76' lang='lat' dir='ltr'>gloriam,</span> <span class='ocrx_word' id='word_1_355' title='bbox 1743 837 1904 870; x_wconf 83' lang='lat' dir='ltr'>Ecclesiae</span> 
     </span>
     <span class='ocr_line' id='line_1_70' title="bbox 1164 891 1905 935; baseline 0 -12"><span class='ocrx_word' id='word_1_356' title='bbox 1164 897 1293 924; x_wconf 85' lang='lat' dir='ltr'>sanctae</span> <span class='ocrx_word' id='word_1_357' title='bbox 1305 891 1486 932; x_wconf 82' lang='lat' dir='ltr'>utilitatem,</span> <span class='ocrx_word' id='word_1_358' title='bbox 1501 902 1536 923; x_wconf 85' lang='lat' dir='ltr'>ae</span> <span class='ocrx_word' id='word_1_359' title='bbox 1549 891 1749 935; x_wconf 87' lang='lat' dir='ltr'>spiritualem</span> <span class='ocrx_word' id='word_1_360' title='bbox 1759 891 1905 924; x_wconf 92' lang='lat' dir='ltr'>omnium</span> 
     </span>
     <span class='ocr_line' id='line_1_71' title="bbox 1164 943 1905 987; baseline -0.003 -10"><span class='ocrx_word' id='word_1_361' title='bbox 1164 944 1309 977; x_wconf 85' lang='lat' dir='ltr'>fidelium</span> <span class='ocrx_word' id='word_1_362' title='bbox 1346 943 1642 983; x_wconf 73' lang='lat' dir='ltr'>aedificationem3</span> <span class='ocrx_word' id='word_1_363' title='bbox 1676 943 1905 987; x_wconf 84' lang='lat' dir='ltr'>praesentibus</span> 
     </span>
     <span class='ocr_line' id='line_1_72' title="bbox 1164 997 1906 1042; baseline -0.001 -12"><span class='ocrx_word' id='word_1_364' title='bbox 1164 998 1334 1031; x_wconf 78' lang='lat' dir='ltr'>christiani</span> <span class='ocrx_word' id='word_1_365' title='bbox 1365 998 1477 1042; x_wconf 90' lang='lat' dir='ltr'>populi</span> <span class='ocrx_word' id='word_1_366' title='bbox 1515 997 1766 1031; x_wconf 81' lang='lat' dir='ltr'>necessitatibus</span> <span class='ocrx_word' id='word_1_367' title='bbox 1797 997 1906 1041; x_wconf 90' lang='lat' dir='ltr'>propi-</span> 
     </span>
     <span class='ocr_line' id='line_1_73' title="bbox 1166 1051 1904 1094; baseline -0.003 -10"><span class='ocrx_word' id='word_1_368' title='bbox 1166 1052 1225 1084; x_wconf 87' lang='lat' dir='ltr'>tius</span> <span class='ocrx_word' id='word_1_369' title='bbox 1250 1051 1342 1091; x_wconf 80' lang='lat' dir='ltr'>adsit,</span> <span class='ocrx_word' id='word_1_370' title='bbox 1369 1051 1516 1094; x_wconf 84' lang='lat' dir='ltr'>pericula</span> <span class='ocrx_word' id='word_1_371' title='bbox 1541 1051 1724 1094; x_wconf 76' lang='lat' dir='ltr'>propulset,</span> <span class='ocrx_word' id='word_1_372' title='bbox 1751 1051 1904 1083; x_wconf 81' lang='lat' dir='ltr'>haereses</span> 
     </span>
     <span class='ocr_line' id='line_1_74' title="bbox 1164 1103 1905 1148; baseline -0.003 -10"><span class='ocrx_word' id='word_1_373' title='bbox 1164 1116 1200 1138; x_wconf 85' lang='lat' dir='ltr'>ac</span> <span class='ocrx_word' id='word_1_374' title='bbox 1226 1106 1257 1137; x_wconf 89' lang='lat' dir='ltr'>in</span> <span class='ocrx_word' id='word_1_375' title='bbox 1284 1105 1442 1147; x_wconf 62' lang='lat' dir='ltr'>r⁴3=ligione</span> <span class='ocrx_word' id='word_1_376' title='bbox 1470 1105 1604 1137; x_wconf 82' lang='lat' dir='ltr'>dissidia</span> <span class='ocrx_word' id='word_1_377' title='bbox 1636 1105 1786 1148; x_wconf 84' lang='lat' dir='ltr'>extirpet,</span> <span class='ocrx_word' id='word_1_378' title='bbox 1811 1103 1905 1137; x_wconf 83' lang='lat' dir='ltr'>fidem</span> 
     </span>
     <span class='ocr_line' id='line_1_75' title="bbox 1164 1157 1907 1201; baseline -0.001 -11"><span class='ocrx_word' id='word_1_379' title='bbox 1164 1158 1358 1191; x_wconf 88' lang='lat' dir='ltr'>catholicam</span> <span class='ocrx_word' id='word_1_380' title='bbox 1386 1163 1536 1201; x_wconf 79' lang='lat' dir='ltr'>protegat</span> <span class='ocrx_word' id='word_1_381' title='bbox 1561 1163 1591 1189; x_wconf 84' lang='lat' dir='ltr'>et</span> <span class='ocrx_word' id='word_1_382' title='bbox 1606 1163 1776 1200; x_wconf 78' lang='lat' dir='ltr'>propaget,</span> <span class='ocrx_word' id='word_1_383' title='bbox 1795 1157 1907 1190; x_wconf 89' lang='lat' dir='ltr'>ortho-</span> 
     </span>
     <span class='ocr_line' id='line_1_76' title="bbox 1164 1210 1907 1255; baseline -0.003 -10"><span class='ocrx_word' id='word_1_384' title='bbox 1164 1212 1256 1245; x_wconf 82' lang='lat' dir='ltr'>doxis</span> <span class='ocrx_word' id='word_1_385' title='bbox 1283 1211 1484 1255; x_wconf 87' lang='lat' dir='ltr'>principibus</span> <span class='ocrx_word' id='word_1_386' title='bbox 1510 1217 1629 1243; x_wconf 79' lang='lat' dir='ltr'>arctam</span> <span class='ocrx_word' id='word_1_387' title='bbox 1657 1216 1688 1243; x_wconf 86' lang='lat' dir='ltr'>et</span> <span class='ocrx_word' id='word_1_388' title='bbox 1725 1210 1907 1243; x_wconf 87' lang='lat' dir='ltr'>indissolu-</span> 
     </span>
    </p>
   </div>
   <div class='ocr_carea' id='block_1_12' title="bbox 1141 1264 1906 1307">
    <p class='ocr_par' dir='ltr' id='par_1_15' title="bbox 1141 1264 1906 1307">
     <span class='ocr_line' id='line_1_77' title="bbox 1141 1264 1906 1307; baseline 0.001 -11"><span class='ocrx_word' id='word_1_389' title='bbox 1141 1298 1143 1305; x_wconf 81' lang='lat'>.</span> <span class='ocrx_word' id='word_1_390' title='bbox 1164 1264 1261 1297; x_wconf 90' lang='lat' dir='ltr'>bilem</span> <span class='ocrx_word' id='word_1_391' title='bbox 1276 1264 1457 1297; x_wconf 89' lang='lat' dir='ltr'>animarum</span> <span class='ocrx_word' id='word_1_392' title='bbox 1467 1264 1690 1303; x_wconf 84' lang='lat' dir='ltr'>concordiam,</span> <span class='ocrx_word' id='word_1_393' title='bbox 1710 1269 1906 1307; x_wconf 81' lang='lat' dir='ltr'>sanctaeque</span> 
     </span>
    </p>
   </div>
   <div class='ocr_carea' id='block_1_13' title="bbox 1164 1316 1907 1403">
    <p class='ocr_par' dir='ltr' id='par_1_16' title="bbox 1164 1316 1907 1403">
     <span class='ocr_line' id='line_1_78' title="bbox 1164 1316 1907 1360; baseline -0.001 -10"><span class='ocrx_word' id='word_1_394' title='bbox 1164 1317 1330 1360; x_wconf 78' lang='lat' dir='ltr'>religionis</span> <span class='ocrx_word' id='word_1_395' title='bbox 1356 1317 1613 1360; x_wconf 73' lang='lat' dir='ltr'>propugnandae</span> <span class='ocrx_word' id='word_1_396' title='bbox 1633 1344 1640 1356; x_wconf 88' lang='lat'>‚</span> <span class='ocrx_word' id='word_1_397' title='bbox 1666 1321 1763 1360; x_wconf 84' lang='lat' dir='ltr'>atque</span> <span class='ocrx_word' id='word_1_398' title='bbox 1788 1316 1827 1349; x_wconf 86' lang='lat' dir='ltr'>ab</span> <span class='ocrx_word' id='word_1_399' title='bbox 1859 1316 1907 1349; x_wconf 92' lang='lat' dir='ltr'>in-</span> 
     </span>
     <span class='ocr_line' id='line_1_79' title="bbox 1164 1369 1905 1403; baseline -0.001 0"><span class='ocrx_word' id='word_1_400' title='bbox 1164 1370 1254 1403; x_wconf 90' lang='lat' dir='ltr'>sidiis</span> <span class='ocrx_word' id='word_1_401' title='bbox 1280 1376 1312 1403; x_wconf 88' lang='lat' dir='ltr'>et</span> <span class='ocrx_word' id='word_1_402' title='bbox 1337 1369 1539 1402; x_wconf 83' lang='lat' dir='ltr'>detrimentis</span> <span class='ocrx_word' id='word_1_403' title='bbox 1574 1369 1763 1403; x_wconf 88' lang='lat' dir='ltr'>liberandae</span> <span class='ocrx_word' id='word_1_404' title='bbox 1800 1370 1905 1402; x_wconf 88' lang='lat' dir='ltr'>zelum</span> 
     </span>
    </p>
   </div>
   <div class='ocr_carea' id='block_1_14' title="bbox 1141 1422 1905 1466">
    <p class='ocr_par' dir='ltr' id='par_1_17' title="bbox 1141 1422 1905 1466">
     <span class='ocr_line' id='line_1_80' title="bbox 1141 1422 1905 1466; baseline 0.001 -13"><span class='ocrx_word' id='word_1_405' title='bbox 1141 1429 1143 1453; x_wconf 76' lang='grc' dir='ltr'>ι</span> <span class='ocrx_word' id='word_1_406' title='bbox 1164 1423 1331 1466; x_wconf 86' lang='lat' dir='ltr'>praebeat,</span> <span class='ocrx_word' id='word_1_407' title='bbox 1347 1432 1523 1465; x_wconf 82' lang='lat' dir='ltr'>eorumque</span> <span class='ocrx_word' id='word_1_408' title='bbox 1548 1422 1683 1455; x_wconf 87' lang='lat' dir='ltr'>consilia</span> <span class='ocrx_word' id='word_1_409' title='bbox 1708 1428 1740 1454; x_wconf 90' lang='lat' dir='ltr'>et</span> <span class='ocrx_word' id='word_1_410' title='bbox 1763 1422 1848 1455; x_wconf 84' lang='lat' dir='ltr'>vires</span> <span class='ocrx_word' id='word_1_411' title='bbox 1867 1422 1905 1455; x_wconf 88' lang='lat' dir='ltr'>ad</span> 
     </span>
    </p>
   </div>
   <div class='ocr_carea' id='block_1_15' title="bbox 1164 1475 1908 1840">
    <p class='ocr_par' dir='ltr' id='par_1_18' title="bbox 1164 1475 1907 1626">
     <span class='ocr_line' id='line_1_81' title="bbox 1164 1475 1907 1520; baseline -0.003 -10"><span class='ocrx_word' id='word_1_412' title='bbox 1164 1476 1333 1510; x_wconf 86' lang='lat' dir='ltr'>christiani</span> <span class='ocrx_word' id='word_1_413' title='bbox 1360 1476 1500 1509; x_wconf 90' lang='lat' dir='ltr'>nominis</span> <span class='ocrx_word' id='word_1_414' title='bbox 1527 1477 1661 1509; x_wconf 90' lang='lat' dir='ltr'>tutelam</span> <span class='ocrx_word' id='word_1_415' title='bbox 1682 1481 1714 1508; x_wconf 85' lang='lat' dir='ltr'>et</span> <span class='ocrx_word' id='word_1_416' title='bbox 1732 1475 1907 1520; x_wconf 73' lang='lat' dir='ltr'>amplifica-</span> 
     </span>
     <span class='ocr_line' id='line_1_82' title="bbox 1165 1529 1905 1572; baseline -0.001 -9"><span class='ocrx_word' id='word_1_417' title='bbox 1165 1531 1286 1564; x_wconf 89' lang='lat' dir='ltr'>tionem</span> <span class='ocrx_word' id='word_1_418' title='bbox 1311 1529 1429 1570; x_wconf 85' lang='lat' dir='ltr'>unire,</span> <span class='ocrx_word' id='word_1_419' title='bbox 1455 1529 1587 1569; x_wconf 86' lang='lat' dir='ltr'>sociare,</span> <span class='ocrx_word' id='word_1_420' title='bbox 1614 1539 1730 1572; x_wconf 79' lang='lat' dir='ltr'>regere</span> <span class='ocrx_word' id='word_1_421' title='bbox 1755 1534 1787 1562; x_wconf 84' lang='lat' dir='ltr'>et</span> <span class='ocrx_word' id='word_1_422' title='bbox 1810 1529 1905 1563; x_wconf 86' lang='lat' dir='ltr'>robo-</span> 
     </span>
     <span class='ocr_line' id='line_1_83' title="bbox 1164 1583 1429 1626; baseline -0.004 -10"><span class='ocrx_word' id='word_1_423' title='bbox 1164 1594 1236 1617; x_wconf 86' lang='lat' dir='ltr'>rare</span> <span class='ocrx_word' id='word_1_424' title='bbox 1262 1583 1429 1626; x_wconf 79' lang='lat' dir='ltr'>dignetur.</span> 
     </span>
    </p>

    <p class='ocr_par' dir='ltr' id='par_1_19' title="bbox 1164 1635 1908 1840">
     <span class='ocr_line' id='line_1_84' title="bbox 1209 1635 1760 1680; baseline -0.002 -11"><span class='ocrx_word' id='word_1_425' title='bbox 1209 1638 1223 1680; x_wconf 63' lang='lat' dir='ltr'>g</span> <span class='ocrx_word' id='word_1_426' title='bbox 1249 1637 1279 1669; x_wconf 84' lang='lat' dir='ltr'>t.</span> <span class='ocrx_word' id='word_1_427' title='bbox 1308 1636 1340 1669; x_wconf 87' lang='lat' dir='ltr'>ld</span> <span class='ocrx_word' id='word_1_428' title='bbox 1367 1639 1500 1674; x_wconf 86' lang='lat' dir='ltr'>autem,</span> <span class='ocrx_word' id='word_1_429' title='bbox 1529 1641 1563 1668; x_wconf 87' lang='lat' dir='ltr'>ut</span> <span class='ocrx_word' id='word_1_430' title='bbox 1595 1646 1611 1668; x_wconf 88' lang='lat' dir='ltr'>a</span> <span class='ocrx_word' id='word_1_431' title='bbox 1644 1635 1734 1669; x_wconf 90' lang='lat' dir='ltr'>vobis</span> <span class='ocrx_word' id='word_1_432' title='bbox 1753 1662 1760 1676; x_wconf 95' lang='lat'>‚</span> 
     </span>
     <span class='ocr_line' id='line_1_85' title="bbox 1164 1689 1908 1732; baseline 0.001 -11"><span class='ocrx_word' id='word_1_433' title='bbox 1164 1689 1221 1723; x_wconf 81' lang='lat' dir='ltr'>mii</span> <span class='ocrx_word' id='word_1_434' title='bbox 1237 1716 1244 1729; x_wconf 92' lang='lat'>,</span> <span class='ocrx_word' id='word_1_435' title='bbox 1271 1689 1456 1722; x_wconf 83' lang='lat' dir='ltr'>ferventiori</span> <span class='ocrx_word' id='word_1_436' title='bbox 1489 1689 1620 1732; x_wconf 85' lang='lat' dir='ltr'>pietatis</span> <span class='ocrx_word' id='word_1_437' title='bbox 1645 1689 1753 1722; x_wconf 91' lang='lat' dir='ltr'>studio</span> <span class='ocrx_word' id='word_1_438' title='bbox 1778 1689 1908 1722; x_wconf 84' lang='lat' dir='ltr'>uberio-</span> 
     </span>
     <span class='ocr_line' id='line_1_86' title="bbox 1164 1741 1907 1788; baseline -0.001 -12"><span class='ocrx_word' id='word_1_439' title='bbox 1164 1744 1258 1788; x_wconf 85' lang='lat' dir='ltr'>rique</span> <span class='ocrx_word' id='word_1_440' title='bbox 1285 1744 1391 1775; x_wconf 80' lang='lat' dir='ltr'>fructu</span> <span class='ocrx_word' id='word_1_441' title='bbox 1423 1747 1621 1786; x_wconf 85' lang='lat' dir='ltr'>peragatur,</span> <span class='ocrx_word' id='word_1_442' title='bbox 1659 1751 1770 1775; x_wconf 89' lang='lat' dir='ltr'>sacros</span> <span class='ocrx_word' id='word_1_443' title='bbox 1802 1741 1907 1775; x_wconf 90' lang='lat' dir='ltr'>indul-</span> 
     </span>
     <span class='ocr_line' id='line_1_87' title="bbox 1165 1795 1907 1840; baseline -0.001 -11"><span class='ocrx_word' id='word_1_444' title='bbox 1165 1797 1347 1840; x_wconf 81' lang='lat' dir='ltr'>gentiarum</span> <span class='ocrx_word' id='word_1_445' title='bbox 1374 1796 1557 1835; x_wconf 78' lang='lat' dir='ltr'>thesauros,</span> <span class='ocrx_word' id='word_1_446' title='bbox 1577 1805 1717 1839; x_wconf 80' lang='lat' dir='ltr'>quorum</span> <span class='ocrx_word' id='word_1_447' title='bbox 1740 1795 1907 1838; x_wconf 81' lang='lat' dir='ltr'>dispensa-</span> 
     </span>
    </p>
   </div>
   <div class='ocr_carea' id='block_1_16' title="bbox 1796 1635 1906 1669">
    <p class='ocr_par' dir='ltr' id='par_1_20' title="bbox 1796 1635 1906 1669">
     <span class='ocr_line' id='line_1_88' title="bbox 1796 1635 1906 1669; baseline 0 -1"><span class='ocrx_word' id='word_1_448' title='bbox 1796 1635 1906 1669; x_wconf 88' lang='lat' dir='ltr'>dilecti</span> 
     </span>
    </p>
   </div>
   <div class='ocr_carea' id='block_1_17' title="bbox 1142 1849 1909 1899">
    <p class='ocr_par' dir='ltr' id='par_1_21' title="bbox 1142 1849 1909 1899">
     <span class='ocr_line' id='line_1_89' title="bbox 1142 1849 1909 1899; baseline -0.003 -16"><span class='ocrx_word' id='word_1_449' title='bbox 1142 1851 1287 1899; x_wconf 47' lang='lat' dir='ltr'>3tionem</span> <span class='ocrx_word' id='word_1_450' title='bbox 1320 1850 1394 1882; x_wconf 74' lang='lat' dir='ltr'>fidei</span> <span class='ocrx_word' id='word_1_451' title='bbox 1429 1855 1561 1882; x_wconf 84' lang='lat' dir='ltr'>nostrae</span> <span class='ocrx_word' id='word_1_452' title='bbox 1601 1849 1764 1883; x_wconf 88' lang='lat' dir='ltr'>commisit</span> <span class='ocrx_word' id='word_1_453' title='bbox 1800 1849 1909 1882; x_wconf 85' lang='lat' dir='ltr'>divina</span> 
     </span>
    </p>
   </div>
   <div class='ocr_carea' id='block_1_18' title="bbox 1166 1903 1908 1947">
    <p class='ocr_par' dir='ltr' id='par_1_22' title="bbox 1166 1903 1908 1947">
     <span class='ocr_line' id='line_1_90' title="bbox 1166 1903 1908 1947; baseline -0.004 -10"><span class='ocrx_word' id='word_1_454' title='bbox 1166 1904 1334 1947; x_wconf 68' lang='lat' dir='ltr'>dignatio,</span> <span class='ocrx_word' id='word_1_455' title='bbox 1361 1903 1510 1947; x_wconf 77' lang='lat' dir='ltr'>proferre</span> <span class='ocrx_word' id='word_1_456' title='bbox 1537 1913 1572 1935; x_wconf 88' lang='lat' dir='ltr'>ac</span> <span class='ocrx_word' id='word_1_457' title='bbox 1599 1903 1724 1935; x_wconf 88' lang='lat' dir='ltr'>liberali</span> <span class='ocrx_word' id='word_1_458' title='bbox 1751 1913 1849 1935; x_wconf 88' lang='lat' dir='ltr'>manu</span> <span class='ocrx_word' id='word_1_459' title='bbox 1875 1912 1908 1935; x_wconf 88' lang='lat' dir='ltr'>e-</span> 
     </span>
    </p>
   </div>
   <div class='ocr_carea' id='block_1_19' title="bbox 1142 1956 1908 2006">
    <p class='ocr_par' dir='ltr' id='par_1_23' title="bbox 1142 1956 1908 2006">
     <span class='ocr_line' id='line_1_91' title="bbox 1142 1956 1908 2006; baseline -0.004 -15"><span class='ocrx_word' id='word_1_460' title='bbox 1142 1976 1143 2006; x_wconf 56' lang='lat'>3</span> <span class='ocrx_word' id='word_1_461' title='bbox 1165 1968 1281 2000; x_wconf 79' lang='lat' dir='ltr'>rogare</span> <span class='ocrx_word' id='word_1_462' title='bbox 1309 1957 1510 1990; x_wconf 84' lang='lat' dir='ltr'>decrevimus</span> <span class='ocrx_word' id='word_1_463' title='bbox 1537 1957 1599 1989; x_wconf 84' lang='lat' dir='ltr'>hoc</span> <span class='ocrx_word' id='word_1_464' title='bbox 1625 1956 1760 1988; x_wconf 79' lang='lat' dir='ltr'>maxime</span> <span class='ocrx_word' id='word_1_465' title='bbox 1787 1966 1908 1999; x_wconf 89' lang='lat' dir='ltr'>oppor-</span> 
     </span>
    </p>
   </div>
   <div class='ocr_carea' id='block_1_20' title="bbox 1165 2009 1909 2213">
    <p class='ocr_par' dir='ltr' id='par_1_24' title="bbox 1165 2009 1909 2213">
     <span class='ocr_line' id='line_1_92' title="bbox 1167 2009 1907 2053; baseline -0.003 -10"><span class='ocrx_word' id='word_1_466' title='bbox 1167 2017 1242 2043; x_wconf 90' lang='lat' dir='ltr'>tuuo</span> <span class='ocrx_word' id='word_1_467' title='bbox 1270 2015 1427 2053; x_wconf 83' lang='lat' dir='ltr'>tempore,</span> <span class='ocrx_word' id='word_1_468' title='bbox 1455 2020 1517 2053; x_wconf 84' lang='lat' dir='ltr'>quo</span> <span class='ocrx_word' id='word_1_469' title='bbox 1539 2009 1784 2053; x_wconf 84' lang='lat' dir='ltr'>appropinquat</span> <span class='ocrx_word' id='word_1_470' title='bbox 1801 2019 1907 2041; x_wconf 84' lang='lat' dir='ltr'>annus</span> 
     </span>
     <span class='ocr_line' id='line_1_93' title="bbox 1166 2061 1904 2106; baseline -0.003 -9"><span class='ocrx_word' id='word_1_471' title='bbox 1166 2063 1343 2098; x_wconf 57' lang='lat' dir='ltr'>ctu-iatiano</span> <span class='ocrx_word' id='word_1_472' title='bbox 1382 2064 1502 2106; x_wconf 89' lang='lat' dir='ltr'>populo</span> <span class='ocrx_word' id='word_1_473' title='bbox 1540 2063 1572 2095; x_wconf 91' lang='lat' dir='ltr'>in</span> <span class='ocrx_word' id='word_1_474' title='bbox 1599 2062 1712 2106; x_wconf 89' lang='lat' dir='ltr'>primis</span> <span class='ocrx_word' id='word_1_475' title='bbox 1749 2061 1904 2105; x_wconf 81' lang='lat' dir='ltr'>optabilis</span> 
     </span>
     <span class='ocr_line' id='line_1_94' title="bbox 1165 2114 1909 2161; baseline -0.003 -12"><span class='ocrx_word' id='word_1_476' title='bbox 1165 2123 1262 2161; x_wconf 81' lang='lat' dir='ltr'>atque</span> <span class='ocrx_word' id='word_1_477' title='bbox 1289 2117 1448 2149; x_wconf 73' lang='lat' dir='ltr'>iucundus</span> <span class='ocrx_word' id='word_1_478' title='bbox 1467 2115 1662 2149; x_wconf 87' lang='lat' dir='ltr'>sanctissimi</span> <span class='ocrx_word' id='word_1_479' title='bbox 1682 2114 1833 2149; x_wconf 87' lang='lat' dir='ltr'>iubilaei:</span> <span class='ocrx_word' id='word_1_480' title='bbox 1855 2125 1909 2148; x_wconf 88' lang='lat' dir='ltr'>au-</span> 
     </span>
     <span class='ocr_line' id='line_1_95' title="bbox 1166 2169 1909 2213; baseline -0.004 -8"><span class='ocrx_word' id='word_1_481' title='bbox 1166 2183 1225 2205; x_wconf 84' lang='lat' dir='ltr'>nus</span> <span class='ocrx_word' id='word_1_482' title='bbox 1252 2171 1421 2204; x_wconf 79' lang='lat' dir='ltr'>universae</span> <span class='ocrx_word' id='word_1_483' title='bbox 1448 2169 1629 2204; x_wconf 84' lang='lat' dir='ltr'>catholicae</span> <span class='ocrx_word' id='word_1_484' title='bbox 1654 2169 1818 2203; x_wconf 86' lang='lat' dir='ltr'>Ecclesiae</span> <span class='ocrx_word' id='word_1_485' title='bbox 1851 2179 1909 2213; x_wconf 84' lang='lat' dir='ltr'>pe-</span> 
     </span>
    </p>
   </div>
   <div class='ocr_carea' id='block_1_21' title="bbox 1143 2223 1909 2259">
    <p class='ocr_par' dir='ltr' id='par_1_25' title="bbox 1143 2223 1909 2259">
     <span class='ocr_line' id='line_1_96' title="bbox 1143 2223 1909 2259; baseline -0.004 0"><span class='ocrx_word' id='word_1_486' title='bbox 1143 2244 1144 2247; x_wconf 39' lang='lat'><em>*</em></span> <span class='ocrx_word' id='word_1_487' title='bbox 1166 2226 1280 2259; x_wconf 73' lang='lat' dir='ltr'>‹tuliari</span> <span class='ocrx_word' id='word_1_488' title='bbox 1297 2225 1394 2258; x_wconf 86' lang='lat' dir='ltr'>modo</span> <span class='ocrx_word' id='word_1_489' title='bbox 1410 2235 1502 2257; x_wconf 86' lang='lat' dir='ltr'>sacer</span> <span class='ocrx_word' id='word_1_490' title='bbox 1520 2235 1555 2257; x_wconf 86' lang='lat' dir='ltr'>ac</span> <span class='ocrx_word' id='word_1_491' title='bbox 1574 2223 1786 2257; x_wconf 85' lang='lat' dir='ltr'>venerabilis:</span> <span class='ocrx_word' id='word_1_492' title='bbox 1805 2233 1909 2256; x_wconf 87' lang='lat' dir='ltr'>annus</span> 
     </span>
    </p>
   </div>
   <div class='ocr_carea' id='block_1_22' title="bbox 1143 2277 1909 2640">
    <p class='ocr_par' dir='ltr' id='par_1_26' title="bbox 1166 2277 1909 2640">
     <span class='ocr_line' id='line_1_97' title="bbox 1166 2277 1907 2323; baseline -0.003 -12"><span class='ocrx_word' id='word_1_493' title='bbox 1166 2278 1358 2323; x_wconf 75' lang='lat' dir='ltr'>expiationis</span> <span class='ocrx_word' id='word_1_494' title='bbox 1381 2283 1412 2311; x_wconf 89' lang='lat' dir='ltr'>et</span> <span class='ocrx_word' id='word_1_495' title='bbox 1429 2277 1551 2317; x_wconf 83' lang='lat' dir='ltr'>veniae,</span> <span class='ocrx_word' id='word_1_496' title='bbox 1570 2277 1770 2311; x_wconf 89' lang='lat' dir='ltr'>remissionis</span> <span class='ocrx_word' id='word_1_497' title='bbox 1789 2282 1820 2310; x_wconf 89' lang='lat' dir='ltr'>et</span> <span class='ocrx_word' id='word_1_498' title='bbox 1837 2287 1907 2320; x_wconf 87' lang='lat' dir='ltr'>gra-</span> 
     </span>
     <span class='ocr_line' id='line_1_98' title="bbox 1166 2330 1908 2375; baseline -0.004 -11"><span class='ocrx_word' id='word_1_499' title='bbox 1166 2332 1255 2371; x_wconf 86' lang='lat' dir='ltr'>tiae,</span> <span class='ocrx_word' id='word_1_500' title='bbox 1283 2342 1345 2375; x_wconf 82' lang='lat' dir='ltr'>quo</span> <span class='ocrx_word' id='word_1_501' title='bbox 1376 2330 1502 2363; x_wconf 86' lang='lat' dir='ltr'>cunctis</span> <span class='ocrx_word' id='word_1_502' title='bbox 1536 2330 1686 2363; x_wconf 76' lang='lat' dir='ltr'>fidelibus</span> <span class='ocrx_word' id='word_1_503' title='bbox 1718 2330 1758 2362; x_wconf 89' lang='lat' dir='ltr'>ad</span> <span class='ocrx_word' id='word_1_504' title='bbox 1791 2330 1908 2362; x_wconf 86' lang='lat' dir='ltr'>almam</span> 
     </span>
     <span class='ocr_line' id='line_1_99' title="bbox 1143 2382 1909 2423; baseline -0.003 -4.933"><span class='ocrx_word' id='word_1_505' title='bbox 1143 2386 1251 2418; x_wconf 61' lang='lat' dir='ltr'>1zhme</span> <span class='ocrx_word' id='word_1_506' title='bbox 1277 2384 1396 2418; x_wconf 79' lang='lat' dir='ltr'>Uibem</span> <span class='ocrx_word' id='word_1_507' title='bbox 1421 2390 1511 2417; x_wconf 88' lang='lat' dir='ltr'>nostr</span> <span class='ocrx_word' id='word_1_508' title='bbox 1515 2395 1565 2417; x_wconf 77' lang='lat' dir='ltr'>‘un</span> <span class='ocrx_word' id='word_1_509' title='bbox 1591 2382 1853 2423; x_wconf 78' lang='lat' dir='ltr'>confluentibus,</span> <span class='ocrx_word' id='word_1_510' title='bbox 1879 2388 1909 2416; x_wconf 86' lang='lat' dir='ltr'>et</span> 
     </span>
     <span class='ocr_line' id='line_1_100' title="bbox 1167 2436 1909 2481; baseline -0.004 -10"><span class='ocrx_word' id='word_1_511' title='bbox 1167 2450 1257 2472; x_wconf 82' lang='lat' dir='ltr'>sacia</span> <span class='ocrx_word' id='word_1_512' title='bbox 1282 2439 1504 2481; x_wconf 62' lang='lat' dir='ltr'>{¹1p0stoloium</span> <span class='ocrx_word' id='word_1_513' title='bbox 1531 2436 1641 2470; x_wconf 88' lang='lat' dir='ltr'>limina</span> <span class='ocrx_word' id='word_1_514' title='bbox 1674 2436 1909 2479; x_wconf 79' lang='lat' dir='ltr'>praesciiptas-</span> 
     </span>
     <span class='ocr_line' id='line_1_101' title="bbox 1168 2489 1906 2535; baseline -0.006 -10"><span class='ocrx_word' id='word_1_515' title='bbox 1168 2502 1230 2535; x_wconf 84' lang='lat' dir='ltr'>que</span> <span class='ocrx_word' id='word_1_516' title='bbox 1255 2491 1406 2524; x_wconf 69' lang='grc' dir='ltr'><strong>Ιιεειιίὶίοιε</strong></span> <span class='ocrx_word' id='word_1_517' title='bbox 1434 2490 1513 2534; x_wconf 85' lang='lat' dir='ltr'>pie</span> <span class='ocrx_word' id='word_1_518' title='bbox 1505 2500 1540 2522; x_wconf 90' lang='lat' dir='ltr'>ac</span> <span class='ocrx_word' id='word_1_519' title='bbox 1558 2490 1672 2522; x_wconf 80' lang='lat' dir='ltr'>devote</span> <span class='ocrx_word' id='word_1_520' title='bbox 1692 2489 1906 2530; x_wconf 78' lang='lat' dir='ltr'>visitantibus,</span> 
     </span>
     <span class='ocr_line' id='line_1_102' title="bbox 1168 2541 1908 2587; baseline -0.004 -10"><span class='ocrx_word' id='word_1_521' title='bbox 1168 2551 1203 2578; x_wconf 90' lang='lat' dir='ltr'>ut</span> <span class='ocrx_word' id='word_1_522' title='bbox 1227 2544 1433 2587; x_wconf 84' lang='lat' dir='ltr'>antiquorum</span> <span class='ocrx_word' id='word_1_523' title='bbox 1458 2543 1556 2576; x_wconf 86' lang='lat' dir='ltr'>habet</span> <span class='ocrx_word' id='word_1_524' title='bbox 1580 2541 1643 2575; x_wconf 84' lang='lat' dir='ltr'>fida</span> <span class='ocrx_word' id='word_1_525' title='bbox 1669 2542 1820 2580; x_wconf 85' lang='lat' dir='ltr'>traditio,</span> <span class='ocrx_word' id='word_1_526' title='bbox 1847 2552 1908 2575; x_wconf 87' lang='lat' dir='ltr'>am-</span> 
     </span>
     <span class='ocr_line' id='line_1_103' title="bbox 1169 2594 1908 2640; baseline -0.001 -11"><span class='ocrx_word' id='word_1_527' title='bbox 1169 2596 1334 2640; x_wconf 78' lang='lat' dir='ltr'>plissimae</span> <span class='ocrx_word' id='word_1_528' title='bbox 1361 2601 1569 2639; x_wconf 83' lang='lat' dir='ltr'>peccatorum</span> <span class='ocrx_word' id='word_1_529' title='bbox 1596 2594 1819 2636; x_wconf 81' lang='lat' dir='ltr'>indulgentiae</span> <span class='ocrx_word' id='word_1_530' title='bbox 1837 2604 1908 2638; x_wconf 88' lang='lat' dir='ltr'>pro-</span> 
     </span>
    </p>
   </div>
   <div class='ocr_carea' id='block_1_23' title="bbox 1915 203 2101 231">
    <p class='ocr_par' dir='ltr' id='par_1_27' title="bbox 1915 203 2101 231">
     <span class='ocr_line' id='line_1_104' title="bbox 1915 203 2101 231; baseline 0.005 -1"><span class='ocrx_word' id='word_1_531' title='bbox 1915 203 1964 231; x_wconf 84' lang='grc' dir='ltr'>Αη.</span> <span class='ocrx_word' id='word_1_532' title='bbox 1982 203 2012 231; x_wconf 89' lang='lat' dir='ltr'>C.</span> <span class='ocrx_word' id='word_1_533' title='bbox 2033 203 2101 231; x_wconf 69' lang='lat'>1724</span> 
     </span>
    </p>
   </div>
   <div class='ocr_carea' id='block_1_24' title="bbox 1985 1643 2102 1666">
    <p class='ocr_par' dir='ltr' id='par_1_28' title="bbox 1985 1643 2102 1666">
     <span class='ocr_line' id='line_1_105' title="bbox 1985 1643 2102 1666; baseline 0.017 -2"><span class='ocrx_word' id='word_1_534' title='bbox 1985 1643 2102 1666; x_wconf 64' lang='lat' dir='ltr'>Prostanna</span> 
     </span>
    </p>
   </div>
   <div class='ocr_carea' id='block_1_25' title="bbox 1864 1670 2062 1694">
    <p class='ocr_par' dir='ltr' id='par_1_29' title="bbox 1864 1670 2062 1694">
     <span class='ocr_line' id='line_1_106' title="bbox 1864 1670 2062 1694; baseline 0.01 -4"><span class='ocrx_word' id='word_1_535' title='bbox 1864 1688 1870 1694; x_wconf 79' lang='grc'>,</span> <span class='ocrx_word' id='word_1_536' title='bbox 1917 1670 1966 1691; x_wconf 74' lang='lat' dir='ltr'>anui</span> <span class='ocrx_word' id='word_1_537' title='bbox 1986 1672 2062 1693; x_wconf 78' lang='lat' dir='ltr'>sancti.</span> 
     </span>
    </p>
   </div>
  </div>
 </body>
</html>
