2170 3147
3 185 28 204 n.
50 175 78 203 C.
96 175 162 203 1728

749 175 941 217 nssrssssntheTt'S
967 175 1021 199 xm
1046 176 1093 200 ΓΡ.

170 232 201 252 ac
224 222 426 253 iurisdictione
450 225 507 253 sere
531 224 687 263 episcopali
714 233 801 262 super
824 223 909 263 quin-

170 281 225 310 que
249 272 342 308 terris,
366 272 471 301 Alanni
495 282 609 311 nempe,
634 272 908 308 I¹iet1·anici‚t]asti-

168 320 283 358 gltonis,
307 320 406 350 Turris
429 321 581 350 Passernni
597 345 603 357 ,
628 325 652 350 et
679 321 856 358 lit-legnani,
880 326 905 350 et

168 378 232 397 cum
265 368 350 405 iure,
375 368 556 406 possessione
588 372 616 397 ct
647 369 786 397 exercitio
819 369 906 397 etiam

168 417 378 446 iurisdictionis
401 417 511 446 laicalis
533 417 627 446 civilis
661 417 689 446 in
722 417 798 445 dicta
829 419 907 446 terra,

168 466 325 504 Bolognani
340 490 347 503 ,
371 466 600 504 ecclesiamque,
625 465 761 503 palatium
786 470 810 494 ct
833 466 905 495 bona

168 523 379 552 quaecumque,
398 519 452 543 tam
477 513 593 542 mobilia
617 523 702 552 qnam
719 513 845 547 stabilia,
863 524 907 542 se-

168 563 323 599 moventia‚
347 562 500 600 omniaque
524 562 577 591 alia
601 562 731 591 cuiusvis
746 562 863 599 generis
879 567 907 591 et

167 611 276 649 speciei
298 611 332 640 ad
355 611 484 640 eamdem
514 609 659 639 abbatiam
689 610 907 649 quomodolibet

166 663 194 688 et
217 658 269 688 snb
292 658 395 697 quovis
416 659 533 688 nomine
556 663 584 687 et
615 658 698 687 titulo
722 659 904 697 spectantia,

166 707 245 736 etin
268 708 300 736 ea
322 707 460 746 illiusque
483 706 631 736 territorio
649 717 680 735 ac
696 706 767 735 alias
785 706 906 736 ubilibet

167 755 259 793 posita
272 759 300 784 et
311 755 478 791 existentia,
492 763 557 784 cum
572 756 577 771 ¹
592 755 703 790 usibus,
718 755 905 784 commodita-

167 802 255 839 tibus,
270 802 424 841 fructibus,
440 803 602 833 redditibus
615 807 641 832 et
656 802 844 841 proventibus
858 802 906 831 de-

166 851 271 887 cursis,
286 850 480 889 pendentibus
493 855 521 881 et
533 851 684 880 maturatis
698 861 711 880 a
725 851 770 880 die
784 860 790 880 t
805 851 902 880 ianua-

165 897 202 927 rii
225 898 360 936 proximi,
384 908 497 928 necnon
525 899 687 938 privilegiis
710 904 738 928 ct
761 898 904 928 facultati-

165 944 218 975 bus
240 945 275 974 ad
298 945 411 975 lihitum
435 946 658 976 administrandi
681 951 708 975 et
733 946 903 976 meliorandi

165 992 238 1022 bona
268 993 398 1023 eiusdem
430 994 574 1031 abbatiae,
609 994 782 1032 intentandi,
807 1004 903 1033 prose-

165 1041 271 1080 quendi
294 1047 321 1071 et.
344 1042 518 1072 terminandi
535 1043 600 1072 lites
624 1052 674 1081 pro
698 1043 904 1081 recuperandis

165 1089 294 1119 eiusdem
311 1090 443 1120 abbatiae
461 1091 544 1120 bonis
563 1095 591 1120 et
607 1090 720 1120 iuribus
736 1101 750 1120 a
767 1091 904 1130 quopiam

165 1138 237 1168 sorte
259 1139 407 1177 occupatis
429 1144 457 1169 et
479 1140 643 1178 usurpatis,
667 1144 695 1168 et.
717 1148 782 1168 cun]
813 1139 904 1168 libero

164 1187 306 1217 exercitio
342 1187 435 1217 dictae
473 1188 686 1217 iurisdictionis
729 1188 839 1217 laicalis
874 1188 903 1217 in

165 1236 314 1274 praedicta,
337 1238 413 1265 terra
436 1236 611 1275 Bolognani,
635 1242 661 1266 et
685 1237 813 1266 cuiusvis
835 1237 905 1266 alte-

164 1285 224 1314 rius
240 1285 454 1314 iurisdictionis
476 1286 570 1315 civilis
593 1286 803 1325 cuiuscumque
820 1296 904 1323 gene-

163 1333 222 1370 ris,
246 1342 317 1372 quas
345 1334 420 1362 dicta
443 1333 558 1363 abbatia
582 1334 616 1363 de
640 1335 786 1372 praesenti
819 1335 904 1364 babet

164 1385 212 1411 aut
240 1381 269 1411 in
300 1382 428 1411 futurum
454 1382 560 1411 babere
585 1382 704 1421 poterit,
730 1387 816 1421 atque
838 1393 903 1412 cum

163 1429 298 1460 omnibus
322 1430 495 1468 privilegiis,
512 1431 748 1469 exemptionibus
771 1436 798 1461 et
823 1441 905 1470 prae-

164 1478 321 1516 rogativis,
346 1477 453 1517 quibus
485 1479 591 1516 gaudet
624 1484 651 1508 et
684 1480 794 1518 potitur
816 1480 905 1509 abbas

164 1526 428 1556 commendatarius
446 1527 539 1556 dictae
551 1527 683 1557 abbatiae
696 1528 724 1558 S.
736 1528 903 1566 Clementis,

164 1575 338 1613 retinendis,
362 1576 492 1605 fruendis
515 1580 542 1605 et
565 1576 737 1606 exercendis
757 1587 808 1616 per
824 1586 905 1606 reve-

164 1623 369 1653 rendissimum
394 1628 504 1663 patrem
528 1624 660 1654 abbatem
684 1625 902 1655 Murronensem

164 1681 217 1711 pro
239 1677 380 1711 tempore,
398 1681 463 1702 cum
487 1673 652 1702 omnimoda
676 1678 703 1702 et
727 1674 804 1702 totali
825 1674 904 1703 inde-

166 1721 322 1760 pendentia
344 1730 400 1751 non
424 1721 516 1751 solum
539 1722 574 1750 ab
591 1722 690 1751 eodem
706 1723 902 1752 eminentissi-

165 1779 211 1799 mo
233 1774 261 1799 et
282 1770 527 1800 reverendissimo
543 1771 659 1800 domino
678 1771 816 1800 cardinali
834 1772 903 1809 Fimv

166 1817 316 1855 modern0‚
333 1818 382 1848 sed
408 1823 434 1848 et
456 1819 560 1848 ceteris
583 1818 735 1848 abbatibus
758 1830 903 1849 commen-

165 1866 284 1896 datariis
306 1876 357 1906 pro
379 1872 508 1906 tempore
531 1868 658 1897 eiusdem
676 1868 822 1905 abbatiae,
839 1869 902 1898 abs-

167 1924 222 1954 que
244 1924 277 1944 eo
299 1915 374 1954 quod
396 1924 409 1943 a
433 1916 566 1954 quopiam
599 1916 687 1954 possit
716 1916 769 1946 snb
801 1918 903 1956 quovis

168 1966 329 2000 praetextu,
353 1964 451 2000 causa,
469 1963 585 2001 ingenio
609 1964 651 1993 vel
674 1965 805 2003 quaesito
827 1965 903 1995 colo-

168 2019 209 2047 re,
226 2014 294 2049 etc.,
312 2011 474 2050 praetendi,
492 2013 549 2051 peti
565 2017 593 2042 et
608 2013 735 2043 obtineri
750 2023 901 2043 recursum

168 2058 304 2097 aliqu0d²
316 2059 452 2089 adversus
467 2060 597 2091 abbatem
614 2061 832 2092 Murronensem
851 2072 903 2102 pro

170 2109 297 2145 tempore
329 2116 416 2146 snper
447 2108 533 2138 rebus
561 2110 807 2140 concernentibus
830 2112 901 2141 inte-

170 2164 249 2185 resse
285 2155 378 2185 dictae
413 2155 565 2195 abbatiae,
600 2159 775 2196 gubernium
811 2160 903 2189 eccle-

169 2204 240 2241 siae,
255 2208 283 2234 et
296 2204 467 2234 exercitium
483 2205 576 2236 dictae
590 2207 812 2244 iurisdictionis,
830 2218 903 2247 quae

169 2252 275 2290 poterit
298 2256 326 2281 et
347 2251 463 2282 debebit
485 2263 535 2291 per
556 2254 704 2284 dominum
722 2260 833 2294 patrem
856 2256 902 2285 ab·

168 2299 263 2330 batem
280 2300 499 2331 Murronensem
515 2301 625 2340 haberi,
643 2303 761 2333 retineri
780 2308 807 2333 et
823 2313 903 2333 exer·
923 2322 926 2330 ,

168 2348 247 2382 ceri,
273 2348 392 2387 perinde
423 2357 455 2378 ac
488 2349 511 2378 si
543 2350 707 2379 omnimoda
740 2351 902 2381 iurisdictio

168 2396 251 2435 quasi
273 2396 446 2435 episcopalis
468 2401 543 2427 esset
564 2398 592 2427 in
614 2398 678 2437 ipso
706 2403 785 2437 patre
807 2399 902 2429 abbati

168 2445 333 2475 Muronensi
367 2445 507 2475 radicitus
540 2446 678 2481 fundata,
703 2457 736 2477 eo
760 2448 844 2477 niodo
875 2453 903 2478 et

206 2505 215 2530 1
240 2503 388 2538 praeposit.
409 2511 471 2530 cum
493 2511 540 2530 nos
560 2504 683 2531 addimus
701 2505 742 2538 (a.
759 2507 806 2537 T.)-

202 2548 218 2574 Ξ
237 2547 329 2582 Aptius
348 2548 406 2582 lege
426 2547 549 2583 aliquem
569 2552 607 2582 tu.
624 2549 673 2582 au).

239 2601 319 2630 Buzt.
334 2602 416 2631 Rom.
433 2617 464 2622 -
486 2602 545 2631 Vol.
562 2602 654 2631 XXII.
798 2602 831 2629 86

1587 166 1647 200 081

953 224 1041 253 forma
1066 223 1172 263 quibus
1195 224 1301 254 residet
1324 224 1352 253 in
1375 224 1475 253 eodem
1496 224 1691 253 eminentissi-

953 282 998 301 mo
1020 272 1117 302 abbati
1140 273 1397 309 connnendatario,
1417 277 1502 311 atque
1518 282 1583 302 cuni
1600 272 1692 302 omni-

952 321 1006 350 bus
1028 325 1055 350 et
1078 321 1201 359 singulis
1217 322 1282 351 aliis
1301 321 1486 351 sticnltatibus
1502 321 1691 351 necesssariis

951 374 979 399 et
1001 370 1186 408 opportuniS,
1204 370 1295 399 nihilo
1318 371 1434 409 penitus
1456 370 1576 400 excluso
1598 380 1691 409 neque

951 422 1082 456 excepto,
1107 422 1134 447 et
1150 418 1306 447 reservatis
1329 419 1528 448 tantummodo
1546 419 1581 447 ad
1600 419 1692 457 ipsius

951 465 1178 495 eminentissimi
1200 467 1309 495 domini
1335 467 1464 496 moderni
1481 466 1592 495 abbatis
1614 476 1693 495 com-

952 514 1139 548 mendatarii,
1164 515 1346 554 aliorumque
1369 515 1431 544 eins
1456 515 1483 544 in
1507 516 1582 544 (licta
1606 515 1693 544 abba-

952 563 988 590 tia
1012 571 1226 600 stu-cessorum,
1244 562 1315 592 locis
1333 563 1476 592 montium
1500 563 1547 592 hic
1569 563 1598 592 in
1616 562 1691 592 Urbe

950 610 983 639 ad
1008 611 1136 640 canalem
1161 610 1307 640 abbatiam
1331 612 1541 650 spectantibus,
1565 621 1638 650 qnae
1662 612 1691 641 in

951 659 1098 696 praesenti
1115 659 1302 689 concessione
1319 670 1374 689 non
1392 660 1690 698 comprehendantur,

950 715 1003 735 nec
1025 707 1232 745 comprehensa
1260 717 1323 737 esse
1346 708 1559 745 intelligantur,
1583 712 1611 737 et
1634 718 1690 737 non

950 754 1031 787 alias,
1049 759 1119 791 etc„
1137 755 1171 784 ad
1195 765 1300 794 corpus
1320 760 1347 785 et
1369 766 1503 794 corpora,
1521 766 1576 785 non
1594 760 1690 785 autem

949 802 983 831 ad
1011 811 1176 831 mensuram
1191 825 1198 839 ,
1222 808 1250 832 et
1274 813 1324 842 pro
1348 804 1436 833 tantis
1460 809 1565 842 quanta
1589 804 1689 833 eadent

950 850 1023 879 bona
1052 855 1138 889 sunt,
1163 851 1191 881 in
1221 853 1432 891 emphyteusim
1464 857 1632 891 perpetuam
1663 856 1691 882 ct

950 903 1090 937 perpetuo
1123 899 1291 929 duraturam
1326 904 1354 929 et
1389 901 1566 936 valituram,
1603 900 1689 929 etiam

949 948 1024 987 qnod
1048 958 1149 977 onmes
1173 949 1201 978 in
1235 949 1311 978 dicta
1339 948 1457 978 abbatia
1488 958 1538 987 pro
1562 954 1690 987 tempore

949 996 1068 1026 abbates
1081 1006 1278 1035 successoreS,
1292 997 1370 1026 omni
1385 997 1497 1026 meliori
1511 997 1606 1031 modo,
1621 1002 1689 1033 etc.,

949 1045 1056 1075 locavit
1072 1049 1158 1083 atque
1175 1046 1331 1082 conccssit,
1349 1049 1419 1083 etc„
1443 1045 1690 1075 reverendissimo

950 1094 1024 1132 patri
1044 1093 1157 1129 abbati,
1181 1098 1209 1123 et
1232 1094 1399 1123 reverendis
1423 1094 1572 1123 monacbis
1595 1094 1692 1124 Caele-

949 1141 1032 1170 stinis
1067 1141 1243 1170 venerabilis
1278 1142 1446 1171 monasterii
1476 1142 1689 1180 Mnrronensis,

949 1189 1034 1226 vulgo
1056 1190 1218 1228 nuncupati
1241 1190 1267 1218 la
1291 1190 1380 1219 Bastia
1404 1191 1432 1219 (Ιί
1454 1190 1483 1220 S.
1507 1190 1635 1229 Spirao,
1659 1191 1689 1220 in

949 1237 1065 1267 viciniis
1097 1237 1253 1267 Sulmonae
1278 1238 1368 1276 (quod
1403 1239 1613 1268 monasterium
1646 1243 1690 1268 est

948 1291 1033 1324 caput
1058 1286 1234 1316 venerabilis
1250 1287 1489 1324 Congregationis
1509 1287 1690 1317 Caelestino-

949 1344 1025 1372 rum,
1043 1339 1070 1363 ct
1089 1335 1118 1363 in
1141 1344 1174 1363 co
1198 1339 1344 1373 tamquam
1368 1335 1455 1364 abbas
1479 1336 1588 1365 residet
1610 1345 1690 1365 reve-

950 1383 1141 1413 rendissimus
1166 1387 1248 1421 pater
1271 1383 1359 1412 abbas
1381 1384 1527 1421 generalis
1556 1384 1687 1413 eiusdem

949 1431 1123 1460 venerabilis
1139 1431 1405 1469 Congregationis),
1424 1432 1490 1461 licet
1505 1432 1687 1470 absentibus,

950 1490 1000 1519 pro
1023 1480 1065 1509 eis
1088 1484 1239 1519 praesente
1262 1481 1507 1510 reverendissimo
1536 1486 1617 1520 patre
1640 1481 1689 1510 ab-

949 1528 1013 1558 bate
1044 1528 1161 1558 domino
1184 1528 1345 1558 Caelestino
1377 1529 1509 1558 (lalliano
1540 1533 1687 1568 tamquam

949 1581 1136 1615 procuratore
1177 1577 1306 1614 generali
1343 1576 1471 1606 eiusdem
1512 1578 1688 1607 venerabilis

947 1625 1186 1663 Congregationis
1209 1625 1439 1655 Caelestinornm
1457 1626 1557 1665 (sicuti
1574 1632 1689 1657 constat

947 1684 981 1703 ex
1004 1674 1111 1704 litteris
1134 1674 1301 1713 patentibus
1331 1675 1364 1703 ad
1397 1674 1459 1704 eius
1488 1676 1615 1705 savorem
1639 1686 1687 1706 ex-

949 1723 1211 1761 peditissquarum
1235 1723 1316 1761 copia
1340 1723 1525 1753 collationatu
1551 1733 1688 1763 praesen-

948 1770 1025 1800 tibus
1042 1771 1194 1807 inseritur,
1213 1772 1321 1800 tenoris
1341 1771 1462 1800 inferius
1481 1773 1685 1812 registrandi),

947 1829 999 1858 pro
1021 1819 1123 1849 eadem
1147 1819 1306 1849 venerabili
1324 1820 1565 1858 CongregationQ
1589 1821 1624 1851 ad
1647 1823 1687 1851 es-

947 1869 1052 1898 sectum
1075 1868 1110 1897 de
1133 1877 1189 1907 quo
1212 1868 1299 1905 infra,
1326 1868 1518 1899 nibilominus
1540 1870 1574 1899 ad
1597 1870 1688 1900 abun-

947 1917 1088 1946 datiorem
1114 1917 1257 1946 cautelam
1280 1917 1314 1946 de
1337 1921 1399 1946 rato
1423 1918 1452 1947 in
1475 1918 1568 1948 forma
1594 1922 1622 1949 et
1652 1920 1686 1949 de

948 1966 1077 1995 t'aciendo
1113 1969 1215 1995 cuncta
1252 1966 1437 2005 infrascripta
1476 1967 1621 1998 ratificare
1656 1968 1685 1998 in

948 2014 1079 2053 proximo
1102 2014 1229 2053 capitulo
1254 2014 1384 2052 generali
1415 2014 1546 2045 eiusdem
1568 2026 1688 2046 venera-

947 2062 1013 2092 bilis
1035 2062 1287 2100 Congregationis,
1313 2067 1341 2092 et
1368 2063 1460 2093 dictae
1483 2065 1687 2095 ratificationis

947 2111 1175 2140 instrumentum
1198 2110 1227 2139 in
1250 2110 1324 2140 actis
1344 2111 1411 2149 mei,
1428 2116 1497 2149 etc„
1515 2113 1685 2143 existendo¹

947 2159 1133 2197 promittente
1166 2158 1271 2196 libere,
1295 2163 1364 2195 etc„
1390 2159 1426 2189 ita
1461 2161 1626 2199 praedictae
1657 2172 1687 2192 a-

946 2208 1009 2244 lias,
1034 2211 1104 2244 etc„
1128 2216 1231 2246 resque
1265 2208 1305 2237 nti
1340 2213 1527 2247 procuratore
1550 2210 1584 2240 ad
1607 2211 1685 2241 bunc,

946 2255 1081 2284 effectum
1104 2255 1270 2293 specialiter
1292 2260 1378 2295 atque
1401 2257 1603 2296 capitulariter
1619 2269 1687 2289 con-

946 2303 1047 2332 stituto
1061 2312 1110 2341 per
1123 2303 1271 2332 dominum
1285 2306 1560 2335 reverendissimum
1576 2311 1685 2346 patrem

945 2350 1077 2380 abbatem
1100 2356 1127 2380 et
1150 2352 1324 2382 reverendos
1345 2354 1501 2383 monachos
1517 2355 1686 2386 Murronen-

946 2408 992 2428 ses
1026 2409 1058 2428 ex
1092 2399 1286 2430 instrumento
1318 2407 1416 2440 rogato
1450 2412 1499 2441 per
1535 2404 1685 2434 dominum

983 2464 992 2488 1
1017 2463 1088 2492 Quae
1113 2466 1263 2497 sequuntur
1292 2464 1441 2492 emendare
1465 2466 1574 2493 minime
1599 2468 1686 2502 potui-

946 2513 1021 2537 mus3
1051 2505 1143 2540 itaque
1178 2506 1281 2535 edimus
1311 2512 1390 2544 prout
1418 2509 1535 2545 legimus
1564 2511 1589 2537 in
1618 2511 1684 2539 edit.

946 2548 1076 2579 Mainardi
1095 2552 1131 2585 (a.
1148 2550 1197 2586 in).

1702 176 1750 201 Λη.
1772 175 1800 202 C,
1822 175 1886 204 1728
