2170 3147
253 239 301 265 Αη.
318 237 346 265 C.
370 237 438 265 1726

282 1153 303 1174 l'i
311 1153 425 1174 ooemiunu

276 1418 358 1440 Garnae
368 1419 440 1443 impel-

255 1446 321 1466 lentes
354 1447 439 1466 Pontia-

256 1478 308 1493 celn-

483 227 548 263 332
1039 235 1223 261 eunitarum
1248 236 1406 263 nonmuu

491 287 603 320 Datum
629 287 762 323 Romae,
781 285 867 330 apud
893 285 924 320 S.
943 285 1084 326 Petrum,
1104 296 1190 320 anno

447 340 682 373 Incarnationis
698 340 878 373 dominicae
896 350 1067 381 MDCCxva,
1085 350 1124 374 xv
1144 340 1192 372 ka-

446 395 560 428 lendas
577 394 692 433 martii,
708 393 920 437 pontificatus
934 393 1040 427 nostri
1056 404 1142 427 anno
1158 404 1191 427 11.

482 456 543 482 Dat,
568 456 612 483 die
634 457 667 483 15
687 456 819 484 februarii
842 456 927 492 1726,
950 456 1049 493 pontis.
1071 464 1143 484 anno
1162 463 1190 484 tt.

766 583 865 618 CXVI.

446 654 678 697 Supprimilm'
691 654 822 687 eeclesia
834 654 1038 698 parochialis
1058 655 1098 687 B.
1117 654 1193 688 Gre-

492 708 579 751 qoriz'
613 707 655 740 ad
686 708 823 740 Pontem
859 708 1007 748 Quocum·
1040 708 1215 751 Capilum'

493 760 530 792 dc
559 760 660 801 L'rtw,
689 761 823 804 eiusque
847 762 974 803 fructus
999 765 1027 794 el
1053 761 1130 793 iura
1149 772 1190 793 u-

492 815 636 846 niuntur
659 814 808 847 ecclesiae
832 815 872 848 B.
899 814 1023 857 Anqeli
1053 814 1089 847 in
1109 814 1193 847 Foro

491 867 637 900 Piscium
654 879 664 907 ,·
691 869 824 912 ipsaque
853 868 987 901 ecclesia
1012 868 1193 911 Conqreqa-

493 921 577 952 timii
600 921 742 954 Diuinae
765 921 907 954 Pietatis
933 920 1132 964 adsiynalur
1156 919 1176 952 ¹.

625 992 807 1020 Benedictus
836 992 1014 1027 opiscopus,

640 1044 747 1064 servus
768 1045 922 1064 servorum
938 1038 1001 1069 Dei,

567 1081 603 1108 ad
623 1085 802 1115 perpetuam
821 1082 868 1109 rei
887 1082 1071 1109 memoriam.

493 1143 536 1176 Ex
565 1144 675 1177 debito
702 1144 877 1187 pastoralis
896 1144 993 1177 officii
1013 1144 1117 1178 nostri
1143 1154 1193 1177 se-

451 1197 528 1230 dulo
554 1197 687 1239 vigilare
705 1208 764 1231 nos
783 1198 945 1237 convenit,
963 1208 1003 1231 ne
1021 1199 1062 1231 ol)
1084 1209 1191 1231 rerum

451 1251 683 1293 ten‘iporalium
707 1251 849 1294 inopiam
868 1251 995 1284 divinus
1013 1252 1117 1284 cultus
1137 1251 1193 1284 mi-

449 1309 578 1343 nuatur,
603 1304 632 1336 in
659 1303 697 1336 iis
724 1304 900 1347 praecipue
918 1304 973 1348 qui
999 1315 1108 1337 curam
1130 1305 1193 1338 ani-

450 1368 576 1390 marum
603 1363 768 1391 exercent.

495 1411 509 1453 g
534 1411 565 1443 >1.
593 1411 704 1454 Nuper
730 1411 815 1444 enim
842 1412 1067 1456 parochialem
1094 1413 1193 1446 eccle-

451 1464 530 1497 siam
558 1465 592 1497 B.
619 1465 765 1508 Gregorii
792 1466 830 1498 de
862 1466 965 1506 Urbe,
993 1466 1031 1499 ad
1058 1466 1191 1500 Pontem

451 1518 595 1556 Quatuor
619 1519 764 1562 Capitoni
791 1526 1021 1563 nuncupatam,
1044 1531 1102 1553 nos
1131 1520 1203 1564 ipsi'

451 1572 643 1612 visitantes,
675 1573 763 1606 haud
795 1573 922 1606 modica
955 1574 1052 1606 animi
1091 1574 1193 1608 nostri

451 1626 697 1669 perturbatione
713 1637 782 1659 eam
801 1627 1078 1669 deprehendimus
1092 1627 1124 1660 in
1140 1628 1195 1661 de-

451 1679 606 1723 plorabili
633 1685 714 1712 statu
742 1680 879 1723 positam
900 1708 907 1719 ,
942 1681 1032 1713 sacra
1058 1682 1194 1724 supelle-

453 1733 527 1766 ctile
542 1733 678 1776 aliisque
702 1734 810 1767 divino
834 1734 931 1767 cultui
957 1735 1018 1767 rite
1036 1745 1195 1778 peragen-

454 1786 494 1819 do
520 1787 714 1820 necessariis
747 1788 951 1821 ornamentis
982 1788 1190 1829 destitutam,

454 1840 675 1883 dilectumque
701 1841 801 1874 silium
826 1841 956 1874 Decium
980 1842 1119 1875 Felicem
1139 1843 1195 1875 Ya-

453 1894 516 1933 sti,
545 1895 736 1927 modernum
762 1895 847 1927 illius
875 1900 1035 1928 rectorem
1061 1901 1092 1928 et
1122 1906 1216 1939 pos-¹

454 1957 636 1987 sessorem,
671 1953 777 1981 aetate
812 1959 944 1991 gravem
977 1954 1008 1982 et
1040 1949 1194 1991 congruis

453 2000 636 2033 redditibus
661 2007 824 2034 carentem
852 2007 939 2035 tanto
965 2002 1059 2035 oncri
1098 2003 1193 2045 plane
1215 2009 1216 2019 ¹

453 2054 624 2097 imparem.
641 2056 742 2093 Quare
762 2056 942 2088 animarum
961 2067 1056 2089 curae
1077 2058 1114 2089 eii
1130 2067 1194 2099 qua
1215 2076 1217 2082 ι

453 2117 513 2150 par
531 2114 577 2140 est
599 2108 765 2150 vigilantia
782 2119 842 2152 per
860 2109 1107 2152 deputationem
1127 2109 1195 2142 ido·
1215 2123 1216 2136 ι

454 2161 506 2193 nei
534 2161 641 2194 vicarii
668 2161 732 2195 sive
758 2162 924 2195 oeconomi
952 2162 1090 2195 sollicite
1120 2173 1195 2195 con-

454 2216 627 2247 sulendum
662 2216 860 2255 curavimus,
888 2215 991 2248 donec
1017 2215 1111 2249 aliter
1135 2227 1195 2259 pro

454 2269 565 2300 tutiori
588 2269 769 2301 animarum
793 2270 897 2302 salute
917 2276 1103 2312 opportune
1122 2280 1197 2313 pro-

454 2321 648 2355 videremus.
670 2323 792 2366 ltaque,
814 2323 980 2355 nobiscum
999 2323 1083 2356 seria
1102 2323 1197 2356 medi·

455 2376 577 2408 tatione
595 2377 785 2419 cogitantes,
814 2377 918 2420 quod,
945 2377 972 2410 si
997 2377 1196 2421 parochialis

494 2474 502 2498 1
528 2474 587 2499 Alia
608 2473 688 2499 baius
710 2473 847 2499 Pontifi‹·.is
863 2473 972 2500 constit.
988 2474 1033 2501 ed.
1050 2480 1197 2506 stnccxxtx,

456 2517 500 2544 die
520 2517 553 2543 21
576 2518 683 2551 martii,
708 2518 801 2550 pontif,
825 2525 858 2551 v,
881 2519 1064 2552 reintegratur
1084 2518 1199 2545 ecclesia

455 2562 481 2587 S.
515 2562 649 2588 Eli-tainu
680 2563 763 2589 Urbis
792 2563 817 2588 in
852 2564 1049 2597 possessionem
1080 2564 1200 2598 capellae

455 2605 481 2633 S¹
503 2606 650 2638 Michaelis,
673 2616 731 2632 cum
754 2607 925 2633 revocatione
947 2608 1128 2635 concessionis
1145 2607 1200 2635 col-

456 2652 525 2688 legio
547 2657 753 2688 procuratorum
776 2652 855 2679 crtus
874 2652 942 2680 alias
961 2654 1058 2681 tactae.

1982 241 2033 269 An.
2054 240 2085 269 C.
2101 240 2168 271 ¹726

1236 288 1372 321 ecclesia
1394 288 1583 332 praedicta,
1610 299 1704 333 quae,
1722 294 1759 323 ut
1783 289 1977 334 praefertur,

1237 341 1340 373 lenuis
1366 342 1508 375 redditus
1526 348 1557 375 ct
1575 349 1721 385 angusta,
1742 354 1777 376 ac
1802 343 1978 376 saecularis

1236 399 1267 426 et
1285 395 1475 437 collegiatae
1495 397 1651 429 ecclesiae
1670 396 1705 428 B.
1720 396 1906 429 Anastasiae
1923 407 1980 439 pa-

1236 447 1315 480 riter
1336 448 1375 481 de
1401 448 1483 481 Urbe
1510 447 1616 481 filialis
1643 454 1703 489 est,
1730 455 1890 492 perpetuo
1908 460 1981 493 sup-

1236 502 1432 544 primeretur
1471 507 1503 535 et
1542 502 1675 535 omnino
1715 502 1979 545 extingueretur,

1236 566 1370 598 prorsus
1412 555 1641 588 (lismembrata
1682 560 1713 589 et
1753 558 1902 599 separata
1939 557 1978 590 ab

1236 609 1422 642 huiusmodi
1440 609 1621 652 parochiali
1640 609 1776 642 ecclesia
1801 610 1979 643 animarum

1236 664 1335 702 cura,
1361 662 1473 705 sicque
1511 662 1658 694 abdicata
1694 668 1725 696 et
1761 668 1908 706 separata
1939 663 1978 697 ad

1236 715 1330 748 aliam
1349 726 1384 748 ex
1403 715 1614 748 vicinioribus
1634 715 1780 749 ecclesiis
1802 716 1889 750 iuizta
1906 727 1981 760 pro-

1236 769 1340 802 vidam
1365 769 1546 803 Tridentini
1573 769 1705 802 Concilii
1733 770 1981 813 dispositionem

1238 822 1481 861 transferretur,
1499 823 1612 865 procul
1632 822 1731 855 dubio
1750 822 1981 856 inconvenien-

1237 876 1280 909 tia
1321 875 1508 908 huiusmodi
1549 885 1667 918 magno
1704 876 1978 918 parochianorum

1237 930 1324 963 bono
1344 927 1552 962 tollerentur¹
1571 934 1602 962 et
1619 929 1799 963 animarum
1817 940 1894 963 cura
1911 932 1981 964 nul-

1237 983 1364 1016 latenus
1390 983 1595 1024 frigesceret;
1633 982 1666 1015 in
1701 983 1787 1016 hanc
1820 983 1981 1017 delibera-

1238 1038 1358 1071 tionem
1391 1043 1517 1071 maturo
1550 1038 1688 1070 consilio
1725 1037 1914 1071 devenimus
1945 1043 1980 1071 ut

1236 1092 1300 1124 iam
1326 1092 1442 1124 dictam
1461 1091 1685 1135 parochialem
1709 1092 1876 1125 ecclesiam
1894 1091 1980 1126 beati

1236 1145 1381 1188 Gregorii
1417 1144 1697 1188 supprimeremus
1722 1150 1752 1177 et
1777 1145 1982 1188 extinguere-

1237 1210 1327 1239 mus‚
1355 1199 1446 1232 cuius
1483 1199 1602 1230 fructus
1619 1203 1685 1242 net
1710 1198 1755 1232 illi
1793 1199 1897 1232 forsan
1924 1209 1981 1233 an-

1236 1263 1392 1286 nexorum
1424 1251 1569 1285 redditus
1596 1257 1628 1284 et
1658 1258 1854 1295 proventus,
1881 1253 1980 1286 etiam

1237 1317 1308 1340 cum
1337 1305 1478 1345 incertis,
1505 1315 1648 1338 annuum
1682 1307 1823 1339 valorem
1854 1313 1982 1349 septua-

1238 1360 1327 1402 ginta
1360 1359 1550 1392 ducatorum
1584 1359 1650 1392 auri
1683 1359 1722 1392 de
1747 1359 1901 1400 Camera,
1929 1370 1982 1393 se-

1238 1413 1376 1445 cundum
1403 1422 1609 1445 communem
1642 1412 1921 1453 aestimationem,
1946 1419 1982 1447 ut

1238 1466 1444 1508 accepimus,
1471 1476 1536 1498 non
1563 1465 1735 1499 excedunt.

1283 1520 1297 1563 ξ
1314 1519 1345 1552 2.
1362 1520 1459 1552 Dictis
1473 1530 1549 1561 ergo
1564 1519 1702 1562 aliisque
1717 1519 1809 1553 iustis
1823 1519 1863 1553 de
1878 1520 1981 1553 causis
1999 1528 2105 1576 ¹*tltceltessst
2115 1531 2170 1576 agro⁴

1239 1573 1332 1606 nobis
1351 1573 1472 1616 optime
1498 1573 1583 1606 notis
1608 1573 1816 1617 animumque
1834 1578 1979 1606 nostrum
1993 1560 2170 1630 ξξὲῗῑὲὲυιῗὲήτὲἒῑ

1239 1626 1457 1666 moventibus,
1487 1632 1573 1659 motu
1604 1626 1740 1669 proprio
1770 1632 1802 1659 et
1829 1637 1866 1659 ex
1895 1629 2061 1660 certabam.

1239 1681 1373 1713 scientia
1388 1681 1492 1723 deque
1509 1680 1709 1723 apostolicae
1726 1680 1894 1723 potestatis
1912 1682 1982 1724 ple-

1239 1735 1399 1774 nitudine,
1414 1735 1559 1767 eamdem
1574 1734 1796 1777 parochialem
1809 1735 1983 1768 ecclesiam

1215 1801 1217 1842 ξ
1239 1789 1273 1822 Β.
1295 1788 1450 1830 Gregorii,
1477 1788 1611 1830 eiusque
1631 1788 1757 1820 titulum
1777 1788 1983 1829 collativam,

1239 1853 1274 1874 ac
1292 1841 1602 1879 denominationem,
1622 1841 1796 1874 essentiam
1815 1846 1847 1873 et
1863 1846 1980 1874 statum

1239 1896 1473 1939 parochialem,
1489 1900 1603 1927 tenore
1623 1893 1854 1937 praesentium,
1869 1904 1983 1938 perpe-

1240 1955 1292 1982 tuo
1311 1949 1541 1991 supprimimus
1561 1953 1591 1980 et
1608 1947 1835 1990 extinguimus
1855 1957 1891 1980 ac
1911 1958 1982 1981 eam

1238 2005 1302 2035 una
1323 2013 1395 2034 cum
1422 2001 1508 2035 illius
1535 2001 1628 2034 titulo
1650 2007 1680 2034 et
1700 2000 1980 2042 denominatione,

1239 2056 1382 2089 essentia
1418 2061 1449 2088 et
1484 2061 1567 2087 statu
1602 2054 1787 2087 huiusmodi
1820 2060 1981 2097 perpetuo

1239 2119 1445 2153 suppressam
1465 2114 1496 2141 et
1514 2108 1686 2141 extinctam
1709 2108 1776 2140 sore
1795 2113 1827 2140 et
1844 2117 1913 2140 esse
1933 2107 1984 2141 de-

1239 2163 1401 2196 cernimus
1428 2167 1459 2194 ct
1484 2162 1700 2201 declaramus
1721 2172 1758 2194 ao
1778 2160 1983 2194 omnimoda*

1240 2216 1417 2249 animarum
1452 2214 1537 2247 illius
1569 2214 1842 2257 parochianorum
1873 2224 1984 2247 curam

1217 2304 1218 2316 ἵ
1240 2270 1367 2313 aliaque
1394 2269 1473 2307 iura,
1493 2268 1597 2300 officia
1616 2274 1647 2300 et
1663 2278 1762 2301 onera
1780 2267 1983 2311 parochialia

1240 2324 1404 2362 universa,
1432 2327 1462 2355 et
1487 2322 1616 2355 illorum
1642 2320 1846 2359 exercitium,
1865 2332 1882 2354 a
1900 2321 1983 2354 dicia

1241 2377 1419 2420 parochiali
1443 2375 1582 2409 ecclesia
1602 2376 1636 2408 B.
1656 2374 1812 2417 Gregorii,
1835 2378 1982 2418 peritos,

1241 2436 1274 2463 ut
1297 2431 1485 2473 praefertur,
1511 2431 1683 2472 suppressa
1709 2434 1740 2461 et
1766 2428 1904 2461 extincta
1926 2427 1984 2470 (ita

1241 2490 1277 2516 ut
1303 2485 1406 2516 dictus
1435 2484 1548 2516 Decius
1570 2483 1668 2522 Felix,
1697 2493 1792 2526 quem
1819 2482 1902 2515 dicta
1929 2492 1983 2525 pa-

1243 2537 1378 2570 rochiali
1416 2537 1552 2569 ecclesia
1589 2536 1624 2569 Β.
1651 2535 1799 2577 Gregorii
1837 2545 1897 2579 per
1921 2545 1981 2570 nos

1279 2609 1287 2634 1
1314 2607 1384 2634 Edit.
1407 2607 1486 2634 Μαίη.
1509 2607 1575 2641 legit
1594 2608 1748 2634 tolleretur
1767 2607 1809 2638 (te.
1826 2610 1875 2635 τ.).

1277 2653 1293 2680 2
1314 2652 1358 2680 Vel
1378 2653 1590 2686 ommmodam,
1607 2652 1649 2679 vel
1669 2656 1762 2687 postea
1780 2659 1869 2680 curae
1884 2651 1921 2688 (tt.
1932 2654 1982 2687 ⁷1⁵.)-
