2170 3147
0 219 47 247 An.
67 216 96 243 C.
113 215 181 244 1725

22 2500 141 2524 clausulae.

768 214 961 238 BENEDICTUS
984 214 1039 238 XIII
1063 214 1111 238 PP.

192 263 332 296 vendere
365 262 497 295 omnino
531 261 725 304 cogantur-¹,
751 264 858 306 pretio
885 268 930 296 ta-

191 325 264 348 men
291 320 385 347 aucto
403 315 441 347 ad
461 315 683 348 duodecimam
703 322 829 359 partem
848 317 930 348 ultra

192 378 330 410 aequum
356 373 386 399 et
410 377 587 410 congruum
607 369 676 400 eius
695 368 929 401 aestimationis

192 420 329 464 pretinm
349 416 543 460 sac⁷iendam;
562 421 653 463 sique
672 420 830 461 aedilicio,
845 421 929 464 quod

192 473 318 516 insigne
344 484 510 506 evasurum
529 474 577 514 sit,
597 474 809 517 perficiendo,
833 484 930 516 quae-

191 526 278 569 piam
293 527 407 559 domus
426 538 443 559 a
461 528 592 570 proprio
614 526 745 560 domino
777 526 928 564 habitata,

191 580 256 612 sive
282 585 372 612 ortus
397 580 518 613 aliusve
547 581 636 612 locus
670 579 768 612 muris
794 579 930 618 cinctus,

194 631 246 665 tali
265 631 411 665 aedificio
429 633 607 665 extruendo
626 632 814 670 cohaereat,
835 637 927 671 tunc,
951 665 953 671 ,

193 695 231 717 eo
264 684 325 717 iam
360 689 475 728 coepto
508 690 540 718 et
568 684 631 718 ad²
656 684 780 718 duobus
814 685 928 716 saltem

192 737 346 770 lateribus
366 737 484 778 domni,
505 738 600 771 horto
618 738 665 770 vel
684 737 755 770 loco
774 735 928 770 eiusmodi

192 790 400 829 cohaerente,
438 790 530 823 cuius
567 789 823 822 aestimationem
854 799 931 832 qna-

193 842 310 885 druplo
336 842 519 875 aedificium
546 843 624 876 illud
651 843 693 875 sit
711 853 930 879 excessurum,

194 896 320 936 domus,
339 896 424 929 horti
447 897 495 930 vel
522 897 582 930 loci
609 896 766 936 dominus,
786 895 879 928 etiam
899 895 928 927 in

193 949 257 982 illis
294 949 465 990 habitans,
505 955 637 992 cogatur
671 959 740 982 eam
768 949 930 987 vendere,

193 1007 285 1035 aucto
312 1008 417 1035 tamen
444 1003 481 1035 ad
508 1003 653 1046 quintam
676 1008 799 1046 partem
826 1001 930 1044 pretio

192 1057 364 1090 solvendo:
383 1067 452 1097 nm,
469 1057 549 1089 haec
570 1056 820 1099 perpendentes,
840 1060 871 1087 et
888 1056 930 1087 lo-

192 1111 237 1144 cis
260 1110 326 1143 Deo
351 1109 474 1148 dicatis,
501 1115 536 1142 nt
560 1120 719 1142 summum
741 1108 929 1141 Pontificem

193 1163 295 1202 decet,
319 1163 489 1206 providere
513 1163 670 1202 volentes,
694 1162 790 1194 aedes
814 1172 930 1199 sacras,

191 1217 398 1256 monasteria,
417 1216 545 1259 aliaque
567 1217 638 1249 loca
658 1215 712 1258 pia
732 1215 770 1246 ab
790 1220 929 1257 utroque

193 1269 378 1302 huiusmodi
405 1269 510 1312 pretio
537 1274 568 1302 et
600 1273 797 1310 augumento
826 1269 930 1302 absol-

193 1323 315 1364 vimus,
339 1323 507 1356 eximimus
533 1330 564 1355 et
599 1322 796 1362 liberamus,
827 1323 930 1355 eccle-

193 1377 342 1421 siasque,
369 1376 584 1415 monasteria,
618 1376 745 1418 aliaque
777 1377 847 1408 loca
876 1375 930 1419 pia

192 1432 340 1464 volumus
357 1435 388 1463 et
410 1429 579 1462 statuimus
596 1434 630 1460 nt
649 1429 725 1461 tanti
753 1429 929 1467 dumtaxat,

192 1494 258 1517 non
294 1483 419 1527 pluris,
457 1482 566 1525 quanti
607 1482 723 1515 domus
757 1487 788 1514 et
823 1488 929 1514 cetera

192 1537 284 1577 loca,
311 1546 424 1569 eorum
463 1535 633 1574 domibus,
662 1533 768 1567 fundis
794 1544 830 1566 ac
859 1535 928 1567 solo

191 1589 305 1630 vicina,
333 1588 414 1621 iuste
439 1588 604 1621 aestimata
631 1587 763 1627 suerint,
789 1598 848 1631 pro
874 1587 927 1620 tali

192 1642 357 1686 emptione
384 1647 415 1675 et
441 1640 634 1674 retractione
659 1642 781 1674 solvere
799 1646 929 1673 tenean-

193 1702 256 1729 tur.
283 1695 342 1729 Ubi
366 1706 442 1728 vero
468 1695 549 1728 haee
585 1695 694 1728 omnia
718 1700 749 1727 et
774 1695 925 1738 singula,

191 1749 420 1794 praesentibus
456 1749 643 1792 apostolicis
668 1748 782 1782 litteris
812 1749 927 1782 nostris

191 1803 430 1846 comprehensa
455 1807 552 1846 atque
578 1807 704 1843 statuta,
734 1803 868 1836 sortasse
896 1803 926 1835 in

191 1856 352 1899 aliquibus
378 1856 463 1888 circa
488 1855 667 1898 legitimum
694 1866 825 1888 sensum
851 1866 928 1888 con-

191 1909 379 1943 troversiam
416 1909 531 1943 adduci
568 1909 751 1952 contigerit,
780 1909 927 1942 volumus

191 1968 223 1997 et
248 1962 462 2002 decernimus,
482 1962 513 1994 in
532 1973 600 1995 eam
621 1968 746 2005 partem
772 1962 926 2005 explicari

191 2017 333 2057 debere,
372 2027 454 2060 quae
490 2016 627 2049 civitatis
662 2016 787 2049 ornatui
825 2015 926 2058 magis

190 2071 300 2104 favere
325 2070 481 2109 videatur,
506 2080 697 2113 semperque
725 2070 792 2102 sive
821 2069 852 2102 in
880 2070 927 2101 iu-

190 2123 275 2157 dicio
299 2123 365 2156 sive
392 2128 480 2155 extra
507 2122 661 2155 iudicium
690 2123 810 2165 ubique
844 2122 927 2155 saro-

190 2176 306 2209 rabilia
341 2176 489 2216 censeri,
516 2180 613 2218 atque
639 2175 682 2208 ita
707 2176 745 2208 ab
771 2176 927 2208 universis

190 2227 364 2268 iudicibus,
380 2228 476 2260 etiam
495 2228 596 2260 nostri
616 2227 727 2271 palatii
746 2229 925 2272 apostolici,

190 2286 222 2315 et
238 2280 270 2314 S.
291 2281 327 2313 R.
350 2281 385 2313 E.
413 2281 640 2319 cardinalibus,
667 2281 792 2314 sublata
818 2282 927 2324 quavis

189 2335 283 2368 aliter
307 2334 498 2377 explicandi,
525 2334 760 2377 interpretandi
786 2339 817 2367 et
842 2335 925 2367 iudi—

189 2388 282 2421 candi
309 2392 488 2430 potestate,
514 2386 688 2430 explicari,
717 2387 925 2430 interpretari

189 2447 221 2475 et
245 2441 380 2474 iudicari
406 2440 546 2480 debere;
573 2439 665 2483 sique
691 2450 781 2473 secus
805 2439 868 2480 fiat,
895 2440 925 2473 id

189 2499 290 2528 totum
315 2494 357 2527 sit
382 2493 508 2527 irritum
533 2499 565 2526 et
588 2493 694 2526 inane

223 2567 234 2593 1
257 2565 318 2593 Edit
337 2565 417 2592 Main.
438 2564 504 2600 legit.
522 2567 640 2599 θυραίαν
659 2570 699 2596 (R.
720 2564 769 2600 τ.),

222 2611 239 2638 2
258 2610 352 2639 Potius
371 2611 430 2646 tege
449 2616 467 2639 α
486 2618 535 2646 pro
556 2609 595 2637 ad
613 2610 652 2646 (n.
674 2610 724 2645 T.).

1608 201 1672 235 0299

1018 265 1032 308 ἓ
1056 264 1087 296 4.
1114 263 1202 296 Haec
1227 268 1334 295 autem
1361 260 1427 294 fieri
1448 261 1595 293 volumus
1614 264 1710 302 atque

974 317 1153 354 statuimus,
1180 326 1243 348 non
1276 314 1479 347 obstantibus
1506 313 1711 356 quibuscum-

975 379 1045 410 que,
1062 374 1093 400 et
1111 368 1213 400 felicis
1233 366 1515 399 recordationibus
1528 365 1710 409 Symmachi

975 427 1006 452 et
1031 421 1119 453 Pauli
1144 420 1168 453 ll
1194 425 1435 452 antecessorum
1461 424 1645 452 nostrorum
1672 419 1712 451 de

976 472 1070 505 rebus
1090 473 1251 505 Ecclesiae
1274 483 1337 504 non
1364 472 1552 511 alienandis,
1574 471 1711 514 aliisque

975 524 1263 557 constitutionibus
1290 530 1320 556 et
1345 523 1603 556 ordinationibus
1639 533 1713 566 apo-

975 577 1111 617 stolicis,
1140 577 1330 620 legibusque
1356 576 1452 609 etiam
1478 575 1637 615 civilibus,
1666 575 1712 608 di-

975 636 1108 672 ctaeque
1127 629 1263 662 civitatis
1284 630 1529 662 Beneventanae
1553 633 1584 661 et
1610 629 1712 661 ecclc-

975 683 1108 722 siarum,
1125 682 1410 722 monasteriorum,
1429 683 1643 723 locorumque
1662 691 1713 713 re-

975 736 1164 779 ligiosorum
1202 735 1267 768 sive
1304 735 1453 778 piorum,
1491 735 1712 777 Ordinnmque

974 789 1061 822 bona
1086 789 1244 822 eiusmodi
1271 789 1518 831 possidentium,
1537 787 1664 819 statutis
1681 791 1714 819 et

975 842 1277 881 consuetudinibus,
1303 852 1429 873 necnon
1456 840 1639 873 testantium
1662 851 1714 872 vo-

976 896 1161 935 luntatibus,
1175 895 1310 938 aliisque
1327 894 1603 937 dis1‘10silioiiibiis‚
1618 893 1713 926 ctiam

975 948 1203 989 iureiurando,
1237 948 1484 981 confirmatione
1517 947 1711 990 apostolica,

975 1004 1022 1035 vel
1051 1003 1162 1045 quavis
1188 1002 1249 1035 ntia
1275 1001 1423 1034 tirmitate
1450 1000 1628 1040 roboratis,
1648 1000 1714 1042 pri-

974 1056 1099 1099 vilegiis
1124 1066 1253 1099 quoque
1288 1060 1318 1087 et
1354 1054 1468 1087 litteris
1501 1053 1711 1097 apostolicis,

976 1110 1097 1143 eisdem
1123 1108 1268 1142 ecclesiis
1288 1135 1294 1148 ,
1321 1107 1527 1140 monasteriis
1553 1112 1585 1139 et
1609 1106 1686 1139 locis
1703 1133 1710 1146 ,

975 1174 1156 1206 eorumque
1172 1162 1405 1205 superiorilms,
1425 1160 1574 1204 capitulis
1592 1166 1623 1192 et
1640 1170 1714 1192 con-

975 1216 1147 1255 ventibus,
1173 1226 1228 1248 seu
1255 1215 1379 1258 populo
1406 1214 1657 1252 Beneventano,
1683 1217 1714 1245 ct

975 1270 1045 1303 aliis
1072 1269 1327 1312 quibuscumque
1364 1266 1538 1305 concessis,
1576 1276 1611 1298 ac
1644 1266 1714 1308 qui-

975 1325 1080 1357 busvis
1113 1323 1203 1357 Sedis
1240 1321 1449 1365 Apostolicae
1483 1319 1712 1362 indulgentiis,

975 1389 1032 1421 per
1057 1388 1136 1421 quae
1162 1376 1383 1420 praesentium
1422 1374 1569 1406 executio
1599 1379 1630 1406 et
1655 1384 1714 1416 per

974 1443 1027 1464 eas
1045 1431 1185 1463 tributae
1203 1427 1436 1461 iurisdictionis
1454 1426 1627 1470 explicatio
1642 1437 1715 1469 pos-

973 1491 1021 1518 set
1034 1483 1284 1528 quomodolibet
1301 1480 1451 1525 impediri
1469 1481 1517 1513 vel
1536 1480 1712 1519 retardari;

974 1538 1090 1581 quibus
1127 1536 1297 1574 omnibus,
1339 1544 1453 1566 eornm
1491 1538 1620 1565 tenores
1653 1542 1712 1574 pro

974 1592 1068 1633 plene
1095 1595 1126 1623 et
1150 1590 1277 1630 integre
1303 1587 1464 1630 expressis
1484 1586 1654 1625 habentes,
1673 1585 1712 1618 de

973 1642 1176 1687 plenitudine
1203 1641 1372 1685 potestatis
1397 1641 1609 1682 derogamus,
1629 1645 1712 1671 cete-

974 1697 1082 1740 risque
1107 1694 1280 1729 contrariis
1305 1694 1576 1737 quibuscumque.

1016 1752 1030 1795 §
1063 1750 1094 1783 5.
1133 1749 1216 1782 Nulli
1254 1759 1331 1791 ergo
1371 1747 1504 1780 omnino
1542 1746 1711 1779 hominum

972 1804 1068 1837 liceat
1093 1804 1177 1836 hanc
1213 1802 1363 1845 paginam
1401 1800 1613 1839 extensionis,
1646 1810 1712 1832 am—

972 1857 1157 1901 pliationis,
1194 1853 1434 1893 renovationis,
1471 1853 1709 1892 concessionis,

971 1911 1168 1950 sanctionis,
1197 1910 1331 1947 indulti,
1369 1908 1489 1941 decreti
1527 1913 1557 1940 ct
1593 1906 1712 1949 elargi-

973 1964 1069 1997 tionis
1096 1963 1286 2005 infringere,
1307 1962 1355 1994 vel
1374 1961 1402 1993 ci
1430 1959 1604 1993 temerario
1631 1969 1710 1992 ausu

971 2017 1152 2056 contraire;
1180 2016 1205 2048 si
1232 2015 1302 2058 quis
1327 2020 1434 2047 autem
1463 2014 1524 2046 boe
1550 2018 1709 2046 attentare

971 2070 1250 2115 praesumpserit,
1276 2067 1532 2109 indignationem
1562 2067 1709 2109 omnipo-

973 2123 1067 2156 tentis
1092 2121 1146 2155 Dei
1173 2132 1209 2154 ac
1242 2121 1410 2153 beatorum
1446 2119 1531 2152 Petri
1557 2125 1589 2152 et
1620 2117 1709 2151 Pauli

971 2177 1195 2219 apostolorum
1232 2174 1300 2207 eius
1333 2184 1366 2206 se
1399 2172 1527 2206 noverit
1561 2172 1711 2205 incursu·

971 2239 1053 2261 rum.

1013 2282 1126 2314 Datum
1145 2282 1278 2321 Romae,
1301 2280 1384 2324 apud
1403 2280 1434 2313 S.
1454 2280 1596 2319 Petrum,
1622 2290 1708 2312 anno

970 2334 1204 2367 incarnationis
1220 2334 1402 2366 dominicae
1420 2343 1577 2373 MDCCXXV,
1603 2332 1709 2376 pridie

971 2387 1043 2420 idus
1070 2387 1263 2426 decembris,
1284 2385 1490 2430 pontificatus
1524 2385 1625 2419 nostri
1656 2396 1710 2418 an·

971 2451 1011 2474 no
1029 2451 1064 2474 11.

1005 2503 1068 2529 Dat.
1087 2502 1131 2529 die
1153 2501 1184 2529 12
1204 2501 1357 2529 decembris
1374 2501 1452 2535 1725,
1473 2500 1571 2537 pontis.
1589 2508 1662 2527 anno
1677 2504 1708 2527 11.

1718 210 1766 235 An.
1789 209 1817 236 C.
1835 209 1902 236 1725

1750 1647 1838 1667 Sanctio
1855 1653 1907 1674 poe-

1722 1674 1783 1694 natis.
