2170 3147
249 233 298 258 An.
322 231 350 258 c.
371 231 439 259 ⁴799
486 222 549 255 814

281 1579 404 1600 clausulae.

444 280 678 314 ecclesiasticis
720 279 892 313 sententiis
916 306 922 318 ,
965 277 1115 311 censuris
1157 281 1189 309 et

444 334 580 377 poenis,
607 346 621 366 a
645 334 714 366 inre
740 334 788 366 vel
826 333 865 365 ab
893 332 1049 370 bomine,
1077 330 1189 374 quavis

444 388 617 421 occasione
632 389 681 420 vel
701 388 797 419 cansa
823 386 906 424 latis,
922 385 947 418 si
971 385 1090 428 quibus
1115 394 1188 426 quo-

444 442 629 474 modolibet.
660 441 835 473 innodatae
865 439 1019 477 existunt,
1049 438 1087 470 ad
1118 436 1190 469 eti'e-

444 500 531 526 ctum
551 493 774 538 praesentium
795 493 962 525 dumtaxat
982 501 1191 533 consequen-

445 547 531 587 dum,
558 546 673 579 barum
701 547 784 579 serie
811 546 1017 579 absolventes
1044 550 1074 576 et
1099 544 1190 575 abso-

445 601 527 633 lutas
553 600 620 632 fore
648 605 837 638 censentes,
860 598 1050 631 lininsmodi
1070 596 1190 639 snppli-

445 653 630 685 cationibns
646 653 802 691 inclinati,
823 651 1089 695 suppressionem
1107 650 1191 682 (Ion-

447 705 647 748 eregationis
668 705 864 747 Angelorum
886 703 1070 747 provinciae
1090 702 1192 735 Gallo-

445 759 651 802 provinciae,
685 758 839 801 illiusque
877 762 1095 790 conventuum
1134 766 1191 788 re-

445 812 601 845 unionem
621 812 727 844 eidem
754 811 960 855 provinciae,
987 821 1046 853 per
1072 809 1190 842 dictum

446 864 601 898 Tliomam
629 865 821 907 i'uagistrnm
849 865 1039 908 generalem
1065 862 1192 896 Ordinis

446 919 579 951 fratrum
603 919 885 959 Praedicatornm,
912 918 994 951 sieut
1019 915 1191 960 praemitti-

447 979 508 1011 tur,
531 974 656 1014 factas¹,
679 974 934 1017 expeditumque
954 973 1096 1016 desuper
1115 971 1194 1003 eius-

447 1026 519 1059 dem
552 1026 696 1059 Tliomae
724 1026 868 1069 magistri
896 1025 1058 1069 generalis
1084 1025 1194 1058 decre-

448 1087 512 1113 tnm
541 1081 797 1125 praeinsertnm,
816 1092 886 1114 cum
908 1081 1060 1124 omnibus
1085 1085 1116 1112 et
1134 1079 1194 1111 sin-

448 1135 532 1177 gulis
558 1135 589 1167 in
609 1146 646 1168 eo
665 1135 826 1168 contentis
853 1145 888 1167 ac
910 1134 985 1167 inde
1005 1133 1192 1176 ceteroquin

448 1189 591 1231 legitime
617 1188 748 1227 secutis,
773 1188 965 1221 anctoritate
991 1188 1168 1231 apostolica
1184 1213 1191 1226 ‚

448 1247 564 1275 tenore
583 1242 819 1284 praesentium,
840 1241 1071 1274 confirmamus
1095 1246 1126 1273 et
1144 1251 1194 1283 ap-

448 1296 636 1338 probamus,
658 1295 789 1338 illisque
815 1295 1012 1328 inviolabilis
1039 1294 1195 1337 apostoli-

448 1360 503 1382 cae
524 1349 682 1381 firmitatis
706 1349 806 1382 robur
824 1348 1006 1387 adiieimus,
1022 1359 1057 1380 ac
1079 1358 1194 1380 omues

450 1408 481 1435 et
505 1403 649 1445 singulos
675 1402 753 1434 iuris
791 1407 823 1434 et.
860 1402 935 1434 facti
969 1402 1140 1440 defectus,
1169 1401 1193 1433 si

450 1456 504 1499 qui
526 1457 557 1489 in
579 1455 767 1499 praemissis
789 1454 1037 1499 quomodolibet
1059 1455 1196 1488 interre-

450 1510 561 1543 nerint
577 1537 584 1550 ,
611 1510 810 1553 supplemus.

496 1566 510 1607 ξ
531 1563 562 1596 5.
584 1564 814 1603 Decernentes‚
835 1562 919 1606 ipsas
936 1568 1127 1607 praesentes
1150 1562 1197 1595 lit-

453 1624 537 1651 teras
564 1627 693 1660 semper
719 1617 838 1657 firmas,
858 1617 980 1649 validas
1001 1622 1031 1649 et
1049 1616 1196 1649 efficaces

452 1673 590 1706 existere
617 1677 644 1706 et
674 1672 764 1712 fore,
790 1682 932 1715 suosque
968 1671 1135 1715 plenarios
1168 1677 1199 1704 et

451 1727 601 1769 integros
637 1726 771 1759 effectus
805 1726 916 1759 sortiri
956 1731 987 1758 et
1024 1726 1196 1765 obtinere,

451 1792 487 1813 ac
513 1781 605 1820 illis,
634 1781 671 1812 ad
699 1790 780 1823 qnos
805 1784 933 1823 spectat
962 1785 993 1812 et
1028 1790 1087 1822 pro
1122 1784 1198 1811 tem-

451 1844 531 1878 pore.
550 1834 822 1877 qnamlocumqne
845 1832 1021 1876 spectabit,
1043 1833 1072 1864 in
1097 1831 1199 1865 omni—

452 1889 513 1920 bns
531 1893 561 1920 et
586 1897 645 1931 per
663 1887 772 1920 omnia
796 1887 987 1930 plenissime
1005 1886 1196 1928 snt'lragari,

453 1947 485 1974 et
509 1941 548 1973 al)
575 1942 621 1973 cis
659 1941 843 1984 respective
877 1939 1110 1972 inviolabiliter
1135 1940 1197 1972 ob-

453 1995 594 2033 servari,
614 1994 725 2037 sicque
751 1995 783 2026 in
803 1993 995 2037 praemissis
1018 2004 1078 2036 per
1104 2003 1200 2036 qnos-

453 2059 592 2091 cumque
610 2048 734 2081 indices
753 2048 941 2081 ordinarIos
962 2053 993 2080 et
1012 2048 1198 2090 delegatos,

453 2103 551 2135 etiam
575 2112 744 2134 cansarum
770 2101 882 2145 palatii
912 2100 1087 2144 apostolici
1113 2100 1200 2133 audi-

456 2162 552 2195 tores,
580 2167 614 2188 ac
641 2155 671 2188 S.
694 2155 730 2187 ll.
751 2155 785 2187 E.
805 2155 971 2198 praefatae
999 2154 1198 2194 cardinales,

454 2210 549 2243 ctiam
575 2210 613 2242 de
640 2210 740 2242 latere
773 2209 899 2251 legatos
932 2213 963 2241 et
988 2207 1081 2241 Sedis
1107 2208 1198 2251 Apo-

455 2263 589 2296 stolicae
617 2262 778 2300 nuncios,
808 2261 935 2294 sublata
961 2261 1007 2294 eis
1033 2267 1062 2294 et
1089 2271 1201 2294 eornm

456 2317 588 2349 cuilibet
614 2316 727 2360 qnari5
752 2316 846 2348 aliter
870 2315 1033 2348 iudicandi
1055 2320 1086 2347 et
1104 2315 1203 2347 inter-

459 2370 606 2412 pretandi
629 2370 778 2402 facultate
798 2374 829 2401 et
846 2368 1045 2408 anctoritate,
1064 2368 1199 2401 iudicari

457 2429 487 2455 ct
502 2423 627 2455 deliniri
655 2423 789 2462 debere,
808 2433 843 2455 ac
863 2422 989 2454 irritum
1009 2427 1039 2455 et
1057 2422 1153 2454 inane
1175 2421 1200 2454 si

457 2486 550 2508 secus
577 2477 745 2520 superbis
766 2488 783 2509 a
804 2487 987 2519 quoquam,
1014 2476 1125 2520 quavis
1151 2486 1201 2508 an·

458 2530 631 2569 ctoritate,
657 2530 799 2562 scienter
823 2530 874 2562 vel
900 2531 1099 2572 ignoranter,
1126 2539 1201 2561 con-

459 2582 569 2625 tigerit
595 2583 757 2615 attentari.

497 2646 508 2673 1
531 2644 597 2672 Male
618 2645 681 2673 edit.
702 2645 781 2673 Main.
803 2645 865 2680 legit
885 2646 979 2680 factae
1000 2648 1039 2680 (n.
1060 2645 1110 2681 Τ.).

1023 226 1207 252 nitLLAan
1231 226 1389 251 ROMANL'M

1983 221 2031 248 An.
2048 221 2076 249 C.
2097 223 2161 253 ¹729

1277 276 1292 319 g
1318 275 1349 308 G.
1377 275 1443 308 Non
1478 274 1683 308 obstantibus
1719 271 1874 318 praedicti
1901 271 1975 306 Ale·
2004 283 2160 315 nei-qautenus.

1233 328 1345 361 xandri
1372 328 1636 371 praedecessoris
1661 327 1803 367 litteris,
1836 325 1975 369 aliisque

1234 381 1432 425 praemissis,
1455 391 1491 414 ac
1516 381 1806 414 constitutionibus
1831 385 1862 413 et
1890 379 1978 413 ordi-

1234 434 1422 467 nationibus
1454 434 1668 478 apostolicis,
1705 443 1864 473 necnon,
1893 443 1975 476 qua-

1236 492 1329 520 tenus
1355 498 1436 530 opus
1467 488 1530 528 sit,
1555 487 1684 521 Ordinis
1701 514 1708 527 ,
1735 485 1922 530 provinciae
1948 491 1980 517 et
2050 490 2064 501 ⁸

1235 546 1451 573 conventuum
1478 541 1727 584 praedictorum,
1754 550 1790 572 ar,
1811 538 1978 582 quibusvis

1235 594 1306 626 aliis
1323 622 1330 634 ‚
1358 595 1453 627 etiam
1481 595 1686 633 iuramento,
1714 598 1776 627 etc.
1793 593 1814 626 ¹.

1279 648 1394 680 Datum
1408 648 1541 689 Itomae,
1554 648 1638 691 apud
1654 647 1685 680 S.
1704 647 1844 687 Petrum,
1857 647 1915 680 sub
1927 657 1981 680 an·

1235 702 1313 734 nuto
1329 701 1512 741 Piscatoris,
1529 702 1579 734 die
1597 711 1669 734 xxvi
1684 701 1791 734 martii
1807 710 1979 741 iiuccxxix,

1236 754 1442 798 pontificatus
1466 754 1571 787 nostri
1593 765 1679 788 anno
1706 766 1735 788 r.

1272 817 1329 843 llat.
1353 817 1396 843 die
1416 817 1450 844 ‘29
1471 817 1561 843 martii
1584 817 1671 850 1729,
1693 816 1790 852 pontif.
1813 824 1884 844 anno
1905 823 1943 844 Vt.

1526 936 1692 970 CCLXXII.

1237 1008 1439 1041 Statunnlm·
1464 1011 1491 1041 el
1516 1008 1716 1041 ordinantur
1735 1006 1902 1041 nonnulla
1924 1015 1985 1050 pro

1281 1061 1482 1095 stabilienda
1505 1062 1736 1105 reformatione
1756 1061 1852 1094 sumta
1869 1061 1986 1094 consti-

1284 1117 1422 1149 tutiones
1450 1117 1574 1149 l'rbam·
1603 1116 1688 1149 VIII
1699 1119 1727 1148 et
1751 1115 1937 1149 Innocentii
1956 1114 1987 1147 X

1282 1170 1314 1202 in
1352 1170 1523 1213 provincial
1563 1169 1808 1203 Peslemonlnmi
1850 1168 1988 1203 Ordinis

1282 1224 1424 1266 fratrztm
1441 1224 1479 1256 B.
1494 1223 1623 1256 Mariae
1641 1223 1678 1255 cle
1691 1223 1799 1256 Monte
1817 1220 1985 1257 Carmelo‘.

1423 1295 1606 1322 Benedictus
1628 1295 1710 1328 Papa
1725 1294 1805 1329 XIII,

1379 1342 1414 1367 ad
1436 1340 1572 1367 futuram
1593 1340 1638 1367 rei
1659 1340 1848 1367 memoriam.

1285 1403 1495 1446 Apostolatns
1535 1403 1675 1436 officium
1716 1401 1896 1436 infirmitati
1929 1411 1987 1436 no·
2025 1404 2157 1428 9¹⁰⁰²¹¹²³¹¹¹¹h

1241 1462 1335 1498 strae,
1362 1458 1453 1490 nullo
1480 1457 1557 1489 licet
1581 1457 1774 1490 meritorum
1801 1461 1986 1490 nostrorum

1241 1511 1406 1554 suffragio,
1425 1511 1580 1544 divinitus
1605 1511 1823 1552 commissum,
1850 1510 1987 1544 salubri-

1243 1571 1291 1598 ter
1317 1564 1434 1608 cxeqni
1461 1569 1667 1607 satagentes,
1693 1570 1806 1598 exorta
1830 1565 1916 1598 inter
1936 1575 1987 1597 re-

1242 1618 1375 1661 ligiosos
1401 1617 1504 1658 viros,
1531 1629 1613 1661 qnos
1641 1623 1713 1651 vota
1738 1628 1795 1651 sna
1821 1617 1987 1651 Altissimo

1242 1672 1274 1704 in
1300 1671 1469 1705 sanctitate
1490 1676 1521 1703 et
1539 1671 1660 1704 iustitia
1677 1682 1824 1715 paceque
1843 1671 1988 1704 fraterna

1243 1725 1382 1758 reddere
1409 1725 1521 1765 decet,
1548 1725 1682 1758 dissidia
1714 1724 1910 1769 opportunis
1935 1734 1987 1757 ra-

1245 1780 1389 1812 tionibus
1412 1779 1579 1818 dirimere,
1598 1789 1635 1811 ac
1655 1779 1741 1812 felici
1759 1789 1987 1823 prosperoque

1244 1834 1443 1876 illorumque
1471 1832 1632 1875 regimini,
1659 1839 1813 1876 qnantum
1839 1843 1909 1866 cnm
1926 1832 1988 1866 Do-

1244 1887 1331 1920 mino
1363 1897 1558 1930 possumus,
1584 1887 1759 1919 consulere
1796 1886 1986 1926 studemus,

1244 1941 1340 1980 sient,
1368 1940 1518 1973 omnibus
1542 1945 1668 1973 mature
1694 1939 1922 1979 consideratis,
1949 1939 1990 1972 ad

1244 1993 1477 2036 omnipotentis
1514 1993 1569 2025 Dei
1601 1993 1736 2035 gloriam
1764 1997 1795 2025 et
1819 1991 1990 2035 religionis

1246 2048 1486 2080 incrementum
1509 2046 1663 2089 expedire
1689 2045 1898 2079 arbitramur.

1289 2101 1302 2143 ἓ
1329 2100 1359 2132 1.
1388 2099 1474 2133 Alias
1500 2099 1660 2143 siquidem
1687 2099 1882 2143 (postquam
1903 2109 1989 2132 anno
2001 2100 2170 2127 0¹¹⁴ffl¹⁰=¹⁰t³f²⁹

2001 2130 2012 2149 «Ι
2017 2131 2056 2149 ictu
2082 2127 2129 2148 rol-n
2134 2131 2170 2147 iii-2·

1245 2163 1420 2194 unexiivn,
1447 2164 1504 2185 seu
1532 2153 1595 2186 alio
1622 2152 1741 2185 veriori
1766 2157 1930 2196 tempore,
1956 2151 2030 2184 inno
2050 2155 2132 2180 trimum
2153 2153 2170 2173 ³⁰

2001 2181 2113 2209 praefatam
2127 2183 2168 2205 pru·

1244 2207 1414 2251 provincia
1439 2207 1683 2240 Pedemontana
1707 2205 1836 2240 Ordinis
1857 2205 2170 2255 smu'uml125133³2³¹¹¹0t¹2¹¹⁹⁴2t

1247 2263 1280 2294 Β.
1304 2262 1343 2294 Μ.
1364 2262 1402 2294 de
1428 2261 1535 2294 Monte
1560 2260 1707 2294 Carmelo
1733 2259 1923 2293 reformatio
1943 2259 2071 2292 iri-‘'¹¹'‘iao
2099 2258 2170 2280 'mm'

2001 2287 2082 2308 moines
2117 2288 2170 2306 enar·

1247 2312 1397 2346 troducta
1424 2312 1530 2345 suerat
1555 2311 1614 2344 suh
1641 2310 1846 2344 observantia
1870 2309 2080 2344 consti-ramur.

1248 2366 1409 2399 tutionnm
1441 2376 1458 2398 a
1495 2365 1597 2399 felicis
1630 2363 1869 2398 recordationis
1894 2362 1992 2396 Urba-

1284 2466 1293 2492 1
1318 2463 1350 2491 L't
1365 2471 1447 2500 snpra
1464 2471 1523 2499 pag.
1541 2462 1589 2490 471
1609 2471 1627 2489 α
1642 2464 1680 2497 (n.
1701 2462 1750 2496 T.).

1280 2510 1296 2536 2
1317 2510 1371 2536 llae
1391 2509 1424 2536 de
1444 2517 1474 2536 re
1493 2509 1554 2535 vide
1573 2508 1683 2535 constit.
1704 2506 1852 2535 Innocentii
1873 2505 1905 2533 XI
1925 2506 1990 2534 edit.

1246 2560 1417 2587 nuenxxxrn,
1435 2552 1477 2580 die
1491 2553 1524 2580 27
1541 2553 1643 2584 martii,
1659 2552 1757 2587 pontif.
1775 2557 1803 2587 n,
1820 2555 1847 2579 et
1862 2551 1991 2578 Clemen-

1245 2599 1278 2625 tis
1298 2598 1332 2625 Xl
1353 2597 1462 2625 constit.
1491 2598 1556 2626 edit.
1587 2604 1712 2632 nocem,
1734 2596 1777 2625 die
1797 2597 1830 2625 ⁰26
1850 2594 1970 2625 octobris
1983 2615 1990 2629 ,

1245 2643 1340 2679 pontif.
1363 2650 1410 2671 xv.
