2170 3147
198 163 245 187 An.
265 162 293 187 C⁴
318 160 384 186 ¹727

433 151 496 183 5502

396 219 535 252 ciunque
573 209 727 242 instantia
765 207 1016 252 quomodolibet
1051 217 1138 239 nuuc

395 262 587 306 pendentes,
613 262 652 294 ad
671 273 730 294 nos
753 266 936 301 avocanteS,
958 260 1138 303 apostolice

395 315 608 356 auctoritate,
630 321 718 348 motu
745 326 780 347 ac
807 313 976 358 potestatis
1000 312 1138 356 plenitu-

395 369 471 401 dine
496 368 683 411 praedictis,
704 368 832 411 penitus
860 367 1086 409 extinguimus,
1106 371 1138 399 et

395 422 555 455 extinctas
574 432 645 454 esse
667 423 826 461 volumus,
844 421 1136 464 omnimodumque

394 475 560 507 silentium
587 481 748 518 perpetuo
775 473 985 517 imponimus.

439 528 452 571 g
478 528 530 561 50.
559 529 794 569 Decernentes,
813 528 923 561 omnia
949 532 982 560 et
1007 527 1136 570 singula

395 581 588 624 praemissa,
616 593 633 615 a
659 582 764 621 nobis,
783 587 818 614 ut
846 582 1043 624 praefertur,
1063 590 1136 613 con-

394 634 533 675 iirmata,
560 636 760 678 approbata,
789 635 960 675 innovata,
987 639 1134 673 extensa,

395 689 434 721 de
461 699 543 722 novo
569 699 723 722 concessa
755 694 787 721 et
819 688 963 727 indulta,
990 688 1136 720 easdem—

394 751 455 783 que
496 747 706 784 praesentes,
733 752 864 785 semper
896 746 928 774 et
953 746 1132 784 perpetuo,

395 799 558 837 tamquam
584 794 683 828 divini
703 795 807 828 cultus
826 800 857 827 et
876 795 1037 828 bonorum
1060 804 1135 836 ope-

394 858 464 880 rum
501 852 712 890 augmentum
746 847 982 890 religionisque
1016 857 1136 890 propa-

394 900 561 944 gationem
592 900 819 944 respicientia,
846 900 951 933 valida
976 905 1007 932 et
1032 900 1134 932 effica-

393 954 453 994 cia,
474 964 510 987 ac
536 954 658 987 validas
686 959 718 987 et
743 953 890 987 efficaces
909 963 979 986 esse
1006 957 1036 985 et
1056 952 1134 992 sore,

394 1018 535 1051 suosque
561 1006 728 1051 plenarios
755 1013 785 1040 et
818 1006 964 1049 integros
1003 1005 1136 1038 effectus

393 1067 556 1104 perpetuo
582 1060 695 1094 sortiri
721 1065 753 1093 et
777 1059 938 1098 obtinere,
963 1064 995 1092 et
1015 1059 1053 1091 ab
1070 1069 1136 1091 om-

394 1114 490 1147 nibus
516 1112 655 1146 firmiter
680 1118 777 1157 atque
795 1111 1056 1151 inviolabiliter¹,
1076 1121 1136 1143 nec

395 1167 434 1200 ab
460 1167 524 1200 illis
548 1167 616 1200 ullo
648 1176 792 1209 unquam
839 1171 985 1209 tempore
1024 1163 1135 1206 quovis

394 1224 587 1264 praetextu,
625 1219 798 1252 occasione
836 1219 884 1251 vel
921 1220 1016 1251 causa
1057 1217 1135 1250 resi-

393 1273 468 1314 liri,
497 1279 552 1306 aut
577 1271 730 1312 decedi2,
758 1282 864 1315 neque
892 1271 930 1304 de
956 1271 1133 1311 nullitatis,

395 1327 608 1370 obreptionis,
628 1325 851 1369 subreptionis
875 1325 952 1358 vitio
977 1329 1008 1357 et
1032 1324 1135 1356 inten-

396 1380 493 1414 tionis
508 1385 640 1413 nostrae
660 1380 789 1412 defectu
811 1378 926 1418 notari,
948 1377 1134 1421 impugnari

394 1434 445 1467 vel
470 1433 649 1474 retractari,
675 1443 737 1466 nec
762 1433 916 1466 adversus
943 1432 1014 1465 illas
1033 1431 1136 1475 quod-

395 1497 533 1531 cumque
559 1486 637 1519 iuris
664 1488 712 1520 vel
749 1486 821 1518 sacti
855 1485 1049 1525 remedium,
1074 1495 1136 1517 nec

396 1540 492 1573 etiam
525 1539 591 1573 oris
614 1539 829 1582 aperitionem
845 1566 853 1580 ,
881 1538 1048 1581 impetrari
1073 1549 1134 1570 un-

396 1603 491 1638 quam
518 1603 625 1636 posse,
651 1602 758 1635 neque
779 1592 838 1624 sub
858 1591 1025 1635 quibusvis
1051 1591 1136 1624 simi-

395 1648 475 1681 lium
512 1647 562 1680 vel
600 1645 808 1679 dissimilium
846 1645 1046 1688 gratiarum,
1071 1645 1137 1688 pri-

395 1700 612 1743 vilegiorum,
641 1698 840 1732 indultorum
871 1698 1135 1731 revocationibus

394 1753 663 1791 limitationibus‚
683 1751 969 1795 suspensionibus,
996 1752 1135 1794 deroga-

397 1807 541 1841 tionibus
566 1813 597 1840 et
623 1806 694 1839 aliis
721 1806 894 1839 contrariis
914 1806 1136 1849 dispositioni-

394 1861 466 1902 bus,
492 1861 588 1894 etiam
615 1870 675 1904 per
700 1870 757 1892 nos
783 1865 816 1892 et
847 1869 1053 1893 successores
1079 1869 1136 1893 no-

395 1920 480 1948 stros
505 1915 667 1947 Romanos
693 1913 867 1947 Pontifices
900 1923 960 1957 pro
987 1918 1134 1956 tempore

396 1970 593 2008 existentes,
619 1968 804 2011 Sedemque
830 1967 1049 2011 praedictam,
1075 1968 1134 2000 sub

396 2021 563 2065 quibusvis
589 2021 760 2054 tenoribus
786 2025 818 2054 et
850 2020 979 2061 formis,
1015 2031 1052 2053 ac
1077 2021 1135 2053 sub

396 2075 561 2118 quibusvis
580 2074 734 2108 clausulis
752 2079 783 2107 et
800 2074 948 2114 decretis,
966 2073 1063 2107 etiam
1081 2074 1135 2107 de-

396 2128 634 2171 rogatoriarum
653 2128 880 2171 derogatoriis‚
903 2128 1034 2161 minime
1060 2138 1135 2162 con-

396 2181 487 2214 fundi
515 2182 562 2214 vel
589 2181 827 2224 comprehendi
852 2192 967 2225 posse,
996 2181 1056 2214 nisi
1096 2183 1135 2216 de

398 2238 465 2267 toto
491 2234 680 2267 earumdem
706 2236 931 2277 praesentium
966 2240 1078 2268 tenore
1105 2241 1136 2268 et

397 2286 470 2319 data
506 2296 657 2330 expressa
696 2287 837 2328 mentio,
880 2287 963 2320 nihil
1003 2288 1134 2331 penitus

397 2339 531 2379 omisso,
557 2340 680 2380 habita,
700 2346 730 2373 et
756 2342 931 2381 revocatio,
951 2341 1133 2384 derogatio,

398 2393 588 2435 suspensio,
622 2394 791 2434 limitatio,
830 2395 991 2429 restrictio
1017 2401 1049 2428 et
1074 2397 1135 2429 alia

399 2454 624 2489 quaecumque
650 2447 813 2480 contraria
838 2448 1009 2492 dispositio
1035 2449 1135 2492 magi-

435 2517 444 2540 ¹
469 2514 548 2541 Deest
569 2515 679 2542 verbum
699 2517 846 2545 observari·
864 2519 906 2552 (n.
924 2519 975 2553 Τ.).

433 2558 449 2585 2
470 2558 561 2586 Potius
582 2559 639 2594 lege
660 2562 751 2588 recedi
772 2564 808 2594 (u.
828 2566 876 2595 T.).

975 159 1157 182 BULLARIUM
1183 159 1337 183 Romnum

1182 212 1249 240 stro
1290 213 1322 240 et
1365 209 1570 251 procuratori
1615 209 1824 252 generalibus
1864 220 1923 253 pro

1183 266 1330 305 tempore
1357 262 1432 294 dicti
1457 262 1584 296 Ordinis
1618 273 1784 306 expresse,
1811 263 1923 297 distin-

1182 314 1256 346 ctim
1275 326 1312 347 ac
1333 315 1528 348 nominatim
1546 315 1722 356 intiniatis⁴,
1739 316 1845 360 iisque
1864 327 1923 360 per

1183 368 1282 401 trinas
1310 368 1475 402 distinctas
1501 369 1626 402 litteras
1651 369 1845 412 apostolicas
1873 370 1924 402 tri-

1182 421 1241 454 bus
1267 421 1404 455 diversis
1432 422 1554 455 vicibus
1575 433 1646 455 cum
1664 423 1820 465 temporis
1841 434 1924 460 com·¹

1183 475 1324 517 petentis
1340 474 1509 508 intervallo
1528 476 1566 508 ad
1585 475 1617 508 id
1635 475 1824 518 specialiter
1839 486 1924 509 voea-

1183 527 1222 559 tis
1247 527 1352 561 sactae
1374 528 1510 569 suerint3
1534 534 1575 568 et,
1594 528 1619 561 si
1641 528 1735 562 aliter
1761 529 1922 571 derogari,

1182 581 1338 622 revocari,
1364 580 1530 624 suspendi,
1552 580 1683 614 limitari
1712 586 1744 614 et
1765 581 1923 624 restringi

1182 633 1358 675 contingat,
1386 633 1571 666 huiusmodi
1594 633 1852 676 derogationem,
1873 644 1924 667 re-

1180 686 1394 726 vocationem,
1412 686 1675 729 suspensionem,
1694 686 1923 720 limitationem

1182 744 1213 772 et
1250 739 1491 772 restrictionem
1531 739 1652 772 nullius
1688 750 1759 773 esse
1793 740 1922 773 roboris

1181 798 1213 825 et
1230 793 1395 833 momenti,
1416 797 1460 833 et,
1478 793 1606 836 quoties
1624 792 1698 825 illae
1718 792 1924 832 emanabunt,

1182 846 1278 879 toties
1304 845 1335 878 in
1362 856 1473 879 eorum
1510 845 1684 889 pristinum
1709 851 1741 878 et
1765 846 1924 879 validissi-

1181 910 1269 932 mum
1295 904 1413 932 statum
1439 899 1497 932 sub
1523 909 1727 943 quacumque
1754 899 1850 932 etiarn
1868 909 1924 943 po-

1181 952 1310 985 steriori
1339 952 1413 984 data
1439 962 1497 994 per
1523 951 1711 994 magistrum
1735 953 1924 994 generalem

1181 1010 1213 1038 et
1238 1005 1353 1038 fratres
1378 1016 1439 1049 pro
1466 1010 1614 1048 tempore
1640 1004 1818 1038 existentes
1835 1015 1925 1048 prae-

1181 1059 1286 1093 dictos
1313 1059 1465 1101 eligenda
1491 1058 1659 1092 restitutas
1677 1085 1684 1099 ,
1710 1058 1871 1101 repositas
1893 1063 1925 1092 et

1181 1113 1328 1157 plenarie
1355 1114 1584 1155 reintegrataS,
1601 1117 1633 1145 et
1658 1112 1697 1145 de
1723 1122 1807 1145 novo
1827 1112 1924 1145 etiam

1180 1176 1350 1199 concessas
1386 1176 1457 1199 esse
1483 1171 1515 1198 et
1539 1166 1633 1205 sore,
1661 1176 1698 1198 ac
1729 1165 1793 1198 vim
1828 1165 1924 1199 validi

1183 1225 1214 1254 et
1245 1219 1384 1253 efficacis
1421 1224 1608 1252 contractus
1646 1218 1744 1252 etiam
1775 1229 1849 1252 cum
1881 1219 1924 1251 iu-

1180 1279 1328 1307 ramento
1354 1273 1513 1306 internos
1532 1278 1564 1306 et
1589 1272 1705 1305 Sedem
1722 1273 1922 1316 praedictam

1181 1338 1216 1360 ac
1234 1327 1422 1370 magistrum
1442 1327 1631 1369 generalem
1647 1332 1678 1359 et
1694 1326 1809 1360 fratres
1830 1337 1923 1370 prae-

1181 1380 1285 1413 dictos
1311 1379 1383 1413 initi
1410 1380 1544 1419 habere,
1563 1379 1675 1423 sicque
1702 1385 1734 1413 et
1759 1390 1822 1413 non
1846 1379 1925 1413 alias

1180 1445 1239 1477 per
1264 1443 1488 1477 quoscumque
1521 1433 1646 1466 iudices
1676 1433 1862 1467 ordinarios
1894 1438 1926 1467 et

1181 1488 1362 1530 delegatos,
1390 1487 1487 1520 etiam
1513 1498 1684 1521 causarum
1709 1487 1822 1531 palatii
1848 1497 1925 1531 apo-

1181 1541 1286 1574 stolici
1313 1541 1495 1582 auditores,
1519 1551 1555 1574 ac
1576 1541 1673 1574 etiam
1690 1540 1722 1574 S.
1745 1540 1783 1574 R.
1802 1540 1838 1574 E.
1857 1551 1925 1574 car-

1182 1593 1324 1635 dinales,
1352 1594 1449 1627 etiam
1477 1594 1515 1628 de
1541 1595 1643 1628 latere
1673 1595 1815 1637 legatos,
1841 1594 1926 1628 vice·

1181 1648 1316 1690 legatos,
1333 1647 1506 1691 dictaeque
1520 1647 1612 1681 Sedis
1628 1648 1780 1688 nuncios,
1799 1647 1925 1681 sublata

1182 1701 1228 1734 eis
1254 1706 1284 1733 et
1309 1711 1422 1733 eorum
1448 1701 1583 1734 cuilibet
1608 1701 1721 1745 quavis
1755 1701 1851 1734 aliter
1880 1701 1926 1734 iu-

1182 1753 1334 1794 dicandi,
1360 1753 1596 1796 interpretandi
1623 1759 1655 1787 et
1679 1753 1858 1789 definiendi
1884 1756 1925 1788 sa-

1180 1809 1301 1841 cultate
1329 1813 1360 1840 et
1385 1808 1599 1847 auctoritate,
1622 1808 1655 1841 in
1681 1808 1790 1852 quavis
1826 1813 1921 1843 causa

1181 1862 1230 1894 vel
1256 1861 1411 1893 instantia
1437 1860 1790 1901 iudicari,sententiari
1816 1868 1848 1895 et
1874 1862 1924 1896 de-

1180 1914 1265 1947 finiri
1301 1915 1443 1955 debere,
1472 1925 1599 1949 necnon
1637 1915 1796 1959 quidquid
1828 1926 1922 1950 secus

1180 1979 1278 2012 super
1310 1969 1360 2001 liis
1386 1979 1403 2001 a
1432 1979 1620 2012 quoquam,
1648 1970 1758 2012 quavis
1791 1970 1924 2003 auctori·

1182 2028 1255 2063 tate,
1275 2022 1418 2056 scienter
1439 2023 1488 2056 vel
1513 2023 1707 2066 ignoranter
1721 2051 1728 2063 ,
1751 2024 1925 2067 contigerit

1180 2076 1357 2116 attentari,
1385 2075 1513 2108 irritum
1539 2081 1570 2109 et
1594 2077 1691 2109 inane
1713 2077 1925 2111 decernimus

1180 2135 1212 2162 et
1236 2130 1451 2163 declaramus.
1470 2129 1626 2168 Quoniam
1645 2140 1735 2170 vero,
1754 2141 1922 2174 quousque

1181 2182 1306 2216 divinae
1338 2183 1563 2226 providentiae
1600 2183 1761 2226 placuerit
1796 2194 1856 2218 nos
1891 2184 1922 2217 in

1180 2236 1332 2269 humanis
1359 2237 1497 2270 tolerare
1515 2263 1522 2276 ,
1548 2237 1701 2270 nolumus
1727 2237 1824 2280 plane
1848 2248 1924 2281 pro-

1180 2290 1356 2322 tectionem
1382 2289 1478 2323 nobis
1498 2289 1700 2322 dilectissimi
1721 2288 1851 2323 Ordinis
1870 2290 1924 2323 ali-

1180 2343 1231 2376 cui
1257 2343 1375 2376 cedere
1396 2371 1403 2384 ,
1430 2343 1624 2377 mandamus
1649 2343 1786 2376 subinde
1808 2343 1923 2377 suturis

1179 2408 1238 2440 pro
1265 2402 1413 2441 tempore
1439 2396 1684 2440 protectoribus
1710 2396 1836 2430 S.R.E.
1856 2407 1924 2430 car-

1180 2451 1363 2491 dinalibus,
1390 2450 1551 2494 enixeque
1576 2451 1608 2484 in
1641 2451 1779 2484 Domino
1814 2451 1922 2484 horta-

1179 2514 1271 2543 mur,
1297 2509 1332 2535 ut
1358 2513 1418 2547 pro
1443 2505 1540 2547 plena
1565 2509 1694 2538 nostrae
1720 2504 1816 2537 huius
1845 2514 1923 2537 con-

1215 2566 1227 2592 1
1250 2564 1352 2593 Forsan
1372 2565 1530 2594 intimatae
1551 2566 1590 2600 (R.
1607 2567 1658 2601 τ.).

1931 162 1980 188 An.
1997 162 2024 188 C.
2047 164 2112 192 ¹727
