2170 3147
20 220 68 246 An.
83 219 113 246 C.
135 218 204 246 ¹726

210 266 242 300 S.
266 266 302 300 Β.
326 266 362 300 Ε.
390 267 548 301 cardinali
574 268 670 301 etiarn
697 270 737 303 de
770 271 871 304 latere
905 273 949 305 le-

213 321 287 361 gato
312 318 344 351 in
370 319 535 362 provincia
560 326 593 353 et
617 321 746 354 civitate
772 322 949 364 praedictis

211 371 244 403 in
268 376 435 414 posterum
461 382 519 415 pro
547 377 692 415 tempore
718 375 946 415 commoranti,

211 424 269 456 sub
295 424 555 467 quibuscumque
581 425 746 458 tenoribus
766 430 797 458 et
823 427 947 465 formis,

209 487 246 509 ac
270 487 341 509 cum
367 477 532 520 quibusvis
554 478 647 511 etiam
667 479 948 521 derogatoriarum
969 486 971 519 ἶ

210 529 446 572 derogatoriis,
474 530 610 573 aliisque
645 531 881 564 efficacioribus
918 537 970 564 et*

210 581 350 615 insolitis
374 582 542 622 clausulis,
570 582 840 626 irritantibusque
867 589 898 616 et
919 594 950 616 a-

208 633 261 667 liis
286 634 444 675 decretis,
470 634 501 667 in
535 645 656 678 genere
682 637 733 669 vel
759 635 791 668 in
818 637 947 679 specie,

210 686 305 720 etiam
325 692 415 720 motu
443 688 541 721 simili
568 693 600 722 et
631 699 667 721 ex
693 691 779 722 certa
812 689 944 722 scient&⁴

207 739 382 778 concessis,
397 740 605 779 confirmatis,
627 741 817 784 approbatis
844 747 876 774 et
900 742 949 774 in-

207 791 351 833 novatis;
371 793 487 836 quibus
506 794 669 835 omnibus,
685 794 810 827 etiamsi
830 795 868 828 de
882 794 948 828 illis

208 855 390 889 eorumque
409 845 484 879 totis
503 847 673 880 tenoribus
698 847 860 891 specialis,
880 859 950 892 spe-

208 897 299 930 cifica
323 904 354 931 et
379 909 535 942 expressa
560 901 684 933 mentio
710 900 872 941 habenda,
895 906 949 933 aut

208 951 316 995 aliqua
341 951 403 984 alia
429 952 592 996 exquisita
613 953 718 987 forma
736 954 774 987 ad
798 954 860 987 hoc
886 965 948 987 ser-

206 1005 311 1038 vanda
336 1005 439 1045 soret,
470 1010 601 1039 tenores
626 1006 833 1046 huiusmodi,
860 1018 896 1040 ac
922 1007 947 1040 si

207 1057 247 1091 de
282 1057 382 1091 verbo
404 1058 444 1091 ad
477 1059 611 1091 verbum
642 1059 724 1091 nihil
755 1060 886 1102 penitus
914 1071 947 1093 o-

205 1110 306 1145 misso
332 1116 364 1144 et
390 1111 492 1144 forma
517 1112 548 1144 in
583 1111 647 1145 illis
684 1113 803 1146 tradita
835 1114 948 1146 obser-

205 1166 276 1197 vata
310 1163 425 1197 inserti
462 1165 587 1205 forent,
623 1166 852 1209 praesentibus
887 1176 947 1210 pro

206 1216 367 1260 expressis
399 1217 574 1257 habentes,
600 1218 665 1251 illis
701 1219 780 1251 alias
817 1219 849 1251 in
887 1230 946 1253 suo

205 1270 323 1303 robore
342 1271 572 1314 permansuris,
600 1272 660 1305 hac
682 1272 749 1304 vice
765 1272 947 1312 dumtaxat,

205 1323 395 1367 specialiter
428 1330 459 1357 et
483 1335 638 1368 expresse
674 1331 760 1359 motu
796 1326 865 1369 pari
892 1326 945 1359 de-

206 1386 374 1419 rogamus;
406 1377 589 1421 ceterisque
621 1378 791 1412 contrariis
821 1379 950 1422 quibus-

206 1440 357 1474 cumque.

21 1494 196 1543 “atesim-3533
251 1484 266 1528 §
284 1483 338 1518 13.
358 1483 442 1518 Nulli
462 1495 541 1527 ergo
563 1484 696 1518 omnino
721 1484 890 1518 hominum
911 1486 948 1519 li-

12 1547 126 1595 {intuma
154 1542 276 1570 au-ceat
301 1537 386 1570 hanc
410 1537 562 1580 paginam
589 1543 718 1570 nostrae
741 1538 947 1571 constitutio-

27 1575 68 1595 Μ’
205 1588 266 1628 nis,
287 1588 472 1629 sanctionis,
496 1590 665 1622 electionis
697 1596 728 1622 et
753 1591 946 1623 declaratio-

204 1643 254 1676 nis
279 1643 476 1686 insringere,
509 1650 561 1676 aut
598 1645 625 1677 ei
654 1644 828 1677 temerario
865 1655 944 1677 ausu

205 1697 387 1736 contraire,
415 1696 440 1729 si
467 1697 540 1740 quis
566 1703 672 1730 autem
700 1698 762 1731 hoc
788 1702 946 1731 attentare

202 1749 471 1793 praesumpserit,
497 1750 755 1792 indignationem
797 1752 946 1794 omnipo—

202 1802 347 1847 potentis
375 1803 427 1836 Dei
448 1814 484 1836 ac
511 1803 680 1837 beatorum
702 1804 784 1837 Petri
807 1810 838 1837 et
857 1804 944 1837 Pauli

203 1858 425 1901 apostolorum
444 1857 512 1890 eius
531 1868 565 1890 se
584 1858 709 1891 noverit
727 1858 943 1890 incursurum.

245 1909 358 1942 Datum
392 1909 533 1949 Romae,
560 1912 646 1953 apud
673 1911 705 1943 S.
731 1911 860 1943 Mariam
887 1910 947 1943 Ma-

203 1961 327 2002 iorem,
365 1973 450 1995 anno
488 1963 724 1996 incarnationis
761 1964 945 1997 dominicae

202 2024 364 2049 mnccxxvl
388 2042 395 2055 ,
422 2026 474 2049 xiv
498 2016 652 2049 kalendas
679 2017 837 2057 octobris,
862 2027 946 2060 pon-

204 2066 345 2101 tificatus
372 2068 478 2101 nostri
497 2079 583 2102 anno
611 2079 659 2102 111.

238 2128 299 2156 Dat.
315 2129 360 2156 die
378 2129 409 2156 18
425 2129 591 2165 septembris
610 2131 687 2165 1726,
705 2130 889 2166 pontif.a11no
904 2136 944 2159 111.

470 2216 679 2228 —A—

508 2331 637 2366 CXLIX.

203 2437 397 2473 Conceditur
422 2436 629 2480 indulqenlia
650 2437 813 2480 plenaria,
846 2437 942 2471 semel

247 2491 283 2524 in
308 2501 394 2523 anuo
420 2489 672 2532 lucrifacienda,
696 2490 940 2533 pereyrinanti-

246 2543 302 2576 bus
327 2543 369 2576 ad
393 2543 553 2587 capellam
578 2543 616 2575 B.
642 2543 683 2575 M.
715 2542 749 2575 V.
783 2543 941 2576 Laureta-

245 2606 306 2630 nae
329 2596 425 2629 sitam
452 2596 487 2629 in
505 2596 637 2640 colleqz'o
654 2595 685 2630 S.
709 2595 859 2640 Greqorii
878 2596 939 2630 cle-

800 222 994 248 BENEDICTUS
1020 223 1078 248 x111
1103 225 1152 248 PF.

1630 216 1693 250 439
1741 226 1788 254 An.
1808 226 1837 254 c,
1858 227 1930 255 1726

1036 272 1178 306 rz'corum
1217 273 1425 317 reyularium
1457 275 1630 308 societatis
1662 275 1738 309 Iesu

1037 325 1180 359 civitatis
1205 327 1392 361 Mexicanae
1417 328 1453 360 in
1477 326 1617 362 Indiis¹.

1167 415 1349 443 Benedictus
1371 417 1450 450 Papa
1473 417 1555 449 xm,

988 467 1143 494 universis
1164 468 1417 496 christifidelibus
1445 472 1626 503 praesentes
1651 471 1736 497 litte—

1024 518 1074 538 ras
1095 512 1299 544 inspecturis,
1326 514 1457 540 salutem
1483 518 1513 541 et
1533 514 1734 548 apostolicam

1025 555 1278 582 benedictionem.

1036 634 1050 677 ἓ
1078 634 1106 666 1.
1132 635 1178 667 Ad
1204 637 1386 678 augendam
1420 637 1564 670 fidelium
1598 638 1732 681 religio-

1815 657 1928 677 Concessio

1743 683 1868 707 praedictae
1897 684 1928 704 iu-

969 681 1068 720 ‘nem
1096 694 1127 720 et
1152 689 1333 722 animarum
1364 691 1501 724 salutem
1537 691 1732 724 caelestibus
1744 709 1874 735 (mignonus.

992 740 1154 773 Ecclesiae
1170 741 1332 775 thesauris
1351 742 1404 786 pia
1422 743 1581 776 charitate
1602 744 1732 785 intenti,

992 803 1028 825 ac
1052 793 1345 836 supplicationibus
1371 795 1529 828 carissimi
1548 795 1579 828 in
1602 795 1731 830 Christo

992 844 1048 878 [ilii
1082 846 1184 879 nostri
1219 846 1361 891 Philippi
1387 848 1616 891 Hispaniarum
1642 848 1730 892 regis

992 899 1144 932 catholici
1195 900 1288 932 nohis
1324 911 1424 944 super
1464 901 1526 934 hoc
1563 902 1732 935 humiliter

990 953 1149 995 porrectis
1174 952 1336 991 inclinati,
1363 954 1512 987 omnibus
1539 959 1570 986 et
1594 954 1731 998 singulis

991 1004 1163 1048 utriusque
1189 1016 1281 1038 sexus
1322 1006 1592 1040 christifidelibus
1617 1009 1655 1041 ad
1681 1018 1732 1041 ca-

990 1058 1108 1100 pellam
1136 1060 1170 1091 B.
1198 1058 1238 1092 M.
1265 1059 1299 1091 V.
1335 1060 1536 1094 Lauretanae
1567 1060 1661 1094 sitam
1697 1061 1730 1094 in

991 1112 1129 1154 collegio
1154 1112 1183 1144 S.
1224 1112 1371 1155 Gregorii
1409 1114 1600 1146 clericorum
1637 1125 1732 1157 regu-

991 1164 1106 1197 larium
1130 1164 1301 1198 Societatis
1326 1166 1397 1198 lesu
1424 1166 1562 1199 civitatis
1595 1166 1730 1200 Mexica-

990 1217 1022 1249 in
1048 1218 1147 1250 Indiis
1174 1218 1356 1251 devotionis
1391 1221 1486 1251 causa
1519 1219 1731 1262 peregrinan-

968 1268 969 1273 ’
991 1270 1085 1309 tibus,
1113 1270 1165 1313 qui
1192 1281 1265 1303 vere
1291 1271 1497 1314 poenitentes
1516 1277 1547 1305 et
1572 1272 1727 1313 confessi,

991 1334 1026 1356 ac
1052 1326 1141 1356 sacra
1167 1325 1398 1358 communione
1432 1326 1562 1365 resecti,
1599 1326 1730 1368 praedi-

991 1382 1074 1409 ctam
1102 1379 1260 1420 capellam
1295 1378 1410 1411 devote
1435 1379 1662 1418 visitaverint,
1697 1385 1730 1412 et

992 1430 1034 1462 ibi
1060 1441 1119 1473 pro
1145 1431 1399 1464 christianorum
1431 1432 1616 1475 principum
1652 1443 1728 1466 con-

989 1483 1110 1523 cordia,
1140 1484 1313 1517 haeresum
1341 1485 1575 1528 extimatione,
1600 1496 1637 1518 ac
1657 1496 1729 1518 san-

989 1542 1058 1569 ctae
1095 1537 1204 1569 matris
1236 1537 1399 1570 Ecclesiae
1434 1538 1633 1571 exaltatione
1660 1539 1729 1582 pias

990 1590 1027 1621 ad
1055 1590 1155 1622 Deum
1182 1601 1297 1633 preces
1333 1589 1516 1629 effuderint,
1547 1592 1729 1634 plenariam

990 1643 1133 1675 omnium
1160 1649 1367 1686 peccatorum
1394 1654 1529 1676 suorum
1555 1644 1730 1687 indulgen-

989 1695 1064 1728 tiam
1090 1701 1120 1728 et
1146 1696 1369 1729 remissionem
1403 1697 1500 1729 semel
1535 1702 1658 1729 tantum
1696 1697 1728 1730 in

989 1758 1074 1781 anno
1099 1759 1157 1792 per
1182 1749 1728 1792 unumquemquelucrifaciendam

990 1802 1249 1835 misericorditer
1274 1802 1306 1834 in
1334 1802 1468 1836 Domino
1495 1803 1726 1835 concedimus:

990 1856 1217 1899 praesentibus
1242 1855 1412 1898 perpetuis
1437 1855 1551 1888 suturis
1577 1856 1730 1900 tempori-

989 1910 1048 1942 bus
1075 1910 1233 1942 valituris.

1032 1963 1047 2005 ἓ
1079 1962 1110 1994 32.
1145 1962 1298 1995 Volumus
1331 1967 1438 1995 autem
1472 1967 1505 1994 ut
1537 1963 1727 1997 earumdem
1766 1973 1923 1995 lfmeshaimu·

988 2015 1210 2058 praesentium
1230 2015 1409 2047 litterarum
1424 2016 1650 2058 transumptis,
1671 2027 1729 2050 seu
1739 2000 1765 2020 ‘¹²
1777 2003 1923 2027 'mmmm'

989 2067 1156 2110 exemplis,
1183 2067 1278 2100 etiam
1310 2067 1488 2111 impressis,
1514 2068 1612 2101 etc.².

1032 2120 1146 2153 Datum
1172 2120 1315 2161 Romae,
1341 2121 1426 2163 apud
1452 2120 1483 2153 S.
1512 2121 1643 2154 Mariam
1669 2121 1728 2155 Ma-

987 2173 1103 2214 iorem,
1130 2173 1189 2205 sub
1221 2174 1342 2206 annulo
1368 2173 1549 2214 PiscatoriS,
1576 2174 1628 2207 die
1652 2185 1728 2209 xxm

986 2226 1179 2268 septembris
1204 2235 1373 2266 Moccxxw,
1394 2226 1606 2269 pontificatus
1625 2228 1728 2261 nostri

986 2288 1072 2310 anno
1098 2288 1148 2311 111.

1021 2339 1078 2365 Dat.
1095 2339 1139 2366 die
1157 2340 1191 2367 23
1208 2340 1373 2375 septembris
1387 2341 1463 2376 1726,
1481 2341 1582 2377 pontif.
1599 2350 1669 2371 aimo
1686 2350 1725 2371 ιιι.

1020 2429 1029 2454 1
1054 2427 1092 2454 Ab
1118 2428 1268 2455 Alexandro
1294 2428 1355 2455 Vlll
1385 2429 1411 2455 in
1439 2429 1522 2456 lndiis
1548 2431 1726 2459 existentibus

983 2473 1159 2507 quamplures
1186 2472 1370 2508 indulgentiae
1397 2482 1542 2501 concessae
1562 2475 1676 2502 fuerunt
1699 2480 1726 2503 et

983 2516 1107 2551 patribus
1126 2516 1270 2543 Societatis
1297 2517 1443 2544 nonnullae
1466 2518 1610 2546 facultates
1638 2520 1724 2547 sactae

983 2565 1069 2588 const.
1091 2560 1155 2587 edit.
1177 2567 1277 2595 innexo,
1300 2561 1343 2588 die
1363 2563 1396 2589 30
1416 2563 1516 2595 martii,
1534 2564 1629 2598 pontif.
1652 2571 1670 2591 1.

1015 2605 1031 2631 2
1052 2605 1168 2640 Reliqua
1187 2605 1220 2632 de
1241 2614 1314 2634 more
1335 2610 1363 2633 ut
1383 2615 1445 2643 pag.
1467 2608 1500 2634 59
1521 2608 1535 2634 b
1556 2608 1593 2643 (a.
1607 2608 1654 2642 ¹12).
