2170 3147
1 220 48 246 An.
70 217 98 244 C.
117 217 182 244 1725

26 1118 108 1140 Causae
123 1125 183 1146 prae—

0 1149 65 1166 sentis
83 1149 183 1167 consutu-

0 1174 71 1194 tionis.

770 216 963 240 assumeres
990 216 1046 239 xin
1072 217 1118 239 rr.
1604 203 1662 236 95¹1
1715 214 1761 237 Αιι.
1785 212 1812 238 (1.
1832 211 1899 237 ¹7e5

192 265 278 298 modi
304 265 398 298 latius
424 265 581 305 deductis,
602 264 795 303 introducta,
815 275 927 306 prose-

192 320 341 360 sequuta,
367 327 402 350 ac
430 317 560 349 demum
586 327 643 359 per
666 323 728 349 tres
752 316 926 348 sententias
948 327 950 360 ᾗ

193 370 376 404 conformes
401 370 439 402 ad
459 375 533 401 tune
554 369 720 401 existentis
746 369 849 401 dictae
873 379 928 410 pa·

191 423 344 456 rocliialis
370 423 527 455 ecclesiae
553 421 685 455 rectoris
712 427 742 454 et
766 421 798 453 in
815 423 852 454 ea
873 421 928 453 be·
948 417 950 445 3

192 474 415 508 nesiciatorum
440 474 679 517 praedictorum
713 473 853 505 favorem
878 469 950 504 de-

192 538 291 571 super
326 533 489 560 emanatas
522 532 554 559 et
584 527 616 558 in
652 536 719 558 rem
755 525 927 557 iudicatam

193 586 368 613 transactas
394 580 581 619 terminata,
609 580 722 611 fratres
757 583 832 610 tunc
857 577 925 610 exi-

193 638 313 666 stentes
338 632 509 676 praedicti,
529 632 560 664 in
586 631 774 664 earumdem
799 635 929 662 senten-

193 686 307 719 tiarum
326 687 586 730 exequutionem,
601 697 617 719 a
630 685 814 730 praemissis
830 684 930 717 omni-

192 740 253 772 bus
272 744 303 771 et
327 739 462 781 singulis
482 739 514 771 in
533 739 617 771 dicta
644 737 781 771 ecclesia
796 736 929 769 ulterius

194 792 392 835 exequendis
410 797 441 824 et
458 791 646 824 exercendis
667 801 735 823 sese
755 789 929 828 abstinere,

193 844 298 876 dictae
323 844 480 877 ecclesiae
506 844 617 877 ianuas
643 844 807 882 claudere,
834 848 866 875 et
890 843 930 874 ab

194 897 306 930 eadem
333 898 468 930 eeclesia
485 898 571 930 illius
593 907 763 940 campanas
782 905 930 928 amovere

193 949 291 982 coacti
311 949 455 989 suerunt·,
476 955 714 993 proptereaque
734 949 852 982 dictum
874 949 931 980 ho·
951 958 953 967 ·

194 1002 325 1045 spitium
351 1004 438 1035 velut
459 1003 490 1035 in
508 1004 663 1046 privatam
684 1003 814 1035 domum
840 1001 932 1035 reda-

195 1060 281 1087 ctum
307 1055 411 1088 extitit
435 1061 467 1088 et
492 1055 597 1088 existit
623 1056 662 1088 de
688 1054 863 1098 praesenti.

240 1108 254 1151 ξ,
278 1107 310 1141 3.
331 1108 407 1141 Cum
433 1114 553 1149 autern,
572 1109 653 1140 sicut
677 1108 872 1151 accepimus,
892 1107 930 1139 ad

195 1160 350 1204 oppidum
376 1161 576 1204 praedictum
592 1187 600 1199 ,
625 1161 655 1193 in
682 1171 745 1203 quo
770 1170 829 1202 pro
856 1165 933 1192 tern-

195 1224 275 1258 pore
301 1213 466 1246 existentis
491 1213 717 1256 Hispaniarum
742 1213 829 1255 regis
852 1211 933 1244 resi-

196 1268 249 1300 det
270 1268 356 1307 aula,
379 1267 530 1309 frequens
547 1266 675 1299 Ordinis
697 1271 728 1298 et
747 1265 932 1308 provinciae
954 1292 955 1295 ,

195 1322 434 1365 praedictorum
449 1322 582 1353 fratrum
598 1331 656 1364 pro
678 1330 790 1352 eorum
809 1320 851 1352 ibi
871 1319 934 1352 dis-

196 1375 355 1409 cutiendis
372 1374 510 1417 negotiis
527 1375 659 1407 accedat
677 1374 888 1413 consuetudo,
903 1379 934 1406 et
955 1387 956 1396 ι

955 1442 957 1476 3
980 1425 1162 1457 huiusmodi
1189 1425 1228 1457 ad
1255 1424 1534 1466 infrascriptoruin
1567 1422 1714 1455 effectum

955 1481 957 1518 l
978 1478 1110 1510 omnino
1150 1477 1345 1521 penitusque
1371 1477 1618 1518 extinguentes,
1641 1485 1716 1507 nec-

196 1529 413 1565 mendabile'm
439 1532 654 1565 saecularium
680 1542 805 1565 morum
832 1532 934 1564 hone-
955 1523 957 1555 ἶ

197 1429 355 1460 absonum
374 1427 424 1467 sit,
438 1427 524 1470 quod
538 1427 570 1459 in
586 1433 647 1459 tam
668 1427 783 1469 insigni
802 1426 933 1469 oppido,

196 1480 251 1513 ubi
276 1480 392 1523 regalis
416 1480 506 1513 aulae
540 1479 725 1513 huiusmodi
759 1490 816 1522 per
841 1490 929 1512 com-

196 1590 309 1618 statem
335 1585 473 1627 refulget
497 1585 593 1618 decor
618 1591 649 1618 et
673 1584 843 1627 religionis
869 1585 934 1617 cul-

197 1645 258 1680 tus,
273 1638 387 1671 fratres
402 1638 479 1671 illuc
500 1649 558 1681 pro
578 1643 724 1681 tempore
743 1638 932 1670 accedentes

197 1691 354 1734 praedicti
384 1691 415 1723 in
445 1691 588 1734 hospitio
620 1690 805 1723 huiusmodi
823 1688 932 1723 nulla¹

198 1750 289 1788 septo
303 1744 463 1783 clausura,
478 1749 509 1776 et
526 1744 623 1777 veluti
640 1743 670 1776 in
686 1743 809 1786 privata
824 1743 932 1782 domo,

199 1808 270 1830 cum
289 1798 392 1831 libero
409 1797 621 1831 saecularium
648 1797 819 1840 utriusque
840 1807 935 1830 sexus
956 1811 957 1817 ι

197 1861 410 1894 personarum
429 1860 569 1890 accessu,
589 1860 653 1883 non
678 1850 748 1882 sine
777 1851 935 1892 regularis

199 1903 387 1947 disciplinae
413 1902 600 1936 discrimine
622 1903 783 1946 animique
809 1904 935 1943 dolore,

198 2010 417 2052 praedictum,
435 2019 538 2049 nunc,
559 2014 593 2041 ut
617 2010 809 2052 praefertur,
836 2009 934 2042 veluti

200 2063 231 2094 in
257 2063 386 2096 domum
419 2062 576 2105 privatam
594 2062 770 2100 redactum,
796 2062 936 2095 mansio-

199 2116 295 2148 nibus
320 2115 454 2158 aliisque
480 2114 633 2148 aedificiis
666 2126 723 2158 pro
751 2116 859 2148 futuro
890 2115 936 2147 di-

199 2168 240 2201 cti
276 2167 403 2201 Ordinis
431 2178 490 2210 per
521 2178 578 2200 nos
603 2173 638 2200 ut
661 2168 744 2200 infra
780 2168 936 2210 erigendo

199 2226 358 2254 conventu
382 2220 572 2253 necessariis
597 2220 853 2264 opportunisque
884 2231 936 2252 re-

200 2274 315 2306 fertum
333 2273 462 2313 existat,
488 2277 521 2305 et
545 2273 576 2305 in
603 2273 737 2306 ecclesia
761 2273 937 2316 praedicta,

201 2379 294 2418 xima,
312 2389 372 2411 nec
397 2383 544 2420 angusta,
562 2378 732 2421 minusque
751 2378 836 2410 rudis
855 2382 937 2410 stru·

201 2437 309 2465 cturae
327 2431 452 2470 existit,
478 2431 579 2463 maius
604 2436 634 2463 et
658 2441 711 2463 sex
739 2431 801 2462 alia
824 2430 937 2462 altaria

201 2485 299 2517 sacris
322 2484 516 2517 utensilibus
541 2483 579 2516 ad
605 2483 716 2515 missas
741 2483 835 2515 etiam
862 2493 938 2515 eon·-

203 2538 366 2570 ventuales
391 2537 602 2570 celebrandas
627 2535 701 2569 satis
722 2536 874 2569 decenter
892 2535 936 2568 di-

238 2601 248 2625 1
273 2598 342 2625 Edit.
359 2598 438 2625 Main.
458 2598 522 2633 legit
538 2597 617 2624 nullo
636 2598 673 2632 (n.
691 2600 737 2630 T.).

972 269 1034 297 tata
1054 270 1085 296 et
1110 268 1230 302 ornata,
1247 264 1366 296 chorus
1385 272 1442 305 pro
1462 261 1577 294 divinis
1604 261 1707 293 laudi-

972 318 1030 349 bus
1057 317 1221 350 Altissimo
1244 315 1475 359 depromendis
1501 315 1706 347 accommode

972 369 1164 405 instructus,
1190 375 1220 401 et
1245 369 1389 400 sacristia
1422 378 1492 400 cuin
1520 367 1588 399 eius
1619 369 1708 425 saera

973 422 1190 463 suppellectili
1217 422 1414 463 lo‹··upletati
1439 420 1661 462 repeiianuu·
1657 446 1662 450 .

1015 474 1029 515 ξ
1079 474 1175 505 ,Nos
1203 474 1320 515 i0itur,
1348 474 1386 505 ad
1415 473 1525 504 nu‘iioii
1561 473 1628 504 eius
1633 472 1704 504 deni
1745 483 1779 502 L
1772 488 1848 507 pram
1845 482 1877 502 ιιιι-
1882 484 1902 501 [a

972 485 1102 558 Ordiiiis
1136 501 1320 558 stabilitt⁷1ti
1330 526 1359 557 in
1386 536 1435 567 Ῑηι
1427 526 1551 557 aedicto
1585 513 1790 567 oppidosi'n1
1791 510 1860 554 timidi
1862 511 1904 560 pii

973 589 1049 611 cons
1038 580 1103 611 ul«
1111 579 1220 617 ndum,
1239 584 1269 611 et
1294 589 1333 610 ne
1359 579 1414 610 itta
1438 577 1647 610 ulterioiibus
1672 564 1835 609 li-'r'1'nifftii'J
1852 568 1903 581 Μ’

975 630 1052 662 tium
1068 636 1234 673 prematur
1256 630 1477 669 incommodis
1492 630 1550 662 sed
1569 635 1602 661 ut
1623 629 1708 662 Oido

975 683 1053 726 ipse,
1072 683 1161 715 cuius
1187 683 1218 715 in
1241 683 1325 715 dicto
1343 683 1464 725 oppido
1491 688 1556 714 tres
1575 692 1710 714 conven-

975 742 1023 768 tus
1045 743 1203 779 perpetuo
1223 737 1319 770 erecti
1339 742 1370 769 et
1390 735 1528 768 instituti
1548 735 1710 777 reperiun-

950 791 952 826 ζ
974 794 1035 828 tur,
1050 790 1197 832 pluribus
1217 789 1246 821 in
1264 789 1385 832 oppido
1405 787 1590 820 huiusmodi
1609 788 1711 819 abun-

975 843 1053 874 dans
1078 842 1292 880 stationibus,
1323 852 1450 884 semper
1485 841 1604 883 gratior
1632 840 1710 871 vali-

975 895 1111 937 diorque
1138 895 1168 926 in
1196 894 1283 937 pacis
1308 893 1503 926 amoenitate
1529 893 1709 925 efflorescat

976 959 1082 980 coram
1098 947 1242 986 Domino,
1261 952 1359 990 prout
1377 947 1504 979 sincero
1523 952 1710 988 exoptamus

975 999 1100 1039 affectu,
1128 999 1191 1032 litis
1218 1007 1249 1032 et
1273 1010 1388 1032 causae
1415 998 1662 1041 praedictarum,
1681 1003 1712 1029 et

976 1053 1123 1091 aliarum,
1143 1053 1166 1085 si
1187 1063 1267 1095 quae
1286 1053 1350 1084 sint
1370 1058 1401 1085 et
1420 1053 1559 1094 desuper
1580 1061 1712 1093 quomo·

977 1107 1101 1139 delibet
1136 1106 1255 1138 exoriri
1292 1110 1448 1148 poterunt
1478 1105 1509 1137 in
1541 1105 1709 1141 futurum,

977 1164 1089 1192 statum
1117 1164 1148 1192 et
1179 1159 1293 1191 merita
1319 1158 1488 1195 universa,
1514 1157 1711 1199 nominaque

977 1218 1009 1244 et
1034 1212 1229 1254 cognomina
1247 1211 1387 1243 iudicum
1406 1216 1437 1243 et
1455 1209 1713 1251 collitigantium,

977 1265 1205 1308 praesentibus
1225 1275 1284 1307 pro
1303 1265 1398 1307 plene
1417 1263 1578 1306 expressis
1597 1262 1713 1294 haben·

979 1324 1047 1357 tes,
1073 1324 1103 1351 et
1138 1329 1265 1350 causam
1304 1317 1523 1360 praedictam,
1554 1321 1712 1358 quatenus

977 1383 1058 1414 opus
1089 1373 1139 1411 sit,
1175 1372 1212 1404 ad
1250 1382 1307 1404 nos
1344 1376 1525 1410 avocantes,
1559 1370 1713 1412 litemque

978 1542 1042 1564 non
1069 1532 1231 1564 dationem
1252 1536 1284 1563 et
1301 1530 1546 1563 concessionem
1572 1528 1716 1571 hospita-

979 1585 1025 1624 lis,
1046 1585 1199 1628 illiusque
1214 1584 1371 1616 ecclesiae
1389 1583 1623 1622 aedificiorum,
1642 1581 1717 1614 alio-

978 1648 1112 1680 rumque
1139 1647 1337 1669 annexorum
1365 1636 1582 1668 membrorum
1607 1641 1638 1667 et
1662 1635 1716 1667 de-

979 1691 1228 1733 pendentiarum
1263 1689 1528 1732 praedictorum,
1555 1699 1612 1731 per
1642 1694 1716 1720 tunc

979 1744 1154 1776 existentes
1182 1743 1255 1775 dicti
1285 1742 1452 1784 hospitalis
1477 1747 1619 1774 rectores
1642 1746 1716 1773 tunc

980 1796 1192 1829 existentibus
1210 1795 1360 1827 fratribus
1379 1794 1552 1838 praedietis
1566 1797 1717 1836 quocum-

980 1860 1041 1893 que
1062 1849 1201 1881 cuiusris
1228 1847 1433 1881 alienationis
1462 1847 1554 1879 titulo
1583 1857 1618 1879 ac
1643 1857 1718 1889 quo-

956 1917 958 1943 ι
979 1913 1115 1945 cumque
1141 1902 1280 1944 desuper
1301 1901 1406 1933 forsan
1433 1905 1507 1932 tunc
1520 1900 1624 1932 soluto
1642 1909 1716 1942 pre-

198 1956 392 1990 commorari
429 1961 586 1998 cogantur
601 1983 608 1995 ,
643 1956 821 1999 hospitium
861 1967 935 1989 vero
957 1968 958 1981 ι

981 1956 1024 1988 tio
1051 1954 1297 1999 quomodolibet
1322 1954 1419 1985 factas
1435 1980 1442 1993 ,
1470 1952 1645 1995 apostolica
1663 1962 1717 1984 au-

979 2009 1125 2041 ctoritate
1151 2013 1309 2051 perpetuo
1342 2006 1562 2049 approbantes
1589 2011 1620 2038 et
1644 2015 1717 2038 con-

981 2062 1156 2101 firmantes,
1175 2061 1284 2103 eisque
1310 2059 1496 2092 inviolabile
1522 2058 1717 2101 apostolicae

957 2113 959 2150 ἶ
981 2114 1138 2147 firmitatis
1165 2114 1267 2146 robur
1291 2113 1503 2151 adiicientes,
1530 2121 1658 2144 necnon
1683 2121 1717 2143 o-

980 2178 1070 2200 mnes
1095 2172 1126 2200 et
1150 2166 1293 2208 singulos
1321 2171 1382 2197 tam
1414 2164 1493 2196 iuris
1522 2174 1618 2206 quarn
1645 2162 1716 2195 sacti

981 2224 1035 2252 aut
1059 2219 1192 2252 aliarum
1216 2227 1490 2261 (piarumeumque
1516 2217 1718 2249 circumstan-

958 2285 960 2319 ξ
981 2272 1095 2304 tiaruni
1122 2277 1152 2303 ct
1176 2271 1415 2303 solemnitatum
1443 2269 1599 2310 defectus,
1617 2269 1641 2301 si
1662 2269 1717 2311 qui

201 2336 283 2369 quae
301 2326 405 2359 eidem
421 2325 562 2368 hospitio
577 2326 738 2367 contigua,
757 2326 851 2368 eique
867 2335 938 2368 pro·
959 2322 960 2359 ἶ

982 2330 1013 2357 et
1037 2324 1062 2356 si
1090 2334 1171 2366 quae
1191 2329 1252 2355 tam
1271 2333 1368 2365 super
1393 2322 1522 2354 datione
1541 2326 1570 2353 et
1588 2331 1718 2353 conces-

982 2377 1074 2408 sione
1114 2386 1209 2418 quain
1247 2375 1319 2407 dicti
1355 2374 1527 2416 hospitalis
1554 2374 1717 2406 erectione

981 2439 1034 2462 seu
1060 2429 1248 2461 fundatione
1274 2427 1446 2470 praedictis
1473 2427 1718 2470 quomodolibet

981 2481 1161 2524 respective
1179 2480 1413 2512 intervenerint
1433 2490 1489 2512 seu
1505 2479 1716 2512 intervenisse

980 2533 1253 2576 praetendantur,
1279 2533 1443 2575 plenarie,
1469 2532 1604 2575 perinde
1630 2541 1665 2563 ac
1690 2531 1716 2562 si

982 2586 1069 2619 datio
1096 2591 1127 2619 et
1151 2585 1316 2619 concessio
1349 2596 1385 2617 ac
1410 2585 1532 2617 erectio
1561 2594 1616 2616 seu
1646 2584 1716 2615 sun-
