2170 3147
174 206 224 230 An.
247 204 363 231 &1755

411 195 451 228 24
463 196 475 228 i

370 264 440 285 cum
467 253 538 286 aliis
565 253 702 296 collegis
729 253 794 286 suis
829 252 1113 296 comprovinciali-

368 307 427 339 bus
447 307 621 350 episcopis,
645 318 680 340 ex
708 307 827 340 veteris
851 307 1045 350 disciplinae
1065 317 1113 340 ec-

367 360 569 393 clesiasticae
611 361 724 402 regula
746 387 753 401 ,
796 360 1111 403 Constantinopolim

366 419 522 455 sequutus
553 419 610 453 est,
638 424 777 457 cumque
804 413 842 445 iis
858 414 875 453 ¹,
896 419 970 456 post
998 414 1112 446 Valen-

368 467 470 499 tinum
497 467 762 501 Silvaecandidae
782 468 983 511 episcopum,
1005 467 1110 510 Vigilii

366 518 548 553 Constituto
567 521 721 554 adversus
744 521 803 553 tria
815 521 964 564 Capitnla
983 520 1013 553 in
1030 521 1110 553 urbe

367 574 456 616 regia
483 574 701 617 subscripsit,
728 580 759 607 et
793 576 894 607 semel
928 574 1110 617 iterumque

367 627 407 659 ab
434 627 547 659 eodem
574 627 690 669 vigilio
717 628 867 660 laudatur
892 627 925 660 in
951 628 1111 660 sententia

368 687 483 713 contra
511 681 678 714 Rusticum
701 687 733 714 et
750 681 976 714 Sebastianum
994 681 1108 715 S.R.E.

369 733 544 774 diaconos,
571 735 676 767 eidem
703 734 819 777 vigilio
846 735 1004 775 rebelleS,
1031 734 1111 768 Cou-

368 788 583 831 stautinopoli
619 787 769 821 similiter
809 788 906 821 edita.
947 788 993 821 Ad
1031 788 1112 821 haec

368 841 529 883 Pelagius,
557 842 679 885 pariter
700 841 732 874 S.
757 841 793 874 R.
812 842 848 875 E.
869 841 1036 882 diaconus,
1057 841 1110 885 qui

368 900 399 928 et
432 895 499 938 ipse
538 895 698 938 praedicti
736 894 903 928 pontificis
930 895 1110 929 Constituto

369 949 432 980 una
459 959 529 980 cum
556 947 678 981 Iuliano
704 948 887 991 ceterisque
913 947 1112 991 subscripse-

367 1007 433 1039 rat,
451 1001 483 1033 in
502 1001 584 1034 Petri
605 1001 759 1034 cathedra
786 1001 920 1044 vigilio,
942 1001 1110 1044 Syracusis

367 1054 531 1093 defuneto,
547 1064 718 1087 successor
733 1054 837 1094 datus,
855 1054 961 1086 eidem
977 1054 1109 1094 Iuliano,

367 1105 405 1138 ad
433 1106 559 1148 Cinguli
598 1107 822 1149 episcopalem
855 1105 1029 1139 ecelesiam
1062 1116 1110 1138 re-

369 1170 477 1199 verso,
496 1170 562 1191 non
581 1169 660 1191 uuas
678 1159 805 1192 litteras
833 1159 993 1198 exaravit,
1013 1169 1111 1202 quae-

368 1211 441 1244 dam
485 1212 659 1254 iniungens
697 1211 866 1254 Cingulani
904 1212 1110 1255 episcopatus

367 1265 605 1298 immunitatem
632 1271 662 1298 et
686 1265 918 1309 patrimonium
938 1266 1112 1309 respicien-

369 1318 422 1351 tia.
452 1320 485 1351 At
512 1319 736 1362 postmodnm,
753 1319 900 1352 barbaris
926 1319 1034 1352 ltaliae
1061 1319 1109 1352 in-

367 1372 605 1411 cumbentibus¹
619 1371 947 1415 Cingulanaecclesia
960 1383 1032 1405 cum
1047 1374 1112 1405 tota

367 1427 424 1457 sua
445 1425 587 1458 dioecesi
607 1431 637 1458 et
656 1425 822 1459 territorio
841 1425 1021 1458 Auximatis
1043 1425 1111 1469 epi-

367 1479 458 1522 scopi
483 1485 647 1522 tamquam
663 1479 801 1522 proximi
822 1490 919 1512 curae
937 1479 1110 1512 commissa

368 1538 427 1564 cst.
447 1531 544 1575 Signa
566 1538 671 1565 tamen
691 1539 723 1565 et
742 1532 925 1566 testimonia
943 1534 1110 1566 luculenta

367 1585 524 1629 primaevi
552 1586 762 1629 episcopatus
789 1586 917 1629 Cinguli
944 1586 1110 1619 nihilomi-

367 1650 426 1671 nus
442 1640 675 1682 superfuerunt
690 1650 725 1672 ac
741 1640 837 1672 etiam
855 1645 1040 1683 supersunt..
1064 1640 1108 1672 lbi

368 1691 464 1731 enim,
482 1692 520 1723 ab
536 1692 678 1735 antiquis
697 1692 908 1735 temporibus,
931 1693 1109 1735 praepositi

368 1742 688 1786 etarchipresbyteri
708 1743 882 1786 dignitates
902 1753 974 1776 cum
991 1743 1109 1786 insigni

367 1796 508 1838 collegio
531 1796 644 1829 decem
665 1796 898 1829 canonicorum
918 1807 1025 1829 sacras
1047 1798 1111 1829 lau-

368 1849 423 1881 des
460 1848 525 1881 Deo
561 1849 690 1882 assidue
727 1849 916 1882 canentium
954 1850 1110 1883 hactenus

367 1907 552 1935 remanent.
581 1902 751 1935 Praeterea
785 1902 997 1946 Cingulanam
1036 1903 1131 1936 οἰνί-Ὶ

369 1961 487 1997 tatem,
514 1967 570 1988 suo
598 1956 765 2000 episcopio
792 1963 949 1997 ornatam,
977 1957 1031 1990 ubi
1058 1967 1132 1991 ea-t

368 2010 513 2042 rumdem
541 2010 718 2043 Auximatis
744 2016 776 2043 et
793 2010 994 2054 Cingulanae
1011 2013 1110 2045 eccle-
1130 2027 1132 2042 2

343 2062 489 2095 'siarum
517 2063 676 2096 antistites
712 2075 810 2108 saepe
836 2070 866 2097 et
896 2066 948 2098 diu
986 2076 1132 2108 moram}

368 2121 535 2150 traxerunt
573 2123 605 2150 et
641 2128 699 2160 pro
731 2118 823 2150 libitu
858 2129 916 2151 suo
952 2120 1107 2159 trahunt,

368 2170 452 2202 intra
478 2176 508 2203 et
534 2176 631 2210 extra,
659 2171 771 2204 decem
800 2171 901 2204 millia
939 2172 1108 2204 hominnm

368 2223 500 2255 circiter
525 2225 656 2265 colunt,
682 2226 857 2267 pluresque
883 2225 979 2257 aedes
1000 2235 1110 2258 sacrae

369 2286 404 2308 ex
421 2276 432 2292 ²
449 2277 597 2310 videlicet
615 2277 844 2319 religiosorum
863 2278 1029 2317 Ordinum,
1048 2288 1111 2311 uua

368 2330 633 2373 presbyterorum
667 2331 935 2374 Congregationis
971 2331 1108 2364 Oratorii

368 2382 400 2415 S.
428 2383 570 2427 Philippi
596 2383 682 2417 Ner-ii
704 2411 711 2424 ‚
745 2390 810 2417 tres
849 2384 1007 2427 virginum
1045 2386 1109 2418 Deo

369 2446 545 2475 sacrarum,
574 2444 704 2480 praeter
729 2438 875 2482 quinque
901 2439 1026 2481 piorum
1054 2440 1111 2472 lio-

369 2490 492 2522 minum
518 2491 730 2531 sodalitates,
758 2492 819 2524 duo
847 2493 1048 2525 xenodochia
1080 2498 1111 2525 et

406 2563 415 2587 1
441 2561 506 2587 Male
527 2561 591 2587 edit.
616 2562 698 2587 Μαίη.
721 2561 786 2595 legit
806 2562 830 2589 is
851 2571 898 2596 pro
918 2563 956 2590 iis
977 2566 1016 2597 (R.
1036 2564 1083 2597 T.).

403 2606 420 2632 2
441 2606 553 2631 tutetur
573 2606 716 2640 legendum
738 2615 788 2632 seer
807 2613 844 2637 tn.
866 2610 914 2640 Τ,).

954 203 1135 228 BULLARIL'M
1160 203 1315 229 ROMANUM

1905 205 1957 231 An,
1979 205 2006 232 C.
2025 205 2092 234 1725
2116 213 2122 217 ”

1158 263 1251 286 mons
1269 253 1400 297 pietatis
1419 254 1630 297 spectabilem
1647 254 1801 288 reddunt:
1817 264 1898 297 quac

1157 306 1287 349 quidem
1313 306 1423 340 omnia
1449 307 1648 350 singularem
1676 307 1773 342 totius
1792 307 1900 340 civita-

1156 359 1195 391 tis
1220 359 1418 402 Ciugulanae
1444 360 1600 403 pietatem
1628 366 1659 394 et
1683 361 1737 393 Dei
1776 361 1898 394 cultum

1155 412 1284 456 egregie
1311 413 1518 456 patefaciunt.

1199 466 1213 510 ἓ
1236 466 1267 499 ⁶2.
1294 466 1390 500 Cuius
1417 466 1513 499 etiam
1538 466 1674 499 civitatis
1694 477 1812 509 magna
1829 466 1897 499 laus
1937 477 2018 507 caum
2035 483 2095 509 91:20.

1156 524 1214 559 est,
1239 531 1275 552 ex
1302 522 1339 553 ea
1365 530 1427 552 non
1450 530 1571 562 paucos
1590 525 1740 552 strenuos
1761 525 1791 552 et
1809 508 2095 562 prae-lfdlh'3.⁶⁰¹¹'¹'‘“'

1156 572 1281 606 nobiles
1297 573 1382 605 viros
1397 573 1497 605 sacris
1515 573 1686 605 ordinibus
1702 572 1898 606 militaribus

1157 626 1329 669 hospitalis
1369 626 1400 658 S.
1433 626 1561 658 loannis
1598 626 1898 669 Hierosolymitani,

1154 679 1185 712 S.
1205 679 1309 711 Iacobi
1326 691 1342 711 a
1360 679 1531 718 Calatrava,
1546 678 1715 722 sanctique
1730 679 1898 723 Stephani,

1156 742 1214 775 pro
1241 731 1420 764 christiana
1442 732 1601 774 religione
1621 738 1733 765 eontra
1751 732 1900 766 infideles

1157 785 1273 817 tuenda
1298 784 1464 826 institutis,
1483 795 1602 818 nomen
1622 785 1762 826 dedisse,
1782 790 1814 818 et
1839 785 1901 819 hoc

1155 838 1222 881 ipso
1242 843 1389 881 tempore
1409 837 1503 870 etiam
1523 837 1612 870 dare.
1632 837 1732 880 Igitur
1748 839 1789 871 ob
1807 849 1901 882 prae-

1155 891 1249 924 missa
1276 892 1408 935 (quibus
1434 891 1530 924 etiam
1557 892 1752 925 recolendae
1779 903 1902 925 memo-

1156 944 1222 978 riae
1253 944 1462 977 Innocentius
1495 945 1579 988 Papa
1610 945 1677 977 xltl
1715 950 1902 979 antecessor

1155 1003 1287 1038 noster,
1315 998 1390 1041 qui,
1418 998 1494 1030 dum
1527 998 1748 1031 cardinalatus
1776 999 1901 1032 honore

1157 1051 1322 1094 fulgebat,
1344 1051 1499 1083 ecclesiae
1522 1052 1681 1084 Anximati
1708 1063 1743 1084 ex
1771 1062 1902 1085 conces-

1154 1104 1244 1137 sione
1271 1110 1303 1137 et
1328 1104 1571 1147 dispensatione
1598 1105 1787 1148 apostolicis
1812 1116 1904 1148 prae-

1157 1158 1229 1196 fuit,
1255 1163 1441 1200 permotus,
1469 1167 1505 1190 ex
1544 1164 1699 1200 paternae
1735 1158 1903 1191 charitatis

1154 1210 1321 1249 instinctu,
1337 1210 1548 1252 Cingulanam
1564 1210 1725 1243 civitatem
1742 1211 1903 1244 eiusdem-

1155 1274 1215 1306 que
1243 1263 1414 1296 ecclesiam
1452 1263 1586 1306 antiquo
1623 1263 1820 1307 episcopalis
1851 1275 1903 1297 ca-

1155 1317 1292 1349 thedrae
1316 1315 1458 1355 nomini,
1478 1326 1542 1349 non
1562 1317 1818 1360 superveniente
1837 1317 1901 1350 obi-

1156 1376 1198 1409 tu,
1227 1369 1439 1412 restituisset>
1458 1380 1518 1402 nos
1546 1369 1673 1413 utrique
1700 1380 1818 1403 nomen
1838 1370 1916 1410 hus
1945 1379 2058 1411 iic-«mmm
2073 1381 2097 1401 ui

1155 1423 1292 1457 iusmodi
1331 1423 1517 1464 restituere,
1556 1429 1588 1456 et
1619 1423 1733 1467 aequis
1765 1406 2042 1458 dilecto-'¹¹¹⁰br'ca'

1154 1488 1225 1510 rum
1264 1476 1404 1510 tiliorum
1438 1476 1582 1510 eiusdem
1621 1477 1748 1520 Cinguli
1785 1477 1901 1511 civium

1155 1531 1238 1565 votis
1260 1532 1456 1573 (accedente
1478 1532 1516 1564 ad
1544 1542 1581 1564 ea
1602 1542 1766 1564 consensu
1792 1532 1902 1565 dilecti

1154 1584 1211 1617 mii
1238 1584 1340 1617 nostri
1367 1583 1539 1626 Augustini
1565 1584 1596 1617 S.
1617 1584 1654 1617 R.
1674 1584 1708 1617 E.
1727 1584 1811 1619 tituli
1829 1596 1902 1618 san—

1155 1637 1196 1670 cti
1234 1636 1312 1670 Sixti
1354 1637 1536 1680 presbyteri
1578 1637 1752 1671 cardinalis
1791 1637 1901 1681 Pipiae

1154 1691 1344 1735 nuncupati,
1369 1691 1525 1724 ecclesiae
1545 1691 1724 1724 Auximatis
1752 1702 1788 1725 ex
1813 1691 1902 1725 simi-

1155 1745 1238 1778 libus
1263 1745 1478 1777 concessione
1497 1750 1528 1777 et
1549 1745 1798 1788 dispensatione
1816 1755 1902 1778 nunc

1154 1797 1316 1841 praesulis
1352 1797 1535 1840 existentis)
1562 1808 1706 1830 annuere
1738 1799 1899 1839 volentes,

1154 1862 1284 1895 eosque,
1300 1861 1427 1884 necnon
1446 1850 1583 1884 dilectos
1599 1851 1696 1884 etiam
1711 1851 1796 1884 filios
1811 1862 1902 1896 prae-

1154 1905 1311 1949 positum,
1332 1904 1656 1948 archipresbyterum
1675 1910 1707 1938 et
1724 1905 1899 1938 canonicos

1155 1958 1350 2001 praedictos,
1375 1957 1517 2001 illosque
1543 1963 1574 1990 et
1605 1958 1739 1991 illorum
1765 1957 1902 2001 quemli-

1153 2012 1219 2051 bet,
1238 2022 1254 2044 a
1273 2011 1439 2055 quibusvis
1459 2011 1818 2051 excommunicationis,
1833 2021 1902 2044 sus-

1155 2065 1321 2109 pensionis
1353 2070 1384 2097 ct
1409 2064 1597 2104 interdicti,
1624 2064 1762 2108 aliisque
1795 2065 1901 2098 eccle-

1154 2119 1290 2152 siasticis
1318 2117 1500 2157 sententiis,
1526 2118 1670 2151 censuris
1707 2124 1739 2151 et
1771 2118 1898 2162 poenis,

1154 2172 1178 2204 si
1193 2173 1311 2215 quibus
1327 2171 1576 2215 quomodolibet
1589 2171 1735 2204 innodati
1748 2171 1899 2213 existunt,

1154 2225 1192 2257 ad
1220 2224 1369 2257 ell'ectum
1388 2224 1611 2267 praesentium
1638 2230 1760 2257 tantum
1787 2234 1901 2257 conse-

1154 2279 1332 2321 quendum,
1360 2278 1472 2310 harum
1511 2278 1597 2310 serie
1630 2278 1837 2311 absolventes
1870 2283 1901 2310 et

1154 2333 1322 2364 absolutos
1342 2331 1410 2364 sore
1429 2337 1602 2364 censentes
1618 2358 1626 2372 ,
1649 2337 1735 2364 motu
1753 2330 1898 2375 proprio,

1155 2395 1218 2417 non
1241 2385 1279 2417 ad
1306 2384 1442 2417 alicuius
1462 2384 1554 2417 uobis
1574 2395 1674 2427 super
1692 2384 1753 2417 hoc
1770 2384 1897 2417 oblatae

1155 2437 1321 2481 petitionis
1340 2437 1538 2478 instantiam,
1559 2438 1615 2470 sed
1635 2448 1670 2470 ex
1689 2439 1776 2470 certa
1793 2437 1899 2469 seien-

1155 2492 1196 2524 tia
1221 2494 1376 2534 moraque
1410 2491 1649 2524 deliberati0ne
1684 2491 1789 2533 deque
1822 2500 1899 2534 apo-

1153 2545 1289 2577 stolicae
1328 2544 1498 2587 potestatis
1535 2543 1736 2587 plenitudine
1762 2543 1894 2583 nostris,

1153 2598 1321 2639 Cingulum
1370 2597 1469 2630 veteri
1519 2596 1698 2641 episcopali
1740 2596 1897 2640 dignitate
