2170 3147
0 177 36 200 tn.
55 171 82 199 C.
101 170 167 198 1728

35 807 162 829 nectantur

0 834 364 891 fissssts⁶÷⁶¹¹e⁵l¹525iuscumque
389 848 498 882 status,
518 843 646 885 gradus,
665 843 802 883 ordinis,
822 852 912 885 prae-

0 886 162 936 ἶὲιῗῗηεζῖωἷὲἒῗ

0 939 18 961 nt
31 966 36 970 .
49 938 163 966 praedictis

0 965 93 1012 ffi,flbuua⁵m
102 970 152 1018 Ρῗξὲ
156 977 162 1007 ἱ

0 1019 86 1039 nerunt.

6 2488 117 2513 clausulae
125 2496 162 2518 pe·

0 2516 78 2539 illatos.

775 167 966 191 BENEDICTL'S
991 166 1049 190 xm
1072 165 1121 190 1³1³.

177 218 286 252 omnia
311 223 343 250 et
367 217 502 259 singula,
528 222 635 256 motu,
661 215 809 256 scientia,
837 215 912 249 deli-

175 269 343 304 beratione
368 275 399 302 et
423 268 589 312 potestatis
622 268 823 312 plenitudine
855 279 910 311 pa-

175 322 284 364 ribus,
317 322 432 355 barum
459 321 543 354 serie
570 322 775 360 damnamus,
801 331 912 363 repro-

175 376 287 408 bamus
308 402 314 415 ,
342 384 530 407 revocamus
550 400 556 413 ,
582 384 744 406 cassamus
763 401 770 414 ,
806 373 911 405 irrita-

173 433 255 464 mus,
282 423 485 456 annullamus
512 428 544 455 et
569 422 746 461 abolemus,
774 421 911 454 viribus-

174 486 237 520 que
263 481 293 508 et
319 474 435 508 effectu
460 475 588 518 penitus
626 480 655 507 et
692 474 825 507 omnino
859 484 911 507 va·

173 538 324 567 mamus,
353 538 389 560 ac
413 538 472 570 pro
499 528 681 566 damnatis,
710 526 909 570 reprobatis,

173 580 332 614 revocatis
350 607 357 619 ,
385 580 542 620 cassatis,
568 579 687 619 irritis,
712 579 831 618 nullis,
862 579 910 610 in·

173 633 287 667 'validis
315 638 346 666 et
370 632 516 673 abolitis,
538 631 728 674 iuribusque
747 635 778 664 et
796 630 910 664 ess’ectu

173 685 303 730 penitus
329 691 360 718 et
385 684 520 718 omnino
545 683 674 724 vacuis,
700 693 830 726 semper
854 683 911 716 ha-

172 739 243 774 beri
266 739 412 772 volumus
439 742 470 771 et
495 737 698 770 mandamus.

216 792 231 835 ς
256 791 287 825 3.
314 791 362 824 Ad
387 791 469 824 haec
493 800 604 824 omnes
630 794 661 823 et
680 789 836 832 singulos,
857 799 911 821 cu-

174 896 371 930 eminentiae
405 902 436 928 et
472 895 636 938 dignitatis
671 894 911 928 ecclesiasticae

173 952 205 983 et
228 948 389 982 facultatis
415 949 536 980 suerint
555 974 562 988 ,
587 948 641 990 qui
666 947 814 980 novellae
845 946 911 989 legi

173 1012 227 1035 seu
262 1001 486 1034 constitutioni
523 1011 558 1033 ac
590 1000 734 1043 quinque
770 1000 913 1032 articulis

173 1054 361 1089 huiusmodi
388 1054 674 1097 subscripserunt,
701 1055 766 1087 sive
782 1054 911 1087 illorum

173 1107 420 1145 executionem,
446 1106 711 1150 publicationem,
737 1106 914 1140 intimatio-

171 1171 246 1195 nem
280 1171 317 1194 ac
341 1160 632 1194 denunciationem
658 1160 857 1193 mandarunt
883 1166 914 1192 et

170 1213 390 1255 ordinarunt,
416 1214 532 1246 illosve
558 1214 683 1247 executi
719 1218 818 1254 sunt,
855 1223 914 1256 pu.

171 1267 359 1307 blicarunt,
384 1267 577 1300 intimarunt
602 1272 634 1300 et
660 1267 911 1307 denunciarunt,

172 1321 220 1354 vel
246 1320 278 1353 in
304 1320 350 1354 eis
368 1321 552 1360 consilium,
575 1320 740 1359 auxilium,
758 1320 913 1362 savorem,

170 1374 221 1407 vel
245 1373 391 1417 quamvis
415 1374 509 1406 aliam
536 1373 752 1406 damnabilem
778 1383 910 1416 operam

170 1426 426 1471 praestiterunt,
453 1436 605 1458 censuras
631 1435 744 1459 omnes
763 1425 911 1459 ecclesia-

170 1479 267 1512 sticas
304 1489 321 1512 a
352 1479 451 1512 sacris
488 1478 668 1512 canonibus
704 1478 909 1521 generalium

171 1531 387 1565 conciliorum
414 1532 551 1565 decretis
568 1541 604 1564 ac
621 1531 808 1574 apostolicis
833 1541 909 1564 con-

170 1584 393 1618 stitutionibus
427 1591 537 1617 contra
566 1585 684 1617 similia
715 1590 908 1627 perpetran-

169 1642 217 1672 tes
237 1638 317 1671 latas
333 1642 365 1670 et
382 1636 528 1678 inflictas,
549 1637 812 1681 archiepiscopos
831 1648 906 1671 vero

171 1696 202 1726 et
226 1691 400 1735 episcopos
425 1690 458 1723 in
484 1691 669 1733 praemissis
703 1690 908 1734 quomodoli-

170 1744 226 1778 bet
249 1744 431 1788 culpabiles
463 1743 682 1786 suspensionis
715 1754 732 1776 a
767 1744 904 1784 divinis,

170 1797 324 1830 exercitio
348 1796 583 1840 pontificalium
608 1807 787 1840 eorumque
811 1796 903 1830 iuris-

171 1849 336 1890 dictionis,
363 1855 394 1882 et
417 1849 579 1883 interdicti
616 1850 654 1882 ab
680 1849 829 1892 ingressu
855 1860 906 1882 ec-

172 1902 270 1936 lesiae
294 1912 416 1946 poenas
442 1913 480 1936 eo
508 1902 577 1946 ipso
609 1902 783 1936 incurrisse
801 1930 808 1943 ,
846 1913 906 1937 nec

174 1964 230 1988 eos
254 1965 273 1987 a
291 1955 436 1987 censuris
455 1959 487 1987 et
502 1955 597 1997 penis
616 1955 814 1996 huiusmodi,
831 1961 907 1999 post

173 2007 314 2041 debitam
336 2012 368 2040 et
384 2008 579 2050 condignam
596 2008 757 2042 Ecclesiae
774 2009 907 2042 realiter

175 2065 206 2094 et
229 2070 300 2093 cum
317 2058 432 2093 effectu
446 2060 632 2103 praestitam
645 2061 904 2102 satisfactionem,

174 2123 191 2146 a
216 2121 376 2156 quoquam
393 2138 400 2152 ,
424 2112 485 2145 nisi
510 2123 528 2145 a
550 2113 644 2146 nobis
670 2123 726 2146 seu
759 2113 904 2148 Romano

172 2165 328 2198 Pontifice
352 2174 411 2208 pro
436 2170 583 2208 tempore
609 2165 764 2199 existente
790 2167 906 2210 (prae-

173 2222 320 2261 terquam
344 2217 377 2249 in
402 2217 513 2251 mortis
533 2218 678 2259 articulo,
697 2223 727 2252 et
743 2224 817 2252 tunc
834 2230 905 2253 cum

173 2270 387 2304 reincidentia
411 2271 444 2303 in
469 2271 598 2304 easdem
616 2281 768 2305 censuras
786 2277 818 2306 et
835 2283 907 2316 poe-

172 2334 230 2357 nas
257 2334 294 2358 eo
319 2324 390 2367 ipso
415 2334 479 2367 quo
506 2325 758 2369 convaluerint)
785 2325 907 2360 absolvi

173 2382 206 2411 et
228 2376 359 2410 liberari
384 2386 481 2420 posse
507 2383 562 2410 aut
582 2378 707 2419 valere,
725 2378 840 2412 harum
858 2390 908 2413 se-

171 2430 218 2464 rie
244 2430 411 2464 statuimus
436 2440 472 2463 ac
495 2430 606 2464 itidem
632 2432 846 2466 declaramus.

215 2484 230 2527 g
253 2483 285 2516 4.
311 2483 538 2523 Decernentes,
561 2484 690 2517 easdem
715 2491 906 2528 praesentes

171 2537 294 2572 litteras
319 2541 351 2570 et
370 2536 403 2569 in
428 2537 473 2570 eis
494 2542 647 2571 contenta
671 2548 906 2583 quaecumque,

257 2598 336 2629 Bull.
356 2598 444 2629 Rom.
461 2613 495 2621 —
513 2599 576 2629 Vol.
599 2599 693 2631 XXII.
836 2600 870 2629 92

956 215 1051 248 etiam
1079 225 1114 247 ex
1142 225 1180 247 eo
1208 214 1294 257 quod
1319 213 1463 257 praefati
1490 217 1520 245 et
1546 212 1598 244 alii
1631 211 1699 254 qui-

955 277 1092 310 cumque
1120 268 1152 299 in
1179 266 1367 310 praemissis
1398 266 1463 298 sive
1495 275 1609 297 eorum
1643 264 1699 296 ali-

955 331 1018 363 quo
1041 321 1089 353 ius
1114 321 1164 353 vel
1190 320 1350 352 iuteresse
1377 319 1537 352 habentes
1559 328 1615 350 seu
1643 318 1698 350 lia-

954 373 1031 405 bere
1051 372 1299 416 quomodolibet
1316 371 1581 414 praetendentes,
1599 370 1699 403 cuius-

954 426 1000 458 vis
1025 431 1139 464 status,
1163 425 1290 467 gradus
1310 425 1445 464 ordinis,
1469 423 1698 467 praeeminen-

954 477 1016 509 tiae
1054 483 1086 510 et
1122 477 1289 519 dignitatis
1328 477 1487 517 existant,
1524 487 1581 509 seu
1619 476 1696 509 alias

954 529 1106 572 specifica
1133 535 1164 562 et
1190 529 1355 562 individua
1381 529 1549 562 mentione
1582 535 1613 562 et
1645 539 1698 562 cx-

954 582 1124 624 pressione
1151 582 1255 624 digni,
1283 582 1346 615 illis
1372 592 1436 615 non
1462 582 1697 623 consenserint,

955 644 1013 667 nec
1040 635 1078 666 ad
1105 645 1143 667 ea
1167 634 1280 675 vocati,
1313 635 1401 667 citati
1425 639 1457 667 et
1481 633 1592 674 auditi,
1626 644 1697 667 eau-

955 696 1086 729 saeque,
1109 692 1245 730 propter
1266 696 1347 730 quas
1366 691 1556 730 praesentes
1575 696 1698 719 emana-

955 738 1026 777 rint,
1047 737 1244 772 sufficienter
1262 739 1436 779 adductae,
1457 740 1640 773 verificatae
1666 745 1698 772 et

954 790 1144 824 iustificatae
1166 802 1230 825 non
1256 792 1383 832 suerint,
1403 798 1457 825 aut
1483 802 1518 824 ex
1538 792 1598 825 alia
1624 803 1697 835 qua-

954 844 1034 877 libet
1058 844 1154 876 etiam
1180 845 1386 887 quantumvis
1412 844 1547 877 iuridica
1575 850 1606 877 et
1631 845 1697 888 pri-

953 895 1103 939 vilegiata
1129 898 1236 936 causa,
1254 897 1378 937 colore,
1397 902 1567 941 praetextu
1593 903 1624 930 et
1649 907 1698 930 ca-

954 948 1038 992 pite,
1076 948 1172 982 etiam
1208 949 1241 981 in
1279 958 1416 992 corpore
1454 949 1531 982 iuris
1568 950 1695 990 clauso,

956 1001 1052 1034 etiam
1078 1002 1233 1042 enormis,
1261 1001 1506 1035 enormissimae
1532 1008 1564 1036 et
1588 1003 1696 1036 totalis

955 1053 1121 1095 laesionis,
1140 1054 1229 1087 nullo
1247 1064 1388 1098 unquam
1405 1060 1553 1099 tempore
1570 1056 1608 1089 de
1623 1055 1698 1088 sub-

956 1107 1114 1152 reptionis
1140 1109 1187 1141 rel
1214 1108 1418 1152 obreptionis
1451 1114 1505 1142 aut
1537 1109 1695 1143 nullitatis

957 1161 1044 1202 vitio,
1071 1171 1127 1194 seu
1154 1161 1345 1194 intentionis
1369 1168 1514 1202 nostrae,
1539 1164 1588 1196 vel
1614 1163 1697 1196 inte-

957 1223 1044 1246 resse
1062 1213 1254 1246 habentium
1272 1216 1464 1254 conseiissl5‚
1486 1215 1590 1249 aliove
1617 1227 1697 1259 quo-

958 1266 1037 1299 libet
1061 1267 1158 1300 etiam
1191 1268 1398 1310 quantumvis
1423 1278 1540 1312 magno
1566 1275 1597 1302 et
1623 1270 1697 1303 sub-

956 1319 1099 1353 stantiali
1132 1330 1168 1353 ac
1192 1320 1369 1363 incogitato
1397 1327 1429 1354 et
1454 1322 1695 1364 inexcogitabili

955 1372 1082 1405 defectu
1108 1373 1225 1413 notari,
1251 1374 1445 1417 impugnari,
1470 1374 1618 1418 infringi,
1645 1386 1696 1409 re-

954 1425 1094 1465 tractari,
1112 1426 1145 1458 in
1162 1428 1415 1460 controversiam
1440 1428 1559 1467 vocari,
1582 1433 1637 1461 aut
1655 1429 1693 1462 ad

953 1479 1110 1512 terminos
1128 1479 1208 1512 iuris
1227 1481 1352 1520 reduci,
1376 1490 1432 1514 seu
1450 1481 1604 1515 adversus
1623 1481 1695 1515 illas

951 1531 1141 1574 aperitionis
1176 1534 1260 1573 oris,
1295 1533 1512 1567 restitutionis
1549 1534 1582 1566 in
1611 1534 1694 1568 inte-

950 1595 1057 1627 grum,
1085 1585 1212 1619 aliudve
1250 1587 1479 1630 quodcumque
1506 1587 1594 1628 iuris,
1618 1588 1693 1620 facti

950 1638 1000 1670 vel
1026 1638 1149 1680 gratiae
1175 1638 1356 1672 remedium
1382 1639 1536 1673 intentari
1562 1641 1612 1674 vel
1633 1641 1694 1674 im-

949 1692 1079 1733 petrari,
1107 1696 1162 1724 aut
1186 1691 1369 1735 impetrato,
1388 1703 1443 1726 seu
1466 1692 1564 1726 etiam
1589 1700 1691 1734 motu,

949 1743 1086 1776 scientia
1104 1749 1136 1777 et
1149 1746 1323 1788 potestatis
1337 1746 1544 1789 plenitudine
1560 1747 1693 1790 paribus

948 1806 1104 1830 concesso
1129 1799 1179 1831 vel
1197 1804 1357 1839 emanato,
1377 1799 1561 1842 quempiam
1587 1799 1620 1832 in
1646 1800 1692 1832 iu-

948 1850 1032 1884 dicio
1058 1852 1107 1884 vel
1139 1855 1229 1885 extra
1254 1851 1333 1885 illud
1366 1853 1411 1885 uti
1437 1863 1492 1886 seu
1520 1863 1554 1886 se
1580 1853 1691 1888 iuvare

948 1904 1016 1937 ullo
1041 1905 1138 1938 modo
1160 1915 1259 1948 posse
1275 1931 1282 1945 ,
1307 1905 1364 1938 sed
1390 1906 1475 1949 ipsas
1500 1911 1691 1949 praesentes

948 1957 1071 1990 litteras
1096 1968 1225 2001 semper
1251 1958 1367 1999 firmas,
1388 1959 1508 1992 validas
1533 1965 1565 1993 ct
1589 1960 1692 1993 effica-

948 2020 1001 2044 ces
1027 2011 1168 2044 existere
1193 2015 1224 2044 et
1248 2011 1329 2052 sore,
1352 2022 1495 2056 suosque
1522 2013 1689 2055 plenarios

949 2068 980 2096 et
997 2063 1142 2106 integros
1157 2062 1288 2097 effectus
1305 2065 1418 2097 sortiri
1433 2070 1464 2098 et
1481 2065 1640 2106 obtinere,
1656 2076 1691 2099 ac

949 2115 1005 2148 ab'
1024 2116 1100 2157 illis,
1120 2117 1159 2149 ad
1175 2127 1254 2160 quos
1273 2122 1400 2160 spectat
1420 2122 1450 2150 et
1468 2128 1528 2160 pro
1544 2122 1690 2161 tempore

949 2168 1221 2212 quandocumque
1256 2170 1427 2213 spectabit,
1461 2170 1692 2204 inviolabiliter

949 2226 980 2254 et
1004 2222 1194 2255 inconcusse
1220 2223 1406 2265 observari,
1432 2223 1544 2266 sicque
1570 2229 1600 2256 et
1624 2235 1690 2258 non

949 2273 1042 2307 aliter
1077 2275 1111 2307 in
1147 2275 1335 2318 praemissis
1371 2287 1431 2319 per
1467 2287 1688 2320 quoscumque

950 2326 1072 2360 iudices
1105 2327 1287 2362 ordinarios
1320 2334 1352 2362 et
1385 2329 1570 2371 delegatos,
1593 2330 1689 2363 etiam

950 2389 1117 2412 causarum
1135 2380 1244 2423 palatii
1261 2381 1432 2425 apostolici
1454 2382 1631 2423 auditoreS,
1659 2389 1691 2416 et

949 2432 980 2465 S.
1000 2431 1038 2465 R.
1057 2431 1091 2465 E.
1112 2433 1303 2473 cardinales,
1330 2435 1426 2467 etiam
1452 2435 1491 2468 de
1516 2435 1618 2468 latere
1644 2436 1689 2468 le-

949 2489 1050 2527 gatos,
1069 2489 1101 2518 et
1120 2484 1265 2518 eiusdem
1282 2485 1374 2519 Sedis
1391 2488 1538 2528 nuncios,
1565 2488 1686 2521 aliosve

986 2549 997 2575 1
1020 2545 1184 2575 particulam
1203 2547 1237 2575 ab
1256 2555 1305 2577 nos
1324 2547 1449 2577 addimus
1471 2550 1507 2586 (a.
1523 2550 1571 2583 τ.).

1602 154 1665 187 7⁶29
1711 164 1759 189 An.
1782 163 1809 189 c.
1828 163 1894 189 im
