2170 3147
225 156 276 183 An.
297 155 325 184 C.
345 155 413 182 ¹728
460 145 523 180 736

229 2288 239 2301 ll

254 2228 303 2247 tiam
322 2227 341 2247 in
361 2232 409 2247 eau-

228 2261 255 2273 11.
280 2260 365 2274 atltiultfl
391 2262 400 2274 C

243 2281 305 2301 nris.

416 206 543 238 nalatus
584 205 731 244 honore,
770 215 806 237 ac
842 203 1070 247 patriarchali,
1113 213 1162 235 ar-

416 258 654 302 chiepiscopali
682 264 711 290 et
739 256 921 301 episcopali
948 255 1162 299 dignitatibus

417 313 587 355 fulgentes,
615 310 710 343 etiam
737 321 796 353 per
821 309 903 342 viam
921 309 1159 352 inquisitionis,

417 372 472 398 aut
502 376 537 397 ex
571 363 696 402 ostie-io,
733 369 787 396 aut
820 362 999 406 apostolica
1032 362 1161 404 delega-

418 419 518 457 tione,
546 418 594 450 vcl
622 416 700 449 alias
725 416 977 459 quomodolibet
1002 420 1105 448 motas
1132 421 1184 447 etv

417 470 592 504 movendas
618 470 669 511 (ac
688 469 782 502 etiam
805 479 896 512 quae,
923 479 981 512 per
1001 468 1084 501 viam
1106 478 1161 511 ap-

418 523 608 567 pellationis
642 534 659 555 a
696 523 867 556 sententiis
905 522 1079 555 definitivis
1112 522 1159 554 vel

418 575 677 610 interlocutoriis
717 575 780 608 vini
813 574 997 608 definitivae
1035 575 1160 608 haben-

419 629 514 669 tibus,
541 639 598 672 per
623 638 845 671 quoscumque
879 628 1002 660 iudices
1029 627 1161 660 ordina-

418 683 485 715 rios
511 683 559 715 vel
583 681 753 724 delegatos
770 691 806 714 ac
824 681 919 714 etiam
941 680 1045 713 dictae
1070 679 1161 713 Sedis

418 737 544 778 legatos
578 735 627 768 vel
658 733 795 767 nuncios
825 743 883 777 pro
916 740 1062 777 tempore
1087 732 1161 766 latis

418 795 449 822 et
482 788 715 833 promulgatis,
743 788 781 820 ad
807 786 923 820 Sedem
961 786 1183 830 praedictam]

417 854 476 886 pro
504 849 651 885 tempore
676 841 900 885 interpositae,
927 850 984 873 seu
1004 841 1159 873 reclama—

418 895 514 929 tionis
532 894 710 935 iudicialis,
728 899 782 927 aut
800 893 968 933 nullitatis,
987 893 1026 926 ad
1044 893 1160 926 Sedent

418 949 565 982 eamdem
591 954 726 982 eatenus
749 948 919 981 devolutae
937 951 1039 986 erant,
1061 947 1110 979 vel
1128 946 1161 978 in

418 1007 586 1045 posterum
624 1001 897 1040 devolverentur,
932 1000 1014 1032 itaut
1045 1009 1160 1032 causae

418 1054 675 1098 appellationum
708 1053 897 1087 huiusmodi
934 1063 992 1096 per
1017 1063 1089 1085 eum
1114 1063 1162 1085 so·

419 1109 487 1141 lum
524 1109 703 1150 cognosci,
744 1117 805 1140 nee
842 1106 936 1139 alteri
953 1106 971 1146 ¹,
1010 1105 1071 1138 nisi
1104 1115 1162 1148 per

418 1159 684 1193 commissionem
706 1159 738 1191 in
761 1158 927 1201 signatura
953 1159 1087 1201 gratiae,
1109 1168 1162 1190 vo-

419 1218 490 1247 cato
510 1213 581 1256 ipso
599 1213 756 1252 auditore,
779 1212 990 1255 propositam,
1013 1217 1044 1244 et
1064 1221 1161 1244 manu

419 1266 568 1299 eiusdem
599 1265 677 1299 Sixti
698 1265 962 1308 praedecessoris
992 1265 1161 1307 signatam,

419 1318 577 1352 committi
593 1319 747 1362 possent)
767 1317 955 1358 summarie,
970 1317 1162 1361 simpliciter

421 1378 452 1405 et
478 1373 516 1405 de
543 1372 650 1415 plano,
677 1371 748 1404 sine
774 1371 910 1414 strepitu
933 1376 965 1404 et
989 1370 1091 1413 figura
1115 1370 1163 1402 iu-

421 1425 517 1466 dicii,
542 1426 612 1458 sota
642 1428 777 1458 veritate
814 1424 981 1467 inspecta,
1010 1429 1041 1457 et
1064 1434 1161 1456 manu

421 1479 521 1522 regia,
554 1488 590 1511 ac
619 1478 764 1511 terminis
789 1477 1080 1517 substantialibus,
1107 1478 1161 1521 qui

421 1532 461 1565 de
487 1532 569 1575 stylo
605 1542 661 1564 seu
699 1531 906 1564 ordinatione
938 1530 1048 1573 palatii
1085 1541 1163 1574 apo-

421 1585 526 1618 stolici
553 1584 722 1618 observari
749 1588 1004 1624 consueverant,
1033 1584 1162 1627 penitus

421 1638 558 1678 omissis,
585 1648 621 1671 ae
647 1638 742 1670 etiam
769 1636 936 1680 quibusvis
969 1637 1163 1680 appellatio-

421 1690 529 1731 nibus,
546 1690 753 1724 nullitatibus
772 1695 805 1723 et
821 1690 893 1722 aliis
912 1689 1054 1732 diffugiis
1071 1700 1163 1732 pror-

422 1755 475 1777 sus
501 1744 653 1783 semotis,
686 1742 914 1786 procedendo,
941 1744 1006 1774 una
1031 1752 1103 1775 cum
1129 1753 1162 1776 o-

420 1796 550 1829 mnibus
576 1802 608 1829 et
631 1795 769 1838 singulis
806 1805 917 1828 earum
953 1794 1161 1835 incidentiis,

421 1849 672 1893 dependentiis,
704 1848 930 1892 emergentiis,
964 1849 1099 1881 annexis
1130 1854 1162 1882 et

421 1903 594 1941 connexis,
622 1914 658 1935 ac
684 1903 780 1936 etiam
808 1907 875 1935 toto
909 1902 1048 1945 negocio
1073 1902 1160 1946 prin-

421 1956 529 1999 cipali,
547 1955 711 1995 audiendi,
730 1955 962 1997 cognoscendi,
980 1955 1161 1995 decidendi,

420 2009 549 2052 fineque
577 2009 688 2042 debito
724 2008 936 2048 terminandi,
969 2008 1066 2041 etiam
1097 2008 1162 2041 sin-

420 2061 502 2104 gulis
528 2061 642 2094 diebus
679 2067 711 2094 et
746 2060 834 2094 lioris
868 2060 990 2094 seriatis
1028 2066 1060 2093 et
1096 2071 1161 2094 non

421 2114 560 2155 seriatis,
588 2120 816 2158 praeterquam
849 2115 880 2147 in
919 2115 1079 2148 honorem
1104 2114 1160 2148 Dei

422 2168 562 2208 seriatis,

405 2257 411 2273 ι
465 2221 479 2264 ξ
503 2221 535 2254 4.
564 2220 629 2255 Nee
654 2232 720 2254 non
745 2232 843 2265 super
863 2221 1015 2256 omnibus
1042 2226 1073 2255 et
1101 2222 1162 2255 sin-

422 2275 504 2317 gulis
529 2275 744 2315 conlidentiis,
768 2276 866 2309 etiam
885 2276 1026 2319 aliquam
1045 2276 1161 2320 depen-

422 2327 563 2360 dentiam
577 2329 626 2361 vel
642 2328 883 2362 connexitatem
895 2340 968 2362 cum
983 2329 1161 2363 simoniaca

421 2381 469 2413 vel
496 2381 558 2413 alia
583 2381 860 2425 illicitapactione
880 2382 1088 2423 habentibus,
1104 2393 1159 2416 seu

422 2432 528 2465 mixtis
567 2433 764 2476 huiusmodi,
808 2435 973 2479 rebusque
1009 2435 1160 2469 omnibus

421 2548 428 2584 (
458 2505 468 2530 1
489 2503 611 2581 P)essitne
627 2505 671 2533 ed.
688 2505 767 2535 Main.
785 2505 849 2542 legit
865 2507 990 2536 alterari
1006 2515 1054 2542 pro
1071 2506 1161 2535 alteri

436 2555 461 2575 a.
478 2554 503 2575 T.
521 2569 526 2575 .

1000 153 1181 179 BULLARIUM
1205 153 1362 178 ROMANL'M

1205 200 1281 235 inde
1299 202 1548 243 resultantibus,
1570 207 1633 235 tam
1659 202 1697 235 ad
1723 202 1948 246 procuratoris

1205 255 1321 289 fiscalis
1340 257 1625 290 denunciationem
1644 262 1675 290 et
1691 256 1947 300 promotionem,

1205 320 1299 353 quam
1327 309 1423 342 etiam
1449 310 1590 353 partium
1616 311 1866 351 accusationem,
1889 320 1946 343 seu

1205 373 1242 395 ex
1268 372 1358 395 mero
1385 362 1512 402 officio,
1539 362 1748 406 inquirendi·,
1776 373 1889 396 omnes
1916 368 1947 395 et

1205 415 1349 457 singulas
1375 415 1560 448 huiusmodi
1580 415 1841 449 confidentialem
1861 420 1892 449 et
1905 416 1947 448 si-

1205 467 1387 501 moniacam
1408 467 1599 511 pravitatem
1617 469 1667 501 vel
1686 468 1830 511 quamvis
1851 468 1947 501 aliam

1205 519 1352 553 illicitam
1370 519 1553 564 pactionem
1568 520 1801 561 inducentium,
1817 531 1873 554 seu
1891 520 1948 554 ali-

1205 583 1301 616 quam
1332 573 1586 617 dependentiam
1620 574 1669 607 vel
1703 574 1947 607 connexitatem

1206 625 1417 666 habentium,
1459 636 1638 670 rerumque
1679 626 1825 660 omnium
1871 626 1948 660 inde

1205 679 1433 713 resultantium
1469 690 1604 719 causas,
1635 689 1744 712 coram
1779 679 1947 723 quibusvis

1205 732 1379 771 iudicibus,
1407 733 1504 765 etiam
1535 731 1648 775 palatii
1675 731 1847 775 apostolici
1872 742 1947 765 eau-

1205 795 1309 818 sarum
1346 784 1567 824 auditoribus,
1604 784 1689 817 inter
1726 795 1948 829 quascumque

1205 848 1363 881 personas
1390 842 1494 870 motas
1519 843 1550 870 et
1571 837 1766 878 movendas,
1793 837 1831 869 ad
1857 847 1890 870 se
1917 842 1949 869 et

1204 902 1297 924 suum
1324 891 1467 924 tribunal
1505 891 1672 930 avocandi,
1706 901 1742 924 ac
1767 901 1880 924 omnes
1915 895 1948 923 et

1205 945 1352 987 singulos
1374 944 1533 978 dictarum
1560 943 1832 977 confidentiartnn
1853 948 1885 977 et
1905 944 1947 977 si-

1205 998 1388 1031 moniarum
1410 1002 1575 1037 auctores,
1603 997 1851 1038 machinatores,
1870 1007 1948 1031 con-

1206 1051 1330 1092 socios,
1359 1051 1554 1095 complices,
1586 1056 1618 1083 et
1642 1051 1733 1091 alios,
1759 1061 1838 1095 quos
1864 1061 1946 1094 opus

1206 1110 1305 1144 esset,
1343 1115 1378 1138 ac
1415 1114 1473 1137 sua
1507 1104 1758 1147 quomodolibet
1784 1104 1947 1137 interesse

1206 1162 1366 1200 putantes,
1393 1157 1489 1190 etiam
1514 1167 1573 1200 per
1599 1157 1739 1190 edictum
1764 1157 1944 1201 publicum,

1206 1210 1230 1242 si
1258 1210 1297 1243 ad
1324 1221 1380 1243 eos
1407 1215 1494 1242 tutus
1526 1220 1592 1243 non
1625 1214 1752 1253 pateret
1777 1220 1946 1249 accessus,

1206 1263 1343 1303 citandi;
1363 1269 1403 1303 et,
1422 1263 1565 1296 constito
1584 1262 1658 1303 sibi,
1679 1268 1835 1307 quantum
1859 1262 1947 1295 suffi-

1206 1327 1280 1350 cere
1307 1316 1480 1357 videretur,
1507 1317 1547 1350 de
1572 1316 1712 1357 indiciis,
1732 1317 1771 1350 ad
1789 1326 1947 1360 persona·

1206 1370 1280 1404 liter
1304 1371 1354 1403 vel
1380 1370 1461 1403 alias
1494 1370 1640 1414 legitime
1672 1370 1945 1414 comparendum,

1206 1424 1265 1456 sub
1291 1423 1641 1457 excommunicationis
1668 1424 1805 1467 aliisque
1846 1425 1948 1458 eecle-

1207 1478 1345 1511 siasticis
1371 1477 1553 1518 sententiis,
1579 1477 1726 1511 censuris
1762 1482 1794 1511 et
1818 1477 1946 1521 poenis,

1207 1541 1241 1564 ac
1274 1530 1467 1574 privationis
1505 1531 1649 1564 omnium
1683 1537 1714 1564 et
1744 1531 1947 1574 singulorum

1207 1584 1442 1617 beneficiorum
1469 1590 1501 1617 et
1526 1584 1708 1617 officiorum
1732 1594 1792 1627 per
1817 1594 1874 1618 eos
1891 1584 1949 1617 ob·

1208 1642 1382 1677 tentorum,
1409 1647 1446 1670 ac
1470 1636 1687 1670 inhabilitatis
1701 1637 1741 1670 ad
1761 1637 1817 1670 illa
1838 1641 1869 1670 et
1886 1637 1949 1670 alia

1207 1700 1429 1733 quaecumque
1448 1690 1661 1733 imposterum
1679 1690 1868 1730 obtinenda,
1886 1700 1948 1724 nec

1206 1752 1272 1775 non
1296 1742 1493 1786 pecuniariis
1530 1743 1668 1787 aliisque
1704 1742 1772 1776 eius
1798 1742 1945 1783 arbitrio,

1207 1796 1323 1836 etiam,
1351 1795 1438 1828 iuxta
1469 1796 1700 1829 demeritorum
1733 1796 1946 1839 exigentiam,

1206 1849 1353 1892 corporis
1394 1849 1550 1882 asssictivis
1594 1849 1728 1892 poenis,
1769 1849 1945 1890 monendi;

1206 1903 1318 1946 eisque
1345 1913 1381 1936 ac
1407 1902 1571 1946 quibusvis
1606 1902 1769 1935 iudicibus
1802 1908 1867 1936 tam
1897 1913 1948 1936 or-

1207 1955 1341 1988 dinariis
1366 1966 1461 1999 quam
1481 1955 1725 1997 commissariis,
1751 1956 1846 1989 etiam
1872 1965 1948 2000 qua-

1206 2019 1344 2052 cumque
1370 2008 1566 2042 auctoritate
1592 2009 1804 2052 fungentibus
1830 2015 1861 2042 et
1877 2010 1948 2042 sun-

1206 2062 1316 2103 eturis,
1342 2063 1401 2095 sub
1420 2062 1580 2096 similibus
1598 2063 1783 2103 sententiis,
1802 2063 1947 2097 censuris

1206 2122 1238 2150 et
1272 2115 1410 2160 poenis,
1448 2120 1509 2149 tam
1541 2115 1573 2148 in
1607 2115 1690 2149 dicta
1721 2115 1815 2149 Curia
1851 2126 1946 2159 quam

1207 2175 1296 2203 extra
1322 2179 1391 2202 eam
1417 2169 1559 2202 ubilibet
1584 2168 1775 2209 inliil)endi;
1796 2168 1947 2202 detinen-

1207 2229 1251 2256 tes
1277 2233 1502 2266 quoseumque
1521 2222 1634 2262 libros,
1653 2223 1844 2266 scripturas,
1865 2233 1947 2257 com-

1205 2282 1293 2321 puta,
1330 2277 1547 2309 instrumenta
1581 2282 1612 2309 et
1643 2277 1706 2310 alia
1749 2276 1947 2310 documenta

1205 2330 1337 2374 publica
1362 2335 1393 2363 et
1417 2329 1564 2373 privata,
1590 2330 1752 2363 dictarum
1778 2330 1947 2364 confiden-

1206 2384 1321 2417 tiarum
1347 2393 1472 2424 causas,
1499 2382 1604 2423 etiam,
1630 2388 1665 2416 ut
1689 2383 1946 2426 praeferebatur,

1204 2436 1332 2477 mixtas,
1359 2435 1608 2480 quomodolibet
1631 2436 1882 2476 concernentia,
1907 2436 1945 2469 ad

1204 2489 1260 2524 illa
1285 2488 1479 2529 exhibenda,
1497 2498 1558 2522 nec
1575 2498 1641 2522 non
1662 2488 1828 2532 quoslibet
1846 2494 1944 2522 testes

1205 2543 1243 2576 ad
1269 2553 1303 2578 se
1329 2542 1468 2578 examini
1494 2541 1753 2583 subiiciendum,
1791 2552 1828 2576 ac
1866 2541 1944 2575 veri-

1954 153 2005 180 An.
2027 154 2056 181 C.
2074 153 2139 183 ¹728
