2170 3147
1 187 49 213 ΑΒ.
70 183 98 212 C.
113 183 185 211 1726

41 2571 188 2600 Reprobantur

780 182 973 207 BENEDICTUS
998 183 1053 206 xm
1079 183 1126 206 I'P.

194 232 271 265 teris
310 241 375 264 non
410 232 455 264 ita
492 231 619 274 pridem
655 231 931 270 intellexerimus,

192 285 457 318 constitutionem
487 294 545 327 pro
571 284 811 317 ecclesiasticae
837 284 931 316 disci-

192 338 300 381 plinae
326 337 358 369 in
384 337 505 370 eisdem
540 336 649 379 regnis
682 336 929 369 conservatione

193 396 224 424 et
248 390 483 423 instauratione
517 399 533 421 a
566 388 669 422 felicis
694 388 929 421 recordationis

191 442 381 476 Innocentio
415 442 473 474 PP.
504 441 570 474 xttl
596 441 851 484 praedecessore
874 451 930 473 no-

191 501 258 529 stro
293 495 345 528 die
376 504 432 528 x111
464 494 538 527 maii
563 503 728 527 Muccxxm
762 498 835 537 post
866 505 931 527 ma-

191 554 298 582 turum
336 548 508 581 consilium
534 547 672 586 editam,
699 557 782 590 quae
815 546 931 590 incipit

191 601 371 645 Apostolici
381 601 530 640 misterii,
547 605 617 639 etc„
631 610 667 633 ae
682 599 821 633 subinde
840 610 856 631 a
875 610 931 633 no-

190 655 241 687 bis
265 664 325 697 per
351 653 504 696 quasdam
520 659 648 686 nostras
667 652 698 684 in
716 652 810 684 simili
830 652 928 685 forma

192 707 303 740 Brevis
335 707 388 740 die
419 716 497 740 xxm
539 705 735 748 septembris
771 714 929 738 Muccxxiv

194 760 335 802 desuper
360 759 526 801 expeditas
552 759 674 797 literas,
693 757 809 800 quibus
827 763 930 790 totum

192 865 412 898 confirmatam
438 871 470 897 et
495 865 688 904 innovatam,
710 874 768 907 per
792 865 931 897 nonnul·
951 865 953 870 '

191 918 241 952 los
261 918 456 962 praesertim
473 920 638 961 regulares
659 918 691 950 in
710 917 801 950 dictis
822 917 931 959 regnis

193 973 349 1015 degentes
383 971 471 1004 haud
508 971 662 1011 omnino,
687 975 723 1002 ut
747 979 805 1013 par
841 975 928 1010 erat,

194 1025 333 1065 servari,
360 1024 506 1067 quinimo
532 1025 602 1057 eius
631 1024 856 1057 executionem
882 1034 932 1056 va-

193 1079 251 1112 riis
286 1078 409 1111 artibus
457 1078 674 1121 inanibusque
710 1077 932 1121 praetextibus

195 1131 356 1164 retardari
381 1136 476 1174 atque
501 1131 601 1171 eludi,
621 1131 761 1173 graviter
778 1130 932 1163 commoti

194 1184 330 1223 suimus,
356 1194 416 1216 nec
441 1184 601 1216 defuimus
624 1184 761 1226 perinde
786 1183 931 1217 dolorem

194 1249 231 1272 ac
255 1238 513 1280 indignationem
549 1243 694 1270 nostram
730 1247 801 1270 cum
837 1247 954 1280 super

193 1291 333 1325 rioribus
358 1290 564 1333 generalibus
596 1289 739 1334 ipsorum
776 1291 931 1323 Ordinurn

194 1344 455 1383 communicare,
482 1344 594 1387 eisque
613 1344 731 1376 diserte
758 1344 932 1387 explicare,

194 1397 318 1430 firmam
356 1402 625 1440 constantemque
662 1398 861 1429 voluntatem
898 1407 933 1429 ac

194 1450 409 1484 intentionem
435 1455 578 1482 nostram
604 1460 686 1490 esse,
704 1455 739 1482 ut
755 1455 933 1482 memorata
954 1474 956 1481 .

194 1505 382 1538 constitutio
399 1510 568 1547 promptae
587 1510 618 1537 et
637 1503 841 1537 omnimodae
861 1514 933 1536 exe·
954 1520 956 1526 ι

195 1558 319 1592 cutioni
345 1558 612 1598 demandaretur,
639 1563 670 1590 et
694 1557 726 1589 in
753 1563 933 1600 transgres-

195 1622 287 1645 sores
305 1621 362 1644 seu
380 1611 608 1644 inobedientes
627 1611 799 1653 condignis
816 1610 933 1654 poenis

194 1666 525 1705 animadverteretur3
562 1665 620 1707 ipsi
646 1675 721 1697 vero
747 1664 933 1707 superiores

194 1719 388 1761 generales,
414 1728 475 1760 pro
512 1719 549 1750 ea
586 1728 647 1760 qua
682 1717 820 1760 praediti
858 1723 956 1749 suut=

193 1772 378 1816 prudentia,
404 1771 564 1814 probitate
590 1776 621 1804 et
645 1770 734 1803 filiali
761 1771 792 1803 in
819 1781 876 1803 nos
902 1777 955 1803 ct*

194 1825 290 1858 huius
315 1825 451 1857 Sanctae
476 1824 568 1856 Sedis
590 1824 740 1856 mandata
757 1823 931 1866 obsequio,

194 1878 226 1912 id
262 1882 374 1911 contra
410 1883 441 1910 et
476 1883 608 1921 praeter
643 1887 754 1910 eorum
791 1882 932 1909 mentem

194 1943 232 1966 ae
256 1942 321 1964 non
347 1931 417 1964 sine
439 1930 551 1963 intimo
578 1930 685 1963 animo
712 1930 758 1963 sui
784 1941 933 1965 moerore

194 1983 349 2018 accidisse
374 1983 469 2016 nobis
494 1983 635 2025 ingenue
658 1983 880 2023 declararunt,
900 1990 934 2017 ut
955 2023 956 2027 Ἰ

955 2036 1120 2077 'gularem
1151 2034 1393 2077 praedictorum
1426 2045 1601 2077 regnorum
1639 2046 1716 2068 con-

194 2038 405 2071 vehementer
421 2037 516 2069 etiam
536 2036 760 2079 improbantes
774 2036 931 2079 quidquid

195 2096 308 2124 contra
334 2089 479 2123 eamdem
515 2088 779 2121 constitutionem
812 2091 956 2131 scriptor

193 2144 244 2177 vel
268 2144 350 2176 sacto
376 2148 568 2175 attentatum
606 2142 702 2174 suerit
726 2151 786 2184 per
811 2142 934 2183 aliquot

195 2207 269 2229 suos
307 2196 474 2234 subditos,
502 2205 560 2237 pro
596 2194 712 2237 quibus
750 2194 871 2227 erroris
898 2205 934 2227 ac

195 2259 297 2283 noxae
332 2248 458 2281 veniam
485 2258 501 2279 a
526 2247 620 2280 nobis
657 2247 852 2290 suppliciter
876 2247 934 2279 im-

195 2303 389 2346 plorarunt,
415 2301 573 2344 simulque
610 2300 749 2343 pollitici
787 2305 862 2333 sunt
885 2311 935 2333 se-

196 2356 304 2390 dulam
331 2365 365 2388 se
391 2355 523 2387 daturos
549 2364 699 2397 operam,
726 2359 768 2392 ut,
796 2364 876 2397 quae
901 2354 957 2387 ins

196 2411 233 2442 ea
258 2407 406 2440 facienda
430 2406 634 2448 sevandaque
659 2406 933 2448 praescribuntur,

196 2462 236 2495 ab
261 2461 412 2495 omnibus
438 2466 470 2493 et
494 2451 736 2502 singulis'suis
771 2460 935 2504 religiosis

198 2515 319 2558 absque
344 2515 434 2547 mora
459 2513 686 2556 adimpleatur.

242 2567 257 2612 5
280 2567 311 2601 2.
339 2567 429 2601 Licet
454 2572 558 2600 autem
584 2577 655 2608 nos,
676 2576 742 2600 non
766 2565 871 2600 minus
895 2567 934 2600 ad

1607 172 1672 206 343
1718 181 1766 208 An.
1788 182 1816 209 c.
1837 182 1904 210 ¹72ss

973 231 1082 264 enixas
1109 232 1298 265 eorumdem
1328 231 1533 275 superiorum
1571 241 1860 274 genera-omniagesta
1876 244 1902 265 aa

972 284 1049 317 lium
1075 296 1187 328 preces
1207 312 1214 323 ‚
1239 296 1334 329 quam
1361 287 1402 318 ob
1427 285 1624 328 peculiarem
1655 295 1708 328 pa-
1719 272 1903 322 pl¹l'l‘.i52'12't“32'„.

974 342 1084 370 ternae
1105 337 1272 370 charitatis
1293 337 1440 371 affectum
1460 348 1524 381 quo
1538 336 1707 379 religiosas
1719 326 1903 376 {J'u'filli'ffd'lssfffl'

973 400 1104 433 semper
1127 392 1321 434 prosequuti
1347 401 1454 424 sumus
1481 396 1512 423 et
1547 391 1709 433 prosequi-

973 453 1044 475 mur
1069 444 1226 483 familias,
1251 444 1282 476 in
1309 454 1443 486 quarum
1469 444 1580 483 altera,
1599 443 1709 476 inclito

972 505 1089 538 nempe
1115 496 1251 528 fratrum
1287 496 1547 529 Praedicatorum
1571 495 1708 536 Ordine,

974 547 1026 579 diu
1048 550 1161 580 versati
1188 559 1318 588 sumus,
1350 559 1367 581 a
1402 549 1516 591 poenis
1554 549 1709 581 adversus

973 599 1079 632 dictos
1106 606 1367 642 transgressores
1392 601 1578 642 infligendis
1605 600 1707 633 absti-

951 676 952 679 ,
974 662 1106 685 neamus
1122 679 1129 693 ‚
1152 653 1367 686 nihilominus
1394 665 1616 697 quaecumque
1653 654 1710 687 ha-

974 710 1087 738 ctenus
1112 706 1149 739 ad
1171 707 1398 739 remorandam
1425 707 1489 739 sive
1516 707 1711 739 eludendam

951 789 953 795 ,
974 763 1027 790 aut
1051 759 1301 801 quomodolibet
1325 759 1565 802 impediendam
1583 759 1712 802 praedi·

192 812 295 855 ipsius
308 811 550 844 constitutionis
569 817 712 844 tenorem
726 810 929 849 inseruimus,
951 821 953 837 ι

974 817 1044 844 ctae
1070 812 1315 845 constitutionis
1342 813 1564 845 executionem
1590 823 1607 844 a
1632 822 1712 845 non-

974 863 1072 896 nullis
1095 874 1131 896 ex
1157 865 1310 907 praefatis
1336 865 1541 907 regularibus
1567 864 1687 907 scripta
1703 890 1710 904 ,

975 921 1043 949 acta
1070 920 1100 950 et
1116 921 1205 959 gesta
1223 917 1365 956 suerunt,
1387 927 1457 949 cum
1476 917 1550 949 inde
1568 916 1713 960 sequutis

975 974 1006 1002 et
1031 971 1340 1014 quomodocumque
1366 970 1574 1013 sequuturis,
1603 975 1714 1003 aucto-

975 1023 1068 1055 ritate
1095 1023 1292 1066 apostolica,
1319 1028 1430 1056 tenore
1456 1023 1679 1066 praesentium
1703 1049 1710 1063 ,

975 1076 1190 1119 reprobamus
1217 1082 1249 1109 et
1273 1077 1488 1115 damnamus,
1515 1087 1550 1109 ac
1578 1086 1638 1120 pro
1663 1086 1713 1109 re-

974 1128 1123 1172 probatis
1150 1134 1181 1162 et
1199 1129 1356 1162 damnatis
1374 1130 1413 1162 ab
1432 1129 1580 1163 omuibus
1600 1129 1711 1162 haberi

976 1182 1122 1215 volumus
1149 1187 1181 1215 et
1207 1183 1427 1216 decernimus.

1019 1236 1033 1279 ξ
1058 1236 1089 1269 3.
1111 1236 1290 1276 Praeterea,
1309 1236 1435 1278 gravius
1450 1236 1567 1269 mentis
1581 1241 1712 1270 nostrae
1745 1279 1747 1282 Ι
1766 1246 1906 1282 Praevertunt

976 1300 1076 1333 super
1101 1290 1213 1322 eadem
1241 1290 1472 1323 constitutione
1492 1272 1907 1337 testimoniuml‘tllftss'1'32†*³0¹‘.,¹.'3

977 1353 1012 1375 ac
1025 1343 1176 1375 iudicium
1195 1343 1371 1386 perhibere
1386 1344 1539 1382 volentes,
1556 1344 1711 1385 districte,
1724 1329 1847 1346 summm

976 1406 1012 1429 ac
1037 1396 1068 1428 in
1095 1397 1210 1430 virtute
1235 1402 1364 1430 sanetae
1391 1397 1597 1430 obedientiae
1618 1398 1713 1430 nobis

976 1450 1093 1483 vicaria
1117 1450 1235 1483 Christi
1261 1455 1425 1493 potestate
1452 1451 1482 1482 in
1509 1450 1605 1482 terris
1644 1451 1715 1482 sun-

977 1503 1131 1546 gentibus
1168 1504 1207 1535 ab
1244 1503 1405 1536 universis
1446 1502 1716 1536 christifidelibus

977 1556 1124 1596 debitae,
1150 1556 1264 1589 harum
1289 1557 1391 1595 serie,
1419 1557 1527 1589 denuo
1552 1556 1715 1600 praecipi-

976 1621 1046 1642 mus
1072 1614 1103 1642 et
1130 1610 1338 1650 mandamus,
1365 1615 1398 1642 ut
1424 1616 1533 1643 exacte
1558 1616 1589 1643 ct
1614 1610 1716 1644 invio-

976 1663 1139 1704 labiliter,
1167 1664 1321 1707 omnique
1352 1665 1463 1696 colore
1482 1690 1489 1703 ,
1524 1668 1715 1707 praetextu,

979 1716 1070 1749 titulo
1085 1721 1117 1749 et
1131 1716 1294 1749 contraria
1313 1716 1424 1759 quavis
1443 1717 1715 1759 interpretatione

977 1778 1110 1812 prorsus
1130 1769 1275 1809 sublatis,
1296 1775 1469 1801 serventur
1485 1769 1592 1802 omnia
1611 1775 1641 1801 et
1655 1769 1716 1802 sin-

976 1824 1052 1865 gula
1077 1822 1109 1855 in
1135 1825 1285 1855 enarrata
1314 1822 1496 1855 Innocentii
1526 1823 1716 1865 praedeces-

954 1876 1059 1909 ¹soris
1089 1875 1325 1908 constitutione
1362 1875 1507 1915 sancita,
1544 1875 1713 1916 ordinata,

977 1929 1139 1962 declarata
1156 1955 1163 1967 ‚
1191 1938 1226 1960 ac
1251 1939 1384 1971 quoquo
1411 1928 1506 1961 modo
1538 1934 1714 1970 contenta,

977 1993 1058 2025 quae
1090 1983 1213 2014 clerum
1249 1987 1313 2013 tum
1347 1982 1545 2014 saecularem
1579 1987 1644 2014 tum
1669 1993 1716 2016 re-

977 2092 1138 2128 cernunt,
1166 2087 1261 2119 etiam
1287 2087 1375 2119 iuxta
1401 2087 1535 2119 sormam
1563 2088 1593 2119 in
1626 2088 1715 2121 hisce

978 2141 1093 2174 litteris
1110 2141 1238 2181 nostris,
1253 2146 1287 2172 ut
1305 2141 1399 2180 infra,
1414 2140 1712 2183 praescribendam.

1021 2194 1035 2237 ξ
1060 2194 1088 2226 4.
1114 2194 1191 2226 Cum
1218 2194 1316 2236 igitur
1345 2194 1377 2226 in
1414 2194 1525 2227 eadem
1556 2194 1908 2248 constitu-rel'gi'fsffrffi‘gf‘iss

979 2247 1066 2279 tione
1092 2247 1176 2280 inter
1201 2247 1263 2280 alia
1288 2252 1417 2280 cautum
1449 2247 1546 2280 suerit
1562 2275 1569 2288 ,
1606 2259 1646 2281 ne
1682 2248 1843 2281 in⁰⁰v¹¹⁰²²¹¹ffi

977 2300 1172 2333 monasteria
1189 2326 1196 2340 ,
1223 2305 1401 2333 conventus
1428 2305 1459 2332 et
1485 2301 1597 2333 domos
1614 2327 1622 2341 ‚
1652 2306 1715 2335 tam

978 2353 1120 2386 virorum
1157 2364 1253 2396 quam
1279 2353 1476 2393 mulierum,
1504 2355 1616 2397 plures
1643 2365 1715 2398 per-

978 2417 1076 2440 sonae
1102 2407 1340 2450 reciperentur,
1367 2417 1461 2450 quam
1486 2418 1576 2450 quae.
1602 2408 1650 2441 vel
1678 2419 1715 2442 ex

977 2460 1190 2504 proventibus
1231 2460 1377 2503 ipsorum
1416 2461 1685 2494 monasteriorum
1705 2488 1713 2502 ,

978 2518 1193 2546 conventuum
1220 2518 1274 2546 aut
1299 2514 1479 2554 domorum,
1499 2515 1565 2546 sive
1583 2524 1619 2547 ex
1638 2524 1715 2547 con-

978 2566 1078 2600 suetis
1105 2566 1343 2611 eleemosyniS,
1375 2566 1512 2612 aliisque
1548 2567 1716 2600 obventio-
