2170 3147
2 229 52 259 Μ.
71 228 102 257 C.
119 228 188 257 1726

799 227 990 253 BENEDICTUS
1017 228 1073 253 xm
1096 229 1144 253 PP-

197 278 286 311 humi
312 278 446 317 cubans,
473 288 533 311 nec
557 277 618 310 nisi
644 276 804 310 maiorum
830 277 932 320 impc-

197 330 245 364 rio
270 330 329 363 sibi
356 330 572 373 gratissimum
595 330 679 362 vitae
698 329 845 362 ordinem
864 340 933 361 mu-

198 388 264 416 tare
289 383 368 416 visa.
387 382 530 416 Orationi
550 387 613 414 tam
636 382 800 414 ferventer
819 381 933 413 inhae-

196 437 238 468 sit
263 441 297 468 ut
320 436 404 469 Deus
441 435 591 468 ancillam
622 445 710 467 suam
736 445 752 466 a
777 434 844 466 solo
879 444 933 466 ex-

198 489 337 528 tolleret,
365 499 401 521 ac
425 489 554 521 caelesti
581 490 708 527 manna,
730 487 821 531 quasi
846 486 930 526 nive,

197 543 339 575 tunicam
358 543 386 575 ei
406 553 469 575 non
484 542 583 575 semel
605 545 806 583 contegeret3
833 539 932 572 immo

197 601 228 628 et
245 595 415 629 ecclesiam
435 595 538 639 ipsam
559 604 696 627 mannae
718 593 840 636 granis,
858 592 933 635 ligu-

197 659 264 682 ram
290 649 394 682 crucis
426 648 664 687 referentibus,
703 647 857 689 episcopo
894 645 956 678 ad*Z

196 701 355 744 Agnetem
398 700 535 734 solemni
579 699 785 733 caeremonia
821 709 935 731 conse-

196 756 348 788 crandam
382 764 571 794 aceessuro,
597 753 791 796 conspersit.
818 752 853 785 Ei
890 753 956 785 se?

197 813 287 841 creta
322 807 475 853 caelestia
507 812 688 850 patuerunt,
716 811 748 839 et
783 805 934 849 princeps

177 888 179 891 .
197 860 418 901 tenebrarum,
445 862 483 893 ea
500 860 663 900 veniente,
681 870 716 892 ex
740 859 934 902 corporibus

36 2035 85 2056 Eun
101 2036 179 2058 ebilus.

196 914 236 947 ab
261 924 294 947 se
332 915 532 947 truculenter
563 913 705 946 obsessis
746 913 858 955 procul
891 912 935 944 su-

197 977 272 1010 gere
299 971 429 1000 coactus
455 971 517 1000 est.
543 963 644 999 Tanto
670 965 724 998 Dei
751 975 860 998 amore
886 965 934 998 lla-

197 1021 314 1063 gravit,
336 1026 372 1053 ut
394 1025 489 1053 nocte
521 1020 714 1063 Assumptae
741 1019 772 1051 in
809 1020 934 1052 caelum

197 1073 230 1107 B.
255 1073 372 1107 Mariae
396 1073 537 1116 Virginis
554 1072 708 1105 infantem
726 1072 832 1106 lesum
850 1073 936 1106 inter

197 1129 290 1160 ulnas
315 1127 425 1160 matris
442 1127 552 1160 videre
571 1126 736 1160 meruerit.
764 1127 806 1159 Ex
829 1137 936 1170 quam-

196 1179 346 1224 plurimis
371 1179 491 1222 gratiac
517 1189 593 1213 suae
615 1180 720 1220 donis,
741 1179 858 1223 quibus
883 1180 937 1213 Do-

198 1233 304 1266 minus
319 1233 469 1265 ancillam
485 1242 576 1265 suam
591 1232 774 1272 cumulavit,
791 1232 935 1265 omnium

197 1285 370 1319 maximum
396 1285 574 1329 praeterire
612 1296 677 1318 non
708 1285 801 1324 licet,
835 1285 863 1318 ei
888 1285 937 1318 ni-

197 1339 314 1372 mirum
354 1339 393 1372 ab
433 1340 550 1381 angelo
592 1340 724 1372 allatum
781 1339 936 1372 dominici

198 1392 345 1436 corporis
376 1391 631 1425 Sacramentum.
669 1391 806 1425 Sanctae
842 1391 937 1425 etiam

199 1445 398 1478 Palaestinae
424 1444 585 1487 regiones,
612 1444 666 1477 ubi
691 1444 837 1478 Salvator
862 1455 936 1478 con-

199 1504 335 1542 ceptus,
370 1503 482 1539 natus,
517 1503 725 1532 conversatus
762 1503 793 1532 ct
823 1509 937 1542 passus

200 1557 261 1591 est,
287 1557 323 1584 ut
347 1551 508 1591 visitaret,
535 1562 552 1584 a
576 1551 712 1585 Domino
739 1562 808 1585 cum
835 1553 938 1595 lacry-

199 1605 259 1638 mis
274 1604 444 1648 ssagitanti,
464 1605 668 1648 portiuncula
687 1610 800 1646 terrae,
818 1605 937 1638 Christi

200 1658 359 1701 sanguine
385 1669 551 1702 aspersae,
589 1658 743 1691 divinitus
770 1659 842 1691 data
875 1663 935 1691 est.

200 1711 244 1745 De
268 1711 414 1754 reliquiis
440 1722 571 1755 quoque
598 1717 782 1744 sanctorum
808 1716 938 1755 aposto-

200 1765 307 1798 lorum
332 1765 416 1798 Petri
439 1770 469 1798 et
494 1765 583 1798 Pauli
602 1765 688 1798 idem
711 1765 739 1798 ei
761 1765 938 1808 contigisse

201 1819 370 1862 proditum
395 1823 455 1852 est.
483 1818 603 1857 Quibus
630 1824 661 1852 et
686 1819 764 1852 illud
802 1819 938 1859 aceedit,

202 1872 336 1905 tantain
351 1872 452 1905 Deum
472 1871 534 1905 fide
553 1872 755 1911 excelluisse,
769 1877 804 1904 ut
817 1873 937 1914 oleum,

203 1935 321 1968 panem
361 1929 393 1958 et
428 1935 579 1958 nummos
620 1925 836 1968 multiplicare
873 1936 935 1969 po-

202 1977 313 2012 tuerit.

248 2031 262 2073 §
287 2030 318 2062 ⁶2.
345 2029 449 2069 Quare
476 2030 607 2072 Agnetis
633 2030 717 2063 sama
742 2031 939 2074 circumqua-

205 2093 268 2127 que
294 2082 425 2122 diffusa,
461 2083 611 2116 Politiani
652 2083 735 2117 cives
767 2084 828 2116 sibi
869 2096 938 2117 eam

203 2135 331 2169 restitui
357 2136 489 2169 summis
516 2136 597 2169 votis
623 2141 654 2169 et
683 2137 835 2179 precibus
870 2147 940 2170 exo-

204 2198 276 2222 rare
302 2198 369 2221 non
395 2188 596 2230 destiterunt,
623 2189 725 2221 donec
750 2188 782 2221 in
804 2189 941 2231 patriam

202 2241 317 2281 redux,
343 2241 443 2284 inque
468 2241 534 2274 visu
560 2252 577 2274 a
602 2241 703 2275 beatis
727 2242 802 2274 viris
835 2242 941 2284 Augu-

204 2294 302 2334 stino,
328 2294 502 2327 Francisco
523 2299 555 2327 et
572 2295 747 2337 praecipue
772 2295 940 2328 Dominico

205 2347 244 2380 ad
262 2357 296 2380 se
316 2347 404 2380 illam
423 2347 607 2380 attrahente
633 2346 768 2380 mirifice
786 2352 940 2388 recreata,

205 2400 266 2434 sibi
292 2405 323 2434 et
346 2400 410 2434 suis
435 2405 514 2433 nutu
546 2400 602 2433 Dei
638 2401 869 2433 monasterium
894 2411 944 2433 sa-

207 2464 359 2497 cramque
385 2454 499 2487 aedem
517 2453 656 2486 condere
674 2453 795 2493 statuit,
816 2453 942 2496 impuro

208 2503 402 2539 seminarum
440 2506 625 2539 habitaculo
662 2506 694 2538 in
730 2506 854 2549 piarum
886 2506 942 2539 Dei

208 2559 368 2603 virginum
384 2559 582 2593 domicilium
600 2559 638 2592 ad
653 2560 813 2592 honorem
831 2560 867 2592 B.
886 2559 944 2592 Ma-

209 2613 274 2647 riae
299 2612 436 2656 Virginis
473 2613 532 2647 sub
557 2612 670 2656 regula
696 2612 824 2646 Ordinis
852 2612 944 2646 Prae-

1611 218 1674 251 [167

976 277 1155 310 dicatorum
1182 288 1353 317 converso,
1381 287 1444 320 quo
1470 278 1503 310 in
1540 278 1610 310 loco
1637 279 1710 310 dae-

976 341 1106 368 mones,
1133 341 1301 363 corvorum
1327 330 1455 374 specie,
1486 331 1648 373 unguibus
1682 337 1712 363 et

976 389 1079 416 rostro
1105 385 1263 426 Agnetem
1297 385 1403 416 adhuc
1437 384 1712 417 adolescentulam}

953 463 954 469 ,
977 441 1138 479 tamquam
1166 437 1225 469 sibi
1252 437 1426 479 aliquando
1456 437 1603 469 infestam
1631 438 1713 468 futu-

953 477 955 534 ἶ
978 499 1043 521 ram
1070 499 1183 521 vexare
1211 495 1426 522 tentaverant.
1453 490 1647 522 Mouastcrio
1670 490 1714 521 sc-

976 540 1085 573 liciter
1103 542 1253 574 absoluto
1273 542 1370 574 invita
1393 543 1535 574 omnium
1554 554 1713 575 consensu

977 593 1183 636 praeficitur,
1208 594 1262 626 ubi
1285 595 1314 626 in
1342 595 1409 627 dies
1437 595 1624 628 christianis
1654 596 1715 628 vir-

978 647 1099 679 tutibus
1126 647 1291 690 signisque
1323 653 1354 680 et
1386 648 1580 691 prophetico
1617 649 1714 681 etiam

977 700 1093 743 spiritu
1120 700 1282 733 inclaruit.
1310 699 1462 741 Tandem,
1481 701 1559 733 liora
1585 701 1714 741 indicta,

979 764 1040 796 qua
1065 754 1103 787 ad
1129 754 1279 787 caelestis
1305 753 1420 797 Sponsi
1447 755 1575 797 nuptias
1601 765 1717 797 prope-

978 812 1075 845 raret,
1102 807 1286 852 peracerbis
1312 804 1389 840 alias
1415 807 1536 840 morbis
1564 808 1615 850 pic
1641 818 1716 839 con-

955 865 1166 903 ,stanterque
1193 860 1354 899 toleratis,
1387 859 1503 892 afflicta
1535 860 1714 898 decubuit,

978 913 1178 956 sumptisque
1213 914 1329 955 magna
1361 912 1520 954 religione
1556 912 1717 945 Ecclesiae

978 966 1198 1006 sacramentis,
1219 975 1414 1009 sororesque
1433 965 1717 1008 appropinquante

980 1019 1029 1051 sui
1057 1019 1191 1051 transitu
1218 1022 1357 1051 moestas
1379 1019 1498 1057 solata,
1526 1029 1561 1051 ac
1587 1018 1641 1050 Dei
1668 1029 1719 1060 pa-

981 1072 1117 1106 trocinio
1144 1072 1185 1105 oh
1212 1077 1354 1104 sanctam
1381 1072 1515 1113 regulae
1542 1072 1719 1104 observan-

981 1125 1055 1159 tiam
1074 1125 1137 1158 illis
1154 1125 1325 1169 promisso,
1342 1125 1372 1157 in
1388 1135 1499 1157 earum
1517 1124 1718 1167 amplexibus

980 1179 1032 1222 pie
1058 1178 1139 1211 obiit
1163 1188 1205 1211 xu
1224 1179 1380 1211 kalendas
1406 1178 1504 1210 maias
1527 1189 1611 1210 anno
1632 1177 1720 1210 Clu-i-

980 1232 1019 1265 sti
1051 1231 1174 1265 domini
1201 1241 1365 1265 mcccxvu.
1402 1231 1506 1264 Prima
1538 1231 1592 1263 Dei
1631 1231 1719 1273 virgo

980 1285 1162 1319 claustralis
1188 1284 1289 1318 nostri
1307 1284 1436 1317 Ordinis
1454 1284 1719 1318 Praedicatoruni

981 1338 1089 1372 multis
1114 1342 1188 1382 post
1213 1336 1445 1370 dormitionem
1472 1348 1559 1370 suam
1587 1337 1721 1369 miracu-

981 1393 1019 1426 lis
1046 1394 1151 1433 clara,
1183 1392 1297 1425 beatae
1335 1392 1527 1425 Catharinae
1564 1391 1719 1424 Senensis

980 1446 1189 1480 veneratione
1208 1457 1243 1478 ac
1268 1445 1419 1477 laudibus
1436 1444 1564 1487 inclyta,
1585 1450 1615 1476 ct
1634 1455 1721 1477 eum-

982 1501 1064 1541 dem,
1089 1511 1126 1533 ac
1151 1499 1302 1532 Senensis
1327 1499 1436 1541 virgo,
1473 1498 1600 1530 beatum
1639 1497 1719 1539 Pia)-

982 1553 1137 1586 mundum
1156 1564 1171 1585 a
1190 1552 1310 1594 Capua,
1333 1551 1427 1585 totius
1453 1556 1566 1594 postca
1591 1550 1722 1582 Praedi-

982 1612 1125 1640 catorum
1145 1605 1284 1638 familiae
1304 1605 1491 1647 generalem
1518 1604 1720 1645 magistrum

981 1660 1062 1693 vitae
1087 1669 1162 1692 suae
1189 1658 1383 1701 scriptorem
1410 1662 1515 1689 nacta.

1025 1713 1039 1756 g
1063 1712 1094 1746 3.
1124 1712 1169 1744 Ad
1195 1722 1300 1744 sacras
1329 1710 1462 1753 Agnetis
1488 1710 1618 1743 exuvias
1652 1720 1718 1742 eor-

983 1819 1045 1851 (luc
1071 1820 1236 1861 pertusas,
1270 1816 1311 1849 ob
1336 1816 1496 1849 beneficia
1522 1826 1538 1847 a
1564 1815 1628 1848 Deo
1666 1827 1722 1858 per

983 1872 1052 1905 eius
1077 1871 1350 1904 intercessionem
1389 1875 1536 1912 accepta,
1574 1869 1723 1901 christili-

983 1926 1109 1959 delibus
1135 1927 1252 1968 magna
1278 1924 1436 1966 religione
1472 1923 1721 1960 confluentibus,

984 1979 1086 2012 felicis
1132 1977 1368 2011 recordationis
1417 1977 1570 2009 decessor
1611 1981 1721 2008 noster

960 2062 961 2070 ,
983 2031 1131 2065 Clemens
1157 2031 1242 2073 Papa
1260 2030 1309 2062 Vll
1334 2029 1519 2072 apostolicis
1542 2029 1655 2061 litteris
1674 2030 1722 2060 iu-

984 2085 1082 2118 dulsit
1113 2090 1145 2117 ut
1179 2084 1291 2116 fratres
1316 2082 1558 2115 Praedicatores
1582 2087 1612 2115 et
1636 2082 1721 2114 Poli-

984 2137 1070 2170 tiana
1095 2136 1234 2170 ecclesia
1267 2147 1303 2169 ae
1334 2136 1418 2168 cives
1450 2136 1484 2167 Β.
1514 2136 1646 2177 Agnetis
1680 2135 1722 2167 se-

984 2196 1066 2223 stum
1099 2189 1305 2232 officiumque
1347 2188 1538 2221 solemniter
1577 2188 1722 2221 celebra-

985 2249 1068 2283 rent,
1094 2243 1180 2286 quod
1207 2242 1322 2275 similis
1360 2241 1535 2274 memoriae
1572 2242 1720 2274 Clemens

984 2297 1070 2339 Papa
1086 2296 1149 2328 Vlll
1167 2295 1367 2338 adprobavit,
1390 2295 1547 2328 lectiones
1570 2294 1721 2337 proprias

985 2349 1179 2382 confirmans
1204 2348 1318 2380 eodem
1345 2347 1425 2380 testo
1444 2347 1495 2380 dic
1511 2358 1528 2379 a
1546 2352 1614 2380 toto
1631 2348 1722 2379 Prae-

986 2401 1165 2434 dicatorum
1191 2400 1309 2433 Ordine
1342 2400 1523 2433 recitandas
1555 2400 1586 2432 in
1619 2401 1722 2432 liono-

986 2464 1054 2486 rem
1079 2453 1221 2496 Agnetis,
1248 2463 1343 2496 quam
1370 2452 1444 2495 piae
1484 2452 1722 2485 recordationis

986 2505 1160 2549 Gregorius
1193 2505 1278 2548 Papa
1312 2505 1376 2537 Xlll
1416 2505 1448 2537 in
1489 2505 1721 2549 martyrologio

987 2569 1119 2592 romano
1145 2557 1285 2591 describi
1315 2558 1467 2590 iusserat.
1495 2558 1557 2590 Atii
1591 2569 1721 2601 quoque

986 2617 1207 2646 antecessores
1242 2611 1346 2645 nostri
1383 2611 1518 2645 Romani
1550 2611 1721 2645 Pontifices

1722 228 1770 254 Au.
1793 227 1907 254 &17⁹2ss

982 1765 1142 1809 ruptionis
1169 1769 1319 1808 expertes
1346 1769 1377 1796 et
1397 1762 1531 1795 mirilico
1553 1774 1626 1795 rore
1648 1743 1827 1795 aggi-‘Ji'zifflu
1856 1777 1885 1789 ur

1768 1716 1846 1736 <munii
1863 1718 1917 1737 Pun-

1733 1802 1779 1816 ῖνίιὶ

1734 1824 1780 1843 ιὶίιιι
1824 1830 1889 1847 aauoi

1824 1750 1868 1763 cain
1895 1745 1917 1763 ut

1815 1803 1906 1816 t't‘nurssn
1912 1808 1919 1813 =

1734 1853 1788 1870 l'llw'.
