2170 3147
0 261 27 282 n.
47 252 75 280 C.
91 251 157 279 1728

165 299 228 332 nisi
263 299 297 332 in
333 300 430 332 certis
456 299 616 342 expressis
641 299 786 339 casibus,
814 304 846 331 et
870 298 903 330 in

165 351 230 385 illis
265 353 349 385 ultra
386 362 484 384 unam
521 352 639 385 dietam
675 362 691 384 a
728 351 790 384 tine
826 361 902 383 suae

167 403 325 436 dioecesis
347 403 386 436 ad
404 404 561 436 iudicium
581 409 748 442 avocetur,
767 402 842 435 sed¹
862 413 902 434 ne

165 455 290 488 iudices
315 467 332 489 a
356 456 438 489 Sede
464 456 609 499 praefata
629 456 772 498 deputati
792 461 902 487 contra

166 519 384 551 quoscumque
409 509 602 552 procedere,
619 519 674 541 seu
695 508 747 540 alii
766 508 814 540 vel
833 507 903 540 aliis

165 561 250 594 vices
274 571 346 594 suas
371 561 576 594 committere
616 565 833 603 praesumant,
868 569 904 591 ac

165 614 198 647 in
223 614 369 656 generali
402 613 611 647 Lateranensi
636 612 781 646 Concilio
819 612 905 644 edita

165 667 205 700 de
230 667 354 700 duabus
379 667 491 707 dietis,
518 666 694 699 dummodo
725 666 809 698 ultra
839 669 904 697 tres

165 720 267 752 dietas
301 720 418 763 aliquis
457 719 646 752 auctoritate
684 717 901 761 praesentium

164 772 201 806 ad
229 772 385 806 iudicium
410 783 476 806 non
501 772 661 811 trahatur,
681 777 713 804 ct
733 770 902 814 quibusvis

164 826 235 859 aliis
261 826 447 869 apostolicis
473 824 759 859 constitutionibus
797 829 828 856 et
853 833 903 856 or-

164 878 405 918 dinationibus,
441 888 571 911 necnon
603 877 731 910 Ordinis
769 876 901 908 fratrum

164 931 426 964 Praedicatorum
460 930 667 969 huiusmodi,
695 929 790 962 etiam
816 929 901 961 iura-

162 989 289 1023 mento,
330 984 576 1017 confirmatione
612 982 813 1025 apostolica,
851 982 901 1014 vel

163 1038 274 1080 quavis
298 1037 448 1070 firmitate
474 1037 537 1070 alia
560 1035 741 1074 roboratis,
775 1035 901 1067 statutis

163 1095 195 1124 et
219 1090 519 1129 consuetudinibus,
546 1100 581 1122 ac
610 1089 777 1132 quibusvis
803 1087 902 1131 privi-

162 1144 256 1186 legiis
292 1149 323 1176 et
353 1143 486 1176 indultis
510 1153 546 1176 ac
570 1141 686 1175 litteris
711 1140 901 1184 apostolicis

163 1196 268 1229 eidem
292 1196 402 1229 Ordini
429 1206 465 1228 ac
489 1195 669 1228 Ordinariis
695 1195 843 1227 locorum
871 1198 901 1225 et

163 1248 331 1291 quibusvis
356 1247 584 1281 ecclesiasticis
599 1252 630 1280 et
647 1246 734 1285 locis,
754 1246 811 1278 sub
829 1245 899 1288 qui-

162 1300 363 1344 buscumque
389 1300 555 1333 tenoribus
572 1305 602 1332 et
620 1299 742 1337 formis,
768 1308 804 1330 ac
829 1307 900 1329 cum

163 1354 328 1397 quibusvis
365 1354 518 1387 clausulis
556 1359 588 1386 et
619 1352 767 1391 decretis,
804 1351 900 1384 etiam

163 1406 445 1446 consistorialiter,
467 1411 498 1439 et
518 1411 614 1444 motu,
641 1403 777 1437 scientia
795 1414 830 1436 ac
849 1414 901 1446 po-

164 1460 288 1492 testatis
313 1458 518 1502 plenitudine
544 1457 719 1497 similibus,
757 1467 792 1489 ac
824 1456 901 1489 alias

163 1511 413 1555 quomodolibet
446 1511 541 1545 etiam
581 1521 640 1554 per
679 1521 737 1543 nos
779 1510 902 1552 pluries

163 1565 338 1603 concessis,
360 1564 548 1607 approbatis
570 1570 601 1597 et
626 1563 805 1601 innovatis3
834 1562 901 1605 qui-

162 1618 222 1651 bus
248 1618 399 1651 omnibus
424 1623 455 1649 et
473 1616 627 1659 siugulis,
646 1615 769 1649 etiamsi
792 1626 850 1658 pro
870 1615 901 1647 il-

164 1672 269 1704 lorum
306 1671 477 1705 sufficienti
515 1671 723 1713 derogatione
757 1670 836 1703 alias
863 1670 901 1702 de

164 1723 228 1756 illis
254 1734 432 1766 eorumque
451 1723 524 1755 totis
550 1723 715 1756 tenoribus
740 1723 902 1765 specialis,

165 1776 326 1818 specifica,
358 1776 523 1809 individua
549 1782 580 1808 et
604 1786 768 1818 expressa,
802 1787 838 1808 ac
863 1776 901 1808 dc

167 1829 264 1861 verbo
289 1830 327 1861 ad
354 1830 505 1868 verbum,
533 1839 597 1861 non
624 1834 729 1861 autem
743 1838 802 1871 per
816 1828 902 1860 clau-

166 1881 251 1913 sulas
282 1882 451 1923 generales
469 1881 555 1914 idem
574 1881 795 1924 imp'ortantcs,
813 1891 902 1913 nien-

167 1933 212 1966 tio
238 1943 292 1966 seu
322 1934 450 1976 quaevis
475 1933 537 1966 alia
563 1934 727 1977 expressio
753 1934 903 1967 habenda

168 1991 223 2018 aut
247 1986 355 2028 aliqua
379 1987 535 2030 exquisita
556 1987 657 2020 forma
681 1987 720 2019 ad
748 1987 809 2020 boc
835 1997 903 2020 ser·

168 2038 270 2071 vanda
295 2038 395 2079 soret,
420 2045 550 2072 tenores
575 2040 780 2081 huiusmodi,
817 2051 853 2073 ac
877 2040 902 2073 si

171 2090 210 2124 de
234 2091 332 2124 verbo
364 2091 403 2123 ad
429 2092 578 2131 verbum,
604 2091 685 2124 nihil
716 2093 845 2134 penitus
870 2102 904 2125 o-

169 2144 268 2176 misso
293 2149 325 2176 et
350 2144 453 2176 forma
477 2143 510 2176 in
542 2143 604 2176 illis
641 2144 757 2177 tradita
789 2145 903 2177 obscr-

169 2197 250 2235 vata‚
288 2195 401 2228 inserti
426 2196 547 2235 forent,
589 2196 814 2238 praesentibus
844 2207 903 2239 pro

170 2247 364 2280 sufficienter
393 2248 553 2291 expressis
567 2248 733 2288 habentes,
748 2247 812 2281 illis
827 2249 904 2281 alias

170 2300 203 2332 in
228 2311 286 2333 suo
312 2301 431 2333 robore
466 2301 710 2343 permansuris,
748 2301 904 2335 latissime

171 2358 202 2385 et
226 2353 416 2396 plenissime
434 2363 470 2386 ae
495 2354 681 2396 specialiter
695 2359 728 2387 et
745 2364 904 2397 expresse,

171 2406 233 2438 hac
256 2406 325 2438 vice
352 2406 532 2445 dumtaxat,
564 2412 680 2446 motu,
707 2407 841 2439 scientia
876 2412 907 2439 et

171 2459 340 2501 potcstatis
364 2458 569 2502 plenitudine
593 2459 746 2502 paribus,
773 2460 908 2502 deroga-

172 2522 243 2544 mus
268 2516 299 2544 ct
323 2511 514 2554 derogatum
536 2522 607 2545 esse
628 2513 796 2552 volumus;
823 2517 907 2546 cete-

211 2628 219 2652 l
244 2625 332 2654 Potius
352 2626 409 2661 tege
430 2634 477 2654 seu
499 2634 545 2660 pro
565 2627 613 2654 secl
631 2626 669 2660 (a.
688 2628 734 2661 T.).

751 250 945 274 BENEDICTUS
971 251 1028 274 XIlI
1053 251 1100 274 PP-

1585 239 1648 274 723
1695 251 1742 275 An.
1764 249 1793 276 c.
1810 248 1876 276 1728

945 299 1055 342 risque
1080 298 1253 331 contrariis
1278 297 1557 341 quibuscumque:
1580 303 1634 331 aut
1658 298 1684 330 si

946 352 1109 394 aliquibus
1135 352 1360 390 communiter,
1396 356 1450 384 aut
1480 350 1608 384 divisim
1645 351 1684 383 ab

946 405 1060 437 eadem
1086 405 1125 438 sit
1150 405 1232 438 Sede
1259 405 1429 443 indultum,
1463 404 1550 447 quod
1584 404 1684 436 inter-

946 456 1019 495 dici,
1045 457 1200 500 suspendi
1235 458 1284 489 vel
1322 456 1592 490 excommunicari
1618 466 1684 489 non

947 510 1073 551 possint
1098 520 1155 552 per
1180 510 1305 542 litteras
1331 509 1526 553 apostolicas
1551 519 1617 541 non
1641 508 1685 540 sa-

946 563 1068 595 cientes
1106 563 1235 605 plenam
1272 567 1305 595 et
1339 572 1524 604 expressam
1567 572 1602 594 ac
1642 561 1682 593 de

946 615 1043 647 verbo
1070 615 1109 648 ad
1134 615 1266 648 verbum
1284 616 1323 648 de
1343 615 1470 648 indulto
1496 613 1683 647 huiusmodi

946 667 1156 701 mentionem.

989 720 1003 763 ἓ
1042 720 1093 753 13.
1132 720 1284 753 Volumus
1324 725 1432 753 autem
1468 725 1503 752 ut
1542 720 1683 764 ipsarum
1708 727 1879 764 rateshaiqenaa

946 773 1165 816 praesentium
1197 772 1461 816 exemplaribus,
1488 772 1584 806 etiam
1626 756 1838 805 im-mu'umpus'

946 825 1077 868 pressiS,
1091 825 1226 858 alicuius
1243 826 1275 858 in
1292 826 1447 868 (lignitate
1467 826 1686 859 ecclesiastica

946 878 1141 911 constitutae
1177 888 1340 920 personae
1377 879 1485 921 sigillo
1512 884 1544 912 et
1568 879 1686 912 notarii

946 942 1041 964 manu
1065 931 1263 974 obsignatis,
1289 932 1404 965 eadem
1441 943 1574 974 prorsus
1604 932 1686 965 sides

944 984 976 1016 in
1010 983 1130 1016 iudicio
1169 989 1200 1017 et
1238 991 1328 1017 extra
1358 984 1441 1017 illud
1472 984 1686 1024 adhibeatur,

945 1047 1028 1079 quae
1052 1037 1267 1070 adhiberetur
1281 1037 1506 1080 praesentibus
1533 1036 1558 1069 si
1579 1038 1688 1070 forent

945 1089 1148 1132 originaliter
1174 1090 1338 1122 exhibitae
1365 1090 1412 1122 vel
1439 1096 1604 1123 ostensae.

987 1143 1001 1185 ξ
1038 1143 1091 1175 14.
1129 1142 1214 1176 Nulli
1248 1153 1327 1185 ergo
1353 1143 1486 1175 omnino
1513 1143 1685 1176 hominum
1723 1150 1880 1182 uonmnqsut-

945 1196 1039 1228 liceat
1065 1196 1148 1228 hanc
1181 1195 1334 1238 paginam
1368 1201 1497 1228 nostrae
1537 1179 1880 1230 abolitio-if³⁷2i1=¹i¹2xsti¹⁰gffi

944 1248 1013 1288 nis,
1038 1247 1255 1287 avocationis,
1283 1247 1511 1289 extinctionis,
1538 1248 1684 1289 silentii,

944 1299 1176 1342 impositioniS,
1213 1300 1478 1342 approbationis,
1512 1300 1686 1334 confirma-

944 1352 1053 1392 tionis,
1083 1352 1210 1385 roboris
1234 1352 1437 1394 adiectionis,
1456 1354 1686 1401 separationis,

945 1405 1264 1445 dismembrationis,
1303 1406 1540 1449 exemptionis,
1566 1408 1686 1442 libcra-

945 1458 1054 1498 tionis,
1078 1457 1301 1497 subiectionis,
1328 1459 1575 1502 suppositionis,
1608 1470 1686 1493 con-

945 1510 1117 1551 cessionis,
1146 1510 1276 1550 indulti,
1297 1510 1438 1551 decreti,
1462 1511 1685 1554 derogationis

947 1564 1123 1606 iufringere
1138 1564 1159 1602 ¹,
1187 1565 1235 1596 vel
1262 1563 1289 1596 ei
1312 1574 1389 1596 ausu
1412 1564 1584 1597 temerario
1607 1575 1683 1598 con-

948 1617 1064 1655 traire·‚
1081 1617 1108 1648 si
1123 1616 1194 1658 quis
1212 1621 1317 1648 autem
1337 1616 1397 1649 hoc
1414 1622 1573 1649 attentare
1593 1628 1687 1660 prae-

947 1670 1141 1712 sumpserit,
1168 1669 1426 1711 indignationem
1452 1670 1687 1713 omnipotentis

947 1723 1000 1755 Dei
1026 1733 1063 1755 ac
1082 1722 1253 1755 beatorum
1279 1722 1363 1755 Petri
1387 1728 1418 1755 et
1443 1723 1530 1755 Pauli
1557 1729 1686 1766 aposto-

948 1777 1053 1808 lorum
1079 1776 1147 1808 eius
1173 1786 1207 1807 se
1232 1775 1360 1808 noverit
1380 1775 1598 1808 incursurum.

991 1828 1102 1860 Datum
1127 1828 1257 1866 Romae,
1280 1828 1363 1870 apud
1385 1828 1416 1860 Sv
1438 1828 1580 1868 Petrum,
1599 1839 1685 1862 anno

945 1880 1181 1913 incarnationis
1199 1880 1381 1913 dominicae
1403 1890 1606 1920 uoccxxvut,
1632 1881 1688 1913 idi-

946 1934 1004 1966 bus
1032 1933 1237 1976 septembris,
1264 1944 1350 1967 anno
1375 1944 1405 1967 v.

984 1995 1041 2021 Dat.
1058 1994 1103 2021 die
1122 1995 1153 2022 13
1168 1995 1333 2030 septembris
1354 1995 1430 2029 1727,
1449 1995 1550 2031 pontis.
1568 2003 1642 2022 anno
1659 2002 1686 2021 v.

1256 2164 1380 2197 CCXLI.

949 2251 1139 2284 Conceditur
1163 2251 1349 2285 iurisdictio
1373 2256 1400 2284 et
1425 2251 1570 2284 diversae
1589 2250 1689 2294 sucul-

993 2307 1071 2335 lales
1094 2304 1253 2346 praesecto
1275 2304 1398 2347 palatii
1429 2304 1601 2348 apostolici
1629 2314 1688 2345 pro

994 2360 1132 2398 tempore
1156 2356 1338 2389 eoeistentz‘2.

986 2452 996 2476 1
1021 2451 1117 2477 Vocem
1138 2451 1304 2486 infringere
1324 2460 1372 2479 nos
1393 2453 1517 2479 addimus
1531 2456 1570 2481 (a.
1587 2456 1636 2483 T.).

984 2495 1001 2521 2
1020 2495 1077 2521 Alia
1096 2495 1175 2522 huius
1194 2496 1334 2523 Pontificis
1353 2502 1438 2524 const.
1460 2497 1525 2524 edit.
1546 2504 1688 2531 uoccxxiv,

950 2539 993 2566 die
1014 2540 1044 2566 17
1066 2540 1182 2574 augusti,
1199 2541 1294 2575 pontis.
1312 2549 1331 2574 1,
1347 2542 1472 2568 restituta
1488 2542 1538 2568 fuit
1558 2542 1690 2568 cardinali

951 2583 1051 2610 vicario
1072 2583 1150 2610 Urbis
1170 2583 1319 2612 iurisdictio
1339 2585 1502 2614 cumulativa
1517 2586 1543 2612 in
1562 2585 1689 2613 omnibus

952 2635 1047 2656 causis.
