2170 3147
3 256 9 264 .
29 236 58 264 C.
79 235 146 262 ¹725

0 2093 109 2114 mandatur
117 2099 152 2118 pn·

2 2120 58 2140 catio
79 2121 152 2140 hatum

0 2151 94 2166 ararum.

739 230 931 256 BENEDICTUS
957 230 1013 254 XIII
1037 231 1085 255 Pr.

150 283 245 324 libus,
262 282 439 326 privilegiis
453 292 594 325 quoque,
610 281 742 314 indultis
758 286 788 314 et
802 281 884 314 litte-

151 336 193 369 ris
211 335 396 379 apostolicis
425 335 520 368 etiam
538 334 724 373 Ordinibus,
752 343 884 376 congre-

151 389 347 431 gationibus,
372 387 580 422 societatibus
599 392 629 420 et
649 386 804 419 institutis
826 387 884 418 hu-

151 441 300 479 iusmodi,
320 442 515 492 illorumque
538 439 743 482 generalibus
765 444 795 471 et
815 438 885 471 aliis
906 446 907 466 l

150 495 372 537 superioribus
391 504 425 526 ac
440 493 588 536 personis
603 492 812 535 quibuslibet,
826 491 884 524 sub

151 548 409 591 quibuscumque
447 546 617 579 verborum
653 545 820 578 tenoribus
855 549 887 576 et

152 601 281 641 formis,
318 611 354 633 ac
379 610 451 632 eum
477 598 644 642 quibusvis
671 599 767 630 etiam
793 598 887 630 dero-

150 654 348 697 gatoriarum
374 651 599 696 derogatoriis,
619 651 757 694 aliisque
783 650 888 683 effica-

151 707 303 749 cioribus,
329 705 559 740 efficacissimis
585 710 616 738 et
640 704 778 737 insolitis
803 704 888 737 clau-

151 761 229 794 sulis
246 787 254 802 ,
284 760 551 803 irritantibusque
576 764 608 792 et
632 758 701 791 aliis
727 757 885 797 decretis,

153 815 247 848 etiam
279 819 366 846 motu
404 813 537 856 proprio
563 817 594 846 et
618 812 657 845 de
689 810 887 855 apostolicae

152 867 322 911 potestatis
340 866 542 910 plenitudine
567 876 603 899 ac
621 865 889 898 consistorialiter

153 925 184 954 et
218 920 296 953 alias
335 919 585 964 quomodolibet
623 918 655 950 in
691 917 886 951 contrarium

153 973 405 1016 praemissorum
429 972 463 1005 in
488 981 608 1014 genere
632 972 681 1004 vel
711 971 743 1003 in
777 970 888 1014 specie

152 1027 314 1061 concessis
339 1031 370 1059 et
394 1025 663 1069 quantiscumque
688 1024 808 1057 vicibus
833 1023 889 1056 ite-

153 1080 252 1120 ratis,
280 1078 477 1123 approbatis,
505 1077 702 1111 confirmatis
728 1082 759 1110 et
795 1077 890 1109 inno-

153 1133 243 1173 vatis;
260 1133 380 1176 quibus
394 1131 542 1165 omnibus
557 1136 590 1163 et
603 1131 750 1173 singulis,
762 1130 887 1164 etiamsi

152 1197 213 1231 pro
238 1186 368 1219 illorum
401 1184 572 1217 sufficienti
604 1184 815 1226 derogatione
851 1182 889 1215 de

153 1239 217 1273 illis
243 1249 421 1282 eorumque
449 1238 522 1270 totis
549 1238 718 1270 tenoribus
740 1237 889 1280 specialis

153 1292 304 1335 spec-ilica
341 1301 494 1335 expressa
519 1296 548 1323 et
573 1290 738 1323 individua
755 1317 762 1330 ,
789 1301 826 1323 ac
852 1290 889 1323 de

154 1346 254 1379 verbo
279 1345 317 1378 ad
344 1345 488 1385 verbum,
506 1354 570 1377 non
592 1349 699 1376 autem
725 1353 784 1386 per
809 1344 890 1376 clau-

154 1400 239 1434 sulas
254 1400 424 1442 generales
438 1399 521 1431 idem
536 1397 890 1442 importantcs‚mentio

153 1463 209 1486 seu
229 1452 360 1496 quaevis
385 1451 447 1485 alia
472 1451 637 1495 expressio
663 1450 814 1483 habenda
839 1455 892 1483 aut

155 1507 263 1550 aliqua
287 1506 350 1539 alia
375 1505 532 1549 exquisita
558 1505 660 1538 forma
678 1504 716 1537 ad
739 1504 801 1536 hoc
826 1514 891 1536 ser-

154 1560 258 1593 vanda
276 1559 375 1599 soret,
390 1564 520 1592 tenores
534 1557 734 1596 huiusmodi,
751 1568 786 1589 ac
807 1557 833 1589 si
853 1556 890 1589 de

155 1612 255 1646 verbo
281 1613 320 1645 ad
345 1612 487 1652 verbum,
514 1611 594 1644 nibil
621 1610 745 1654 penitus
771 1611 891 1643 omisso

157 1672 188 1699 et
212 1666 312 1700 forma
336 1666 366 1699 in
394 1664 457 1698 illis
485 1665 601 1698 tradita
626 1664 813 1703 observata,
839 1674 892 1696 ex-

155 1720 375 1763 primerentur
400 1724 431 1752 et
456 1718 690 1758 insererentur,
709 1718 893 1761 praesenti-

156 1772 216 1806 bus
241 1783 300 1817 pro
329 1773 422 1816 plene
453 1777 485 1805 et
509 1771 708 1804 sufficienter
732 1771 893 1814 expressis

158 1831 190 1857 et
213 1825 343 1858 insertis
369 1825 548 1865 habentes,
573 1824 637 1857 illis
661 1824 739 1857 alias
774 1823 806 1856 in
835 1834 893 1857 suo

159 1879 278 1911 robore
301 1878 523 1921 permansuris
541 1905 548 1918 ‚
574 1878 613 1911 ad
639 1877 893 1921 praemissorum

161 1931 316 1971 effectum,
343 1931 404 1964 hac
428 1931 494 1963 vice
512 1931 687 1971 dumtaxat,
707 1930 895 1974 specialiter

162 1989 194 2016 et
216 1993 368 2026 expresse
394 1983 600 2026 derogamus3
622 1983 802 2026 ceterisque
825 1993 894 2017 con·

164 2035 270 2068 trariis
296 2036 563 2080 quibuscumque.

207 2088 221 2130 ἓ
245 2087 277 2121 3.
303 2088 342 2120 Ut
361 2093 467 2122 autem
488 2090 620 2122 eaedem
643 2095 830 2132 praesentes
848 2091 896 2124 lit·

166 2146 252 2174 terae
277 2140 425 2174 omnihus
451 2141 575 2175 facilius
600 2143 812 2184 innotescant,
843 2156 897 2178 vo-

166 2193 272 2225 lumus
290 2192 416 2226 illarum
439 2195 586 2237 exempla
603 2196 642 2228 ad
663 2196 797 2229 dilectos
814 2197 896 2230 tilios

164 2250 292 2278 nostros
326 2251 356 2278 et
388 2246 590 2289 Apostolicae
622 2247 712 2281 Sedis
736 2249 894 2288 nuncios,

164 2309 200 2330 ac
225 2298 427 2332 venerabiles
458 2299 570 2332 fratres
594 2300 811 2343 patriarchas,
841 2312 894 2334 ar-

164 2350 401 2394 chiepiscopos,
427 2352 607 2395 episcopos,
625 2352 769 2396 aliosque
794 2354 898 2386 eccle-

163 2403 281 2436 siarum
307 2406 478 2447 praelatos
498 2410 529 2438 et
549 2406 694 2439 locorum
712 2405 897 2440 Ordinarios

165 2457 349 2496 transmitti,
375 2458 428 2501 qui
454 2457 525 2491 illas
552 2459 767 2502 quantocitius
793 2459 898 2502 publi-

164 2519 237 2542 care
273 2509 444 2550 studeant3
471 2510 615 2553 ipsarum
641 2522 716 2545 vero
745 2522 895 2555 praesen-

164 2561 243 2595 tium
268 2563 444 2596 litterarum
473 2564 690 2607 transumptis,
712 2575 766 2597 seu
793 2575 897 2598 exem—

164 2615 233 2659 plis,
262 2615 355 2650 etiam
374 2617 554 2660 impressis,
572 2627 668 2651 manu
687 2618 821 2653 alicuius
841 2629 898 2653 no-

905 429 907 442 l

929 279 999 311 tarii
1021 279 1143 322 publici
1177 279 1383 323 subscriptis,
1409 285 1440 312 et
1461 279 1569 322 sigillo
1594 289 1665 321 per-

928 342 1028 365 sonae
1054 332 1086 364 in
1116 332 1336 365 ecclesiastica
1369 332 1525 375 dignitate
1551 331 1666 364 consti-

929 389 1013 417 tutae
1039 385 1190 424 munitis,
1226 385 1372 418 camdem
1411 386 1543 418 omnino
1570 385 1665 417 sidem

929 437 960 469 in
998 437 1118 470 iudicio
1158 443 1189 470 ct
1227 444 1316 470 extra
1357 437 1436 471 illud
1468 438 1665 480 ,ubicumque

930 490 1075 522 locorum
1109 489 1244 530 haberi,
1272 501 1354 533 quae
1380 490 1558 523 haberetur
1590 490 1668 533 ipsis

930 542 1156 584 praesentibus
1201 542 1225 574 si
1265 542 1371 576 sorent
1412 543 1577 575 exhibitae
1620 543 1667 575 vel

930 600 1094 628 ostensae.

974 647 1087 680 Datum
1115 648 1249 689 Romae,
1275 649 1360 692 apud
1386 649 1416 682 S.
1443 649 1581 689 Petrtun,
1608 650 1668 681 sub

931 701 1053 734 annulo
1072 700 1255 741 piscatoris,
1270 702 1321 734 die
1336 712 1366 735 1v
1383 701 1494 745 aprilis
1511 711 1668 741 Moccxxv,

932 753 1141 797 pontificatus
1160 755 1263 788 nostri
1283 766 1367 789 anno
1386 766 1408 789 1.

968 816 1025 843 Dat.
1047 815 1090 844 die
1112 817 1126 844 4
1146 817 1240 851 aprilis
1263 818 1341 851 1725,
1364 817 1464 853 pontif.
1488 826 1558 845 auno
1580 826 1596 845 ι.

1263 961 1337 995 Llll.

933 1040 1126 1074 Conceditur
1175 1042 1336 1084 fratribus
1386 1042 1672 1075 Praedicatoribus

975 1094 1214 1127 nonnullarum
1237 1095 1506 1138 provinciarum,
1534 1100 1569 1127 ut
1599 1106 1673 1137 pro-

976 1147 1129 1180 cessiones
1160 1147 1217 1181 SS.
1250 1148 1400 1187 Rosarii‚
1435 1148 1504 1180 sine
1537 1149 1674 1190 parochi

977 1201 1162 1233 interventu
1187 1205 1215 1233 et
1241 1200 1374 1234 licenzid
1401 1200 1574 1234 Ordiuarii
1588 1229 1595 1241 ,
1621 1212 1674 1244 pe-

976 1264 1088 1297 raqere
1109 1254 1234 1298 possint
1248 1253 1268 1288 ¹.

1106 1334 1290 1363 Benedictus
1311 1336 1393 1369 Papa
1414 1336 1492 1365 xm.

1076 1380 1113 1406 ad
1133 1380 1268 1407 futuram
1288 1381 1334 1407 rei
1352 1380 1538 1408 memoriam.

978 1452 1011 1484 ln
1030 1451 1200 1496 supremo²
1217 1452 1383 1485 militantis
1401 1453 1562 1486 Ecclesiae
1581 1454 1673 1494 solio,

934 1505 1057 1538 meritis
1083 1505 1158 1538 licet
1183 1505 1370 1548 imparibus,
1393 1516 1452 1548 per
1478 1505 1675 1539 ineffabilem

936 1558 1063 1591 divinae
1078 1557 1234 1591 bonitatis
1248 1558 1479 1591 abundantiam
1496 1559 1674 1600 constituti,

936 1616 1064 1644 exortas
1090 1611 1174 1643 inter
1199 1611 1379 1643 catholicos
1405 1611 1565 1645 antistites
1584 1612 1677 1645 alias-

937 1675 997 1708 que
1023 1675 1180 1708 personas
1199 1665 1436 1698 ecclesiasticas
1454 1671 1485 1698 et
1504 1667 1676 1709 religiosos

937 1718 1019 1751 viros
1049 1718 1285 1751 controversias
1318 1718 1509 1761 opportunis
1543 1719 1677 1751 rationi-

936 1770 995 1803 bus
1013 1770 1165 1804 dirimere
1190 1771 1368 1810 studemus,
1391 1771 1472 1803 sicut
1491 1771 1521 1803 iu
1542 1771 1676 1804 Domino

937 1824 1154 1867 conspicimus
1180 1825 1358 1856 salubriter
1383 1823 1549 1867 expedire,

982 1879 996 1921 g
1021 1877 1052 1910 1.
1081 1877 1237 1920 Exposuit
1266 1877 1426 1921 siquidem
1455 1878 1547 1912 nobis
1573 1889 1678 1921 nuper

938 1930 1075 1964 dilectus
1092 1930 1175 1964 lilius
1194 1936 1304 1963 noster
1322 1931 1517 1973 Augustinus
1536 1931 1566 1965 S.
1587 1932 1623 1964 R.
1640 1932 1673 1964 E.

938 1983 1109 2016 cardinalis
1127 1983 1215 2027 Pipia
1238 1989 1450 2027 nuncupatus,
1466 1984 1594 2017 Ordinis
1617 1985 1677 2016 sra-

939 2042 1022 2069 trum
1039 2037 1302 2070 Praedicatorum
1321 2037 1564 2070 administrator
1585 2049 1677 2080 gene·

939 2090 1030 2131 ralis,
1049 2091 1153 2134 quod,
1181 2101 1251 2123 cum
1270 2091 1301 2123 in
1325 2091 1420 2123 variis
1447 2091 1521 2123 dicti
1547 2091 1675 2125 Ordinis

940 2143 1116 2186 provinciis
1142 2144 1320 2176 nonnullae
1349 2144 1421 2176 lites
1447 2154 1518 2177 cum
1549 2144 1676 2176 modico

940 2197 1153 2229 saecularium
1169 2198 1318 2239 exemplo
1334 2196 1417 2229 circa
1432 2196 1676 2239 processionem

941 2248 993 2281 SS.
1030 2250 1153 2282 Rosarii
1190 2250 1335 2293 qualibet
1372 2250 1477 2292 prima
1514 2250 1674 2282 dominica

942 2302 1062 2335 mensis
1088 2303 1231 2336 octobris
1251 2302 1318 2336 neri
1337 2308 1523 2336 consuetam
1549 2308 1676 2336 exortae

979 2407 986 2432 l
1011 2405 1158 2433 Clementis
1177 2406 1220 2433 ΧΗ
1242 2407 1350 2433 constit.
1366 2407 1431 2434 edit.
1454 2414 1614 2443 atnttcxxxnt,
1636 2409 1679 2435 die

943 2449 975 2476 to
993 2448 1213 2485 aprilisfpontif.
1236 2457 1281 2484 111,
1303 2451 1483 2479 confirmatur
1502 2452 1616 2479 facultas
1635 2461 1679 2479 ce-

941 2493 1065 2520 lebrandi
1094 2495 1282 2530 processiones
1309 2495 1351 2522 SS.
1381 2495 1507 2531 Corporis
1535 2496 1632 2523 Christi
1652 2502 1679 2522 et

941 2539 1058 2573 Rosarit,
1074 2547 1137 2565 cum
1154 2539 1358 2567 confirmatione
1374 2543 1400 2567 et
1416 2540 1597 2567 declaratione
1615 2541 1678 2567 Bre-

942 2584 979 2609 vis
996 2583 1131 2610 Benedicti
1151 2583 1217 2611 Xlll.

976 2628 991 2653 Ξ
1007 2627 1076 2656 Edit.
1094 2627 1173 2657 nain,
1190 2628 1254 2665 legit
1268 2638 1358 2665 supra
1374 2638 1421 2666 pro
1435 2639 1569 2665 supremo
1586 2630 1675 2665 (a.T.).

1561 220 1624 255 139
1672 228 1721 254 An.
1740 228 1768 255 c.
1793 228 1858 256 1725

1714 1463 1853 1482 Prooemium.

1698 1887 1732 1912 Exi
1743 1889 1804 1908 (vstitu
1816 1888 1872 1908 thou.
