2170 3147
211 202 261 230 An.
282 204 311 230 c.
330 204 397 232 ¹722
443 195 485 229 90

235 793 358 815 cumam.

406 256 506 296 gulas,
539 264 609 286 cum
649 253 800 287 omnibus
828 259 857 286 et
884 254 1019 296 singulis
1044 253 1075 285 in
1103 254 1148 286 eis

406 307 567 339 contentis
593 312 623 339 et
648 306 808 349 expressis
841 307 958 339 barum
985 306 1067 339 serie
1094 318 1148 349 ap-

406 359 582 402 probamus
600 365 630 392 et
648 359 878 392 confirmamus
898 371 934 393 ac
948 361 1148 400 innovamus,

405 413 537 456 illisque
563 413 714 446 omnibus
740 418 771 446 et
796 414 933 456 singulis
951 413 1149 447 inviolabilis

405 466 606 509 apostolicae
634 465 796 498 firmitatis
823 466 935 505 robur,
962 466 1025 498 vim
1053 471 1083 499 et
1105 466 1149 498 es-

404 517 551 551 ficaciam
587 518 807 561 adiungnnus,
837 530 939 562 eaque
975 519 1083 552 omnia
1117 518 1148 550 in

405 571 452 604 eis
489 577 644 604 contenta
681 578 712 604 et
748 581 923 614 expressa,
948 572 1009 604 sub
1036 571 1149 604 iisdem

405 624 530 667 poenis,
553 625 719 668 perpetuis
742 624 855 657 suturis
875 624 1076 667 temporibus
1102 624 1149 656 in-

405 677 602 711 violabiliter
620 682 650 710 et
668 677 861 711 inconcusse
880 676 1042 709 observari
1063 687 1151 719 prae-

405 730 542 774 cipimus
568 737 596 763 et
619 731 822 764 mandamus.

448 782 462 826 ἓ
487 782 518 816 6.
545 782 778 823 Decernentes,
804 784 932 817 easdem
960 788 1150 826 praesentes

405 841 437 869 et
471 836 632 879 praefatas
667 836 870 876 Innocentii,
908 836 994 868 Pauli
1033 841 1064 868 et
1100 835 1146 867 Pii

405 889 695 931 praedecessorum
718 889 857 929 litteras,
886 894 916 921 et
940 888 972 921 in
999 888 1043 922 eis
1070 898 1148 921 con—

405 947 493 975 tenta
523 952 768 986 quaecumque,
794 943 891 976 etiarn
924 954 959 975 ex
993 953 1030 975 eo
1060 942 1147 985 quod

406 994 563 1037 quilibet,
592 996 688 1028 etiam
715 995 855 1028 cuiusvis
880 999 992 1035 status,
1018 996 1148 1038 gradus,

405 1047 540 1088 ordinis,
560 1048 837 1091 praeeminentiae
855 1055 886 1081 et
903 1048 1078 1091 dignitatis,
1094 1053 1149 1081 aut

405 1100 481 1140 alii,
510 1101 607 1133 etiam
633 1100 784 1143 specifica
810 1108 840 1133 et
866 1101 1032 1134 individua
1057 1112 1149 1134 men-

406 1154 492 1186 tione
518 1160 549 1186 et
575 1154 788 1196 expressione
814 1154 915 1195 digni,
934 1155 965 1186 in
993 1154 1148 1197 praemis-

404 1206 447 1238 sis
485 1207 595 1239 forsan
634 1207 680 1238 ius
717 1208 765 1239 vel
802 1207 961 1239 interesse
988 1207 1146 1240 habentes

403 1269 459 1291 seu
475 1259 597 1292 habere
616 1260 866 1302 quomodolibet
880 1261 1146 1302 praetendentes,

404 1309 468 1342 illis
495 1320 557 1342 non
584 1310 821 1349 consenserint,
839 1321 899 1343 nee
928 1311 966 1343 ad
989 1321 1025 1343 ea
1043 1311 1146 1344 vocati

404 1368 434 1395 et
460 1361 570 1402 auditi,
607 1373 713 1406 neque
752 1374 879 1403 causae,
906 1370 1040 1407 propter
1066 1375 1146 1407 quas

403 1416 491 1458 ipsae
518 1421 706 1458 praesentes
734 1416 925 1456 emanarint,
947 1417 1148 1450 sufficienter

403 1468 578 1509 adductae,
600 1468 780 1502 verificatae
809 1475 840 1501 et
865 1468 1056 1503 iustificatae
1083 1471 1147 1503 sne-

404 1522 492 1562 rint,
520 1528 575 1555 aut
600 1533 636 1555 ex
664 1522 725 1555 alia
752 1533 957 1566 quacumque
978 1529 1148 1566 quantum-

403 1576 448 1608 vis
476 1575 623 1615 iminica,
643 1576 705 1619 pia,
725 1576 867 1618 legitima
889 1582 920 1609 et
940 1577 1147 1619 privilegiata

403 1628 511 1670 causa,
531 1630 651 1668 colore,
673 1635 845 1672 praetextu
865 1635 895 1662 et
914 1630 1030 1672 capite,
1051 1630 1146 1662 etiam

403 1683 434 1714 in
457 1692 593 1725 corpore
619 1682 698 1714 iuris
726 1683 849 1722 clauso,
868 1682 963 1715 etiam
990 1684 1147 1723 enormis,

403 1735 648 1768 enormissimae
675 1740 705 1768 et
732 1736 837 1768 totalis
864 1736 1028 1774 laesionis,
1059 1737 1148 1769 nullo

402 1799 545 1831 unquam
580 1794 727 1832 tempore
761 1789 800 1821 de
827 1789 1063 1832 subreptionis.
1095 1791 1149 1822 ob-

402 1841 572 1884 reptionis,
599 1846 655 1873 aut
675 1841 834 1873 nullitatis
854 1841 942 1881 vitio,
963 1851 1017 1873 seu
1045 1841 1148 1874 inten-

404 1893 499 1925 tionIs
526 1899 670 1933 nostrae,
691 1899 745 1926 aut
770 1895 930 1926 interesse
958 1894 1147 1927 habentium

402 1948 592 1986 consensus,
618 1947 720 1980 aliove
748 1946 898 1990 quolibet
928 1946 1022 1979 etiam
1049 1958 1148 1990 quan-

402 1999 519 2031 tumvis
545 2009 662 2042 magno
694 2009 729 2031 ac
759 1999 964 2032 substantiali
997 2010 1031 2032 ac
1060 2000 1150 2033 inco-

402 2051 502 2094 gitato
529 2051 837 2095 inexcogitabilique
869 2052 996 2085 defectu
1028 2053 1146 2093 notari,

403 2105 599 2148 impugnari,
625 2105 769 2147 infringi,
794 2106 976 2146 retractari,
1006 2105 1039 2138 in
1072 2117 1149 2139 con-

404 2159 593 2191 troversiam
613 2158 729 2199 vocari,
748 2164 801 2192 aut
822 2159 860 2191 ad
889 2159 1043 2192 terminos
1070 2159 1148 2192 iuris

402 2211 534 2251 reduci,
568 2222 624 2244 seu
663 2212 816 2245 adversus
850 2212 921 2245 illas
955 2212 1146 2255 aperitionis

408 2265 488 2303 oris,
517 2264 733 2297 restitutionis
760 2265 791 2297 in
817 2265 999 2307 integrum,
1020 2266 1147 2299 aliudve

403 2318 630 2361 quodciinnpie
657 2318 743 2357 iuris,
771 2318 843 2350 sacti
875 2319 924 2351 vel
951 2319 1073 2360 gratiae
1100 2330 1149 2351 re-

402 2371 543 2403 medium
571 2371 722 2403 intentari
750 2372 799 2403 vel
818 2371 997 2413 impetrari,
1016 2376 1069 2403 aut
1094 2372 1148 2404 ini-

402 2429 538 2467 petrato,
577 2434 631 2455 scu
671 2423 766 2455 etiam
804 2428 906 2462 motu,
945 2423 1082 2456 scientia
1117 2430 1148 2457 et

401 2475 570 2519 potestatis
596 2475 802 2518 plenitudine
838 2476 970 2519 paribus
993 2487 1147 2510 concesso

401 2529 448 2561 vel
480 2534 641 2567 enianato,
677 2529 864 2571 quempiam
899 2529 930 2561 in
958 2529 1076 2562 iudicio
1097 2532 1146 2563 vel

401 2586 489 2615 extra
514 2581 596 2615 illud
615 2581 659 2614 uti
678 2591 734 2613 seu
762 2591 794 2614 se
814 2581 924 2614 iuvare
951 2591 1067 2625 posse3
1088 2583 1147 2617 sed

991 206 1173 229 BULLARIUM
1199 205 1355 228 ROMANUM

1192 253 1278 295 ipsas
1305 258 1493 295 praesentes
1519 258 1551 286 et
1576 252 1758 296 praedictas
1779 252 1937 287 Innocen-

1193 305 1239 345 tii,
1260 305 1348 338 Pauli
1376 311 1406 338 et
1427 305 1472 338 Pii
1499 305 1789 348 praedeeessorum
1815 305 1938 339 litteras

1193 368 1326 400 semper
1352 365 1382 390 et
1408 363 1565 401 perpetuo
1600 357 1726 398 sirmas,
1761 358 1882 391 validas
1908 364 1939 392 et

1193 410 1340 443 efficaces
1358 410 1497 444 existere
1517 416 1548 444 et
1564 411 1646 449 fore,
1667 422 1808 454 suosque
1827 413 1939 454 plena-

1194 462 1258 495 rios
1286 468 1317 495 et
1343 463 1491 505 integros
1517 462 1650 496 effectus
1668 463 1777 496 sortiri
1803 470 1833 496 et
1857 464 1940 496 obti-

1194 525 1289 554 nere,
1323 526 1359 547 ae
1395 525 1453 557 pro
1487 521 1636 558 tempore
1662 515 1811 548 existenti
1837 517 1940 549 archi-

1193 567 1348 610 episcopo
1375 568 1629 606 Beneventano,
1656 569 1792 611 eiusque
1819 569 1938 603 vicario

1193 619 1224 651 in
1251 620 1479 662 spiritualibus
1508 620 1663 662 generali,
1685 620 1716 652 in
1735 621 1884 654 omnibus
1909 628 1940 655 et

1194 683 1253 715 per
1279 673 1387 705 omnia
1413 673 1601 716 plenissime
1636 674 1817 716 suffragari,
1844 680 1875 708 et
1899 676 1938 708 ab

1193 725 1267 765 illis,
1292 726 1330 758 ad
1366 736 1447 768 quos
1484 731 1612 769 spectat
1637 732 1668 759 et
1691 737 1752 770 pro
1791 732 1939 771 tempore

1193 778 1369 821 spectabit,
1410 779 1645 812 inviolabiliter
1680 785 1712 812 et
1747 779 1938 814 inconcusse

1192 832 1378 873 observari3
1395 832 1508 876 sicque
1524 833 1554 865 in
1570 833 1757 876 praemissis
1773 844 1830 876 per
1844 845 1940 877 quos-

1193 895 1332 928 cumque
1365 885 1490 919 iudiees
1524 886 1711 919 ordinarios
1742 893 1775 919 et
1807 887 1940 930 delega-

1193 942 1255 978 tos,
1289 938 1386 971 etiarn
1423 949 1595 971 causarum
1622 938 1734 982 palatii
1766 940 1939 982 apostolici

1191 990 1374 1031 auditores,
1394 1002 1430 1024 ac
1455 991 1486 1023 S.
1508 991 1546 1023 R.
1566 991 1599 1024 E.
1621 991 1818 1031 cardinales,
1841 993 1939 1026 etiam

1192 1043 1231 1075 de
1266 1044 1366 1076 latere
1398 1037 1523 1086 legatos
1553 1050 1585 1077 et
1610 1045 1818 1086 Apostolicae
1845 1045 1938 1078 Sedis

1192 1096 1339 1135 nuncios,
1376 1096 1492 1129 aliosve
1531 1097 1695 1140 quoslibet
1731 1108 1938 1141 quacumque

1191 1149 1451 1191 praeeminentia
1476 1155 1509 1182 et
1533 1153 1693 1192 potestate
1712 1150 1886 1193 fungentes
1909 1155 1940 1184 et

1191 1202 1367 1240 functuros,
1391 1202 1520 1235 sublata
1542 1202 1588 1235 eis
1613 1207 1644 1235 et
1668 1212 1782 1236 eorum
1804 1203 1940 1236 cuilibet.

1190 1256 1303 1297 quavis
1328 1255 1424 1288 aliter
1448 1256 1614 1289 iudicandi
1641 1261 1674 1289 et
1698 1256 1938 1300 interpretandi

1191 1308 1343 1341 facultate
1369 1313 1400 1341 et
1429 1309 1633 1347 auctoritate,
1659 1309 1798 1342 iudicari
1829 1314 1861 1342 et
1883 1310 1938 1343 de-

1191 1361 1275 1393 finiri
1303 1361 1449 1402 debere,
1471 1373 1507 1394 ac
1523 1362 1650 1394 irritum
1669 1373 1800 1406 quoque
1827 1368 1858 1396 et
1874 1362 1941 1395 ina-

1191 1424 1231 1446 ne
1257 1414 1282 1446 si
1309 1425 1402 1447 secus
1428 1425 1528 1458 super
1554 1415 1604 1447 liis
1624 1426 1640 1447 a
1658 1425 1836 1458 quoquam,
1863 1425 1940 1458 qua-

1190 1468 1236 1499 vis
1261 1468 1465 1508 auctoritate,
1497 1467 1636 1501 scienter
1662 1468 1711 1500 vel
1739 1468 1937 1510 ignoranter,

1190 1521 1368 1564 contigerit
1393 1521 1562 1553 attentari.

1236 1576 1250 1618 g
1276 1575 1306 1608 7.
1334 1574 1403 1607 Non
1428 1574 1631 1607 obstantibus
1650 1574 1802 1607 omnibus
1821 1580 1853 1608 et
1871 1575 1936 1608 sin-

1192 1630 1275 1672 gulis
1300 1628 1376 1667 illis,
1407 1638 1488 1671 quae
1514 1627 1546 1659 in
1562 1627 1757 1670 supradictis
1777 1628 1937 1661 Innocen-

1193 1683 1238 1721 tii,
1264 1681 1352 1715 Pauli
1379 1688 1409 1713 et
1435 1681 1480 1712 Pii
1507 1681 1798 1723 praedecessorum
1819 1680 1938 1714 litteris

1192 1746 1348 1769 concessa
1375 1740 1450 1766 sunt
1474 1744 1539 1766 non
1566 1734 1723 1774 obstare,
1752 1733 1938 1778 ceterisque

1192 1787 1366 1820 contrariis
1393 1786 1661 1829 quibuscumque.

1234 1841 1350 1873 Datum
1371 1840 1506 1878 Romae,
1528 1840 1615 1883 apud
1634 1839 1665 1872 S.
1687 1840 1819 1872 Mariam
1843 1840 1942 1874 Maio-

1192 1905 1273 1933 rem,
1293 1893 1355 1925 sub
1376 1894 1500 1926 annulo
1520 1893 1713 1933 piscatoris,
1735 1894 1788 1926 die
1811 1904 1843 1927 vt
1868 1904 1942 1937 sep-

1193 1947 1328 1979 tembris
1369 1956 1559 1987 iioccxx1v‚
1591 1946 1803 1989 pontificatus
1834 1947 1942 1979 nostri

1193 2010 1278 2033 anno
1297 2011 1318 2033 1.

1229 2062 1287 2088 Dat,
1305 2061 1348 2088 die
1363 2063 1378 2087 6
1397 2061 1562 2096 septembris
1582 2062 1658 2096 1724,
1676 2061 1770 2097 pontis.
1790 2069 1858 2088 atino
1876 2067 1894 2088 t.

1500 2193 1631 2227 XXVIII.

1193 2265 1386 2297 Decernz‘tur
1400 2265 1594 2298 decanatum
1611 2266 1696 2298 sacre·
1713 2265 1938 2298 carclz'nalz'mn

1237 2318 1367 2361 collegyii
1413 2319 1456 2351 acl
1506 2319 1690 2361 episcopum
1735 2318 1938 2351 cardinalem

1237 2371 1482 2414 antiquiorem,
1513 2370 1584 2403 licet
1616 2370 1800 2407 absentem,
1835 2371 1938 2413 perti-

1237 2434 1322 2462 nere,
1337 2424 1488 2466 aliaeque
1513 2424 1747 2456 controversiae
1765 2423 1825 2455 leae
1841 2434 1938 2466 super

1238 2486 1271 2508 re
1296 2475 1332 2507 cle
1358 2476 1462 2508 vitellio
1490 2476 1654 2508 tolluntur
1678 2474 1698 2507 ¹.

1231 2547 1239 2572 t
1266 2545 1320 2572 Hac
1340 2546 1374 2572 de
1394 2554 1423 2573 re
1445 2546 1505 2573 vide
1525 2546 1603 2572 Pauli
1624 2545 1654 2571 IV
1675 2548 1762 2572 const.
1784 2545 1825 2572 ed.
1852 2552 1935 2580 Μοιν,

1194 2589 1236 2618 die
1256 2589 1301 2623 22,
1323 2589 1418 2624 pontis.
1436 2596 1458 2623 t,
1475 2597 1544 2626 quae
1560 2590 1604 2617 hic
1620 2588 1746 2618 refertur.
1769 2589 1856 2617 Huius
1874 2598 1935 2618 vero

1945 204 1995 232 An.
2016 204 2046 232 C.
2063 205 2131 234 1724

1974 1586 2129 1608 Contrariorum

1947 1612 2067 1638 derogatio.
