2170 3147
203 170 254 196 An.
274 170 305 196 c.
325 170 392 197 1727
440 162 505 196 578

200 1181 309 1209 Expositio
325 1183 384 1204 sacti.

396 225 428 254 et
454 221 715 254 ordinationibus
744 223 936 265 apostolicis
953 249 960 262 ,
987 232 1138 261 necnon,

397 279 558 317 quatenus
584 285 666 317 opus
692 275 751 314 sit,
778 275 920 308 vicariae
954 280 987 308 et
1011 275 1141 309 Ordinis

395 327 643 369 praefatorum,
669 327 767 360 etiam
794 328 996 368 iuramento,
1022 327 1098 361 etc!

439 381 554 412 Datum
581 380 713 420 Romae,
739 381 824 423 apud
850 381 881 414 S.
910 382 1051 421 Petrum,
1082 382 1141 414 suh

396 434 517 466 annulo
533 433 717 471 piscatoris,
732 434 784 467 die
804 444 863 466 xxv
883 434 1140 474 iuniimncxxvn,

394 487 606 530 pontificatus
633 487 737 520 nostri
765 498 850 520 anno
876 498 916 520 ιν.

431 550 491 576 Dat.
509 549 554 576 die
570 549 605 575 25
620 549 687 576 iunii
706 551 785 581 1725,
807 550 912 584 pontis.
932 559 1007 577 anno
1026 557 1062 577 lv.

662 691 874 725 CLXXXVIII.

397 772 620 814 Confirmatztr
638 771 800 803 decretum
818 771 958 814 capituli
980 771 1144 814 yenernlix

438 824 665 858 Eremitarum
689 824 723 857 S.
742 824 925 866 Augustini
949 835 1047 867 super
1071 835 1144 856 con-

438 878 610 911 sn'tzm'one
642 878 774 909 numeri
811 878 1007 919 lrz'yinlaseoe
1040 879 1143 920 mayf-

437 935 582 963 strorum
600 931 635 962 in
657 930 829 973 provincici
849 930 1038 972 Arayom'ae
1063 930 1145 962 αἰπε-

438 983 509 1016 dem
536 983 672 1017 Ordinis
685 982 707 1015 ².

571 1063 756 1090 Benedictus
778 1063 858 1096 Papa
878 1063 959 1094 XIII,

535 1108 572 1134 ad
593 1108 730 1134 futuram
751 1108 797 1134 rei
814 1108 999 1134 memoriam.

439 1180 453 1222 ἓ
479 1179 510 1211 ’1.
537 1178 662 1221 Εψοῑιί
688 1178 783 1210 nobis
821 1189 927 1221 nuper
960 1179 1037 1211 fecit
1064 1179 1145 1212 dile-

396 1238 466 1265 ctus
493 1232 581 1264 filius
607 1232 747 1264 Tliomas
774 1232 914 1270 Raulin,
946 1233 1039 1275 prior
1068 1243 1144 1275 pro-

394 1285 544 1318 vincialis
579 1284 767 1327 provinciae
799 1285 982 1326 Aragoniae
1013 1285 1143 1318 Ordinis

394 1339 529 1371 fratrum
566 1338 780 1371 Ereniitarum
813 1338 915 1370 saneti
945 1339 1142 1381 Augustini,

395 1393 499 1436 quod,
534 1391 689 1434 perlectis
725 1391 756 1423 in
792 1391 968 1424 novissimo
1001 1393 1143 1435 capitulo

395 1445 540 1488 generali
574 1444 721 1476 eiusdem
752 1444 882 1477 Ordinis
909 1445 960 1477 die
986 1455 996 1477 1
1022 1445 1143 1477 mensis

394 1497 583 1530 novembris
606 1497 754 1539 proxime
776 1497 945 1539 praeteriti
964 1497 994 1529 in
1015 1497 1143 1530 civit-tite

395 1553 512 1583 nostra
548 1550 707 1582 Perusina
743 1551 910 1582 celebrato
948 1550 1144 1593 quibusdam

395 1604 518 1636 nostris
547 1603 578 1634 in
597 1603 693 1634 simili
716 1603 818 1635 sernia
845 1603 953 1635 Brevis
978 1604 1016 1636 ad
1036 1605 1142 1646 ipsum

397 1657 577 1700 capitulum
605 1657 758 1698 gencrale
781 1656 863 1688 datis
882 1657 1006 1695 litteris,
1026 1658 1144 1700 quibus

397 1710 484 1742 inter
502 1710 565 1742 alia
591 1711 704 1742 iratres
727 1709 803 1741 dieti
822 1709 951 1741 Ordinis
970 1710 1049 1741 inibi
1069 1722 1145 1742 een-

397 1769 549 1805 gregatos
574 1762 695 1794 diserte
722 1762 904 1794 monuimus
932 1769 1091 1805 quatenus
1111 1764 1142 1795 in

397 1827 468 1849 eam
488 1826 597 1848 curam
624 1826 825 1858 magnopere
848 1816 1078 1848 incumberent
1105 1828 1144 1849 ne

396 1869 587 1912 provinciae
603 1869 748 1901 eiusdem
763 1868 892 1901 Ordinis
914 1870 1143 1912 magistrorum

397 1922 608 1955 multitudine
646 1927 883 1964 gravarentur;
912 1928 962 1961 et,
988 1923 1143 1966 quoniam

397 1976 598 2018 provinciam
625 1975 807 2017 aragoniae
835 1976 897 2008 hoe
924 1986 1000 2018 prae
1027 1978 1144 2009 ceteris

397 2028 607 2061 incommodo
655 2028 805 2060 laborare
851 2028 1113 2061 inaudiverainus
1135 2057 1141 2069 ‚

397 2082 624 2114 mandavimus
651 2087 685 2113 ut
707 2081 739 2114 in
767 2082 849 2115 dicta
876 2083 1045 2124 provincia
1071 2085 1147 2116 Ara-

398 2136 516 2178 goniae
551 2136 736 2177 trigintasex
773 2136 1000 2178 magistrorum
1032 2148 1145 2169 nunic-

399 2198 466 2227 rus,
493 2199 589 2230 quein
626 2187 747 2220 nemini
786 2188 968 2230 praeterire
996 2195 1027 2221 et
1054 2200 1145 2222 exee-

399 2241 477 2273 dere
497 2241 621 2279 liceret,
640 2241 854 2284 imposterum
880 2242 1144 2283 constitueretur⁷

400 2293 512 2325 fratres
545 2294 683 2336 pradicti
717 2305 755 2326 eo
788 2305 853 2337 quo
886 2306 943 2337 par
975 2301 1023 2328 est
1054 2296 1147 2329 obse-

438 2391 448 2415 1
472 2388 505 2415 Ut
524 2398 604 2424 supra
626 2398 687 2424 pag.
709 2392 755 2417 471
780 2400 798 2417 α
817 2396 856 2424 (n⁴
878 2393 928 2425 τ.).

435 2435 451 2458 2
473 2433 508 2458 De
529 2435 734 2460 confirmatione
764 2436 861 2461 similis
888 2436 989 2462 decreti
1012 2445 1058 2471 pro
1080 2446 1145 2472 pro-

401 2477 489 2503 vinci-:1
511 2477 617 2503 Baetica
636 2478 756 2504 eiusdem
778 2479 885 2506 Ordinis
903 2480 961 2506 vide
979 2481 1058 2508 liuius
1075 2483 1145 2508 Pon-

401 2521 480 2546 tilicis
502 2521 609 2548 constit.
631 2522 695 2548 edit.
718 2530 868 2558 stnccxxvn,
889 2525 932 2551 die
953 2525 968 2551 2
989 2526 1056 2560 iulii,
1078 2535 1145 2561 pon-

401 2565 518 2591 tificatus
538 2572 577 2591 ιιι.

989 175 1176 198 BULLARIUM
1202 176 1361 201 ROMANUM

1187 223 1264 266 quio
1290 226 1530 261 monitionibus
1562 234 1594 262 et
1618 230 1779 263 mandatis
1814 229 1934 263 nostris

1187 277 1377 311 huiusmodi
1402 282 1603 314 unanimiter
1626 287 1876 323 consenserunt,
1902 289 1934 316 et

1186 331 1287 372 alias,
1316 339 1415 376 prout
1439 334 1472 366 in
1498 335 1631 368 decreto
1663 336 1697 368 in
1733 336 1848 369 eodem
1881 346 1934 369 ea-

1186 384 1292 428 pitulo
1318 396 1374 418 seu
1412 397 1527 420 eorum
1563 387 1753 421 delinitorio
1786 389 1933 431 generali

1187 438 1331 481 desuper
1355 439 1462 480 edito,
1489 440 1580 473 cuius
1606 446 1755 474 tenorem
1781 451 1936 483 praesen-

1188 491 1272 524 tibus
1290 503 1350 535 pro
1376 494 1473 535 plene
1500 498 1532 525 et
1558 494 1759 526 sufficienter
1778 504 1933 537 expresso

1187 551 1218 577 et
1244 545 1367 578 inserto
1387 545 1501 578 haberi
1528 546 1692 586 volumus,
1711 546 1841 589 plenius
1859 557 1935 580 eon-

1188 603 1320 629 tinetur.

1231 652 1246 694 ἓ
1272 651 1303 683 ΞΣ.
1330 650 1406 683 Cum
1433 657 1564 691 autem,
1593 652 1677 684 sieut
1702 652 1815 685 eadem
1840 663 1934 696 expo-

1188 703 1263 735 sitio
1289 704 1520 745 subiungebat,
1548 703 1652 736 dictus
1678 704 1818 737 Thomas
1844 716 1934 748 prae-

1189 756 1297 795 missa,
1324 767 1388 798 quo
1415 757 1540 789 firmius
1562 757 1741 790 subsistant
1759 763 1790 790 et
1807 768 1935 791 serven-

1189 815 1239 841 tur
1264 810 1420 849 exactius,
1447 810 1647 852 apostolicae
1674 810 1934 844 confirmationis

1188 868 1318 895 nostrae
1344 862 1528 905 patrocinio
1563 863 1779 902 communiri,
1805 874 1935 897 necnon

1188 916 1347 959 quaedam
1374 916 1492 955 dubia,
1517 927 1600 959 quae
1626 927 1723 958 super
1748 927 1862 949 eorum
1888 917 1936 950 in-

1189 969 1370 1012 telligentia
1394 975 1426 1001 et
1451 969 1642 1001 executione
1673 969 1768 1002 facile
1793 970 1935 1003 suboriri

1188 1027 1335 1065 possent,
1356 1033 1373 1054 a
1392 1022 1486 1054 nobis
1513 1022 1672 1054 declarari
1691 1032 1727 1054 ae
1747 1022 1935 1056 submoveri

1188 1085 1397 1118 summopere
1424 1075 1608 1108 desideret:
1631 1085 1709 1115 nos,
1727 1075 1829 1118 ipsius
1854 1075 1937 1109 Tho-

1189 1139 1260 1160 mae
1284 1128 1367 1160 votis
1393 1128 1455 1160 hae
1480 1128 1511 1159 in
1531 1138 1575 1167 re,
1598 1134 1756 1171 quantum
1783 1139 1855 1161 cum
1876 1129 1936 1162 Do-

1189 1181 1277 1213 mino
1314 1191 1513 1223 possumus,
1541 1180 1763 1213 favorabiliter
1788 1191 1933 1215 annuere

1189 1234 1368 1277 euidentes,
1398 1245 1539 1277 eumque
1565 1246 1582 1266 a
1612 1234 1781 1277 quibusvis
1806 1245 1936 1268 exeom-

1188 1287 1420 1319 inunieatienis
1446 1287 1673 1329 suspensionis
1699 1293 1730 1320 et
1754 1287 1936 1330 interdicti,

1189 1341 1328 1383 aliisque
1343 1340 1576 1373 ecclesiasticis
1593 1341 1774 1381 sententiis,
1789 1342 1936 1375 censuris

1189 1400 1221 1426 et
1247 1393 1372 1437 poenis,
1399 1404 1415 1426 a
1441 1393 1510 1426 iure
1535 1394 1586 1426 vel
1603 1394 1642 1426 ab
1661 1394 1808 1434 homine,
1825 1395 1937 1438 quavis

1190 1447 1365 1480 occasione
1390 1448 1440 1480 vel
1462 1448 1560 1479 causa
1575 1447 1661 1487 latis,
1678 1447 1704 1479 si
1723 1447 1842 1491 quibus
1857 1459 1938 1491 quo-

1191 1500 1373 1533 modolibet
1398 1500 1573 1533 innodatus
1590 1500 1710 1541 existit,
1729 1501 1769 1533 ad
1786 1499 1937 1535 effectum

1190 1553 1412 1596 praesentium
1442 1554 1607 1587 dumtaxat
1645 1555 1935 1598 consequendum,

1191 1608 1306 1639 haruin
1333 1607 1419 1639 serie
1445 1607 1654 1640 absolventes
1686 1613 1718 1639 et
1750 1608 1935 1641 absolutum

1190 1660 1260 1691 sore
1295 1664 1486 1699 censentes,
1521 1659 1822 1702 supplicationibus
1847 1660 1936 1693 illius

1191 1712 1323 1744 nemine
1348 1711 1444 1743 nobis
1469 1722 1570 1754 super
1592 1712 1654 1744 lioe
1675 1712 1846 1746 humiliter
1863 1723 1937 1756 por-

1190 1766 1287 1798 rectis
1312 1765 1471 1804 inclinati,
1490 1765 1756 1798 constitutionem
1784 1776 1820 1798 ac
1844 1776 1937 1809 prae-

1190 1819 1341 1851 fixionem
1374 1818 1501 1850 numeri
1540 1818 1728 1860 trigintasex
1765 1819 1937 1861 magistro—

1189 1883 1260 1904 rum
1289 1872 1320 1904 in
1347 1871 1531 1914 supradicta
1557 1871 1722 1913 provincia
1739 1872 1934 1914 Aragonhae.

1189 1924 1269 1956 sicut
1290 1924 1518 1967 praemittitur,
1541 1924 1666 1962 saetam,
1684 1934 1719 1956 ae
1734 1924 1856 1957 editum
1882 1925 1936 1958 de-

1189 1989 1291 2021 super
1316 1978 1347 2010 in
1374 1978 1460 2010 dicto
1498 1978 1640 2020 capitulo
1671 1988 1727 2010 seu
1753 1978 1935 2012 definitorio

1190 2032 1333 2074 generali
1357 2032 1523 2064 decretum
1537 2032 1730 2074 praefatum,
1748 2042 1819 2064 cum
1837 2032 1937 2065 omni-

1190 2086 1250 2117 bus
1278 2090 1309 2117 et
1334 2084 1472 2127 singulis
1500 2084 1531 2116 in
1557 2095 1596 2117 eo
1622 2085 1802 2127 contentis,
1828 2091 1937 2119 aueto-

1190 2138 1285 2170 ritate
1319 2137 1522 2180 apostolic-a,
1552 2143 1663 2170 tenore
1689 2138 1936 2180 praesentium,

1191 2191 1421 2223 confirmamus
1457 2196 1489 2223 et
1525 2191 1766 2234 approbamus,
1804 2191 1936 2234 illiSque

1190 2244 1388 2277 inviolabilis
1417 2244 1618 2287 apostolicae
1650 2243 1811 2277 firmitatis
1837 2244 1937 2278 robur

1190 2297 1384 2336 adiiciinus,
1411 2307 1448 2329 ae
1473 2307 1587 2329 omnes
1621 2300 1652 2328 et
1683 2296 1830 2339 singulos
1856 2296 1934 2330 iuris

1190 2357 1221 2383 et
1247 2350 1319 2383 sueti
1347 2350 1505 2389 desectus,
1522 2349 1546 2381 si
1567 2349 1620 2393 qui
1642 2349 1785 2393 desuper
1802 2361 1936 2393 quomo-

1190 2404 1316 2436 dolibet
1340 2402 1586 2442 intervenerint,
1614 2402 1806 2446 supplemus
1831 2408 1862 2436 et
1886 2414 1935 2436 sa-

1189 2467 1316 2489 namus.

1233 2509 1304 2552 §3
1340 2509 1442 2542 Porro
1475 2510 1508 2541 in
1545 2509 1706 2542 eiusmodi
1745 2509 1933 2551 trigintasex

1188 2562 1367 2604 magisterii
1392 2562 1560 2605 antiquum
1579 2572 1749 2594 numerum
1768 2561 1935 2595 duodena·

1944 185 1992 208 Αῃ.
2008 184 2036 210 C.
2058 184 2135 213 ¹727·

1991 661 2124 684 Confirmatio

1943 688 2051 718 praedicti
2090 689 2125 711 de·

1944 717 2006 737 cren.

1978 2511 2126 2533 Ordinationes

1945 2538 1985 2558 hac
2013 2543 2076 2564 super
2104 2542 2127 2558 re

1944 2565 2065 2586 nonnullae.
