2170 3147
0 273 35 294 tn.
55 265 83 292 C.
103 263 170 291 {7⁶28

177 310 365 345 auctoritate
390 310 557 354 praedicta
582 310 620 343 dc
647 319 728 343 novo
756 314 914 353 perpetuo

177 363 331 407 erigimus
357 370 387 397 et
413 364 622 402 instituimus,
645 363 790 405 illudque
812 362 857 395 sie
875 361 914 394 de

177 428 260 450 novo
284 422 426 450 erectum
453 420 483 450 et
508 416 688 448 institutum
714 415 819 448 officio
845 425 916 446 cau-

175 481 283 503 sarum
309 470 417 502 curiae
443 469 595 502 Gamerae
629 469 835 512 Apostolicae
861 478 915 499 au-

177 523 336 555 ditoratus
361 522 523 564 generalis
542 522 600 563 (ita
617 521 704 564 quod
726 521 821 553 liceat
842 531 915 552 eau-

177 584 284 606 sarum
318 573 425 606 curiae
459 573 610 605 Gamerae
636 577 768 604 nostrae
803 571 913 603 buius-

176 626 261 659 modi
287 626 432 668 generali
459 625 606 664 auditori,
627 625 776 668 illiusque
795 625 916 657 locum-

177 680 363 712 tenentibus
400 689 485 711 nunc
519 684 549 711 et
574 689 633 721 pro
672 683 818 720 tempore
855 678 915 709 exi-

176 732 346 772 stentibus,
372 732 523 765 omnibus
543 736 574 764 et
592 731 729 773 singulis
746 729 914 762 beneficiis

175 785 323 825 indultis,
350 785 482 826 gratiis,
519 783 743 823 facultatibus,
767 782 916 815 immuni-

177 838 302 876 tatibus,
330 838 544 877 libertatibus,
572 847 607 869 ac
631 846 834 879 quacumque
853 835 916 878 pri-

175 890 279 923 vativa
305 891 412 933 quoad
439 900 551 923 omnes
576 890 656 922 alios
689 897 915 931 quoscumque

176 943 299 976 iudices
325 943 357 975 in
391 943 494 975 causis
533 941 825 981 confidentialibus,
862 945 917 973 aut

177 995 256 1029 alias
280 1001 314 1028 ut
338 989 522 1039 praefertur
558 995 678 1034 mixtis,
717 999 771 1026 aut
804 1004 916 1036 quam-

177 1059 315 1092 cumque
341 1059 411 1081 cum
436 1048 481 1081 cis
508 1047 747 1081 connexitatem
782 1057 916 1089 quomo-

177 1101 303 1135 dolibet
345 1101 562 1141 habentibus,
605 1105 700 1143 prout
744 1110 915 1132 causarum

177 1154 456 1188 confidentiatium
477 1153 663 1186 huiusmodi
687 1159 760 1186 tunc
787 1153 834 1185 ct¹
857 1163 916 1195 pro

178 1214 323 1251 tempore
345 1208 486 1241 existens
507 1207 636 1240 auditor
653 1206 709 1246 uti,
728 1207 801 1245 frui,
819 1206 915 1249 potiri

178 1266 211 1293 et
235 1261 376 1303 gaudere
402 1261 582 1300 consucvit,
609 1271 644 1293 ac
670 1260 694 1292 si
720 1260 815 1292 oflicii
843 1270 917 1292 cau-

177 1323 282 1346 sarum
308 1313 583 1347 considentialium
610 1313 798 1346 huiusmodi
823 1323 917 1345 vena-

178 1367 250 1400 litas
276 1367 428 1410 illiusquc
455 1366 696 1410 resignabilitas
721 1377 737 1398 a
762 1366 858 1399 nobis
882 1371 915 1398 ut

178 1421 360 1463 praetertur
385 1420 552 1453 abdicatae
590 1430 654 1452 non
682 1420 832 1457 fuissent,
859 1419 915 1459 uti,

178 1474 252 1514 frui,
277 1473 376 1517 potiri
402 1478 433 1505 ct
458 1473 609 1515 gaudere,
644 1482 770 1505 necnon
809 1472 917 1505 omnia

179 1531 211 1560 et
234 1526 363 1569 singula
387 1527 473 1565 iura,
511 1525 742 1566 obventiones,
779 1525 915 1566 salaria,

178 1580 301 1623 regalia
326 1584 358 1612 et
384 1580 605 1612 emolumenta
630 1589 852 1622 quaecumque
871 1589 918 1612 or-

180 1633 305 1666 dinaria
331 1637 363 1665 ct
397 1632 654 1666 extraordinaria
690 1632 917 1675 undecumque

180 1691 211 1719 et
250 1685 557 1729 quomodocumque
596 1684 839 1727 provenientia,
880 1695 917 1718 ac

181 1738 276 1771 etiam
303 1738 464 1781 sportulas
489 1737 615 1781 aliaque
634 1747 838 1780 quocumque
862 1747 918 1770 no-

180 1791 267 1825 mine
291 1795 485 1834 nuncupata,
512 1795 543 1823 et
561 1801 577 1823 a
598 1801 656 1834 pro
684 1796 828 1833 tempore
854 1791 919 1824 exi-

182 1849 287 1877 stente
326 1853 496 1877 causarum
536 1842 817 1876 confidentialium
859 1843 919 1875 bu-

182 1897 322 1929 iusmodi
347 1896 496 1929 auditore
522 1896 668 1938 generati
693 1896 818 1930 ratione
845 1907 920 1929 cau-

183 1960 291 1982 sarum
318 1949 593 1982 confidentialium
620 1949 805 1983 huiusmodi
832 1950 921 1983 audi-

184 2007 306 2035 toratus
331 2002 494 2044 generalis
520 2001 643 2044 percipi
666 2006 697 2034 et
714 2002 796 2044 exigi
815 2003 920 2043 solita,

184 2054 354 2098 percipere
380 2059 412 2087 et
435 2054 565 2097 exigere
592 2054 715 2097 possint
732 2061 764 2087 et
780 2056 918 2097 valeant,

184 2108 311 2141 sublata
336 2113 443 2141 tamen
470 2107 620 2140 facultate
652 2108 790 2140 auditori
824 2119 922 2151 gene-

184 2162 243 2194 rali
262 2171 428 2194 causarum
440 2160 718 2194 confidentialium
734 2161 920 2196 huiusmodi

184 2225 243 2258 per
260 2214 405 2247 eiusdem
420 2213 497 2246 Sixti
516 2214 779 2257 praedecessoris
798 2215 921 2249 litteras

184 2268 367 2311 praedictas
392 2269 545 2301 concessa
569 2267 763 2311 disponendi
789 2268 828 2301 de
854 2269 923 2302 osti-

185 2322 235 2354 eio
274 2321 454 2354 notariatus
498 2320 684 2353 earumdem
731 2331 920 2362 causarum,

185 2384 322 2418 quarum
340 2379 411 2407 acta
429 2378 461 2406 et
481 2379 660 2406 consuetae
679 2374 920 2416 expeditiones,

185 2437 257 2459 cum
282 2427 420 2470 primum
447 2436 505 2469 per
530 2436 656 2459 cessum
681 2427 731 2459 vel
756 2426 922 2460 decessum

186 2486 242 2513 aut
263 2480 477 2524 privationem
514 2491 570 2513 seu
593 2480 790 2513 amotionem
814 2480 921 2514 dilecti

185 2534 242 2566 fili-i
268 2533 397 2566 loannis
434 2533 593 2577 Baptistae
619 2533 829 2574 Constantini,
869 2533 922 2577 qui

186 2585 305 2620 dietum
331 2586 511 2619 notariatus
537 2585 678 2619 officium
705 2586 743 2619 ad
766 2596 922 2629 praesens

222 2649 234 2676 1
255 2648 396 2677 Coniunct.
417 2651 443 2678 et
465 2656 513 2675 nos
529 2648 656 2678 addimus
669 2651 707 2684 (a.
724 2649 773 2684 T.).

751 250 952 285 izi-:amicus
978 259 1036 283 xm
1062 259 1110 283 ιη’,

1595 245 1657 279 7:39
1706 254 1754 279 An.
1777 254 1803 279 r..
1824 253 1888 280 1:²28

959 308 1104 350 possidet
1129 312 1161 340 et
1177 310 1322 345 exercet,
1342 306 1390 339 vel
1409 304 1548 338 cuiusvis
1566 303 1696 337 alterius

959 360 1012 403 qui
1048 360 1128 393 illud
1165 370 1224 403 pro
1261 365 1407 402 tempore
1448 357 1698 401 quomodolibet

960 412 1133 451 obtinebit,
1161 418 1214 444 aut
1232 413 1309 445 alias
1336 411 1448 454 quovis
1467 410 1563 443 modo
1582 419 1695 442 vacare

959 465 1155 506 contigerit,
1184 467 1307 497 serrata
1343 465 1374 496 in
1413 463 1548 506 reliquis
1590 462 1695 505 quoad

959 518 1078 550 dictum
1104 519 1282 550 notariatus
1306 518 1445 549 officium
1467 517 1569 548 forma
1588 520 1619 547 et
1638 515 1698 546 ‹lis-

958 571 1119 613 positione
1139 571 1317 603 litterarum
1336 569 1491 612 praedicti
1510 568 1586 600 Sixti
1605 578 1698 610 prac-

959 623 1252 662 deceSSO1·is,tunc
1288 633 1346 665 per
1382 632 1551 654 causarum
1589 621 1697 653 cutiae

959 676 1111 709 Gamerae
1144 681 1275 709 nostrae
1310 676 1515 718 Apostolicae
1555 674 1699 707 notarios

960 729 1074 762 confici
1108 735 1137 761 ct
1164 729 1343 772 respective
1379 727 1539 761 subscribi
1565 727 1698 760 cumino

962 783 1128 818 debeant)
1169 782 1251 814 dicta
1294 782 1467 825 apostolica
1506 780 1698 813 auctoritate

962 846 1064 879 aeque
1090 835 1326 878 principaliter,
1353 845 1418 867 non
1453 839 1559 867 autem
1594 833 1701 865 subic-

961 889 1043 921 ctive
1063 893 1095 919 et
1116 888 1298 926 extinctive,
1318 888 1430 920 eadem
1450 886 1626 929 apostolica
1647 896 1700 918 au-

962 941 1112 973 ctoritate
1139 944 1298 984 perpetuo
1318 939 1516 983 applicamus
1540 943 1570 971 et
1587 948 1702 982 appro-

961 993 1118 1037 priamus.

1005 1048 1019 1087 ξ
1045 1047 1076 1079 (l.
1104 1047 1139 1079 Et
1166 1052 1199 1079 ut
1224 1047 1327 1080 omnis
1361 1057 1421 1090 per
1447 1046 1699 1090 applicationem
1713 1051 1897 1103 p.».10,?.‘2¹1'i1“¹'v‘.1',‘.

961 1106 991 1133 et
1016 1100 1317 1143 appropriationem
1343 1111 1360 1132 a
1385 1100 1480 1132 nobis
1517 1109 1575 1142 per
1608 1105 1774 1142 prae-[mm
1804 1106 1896 1129 uenerat:

1711 1137 1823 1151 cansarum
1861 1138 1896 1152 vtt-

960 1159 1068 1187 sentes
1093 1159 1125 1185 ut
1150 1154 1335 1196 praefertur
1360 1152 1457 1185 sacta*
1477 1153 1622 1185 confusio
1643 1153 1896 1209 ¹⁰¹'iissss·..ii'.'—'2¹¹fr}¹.i

961 1208 1046 1239 latur
1078 1206 1319 1244 iurisdictionis,
1346 1211 1378 1239 et
1401 1211 1436 1237 ut
1468 1205 1629 1238 universis
1670 1210 1699 1236 et
1714 1217 1732 1230 m
1759 1201 1895 1236 *mand-¹23⁴.

1713 1240 1797 1263 prat-tur
1808 1239 1861 1258 alto:
1873 1243 1897 1259 t·-

961 1260 1097 1302 siugulis
1123 1265 1267 1299 constet,
1301 1259 1489 1302 lispiidoque
1522 1263 1896 1301 appareat,¹==¹2=s=a1¹1nnvar

1713 1291 1764 1310 illud
1789 1282 1899 1312 audit-sia·

961 1324 1023 1357 qua
1048 1313 1220 1353 facultate,
1246 1322 1347 1355 quave
1380 1311 1603 1344 iurisdictione
1630 1320 1897 1366 cau‘¹0¹.',i1s1⁰³{¹⁵³.‘¹¹'”

961 1377 1070 1400 sarum
1097 1366 1205 1399 curiae
1231 1365 1382 1398 Gamerae
1417 1370 1548 1398 nostrae
1574 1365 1703 1408 praedi·
1763 1352 1902 1367 'mmmm'

962 1427 1031 1453 ctae
1072 1420 1201 1452 auditor
1245 1418 1407 1461 generalis
1451 1427 1537 1450 nunc
1573 1422 1602 1450 et
1643 1427 1703 1461 pro

963 1480 1106 1517 tempore
1127 1474 1265 1506 existens
1278 1471 1461 1505 huiusmodi
1474 1472 1505 1504 in
1521 1471 1701 1504 iudicandis

962 1526 1240 1570 terniinandisque
1278 1525 1578 1558 confidentialibus.
1598 1524 1703 1556 causis

961 1585 1078 1619 utatur,
1105 1579 1210 1612 eidem
1235 1578 1376 1611 auditori
1394 1588 1564 1610 causarum
1590 1577 1702 1609 curiae

961 1633 1147 1677 praedictae
1162 1632 1305 1675 generali
1321 1642 1407 1664 nunc
1425 1636 1454 1664 et
1477 1641 1535 1674 pro
1555 1636 1702 1673 tempore

962 1686 1120 1725 existenti,
1146 1691 1179 1717 ut
1197 1685 1264 1728 ipse
1287 1685 1508 1728 imposterum,
1531 1694 1566 1716 ae
1587 1693 1704 1727 perpe-

963 1740 1025 1772 tuis
1050 1739 1161 1773 suturis
1189 1738 1401 1781 temporibus,
1421 1737 1452 1770 in
1474 1737 1610 1779 singulis
1636 1736 1703 1768 suis

964 1792 1124 1826 mandatis
1158 1792 1300 1834 desuper
1329 1791 1435 1834 quoad
1467 1799 1578 1822 causas
1604 1788 1705 1822 eonti-

965 1846 1124 1879 dentiales
1158 1844 1345 1877 buiusmodi
1377 1842 1604 1886 expediendis,
1639 1842 1706 1875 cius

964 1899 1068 1932 solitis
1088 1903 1120 1931 ct
1135 1897 1299 1931 consuetis
1328 1895 1597 1939 inscriptionibus
1614 1901 1645 1928 ct
1672 1897 1707 1928 ti-

966 1953 1039 1985 tulis
1058 1952 1152 1985 aliam
1178 1949 1426 1993 inscriptionem
1449 1949 1613 1993 aliumque
1631 1949 1707 1981 titu-

966 2007 1029 2039 lum
1045 2015 1164 2048 nempe
1187 2004 1387 2037 auditor-‘itus
1410 2003 1573 2045 generalis
1591 2013 1706 2036 causa-

965 2069 1034 2090 rum
1047 2056 1325 2090 considentialium
1340 2055 1524 2089 huiusmodi
1538 2056 1704 2098 adiungat.

1010 2112 1024 2153 ,Ε
1049 2111 1103 2144 te.
1130 2110 1263 2143 Necnon
1282 2119 1408 2150 omnes,
1426 2109 1478 2152 qui
1498 2108 1529 2142 in
1549 2110 1705 2143 exercitio
1745 2112 1901 2133 ''¹⁴³0³⁴·¹⁶¹·i¹··r

1717 2140 1785 2159 cidem
1801 2141 1902 2164 auditui-1,

967 2164 1167 2197 auditoratus
1215 2172 1384 2195 causarum
1429 2161 1736 2195 contidentialiumm
1761 2172 1823 2186 nuum
1845 2167 1904 2186 ‹hun-

1717 2194 1776 2212 taxat
1804 2195 1902 2213 conuuls-

967 2215 1152 2249 buiusmodi
1186 2215 1292 2257 quoad
1323 2224 1491 2247 numerum
1520 2215 1901 2248 litterarumssariummutuo

1719 2247 1814 2271 qualibet
1844 2248 1902 2267 ‹lme-

966 2269 1144 2313 patentium
1176 2278 1236 2311 pro
1268 2267 1461 2300 officialibus
1493 2273 1525 2300 et
1548 2268 1902 2320 ministris‘fl-jg(stagnatur

967 2333 1025 2366 per
1049 2321 1195 2354 civitates
1232 2325 1264 2353 et
1300 2321 1468 2354 dioeceses
1498 2332 1514 2353 a
1546 2327 1624 2355 tune
1648 2307 1753 2366 proin·
1772 2307 1903 2326 ‘'wew-

968 2380 1111 2417 tempore
1129 2372 1341 2406 existentibus
1356 2383 1528 2406 causarum
1543 2373 1707 2407 conliden-

967 2427 1090 2460 tialium
1108 2426 1293 2459 huiusmodi
1307 2426 1512 2459 auditoribus
1534 2427 1708 2470 praedictis

967 2480 1114 2523 expediri
1140 2480 1309 2512 solitarum
1334 2479 1557 2524 irrepserunt,
1587 2480 1707 2514 abusus

966 2534 1097 2577 penitus
1116 2542 1266 2566 amovere
1285 2533 1461 2576 cupientes,
1481 2533 1618 2566 auditori
1638 2544 1709 2566 cau-

965 2597 1073 2620 sarum
1109 2586 1217 2619 curiae
1253 2585 1403 2619 Gamerae
1444 2592 1573 2620 nostrae
1612 2597 1710 2630 prac-

1002 2650 1012 2676 1
1036 2647 1130 2684 Aptius
1151 2648 1210 2684 lege
1231 2649 1340 2684 factam-
1361 2648 1402 2677 vel
1422 2649 1514 2685 saccas
1536 2655 1572 2685 tn.
1590 2650 1641 2683 T.).
