2170 3147
197 203 246 229 An.
269 203 297 230 e.
315 202 385 229 1725
431 192 496 226 456

227 1323 246 1343 ln
259 1323 303 1348 ip<a
316 1328 385 1342 exeni-

201 1354 273 1374 ptione
289 1356 328 1369 con
339 1355 385 1374 pre-

201 1377 263 1397 hendi
277 1377 384 1400 praesules

201 1406 258 1423 extra
268 1403 384 1422 dioecesim

201 1430 330 1449 decedentes
350 1430 385 1448 ite·

201 1457 386 1481 claratunipostea

393 257 522 285 exactos
544 262 580 284 ex
608 250 792 283 redditibus
818 248 1007 282 earumdem
1034 248 1138 281 eecle-

394 306 535 344 siarum,
561 305 658 337 etiam
685 303 932 345 inconsumptos
958 306 990 334 et
1014 301 1138 334 incom-

394 359 521 398 mixtos,
544 368 607 391 non
635 363 742 390 tamen
769 356 950 399 pendentes
969 366 1027 388 seu
1049 355 1138 388 inex-

393 416 502 450 actos‚
529 421 566 443 ex
603 409 755 453 specialis
788 409 875 442 dono
902 408 1041 451 gratiae,
1066 417 1140 450 per-

393 463 501 507 petuis
529 463 646 495 suturis
680 462 897 505 temporibus,
918 461 1139 504 arehiepisco-

393 527 467 560 pos,
496 516 691 560 episcopos,
718 521 750 548 et
775 515 939 558 praelatos
964 513 1138 546 inferiores

393 569 487 611 regui
516 568 676 611 praedicti
697 568 830 601 omnino
857 566 976 600 exemit
1001 571 1031 599 et
1058 566 1140 599 libc-

395 623 486 663 ravit,
513 632 549 655 ac
574 626 743 665 exemptos
770 626 802 654 et
826 621 982 654 liberatos
1010 629 1081 652 esse
1108 624 1139 652 et

394 676 462 709 sore
488 676 617 708 censeri
644 675 744 707 voluit
761 682 793 708 et
809 674 982 713 mandavit,
1005 673 1043 706 ad
1066 671 1141 706 effe-

394 735 480 762 ctum
507 734 628 769 tamen,
655 733 686 761 et
710 738 776 761 non
802 727 881 761 alias
898 753 905 767 ‚
931 727 1050 767 aliter,
1079 735 1140 758 nec

395 782 460 816 alio
486 782 595 822 modo,
612 787 647 814 ut
670 781 851 825 praemissa
878 780 990 814 omnia
1015 784 1048 812 et
1073 779 1140 811 sin-

395 837 470 879 gula
484 836 524 869 ad
540 835 744 878 supradictas
758 833 1031 877 metropolitanas
1049 831 1140 865 alias-

396 899 459 933 que
481 889 688 922 cathedrales
706 893 738 922 et
755 887 901 931 reliquas
924 886 1042 930 quibus
1061 884 1140 928 ipsi-

395 947 462 976 met
487 942 728 985 archiepiscopi
746 945 777 975 et
793 940 939 984 episcopi
964 949 1021 972 seu
1046 948 1141 982 prae-

396 996 452 1029 lati
491 996 666 1028 inferiores
704 994 973 1038 praesedissent,
1008 992 1139 1035 illisque

397 1058 462 1081 non
482 1048 715 1090 indigentibus,
735 1048 774 1081 ad
800 1046 1010 1091 parochiales
1036 1045 1141 1078 ecele-

396 1101 458 1134 sias
475 1112 588 1134 eorum
605 1100 754 1144 regimini
770 1099 969 1138 commissas,
981 1102 1139 1142 spectare,

398 1160 429 1188 et
444 1155 482 1188 ad
499 1155 686 1188 earumdem
701 1154 857 1193 savorem,
872 1150 1067 1185 beneficium
1083 1160 1139 1183 seu

395 1208 569 1241 utilitatem
595 1207 721 1247 cedere,
745 1205 916 1250 applicari,
944 1204 1089 1237 converti
1109 1208 1140 1236 et

397 1262 525 1305 erogari
552 1261 731 1294 deberent:

440 1316 455 1358 g
480 1314 511 1347 02.
540 1315 583 1347 Ac
609 1313 749 1346 subinde
777 1314 861 1356 (per
897 1323 955 1345 nos
981 1316 1137 1354 accepto,

397 1370 677 1414 quod,postquam
693 1368 852 1401 eiusmodi
867 1365 1056 1400 constitutio
1071 1375 1141 1408 pro-

398 1423 542 1464 mulgata
569 1422 696 1461 suerat,
723 1421 920 1464 debitaeque
955 1418 1140 1452 executioni

399 1476 588 1510 demandari
614 1480 779 1518 coeperat,
798 1474 951 1507 Gamerae
973 1472 1139 1516 praefatae

399 1529 625 1563 thesaurarius
643 1538 679 1561 ac
697 1526 940 1561 commissarius
959 1526 1140 1568 generales

399 1592 528 1616 necnon
562 1580 746 1625 spoliorum
772 1581 805 1613 in
831 1585 1011 1613 memorato
1041 1588 1141 1621 reguo

399 1635 552 1678 Neapolis
586 1635 780 1667 collectores
806 1639 838 1666 et
862 1633 1141 1672 subcollectores‚

399 1701 460 1733 pro
488 1695 633 1732 tempore
659 1688 857 1728 existentes,
885 1687 1143 1730 praetenderent

399 1743 460 1776 sub
488 1743 602 1776 eadem
637 1742 865 1774 constitutione
899 1740 1031 1773 minime
1057 1749 1143 1772 com-

399 1795 564 1840 prehendi
593 1804 652 1827 nec
678 1794 916 1837 comprehensa
942 1792 1069 1825 censeri
1092 1792 1144 1825 de-

399 1850 478 1882 bere
504 1848 608 1891 spolia
633 1847 794 1880 bonorum
820 1853 851 1879 et
876 1847 1040 1879 fructuum
1066 1856 1145 1888 quo-

401 1912 613 1944 rumcumque
651 1900 868 1944 spectantium
907 1900 947 1932 ad
983 1899 1145 1942 arehiepi-

400 1966 526 1999 scopos,
547 1955 719 1999 episcopos
740 1960 771 1987 et
790 1955 952 1998 praelatos
971 1953 1143 1987 inferiores

402 2010 562 2043 eiusmodi
589 2009 786 2042 decedentes
812 2013 901 2041 extra
925 2007 1004 2040 fines
1041 2008 1145 2040 eccle-

401 2064 521 2096 siarum
556 2068 588 2096 et
614 2062 821 2102 dioecesum,
849 2062 935 2104 apud
968 2072 1047 2104 quas
1071 2071 1145 2104 per-

401 2119 546 2150 sonalem
568 2117 780 2150 residentiam
807 2116 913 2149 facere
937 2115 1143 2158 tenebantur)

400 2180 474 2209 nos,
501 2180 637 2213 aequum
665 2170 733 2202 sore
760 2173 932 2202 censentes
960 2172 993 2200 ut
1019 2168 1143 2201 nullum

401 2223 462 2255 hac
487 2223 520 2255 in
546 2233 579 2255 re
606 2223 862 2256 constitueretur
896 2221 1072 2254 discrimen
1098 2220 1141 2253 in-

403 2281 450 2308 ter
476 2276 642 2318 praesules
668 2280 759 2308 extra
789 2274 1000 2308 residentiam
1033 2275 1083 2307 vel
1112 2274 1144 2306 in

404 2328 581 2361 residentia
607 2329 829 2369 decedentes,
865 2339 936 2361 cum
963 2338 1078 2361 eorum
1103 2328 1145 2361 sa-

403 2386 490 2414 ctum
517 2381 632 2414 obesse
658 2381 789 2415 minime
815 2381 949 2415 deberet
973 2381 1119 2414 ecclesiis
1135 2408 1142 2421 ,

403 2444 540 2477 quarum
567 2434 664 2473 favor,
686 2435 806 2467 utilitas
833 2440 865 2467 et
890 2434 1086 2467 beneficium
1111 2434 1144 2466 in

404 2488 552 2520 eiusdem
581 2487 759 2520 innocentii
785 2488 1048 2531 praedecessoris
1074 2498 1145 2520 con-

403 2540 575 2573 stitutione
616 2541 841 2584 principaliter
877 2541 1143 2581 consideratum,

403 2593 528 2637 ipsique
548 2592 707 2634 Pontifici,
728 2594 1003 2637 quemadmodum
1021 2604 1058 2627 ex
1077 2598 1144 2628 toto

979 200 996 223 B
1002 198 1159 224 ULLARIUM
1186 198 1341 222 ROMANUM

1182 240 1269 280 illius
1287 251 1402 280 tenore
1419 245 1589 279 manifeste
1609 244 1838 289 colligebatur,
1856 255 1927 288 pro-

1182 300 1324 343 positum
1349 299 1383 332 in
1408 299 1521 343 primis
1549 300 1673 338 suerat,
1698 297 1868 331 statuimus
1895 302 1927 331 et

1183 353 1418 387 declaravimus
1435 379 1442 393 ,
1487 357 1699 386 memoratam
1741 351 1926 384 innocentii

1182 402 1445 450 praedecessoris
1475 405 1767 444 constitutionem,
1794 404 1927 447 expedi-

1184 465 1296 504 tasque
1332 470 1431 503 super
1456 458 1644 502 praemissis
1669 457 1739 490 eius
1775 456 1901 491 litteras
1917 484 1924 498 ,

1182 524 1277 546 suum
1303 513 1478 556 integrum,
1497 512 1679 555 plenarium
1705 521 1742 544 ac
1766 509 1926 544 omnimo-

1184 567 1259 599 dum
1285 565 1436 600 effectum
1454 570 1550 608 atque
1576 564 1800 597 executionem
1822 563 1926 607 impo-

1183 625 1303 653 sterum
1337 618 1447 652 sortiri
1479 629 1517 651 ae
1554 617 1705 650 obtinere
1742 617 1864 650 dehere
1893 617 1925 650 in

1184 672 1352 715 praedicto
1376 682 1480 714 regno
1506 669 1659 713 Neapolis
1696 669 1791 703 etiam
1817 670 1850 702 in
1876 680 1926 704 ca-

1183 725 1273 758 sibus
1296 724 1328 757 in
1354 724 1472 767 quibus
1497 722 1776 767 archiepiscopos
1799 722 1926 766 episco-

1183 789 1242 822 pos
1277 783 1309 811 et
1333 777 1507 810 inferiores
1542 776 1707 820 praelatos
1740 775 1926 818 praedictos

1183 837 1273 865 extra
1298 831 1508 864 residentiam
1533 830 1625 863 obire
1651 829 1866 872 contingeret,
1885 834 1926 869 et,

1183 889 1345 927 quatenus
1371 894 1452 928 opus
1477 888 1570 924 esset,
1589 882 1719 916 easdem
1745 880 1926 915 innocentii

1183 938 1448 981 praedecessoris
1474 937 1603 970 litteras
1621 936 1659 969 ad
1679 945 1793 969 omnes
1813 939 1844 968 et
1861 934 1928 968 sin-

1184 993 1279 1034 gulos
1297 991 1458 1025 eiusmodi
1479 1001 1569 1025 casus
1595 989 1799 1023 extendimus
1820 993 1928 1022 etam-

1184 1044 1379 1088 pliavimus:
1400 1049 1430 1077 et
1449 1044 1537 1084 alias,
1556 1048 1656 1087 prout
1674 1048 1737 1076 tam
1753 1042 1786 1075 in
1804 1041 1929 1085 praesa-

1186 1098 1225 1131 tis
1259 1097 1442 1131 innocentii
1463 1096 1741 1141 praedecessoris,
1769 1106 1867 1139 quam
1894 1095 1928 1128 in

1184 1152 1303 1185 nostris
1337 1152 1449 1184 itidem
1481 1149 1719 1184 incarnationis
1745 1149 1928 1183 dominicae

1185 1215 1359 1246 imecxxlv,
1386 1215 1417 1238 1v
1442 1205 1514 1238 idus
1539 1204 1619 1245 iulii,
1638 1203 1849 1247 pontificatus
1870 1213 1928 1236 no-

1185 1258 1241 1291 stri
1268 1268 1353 1291 anno
1379 1269 1389 1292 1
1415 1257 1572 1292 consectis
1609 1258 1749 1300 desuper
1783 1257 1901 1290 litteris
1919 1283 1926 1296 ‚

1185 1323 1323 1355 quarum
1351 1317 1483 1345 tenores
1508 1310 1735 1355 praesentibus
1753 1320 1811 1353 pro
1829 1310 1928 1353 plene

1186 1371 1219 1398 et
1253 1364 1453 1398 sufficienter
1486 1364 1647 1407 expressis
1682 1374 1718 1396 ac
1750 1363 1789 1396 de
1824 1364 1927 1396 verbo

1186 1418 1225 1451 ad
1240 1418 1372 1451 verbum
1387 1417 1520 1451 insertis
1542 1418 1659 1451 haberi
1677 1418 1834 1458 volumus,
1853 1417 1930 1451 ube-

1185 1472 1252 1505 rius
1278 1472 1476 1505 continetur.

1230 1526 1244 1569 §
1268 1525 1300 1559 3.
1328 1525 1404 1559 Cum
1431 1529 1552 1566 autem,
1579 1525 1662 1558 sicut
1692 1525 1733 1559 ad
1765 1526 1928 1569 apostola·
1966 1532 2124 1561 causamme.

1939 1562 2003 1579 senus
2028 1559 2124 1580 declara-

1188 1584 1236 1612 tus
1269 1578 1373 1612 nostri
1406 1578 1554 1611 notitiam
1588 1579 1750 1622 pervenit,
1776 1579 2009 1613 nonnulliuoms-

1186 1637 1353 1665 enarratas
1393 1632 1518 1665 litteras
1559 1632 1757 1675 apostolicas
1794 1633 1928 1666 minime

1187 1685 1345 1718 obsistere
1364 1690 1417 1717 aut
1435 1684 1595 1728 impedire
1612 1685 1840 1728 praetendant,
1854 1696 1930 1729 quo-

1187 1739 1294 1772 minus
1326 1737 1576 1781 archiepiscopi,
1615 1738 1758 1781 episcopi
1785 1743 1816 1771 et
1840 1749 1933 1782 prae-

1188 1793 1243 1825 lati
1262 1792 1436 1825 inferiores
1463 1791 1540 1824 dicti
1567 1791 1659 1834 regni
1685 1792 1772 1824 bona
1798 1802 1835 1825 ex
1860 1793 1933 1826 red-

1188 1845 1310 1879 ditibus
1344 1855 1475 1877 suarum
1512 1844 1723 1877 ecclesiarum
1762 1845 1932 1888 acquisita,

1188 1909 1245 1932 seu
1283 1897 1528 1942 provenientia,
1566 1897 1604 1929 ad
1643 1898 1799 1939 aliorum,
1839 1910 1935 1942 quam

1188 1953 1332 1997 ipsarum
1352 1951 1562 1984 ecclesiarum
1586 1951 1740 1992 savorem,
1759 1953 1934 1986 reservatis

1189 2006 1261 2046 sibi,
1287 2005 1440 2049 quamdiu
1475 2005 1507 2037 in
1540 2005 1690 2038 humanis
1722 2005 1856 2048 egerint,
1882 2017 1935 2040 eo-

1191 2060 1336 2093 rumdem
1354 2059 1517 2091 bonorum
1536 2059 1702 2099 fructibus,
1723 2070 1781 2092 seu
1799 2071 1858 2093 usu
1879 2066 1935 2094 aut

1189 2112 1428 2153 commoditate,
1462 2111 1549 2144 inter
1584 2111 1672 2145 vivos
1709 2112 1843 2154 donare,
1866 2114 1933 2147 sive

1190 2166 1268 2200 alias
1294 2167 1332 2199 de
1352 2165 1397 2199 eis
1415 2165 1592 2208 disponere
1613 2166 1755 2198 valeant:
1775 2177 1848 2207 nos,
1866 2167 1933 2200 ani-

1189 2220 1453 2260 madvertentes,
1478 2228 1544 2251 non
1580 2218 1676 2251 aliam
1713 2219 1850 2262 praefati
1875 2219 1930 2252 In-

1190 2273 1334 2307 nocentii
1371 2272 1637 2316 praedecessoris
1668 2283 1704 2306 ac
1728 2277 1872 2306 nostram
1898 2274 1932 2306 in

1189 2327 1375 2372 praemissis
1393 2332 1538 2360 mentem
1557 2331 1654 2370 atque
1672 2326 1842 2360 consilium
1860 2327 1933 2360 suis-

1190 2393 1236 2422 se,
1254 2392 1349 2425 quam
1376 2385 1409 2412 ut
1427 2379 1579 2423 gravibus
1598 2380 1932 2423 metropolitanarum,

1190 2433 1447 2475 cathedralium,
1485 2433 1688 2475 aliarumque
1724 2431 1932 2465 ecclesiarum

1190 2487 1432 2531 praedictarum
1466 2486 1715 2519 necessitatibus
1746 2486 1933 2519 subvenire-

1192 2546 1251 2580 tur,
1280 2540 1436 2583 ipsaeque
1459 2539 1626 2579 ccclesiae,
1645 2543 1720 2582 post
1743 2540 1932 2582 praesulum

1189 2603 1325 2628 suorum
1342 2593 1474 2634 obitum,
1495 2603 1532 2627 ex
1549 2591 1644 2625 bonis
1662 2591 1707 2625 eis
1733 2602 1749 2626 e
1774 2591 1932 2627 reditibus

1932 196 1980 223 An.
1997 196 2024 224 C.
2048 197 2116 227 1726
