<?xml version="1.0" encoding="UTF-8"?>
<!DOCTYPE html PUBLIC "-//W3C//DTD XHTML 1.0 Transitional//EN"
    "http://www.w3.org/TR/xhtml1/DTD/xhtml1-transitional.dtd">
<html xmlns="http://www.w3.org/1999/xhtml" xml:lang="en" lang="en">
 <head>
  <title>
</title>
<meta http-equiv="Content-Type" content="text/html;charset=utf-8" />
  <meta name='ocr-system' content='tesseract 3.04.00' />
  <meta name='ocr-capabilities' content='ocr_page ocr_carea ocr_par ocr_line ocrx_word'/>
</head>
<body>
  <div class='ocr_page' id='page_1' title='image "./bullarumdiplomat22cath_0280.png"; bbox 0 0 2170 3147; ppageno 0'>
   <div class='ocr_carea' id='block_1_1' title="bbox 209 190 1152 2593">
    <p class='ocr_par' dir='ltr' id='par_1_1' title="bbox 209 190 1147 549">
     <span class='ocr_line' id='line_1_1' title="bbox 209 190 507 228; baseline -0.013 -2"><span class='ocrx_word' id='word_1_1' title='bbox 209 200 257 228; x_wconf 72' lang='lat' dir='ltr'>An,</span> <span class='ocrx_word' id='word_1_2' title='bbox 279 200 305 225; x_wconf 80' lang='lat' dir='ltr'>r..</span> <span class='ocrx_word' id='word_1_3' title='bbox 332 199 396 226; x_wconf 71' lang='lat'>¹725</span> <span class='ocrx_word' id='word_1_4' title='bbox 443 190 507 223; x_wconf 54' lang='lat'>⁶24²]</span> 
     </span>
     <span class='ocr_line' id='line_1_2' title="bbox 401 247 1145 291; baseline 0 -11"><span class='ocrx_word' id='word_1_5' title='bbox 401 247 564 291; x_wconf 83' lang='lat' dir='ltr'>periculis,</span> <span class='ocrx_word' id='word_1_6' title='bbox 592 247 708 280; x_wconf 88' lang='lat' dir='ltr'>iterum</span> <span class='ocrx_word' id='word_1_7' title='bbox 735 247 774 280; x_wconf 84' lang='lat' dir='ltr'>ad</span> <span class='ocrx_word' id='word_1_8' title='bbox 799 258 854 284; x_wconf 66' lang='lat' dir='ltr'>vos</span> <span class='ocrx_word' id='word_1_9' title='bbox 870 247 999 291; x_wconf 85' lang='lat' dir='ltr'>paterni</span> <span class='ocrx_word' id='word_1_10' title='bbox 1024 247 1145 280; x_wconf 85' lang='lat' dir='ltr'>doloris</span> 
     </span>
     <span class='ocr_line' id='line_1_3' title="bbox 403 300 1147 343; baseline 0.001 -11"><span class='ocrx_word' id='word_1_11' title='bbox 403 306 434 333; x_wconf 82' lang='lat' dir='ltr'>ct</span> <span class='ocrx_word' id='word_1_12' title='bbox 458 300 686 333; x_wconf 70' lang='lat' dir='ltr'>sollicitudinis</span> <span class='ocrx_word' id='word_1_13' title='bbox 723 310 817 333; x_wconf 85' lang='lat' dir='ltr'>voces</span> <span class='ocrx_word' id='word_1_14' title='bbox 844 300 1047 343; x_wconf 68' lang='lat' dir='ltr'>gemitusque</span> <span class='ocrx_word' id='word_1_15' title='bbox 1074 310 1147 333; x_wconf 83' lang='lat' dir='ltr'>con-</span> 
     </span>
     <span class='ocr_line' id='line_1_4' title="bbox 402 353 1146 393; baseline 0 -7"><span class='ocrx_word' id='word_1_16' title='bbox 402 354 574 393; x_wconf 81' lang='lat' dir='ltr'>vertimus,</span> <span class='ocrx_word' id='word_1_17' title='bbox 601 364 639 386; x_wconf 88' lang='lat' dir='ltr'>ne</span> <span class='ocrx_word' id='word_1_18' title='bbox 655 353 823 386; x_wconf 75' lang='lat' dir='ltr'>remissior</span> <span class='ocrx_word' id='word_1_19' title='bbox 838 354 876 386; x_wconf 88' lang='lat' dir='ltr'>ad</span> <span class='ocrx_word' id='word_1_20' title='bbox 896 353 1146 387; x_wconf 86' lang='lat' dir='ltr'>custodiendum</span> 
     </span>
     <span class='ocr_line' id='line_1_5' title="bbox 402 408 1145 451; baseline 0.001 -12"><span class='ocrx_word' id='word_1_21' title='bbox 402 418 533 450; x_wconf 75' lang='lat' dir='ltr'>gregem</span> <span class='ocrx_word' id='word_1_22' title='bbox 552 418 624 440; x_wconf 89' lang='lat' dir='ltr'>esse</span> <span class='ocrx_word' id='word_1_23' title='bbox 644 408 792 440; x_wconf 86' lang='lat' dir='ltr'>videatur</span> <span class='ocrx_word' id='word_1_24' title='bbox 810 408 976 451; x_wconf 78' lang='lat' dir='ltr'>vigilantia</span> <span class='ocrx_word' id='word_1_25' title='bbox 993 408 1145 451; x_wconf 85' lang='lat' dir='ltr'>pastoris,</span> 
     </span>
     <span class='ocr_line' id='line_1_6' title="bbox 402 461 1146 505; baseline 0.003 -12"><span class='ocrx_word' id='word_1_26' title='bbox 402 472 497 504; x_wconf 86' lang='lat' dir='ltr'>quam</span> <span class='ocrx_word' id='word_1_27' title='bbox 535 461 697 494; x_wconf 83' lang='lat' dir='ltr'>diabolica</span> <span class='ocrx_word' id='word_1_28' title='bbox 727 461 910 504; x_wconf 71' lang='lat' dir='ltr'>malignitas</span> <span class='ocrx_word' id='word_1_29' title='bbox 943 462 982 494; x_wconf 85' lang='lat' dir='ltr'>ad</span> <span class='ocrx_word' id='word_1_30' title='bbox 1007 463 1146 505; x_wconf 86' lang='lat' dir='ltr'>perden-</span> 
     </span>
     <span class='ocr_line' id='line_1_7' title="bbox 402 515 1145 549; baseline 0.001 -2"><span class='ocrx_word' id='word_1_31' title='bbox 402 515 490 547; x_wconf 81' lang='lat' dir='ltr'>dum.</span> <span class='ocrx_word' id='word_1_32' title='bbox 512 515 555 547; x_wconf 90' lang='lat' dir='ltr'>Eo</span> <span class='ocrx_word' id='word_1_33' title='bbox 575 520 682 548; x_wconf 87' lang='lat' dir='ltr'>autem</span> <span class='ocrx_word' id='word_1_34' title='bbox 700 515 818 548; x_wconf 84' lang='lat' dir='ltr'>acriori</span> <span class='ocrx_word' id='word_1_35' title='bbox 835 526 933 548; x_wconf 86' lang='lat' dir='ltr'>sensu</span> <span class='ocrx_word' id='word_1_36' title='bbox 962 515 1145 549; x_wconf 73' lang='lat' dir='ltr'>acerbitatis</span> 
     </span>
    </p>

    <p class='ocr_par' dir='ltr' id='par_1_2' title="bbox 372 568 1148 760">
     <span class='ocr_line' id='line_1_8' title="bbox 372 568 1148 612; baseline 0.003 -12"><span class='ocrx_word' id='word_1_37' title='bbox 372 568 528 607; x_wconf 52' lang='lat' dir='ltr'>,ruinam</span> <span class='ocrx_word' id='word_1_38' title='bbox 562 569 817 612; x_wconf 70' lang='lat' dir='ltr'>caecitatemque</span> <span class='ocrx_word' id='word_1_39' title='bbox 852 569 1061 602; x_wconf 77' lang='lat' dir='ltr'>factiosorum</span> <span class='ocrx_word' id='word_1_40' title='bbox 1094 569 1148 602; x_wconf 82' lang='lat' dir='ltr'>de-</span> 
     </span>
     <span class='ocr_line' id='line_1_9' title="bbox 402 622 1148 665; baseline 0.003 -12"><span class='ocrx_word' id='word_1_41' title='bbox 402 622 516 653; x_wconf 82' lang='lat' dir='ltr'>tiemus</span> <span class='ocrx_word' id='word_1_42' title='bbox 543 631 578 654; x_wconf 82' lang='lat' dir='ltr'>ac</span> <span class='ocrx_word' id='word_1_43' title='bbox 612 622 833 661; x_wconf 86' lang='lat' dir='ltr'>detestamur,</span> <span class='ocrx_word' id='word_1_44' title='bbox 868 632 932 664; x_wconf 88' lang='lat' dir='ltr'>quo</span> <span class='ocrx_word' id='word_1_45' title='bbox 970 622 1148 665; x_wconf 82' lang='lat' dir='ltr'>pugnacius</span> 
     </span>
     <span class='ocr_line' id='line_1_10' title="bbox 402 674 1148 716; baseline 0.005 -13"><span class='ocrx_word' id='word_1_46' title='bbox 402 679 543 716; x_wconf 81' lang='lat' dir='ltr'>pergunt</span> <span class='ocrx_word' id='word_1_47' title='bbox 573 684 638 706; x_wconf 89' lang='lat' dir='ltr'>non</span> <span class='ocrx_word' id='word_1_48' title='bbox 665 674 760 707; x_wconf 91' lang='lat' dir='ltr'>modo</span> <span class='ocrx_word' id='word_1_49' title='bbox 787 674 993 716; x_wconf 81' lang='lat' dir='ltr'>apostolicis,</span> <span class='ocrx_word' id='word_1_50' title='bbox 1020 675 1075 707; x_wconf 78' lang='lat' dir='ltr'>sed</span> <span class='ocrx_word' id='word_1_51' title='bbox 1102 674 1148 707; x_wconf 89' lang='lat' dir='ltr'>di-</span> 
     </span>
     <span class='ocr_line' id='line_1_11' title="bbox 402 727 1144 760; baseline 0.003 -2"><span class='ocrx_word' id='word_1_52' title='bbox 402 727 482 759; x_wconf 70' lang='lat' dir='ltr'>vinis</span> <span class='ocrx_word' id='word_1_53' title='bbox 507 727 603 760; x_wconf 78' lang='lat' dir='ltr'>etiam</span> <span class='ocrx_word' id='word_1_54' title='bbox 626 727 958 760; x_wconf 78' lang='lat' dir='ltr'>animadversionibus</span> <span class='ocrx_word' id='word_1_55' title='bbox 976 727 1144 760; x_wconf 84' lang='lat' dir='ltr'>obluctari.</span> 
     </span>
    </p>

    <p class='ocr_par' dir='ltr' id='par_1_3' title="bbox 447 779 1147 823">
     <span class='ocr_line' id='line_1_12' title="bbox 447 779 1147 823; baseline 0.003 -11"><span class='ocrx_word' id='word_1_56' title='bbox 447 780 461 823; x_wconf 61' lang='grc' dir='ltr'>ξ</span> <span class='ocrx_word' id='word_1_57' title='bbox 487 779 516 812; x_wconf 83' lang='grc'>1.</span> <span class='ocrx_word' id='word_1_58' title='bbox 538 780 607 813; x_wconf 85' lang='lat' dir='ltr'>Non</span> <span class='ocrx_word' id='word_1_59' title='bbox 635 781 721 813; x_wconf 88' lang='lat' dir='ltr'>enim</span> <span class='ocrx_word' id='word_1_60' title='bbox 747 779 857 813; x_wconf 73' lang='lat' dir='ltr'>vobis¹</span> <span class='ocrx_word' id='word_1_61' title='bbox 885 782 965 813; x_wconf 84' lang='lat' dir='ltr'>latet</span> <span class='ocrx_word' id='word_1_62' title='bbox 990 780 1147 823; x_wconf 86' lang='lat' dir='ltr'>quidquid</span> 
     </span>
    </p>

    <p class='ocr_par' dir='ltr' id='par_1_4' title="bbox 360 827 1148 877">
     <span class='ocr_line' id='line_1_13' title="bbox 403 834 1148 877; baseline 0 -11"><span class='ocrx_word' id='word_1_63' title='bbox 403 834 442 866; x_wconf 81' lang='lat' dir='ltr'>ad</span> <span class='ocrx_word' id='word_1_64' title='bbox 464 834 638 867; x_wconf 69' lang='lat' dir='ltr'>ex&#39;crienda</span> <span class='ocrx_word' id='word_1_65' title='bbox 654 840 685 867; x_wconf 88' lang='lat' dir='ltr'>et</span> <span class='ocrx_word' id='word_1_66' title='bbox 703 834 907 867; x_wconf 83' lang='lat' dir='ltr'>emendanda</span> <span class='ocrx_word' id='word_1_67' title='bbox 926 834 1148 877; x_wconf 69' lang='lat' dir='ltr'>perversitatis</span> 
     </span>
    </p>

    <p class='ocr_par' dir='ltr' id='par_1_5' title="bbox 357 882 1148 931">
     <span class='ocr_line' id='line_1_14' title="bbox 380 888 1148 931; baseline 0 -12"><span class='ocrx_word' id='word_1_68' title='bbox 380 908 390 919; x_wconf 64' lang='grc' dir='ltr'>ι</span> <span class='ocrx_word' id='word_1_69' title='bbox 403 889 550 931; x_wconf 72' lang='lat' dir='ltr'>exempla</span> <span class='ocrx_word' id='word_1_70' title='bbox 577 893 690 920; x_wconf 83' lang='lat' dir='ltr'>contra</span> <span class='ocrx_word' id='word_1_71' title='bbox 716 898 825 920; x_wconf 84' lang='lat' dir='ltr'>sanam</span> <span class='ocrx_word' id='word_1_72' title='bbox 852 888 1029 920; x_wconf 76' lang='lat' dir='ltr'>doctrinam</span> <span class='ocrx_word' id='word_1_73' title='bbox 1057 888 1148 920; x_wconf 80' lang='lat' dir='ltr'>disci—</span> 
     </span>
    </p>

    <p class='ocr_par' dir='ltr' id='par_1_6' title="bbox 221 934 1148 989">
     <span class='ocr_line' id='line_1_15' title="bbox 221 934 1148 989; baseline 0 -15"><span class='ocrx_word' id='word_1_74' title='bbox 221 934 275 989; x_wconf 38' lang='lat' dir='ltr'>..am</span> <span class='ocrx_word' id='word_1_75' title='bbox 293 962 379 975; x_wconf 46' lang='lat' dir='ltr'>wal...</span> <span class='ocrx_word' id='word_1_76' title='bbox 403 942 593 986; x_wconf 83' lang='lat' dir='ltr'>plinamque</span> <span class='ocrx_word' id='word_1_77' title='bbox 620 941 808 974; x_wconf 85' lang='lat' dir='ltr'>canonicam</span> <span class='ocrx_word' id='word_1_78' title='bbox 834 941 905 973; x_wconf 82' lang='lat' dir='ltr'>istic</span> <span class='ocrx_word' id='word_1_79' title='bbox 931 942 1064 974; x_wconf 78' lang='lat' dir='ltr'>suborta</span> <span class='ocrx_word' id='word_1_80' title='bbox 1083 942 1148 974; x_wconf 88' lang='lat' dir='ltr'>edi-</span> 
     </span>
    </p>

    <p class='ocr_par' dir='ltr' id='par_1_7' title="bbox 362 990 1146 1037">
     <span class='ocr_line' id='line_1_16' title="bbox 362 990 1146 1037; baseline 0.001 -11"><span class='ocrx_word' id='word_1_81' title='bbox 362 990 506 1027; x_wconf 71' lang='lat' dir='ltr'>¹⁴xirnus</span> <span class='ocrx_word' id='word_1_82' title='bbox 533 1006 568 1028; x_wconf 80' lang='lat' dir='ltr'>ac</span> <span class='ocrx_word' id='word_1_83' title='bbox 594 995 777 1037; x_wconf 72' lang='lat' dir='ltr'>gessimus,</span> <span class='ocrx_word' id='word_1_84' title='bbox 804 995 928 1027; x_wconf 84' lang='lat' dir='ltr'>irritam</span> <span class='ocrx_word' id='word_1_85' title='bbox 955 995 1146 1037; x_wconf 86' lang='lat' dir='ltr'>praesertim</span> 
     </span>
    </p>

    <p class='ocr_par' dir='ltr' id='par_1_8' title="bbox 404 1047 1146 1090">
     <span class='ocr_line' id='line_1_17' title="bbox 404 1047 1146 1090; baseline -0.003 -8"><span class='ocrx_word' id='word_1_86' title='bbox 404 1049 596 1082; x_wconf 73' lang='lat' dir='ltr'>electionem</span> <span class='ocrx_word' id='word_1_87' title='bbox 612 1054 641 1080; x_wconf 84' lang='lat' dir='ltr'>ct</span> <span class='ocrx_word' id='word_1_88' title='bbox 658 1048 848 1090; x_wconf 77' lang='lat' dir='ltr'>sacrilegam</span> <span class='ocrx_word' id='word_1_89' title='bbox 864 1047 1146 1081; x_wconf 85' lang='lat' dir='ltr'>consecrationem</span> 
     </span>
    </p>

    <p class='ocr_par' dir='ltr' id='par_1_9' title="bbox 403 1101 1148 1136">
     <span class='ocr_line' id='line_1_18' title="bbox 403 1101 1148 1136; baseline -0.001 -1"><span class='ocrx_word' id='word_1_90' title='bbox 403 1103 544 1136; x_wconf 77' lang='lat' dir='ltr'>Cornelii</span> <span class='ocrx_word' id='word_1_91' title='bbox 571 1102 755 1135; x_wconf 82' lang='lat' dir='ltr'>Sleenoven</span> <span class='ocrx_word' id='word_1_92' title='bbox 783 1102 985 1134; x_wconf 71' lang='lat' dir='ltr'>declarantes</span> <span class='ocrx_word' id='word_1_93' title='bbox 1011 1112 1046 1134; x_wconf 83' lang='lat' dir='ltr'>ae</span> <span class='ocrx_word' id='word_1_94' title='bbox 1078 1101 1148 1134; x_wconf 88' lang='lat' dir='ltr'>reii-</span> 
     </span>
    </p>

    <p class='ocr_par' dir='ltr' id='par_1_10' title="bbox 401 1156 1152 1733">
     <span class='ocr_line' id='line_1_19' title="bbox 403 1156 1148 1200; baseline 0 -12"><span class='ocrx_word' id='word_1_95' title='bbox 403 1158 548 1197; x_wconf 80' lang='lat' dir='ltr'>cientes,</span> <span class='ocrx_word' id='word_1_96' title='bbox 577 1166 718 1200; x_wconf 85' lang='lat' dir='ltr'>eumque</span> <span class='ocrx_word' id='word_1_97' title='bbox 745 1156 973 1189; x_wconf 78' lang='lat' dir='ltr'>ecclesiasticis</span> <span class='ocrx_word' id='word_1_98' title='bbox 1000 1156 1148 1188; x_wconf 78' lang='lat' dir='ltr'>censuris</span> 
     </span>
     <span class='ocr_line' id='line_1_20' title="bbox 401 1209 1150 1253; baseline -0.001 -12"><span class='ocrx_word' id='word_1_99' title='bbox 401 1221 461 1253; x_wconf 77' lang='lat' dir='ltr'>per</span> <span class='ocrx_word' id='word_1_100' title='bbox 486 1211 575 1243; x_wconf 78' lang='lat' dir='ltr'>datas</span> <span class='ocrx_word' id='word_1_101' title='bbox 601 1210 652 1242; x_wconf 88' lang='lat' dir='ltr'>die</span> <span class='ocrx_word' id='word_1_102' title='bbox 677 1220 727 1242; x_wconf 66' lang='lat' dir='ltr'>xm</span> <span class='ocrx_word' id='word_1_103' title='bbox 754 1209 875 1241; x_wconf 78' lang='lat' dir='ltr'>mensis</span> <span class='ocrx_word' id='word_1_104' title='bbox 903 1209 1059 1241; x_wconf 82' lang='lat' dir='ltr'>februarii</span> <span class='ocrx_word' id='word_1_105' title='bbox 1078 1219 1150 1252; x_wconf 89' lang='lat' dir='ltr'>pro-</span> 
     </span>
     <span class='ocr_line' id='line_1_21' title="bbox 403 1262 1148 1307; baseline -0.003 -10"><span class='ocrx_word' id='word_1_106' title='bbox 403 1265 485 1297; x_wconf 84' lang='lat' dir='ltr'>xime</span> <span class='ocrx_word' id='word_1_107' title='bbox 513 1264 614 1307; x_wconf 85' lang='lat' dir='ltr'>elapsi</span> <span class='ocrx_word' id='word_1_108' title='bbox 642 1264 674 1296; x_wconf 92' lang='lat' dir='ltr'>in</span> <span class='ocrx_word' id='word_1_109' title='bbox 700 1263 805 1296; x_wconf 73' lang='lat' dir='ltr'>forma</span> <span class='ocrx_word' id='word_1_110' title='bbox 830 1262 941 1295; x_wconf 82' lang='lat' dir='ltr'>Brevis</span> <span class='ocrx_word' id='word_1_111' title='bbox 967 1263 1092 1295; x_wconf 84' lang='lat' dir='ltr'>litteras</span> <span class='ocrx_word' id='word_1_112' title='bbox 1110 1263 1148 1295; x_wconf 85' lang='lat' dir='ltr'>ab</span> 
     </span>
     <span class='ocr_line' id='line_1_22' title="bbox 402 1316 1150 1359; baseline -0.004 -8"><span class='ocrx_word' id='word_1_113' title='bbox 402 1318 490 1351; x_wconf 83' lang='lat' dir='ltr'>omni</span> <span class='ocrx_word' id='word_1_114' title='bbox 516 1317 742 1350; x_wconf 88' lang='lat' dir='ltr'>iurisdictione</span> <span class='ocrx_word' id='word_1_115' title='bbox 769 1316 956 1359; x_wconf 76' lang='lat' dir='ltr'>arripienda</span> <span class='ocrx_word' id='word_1_116' title='bbox 981 1321 1013 1348; x_wconf 88' lang='lat' dir='ltr'>et</span> <span class='ocrx_word' id='word_1_117' title='bbox 1041 1316 1150 1359; x_wconf 90' lang='lat' dir='ltr'>ponti-</span> 
     </span>
     <span class='ocr_line' id='line_1_23' title="bbox 403 1370 1150 1413; baseline -0.004 -8"><span class='ocrx_word' id='word_1_118' title='bbox 403 1372 549 1405; x_wconf 71' lang='lat' dir='ltr'>ficalibus</span> <span class='ocrx_word' id='word_1_119' title='bbox 576 1370 767 1404; x_wconf 75' lang='lat' dir='ltr'>exercendis</span> <span class='ocrx_word' id='word_1_120' title='bbox 792 1370 1008 1413; x_wconf 84' lang='lat' dir='ltr'>prohibentes</span> <span class='ocrx_word' id='word_1_121' title='bbox 1034 1380 1070 1402; x_wconf 90' lang='lat' dir='ltr'>ac</span> <span class='ocrx_word' id='word_1_122' title='bbox 1096 1370 1150 1403; x_wconf 91' lang='lat' dir='ltr'>de-</span> 
     </span>
     <span class='ocr_line' id='line_1_24' title="bbox 404 1423 1150 1459; baseline -0.004 -1"><span class='ocrx_word' id='word_1_123' title='bbox 404 1431 574 1459; x_wconf 81' lang='lat' dir='ltr'>terrentes.</span> <span class='ocrx_word' id='word_1_124' title='bbox 603 1424 692 1457; x_wconf 81' lang='lat' dir='ltr'>Filiis</span> <span class='ocrx_word' id='word_1_125' title='bbox 720 1429 827 1456; x_wconf 86' lang='lat' dir='ltr'>tamen</span> <span class='ocrx_word' id='word_1_126' title='bbox 855 1423 1069 1456; x_wconf 84' lang='lat' dir='ltr'>dissensionis</span> <span class='ocrx_word' id='word_1_127' title='bbox 1093 1423 1150 1456; x_wconf 85' lang='lat' dir='ltr'>ob-</span> 
     </span>
     <span class='ocr_line' id='line_1_25' title="bbox 405 1477 1149 1516; baseline -0.003 -5"><span class='ocrx_word' id='word_1_128' title='bbox 405 1478 587 1511; x_wconf 86' lang='lat' dir='ltr'>turantibus</span> <span class='ocrx_word' id='word_1_129' title='bbox 614 1488 708 1510; x_wconf 90' lang='lat' dir='ltr'>aures</span> <span class='ocrx_word' id='word_1_130' title='bbox 742 1487 839 1516; x_wconf 74' lang='lat' dir='ltr'>suas,</span> <span class='ocrx_word' id='word_1_131' title='bbox 874 1477 958 1509; x_wconf 81' lang='lat' dir='ltr'>Deus</span> <span class='ocrx_word' id='word_1_132' title='bbox 995 1477 1149 1510; x_wconf 85' lang='lat' dir='ltr'>terribilis</span> 
     </span>
     <span class='ocr_line' id='line_1_26' title="bbox 404 1531 1149 1575; baseline -0.003 -10"><span class='ocrx_word' id='word_1_133' title='bbox 404 1539 435 1566; x_wconf 80' lang='lat' dir='ltr'>ct</span> <span class='ocrx_word' id='word_1_134' title='bbox 462 1533 553 1565; x_wconf 76' lang='lat' dir='ltr'>sortis</span> <span class='ocrx_word' id='word_1_135' title='bbox 572 1559 579 1572; x_wconf 86' lang='lat'>,</span> <span class='ocrx_word' id='word_1_136' title='bbox 606 1542 702 1575; x_wconf 79' lang='lat' dir='ltr'>quem</span> <span class='ocrx_word' id='word_1_137' title='bbox 728 1531 775 1563; x_wconf 90' lang='lat' dir='ltr'>illi</span> <span class='ocrx_word' id='word_1_138' title='bbox 803 1540 863 1573; x_wconf 91' lang='lat' dir='ltr'>per</span> <span class='ocrx_word' id='word_1_139' title='bbox 889 1541 960 1570; x_wconf 88' lang='lat' dir='ltr'>nos,</span> <span class='ocrx_word' id='word_1_140' title='bbox 990 1531 1149 1566; x_wconf 45' lang='lat' dir='ltr'>licebitn-</span> 
     </span>
     <span class='ocr_line' id='line_1_27' title="bbox 404 1584 1151 1628; baseline -0.003 -9"><span class='ocrx_word' id='word_1_141' title='bbox 404 1587 548 1625; x_wconf 82' lang='lat' dir='ltr'>meritos,</span> <span class='ocrx_word' id='word_1_142' title='bbox 563 1586 753 1628; x_wconf 85' lang='lat' dir='ltr'>loquentem</span> <span class='ocrx_word' id='word_1_143' title='bbox 780 1584 892 1617; x_wconf 87' lang='lat' dir='ltr'>audire</span> <span class='ocrx_word' id='word_1_144' title='bbox 910 1585 1099 1624; x_wconf 86' lang='lat' dir='ltr'>noluerunt,</span> <span class='ocrx_word' id='word_1_145' title='bbox 1120 1590 1151 1617; x_wconf 88' lang='lat' dir='ltr'>et</span> 
     </span>
     <span class='ocr_line' id='line_1_28' title="bbox 405 1638 1152 1684; baseline -0.004 -11"><span class='ocrx_word' id='word_1_146' title='bbox 405 1652 498 1684; x_wconf 75' lang='lat' dir='ltr'>quern</span> <span class='ocrx_word' id='word_1_147' title='bbox 517 1667 524 1681; x_wconf 97' lang='lat'><em>‚</em></span> <span class='ocrx_word' id='word_1_148' title='bbox 553 1641 663 1683; x_wconf 71' lang='lat' dir='ltr'>spreta</span> <span class='ocrx_word' id='word_1_149' title='bbox 690 1640 801 1671; x_wconf 72' lang='lat' dir='ltr'>nostra</span> <span class='ocrx_word' id='word_1_150' title='bbox 828 1638 1038 1678; x_wconf 84' lang='lat' dir='ltr'>auctoritate,</span> <span class='ocrx_word' id='word_1_151' title='bbox 1065 1648 1152 1681; x_wconf 88' lang='lat' dir='ltr'>spre-</span> 
     </span>
     <span class='ocr_line' id='line_1_29' title="bbox 405 1692 1151 1733; baseline -0.003 -7"><span class='ocrx_word' id='word_1_152' title='bbox 405 1700 540 1733; x_wconf 76' lang='lat' dir='ltr'>verunt,</span> <span class='ocrx_word' id='word_1_153' title='bbox 568 1692 715 1725; x_wconf 74' lang='lat' dir='ltr'>extendit</span> <span class='ocrx_word' id='word_1_154' title='bbox 739 1701 871 1724; x_wconf 86' lang='lat' dir='ltr'>manum</span> <span class='ocrx_word' id='word_1_155' title='bbox 898 1702 1009 1731; x_wconf 80' lang='lat' dir='ltr'>suam,</span> <span class='ocrx_word' id='word_1_156' title='bbox 1037 1696 1071 1723; x_wconf 91' lang='lat' dir='ltr'>ut</span> <span class='ocrx_word' id='word_1_157' title='bbox 1101 1701 1151 1724; x_wconf 84' lang='lat' dir='ltr'>cr-</span> 
     </span>
    </p>

    <p class='ocr_par' dir='ltr' id='par_1_11' title="bbox 404 1745 1151 1791">
     <span class='ocr_line' id='line_1_30' title="bbox 404 1745 1151 1791; baseline -0.003 -11"><span class='ocrx_word' id='word_1_158' title='bbox 404 1753 513 1780; x_wconf 83' lang='lat' dir='ltr'>rantes</span> <span class='ocrx_word' id='word_1_159' title='bbox 539 1758 597 1791; x_wconf 88' lang='lat' dir='ltr'>per</span> <span class='ocrx_word' id='word_1_160' title='bbox 623 1745 846 1778; x_wconf 83' lang='lat' dir='ltr'>ostensionem</span> <span class='ocrx_word' id='word_1_161' title='bbox 873 1745 999 1777; x_wconf 87' lang='lat' dir='ltr'>virtutis</span> <span class='ocrx_word' id='word_1_162' title='bbox 1026 1756 1103 1778; x_wconf 83' lang='lat' dir='ltr'>suae</span> <span class='ocrx_word' id='word_1_163' title='bbox 1134 1756 1151 1778; x_wconf 82' lang='lat' dir='ltr'>a</span> 
     </span>
    </p>

    <p class='ocr_par' dir='ltr' id='par_1_12' title="bbox 405 1799 1151 1845">
     <span class='ocr_line' id='line_1_31' title="bbox 405 1799 1151 1845; baseline -0.003 -11"><span class='ocrx_word' id='word_1_164' title='bbox 405 1802 463 1834; x_wconf 80' lang='lat' dir='ltr'>viis</span> <span class='ocrx_word' id='word_1_165' title='bbox 496 1800 645 1845; x_wconf 78' lang='lat' dir='ltr'>pessimis</span> <span class='ocrx_word' id='word_1_166' title='bbox 678 1804 868 1839; x_wconf 80' lang='lat' dir='ltr'>rcvocarct3</span> <span class='ocrx_word' id='word_1_167' title='bbox 904 1810 999 1839; x_wconf 85' lang='lat' dir='ltr'>nam,</span> <span class='ocrx_word' id='word_1_168' title='bbox 1033 1799 1151 1832; x_wconf 88' lang='lat' dir='ltr'>litteris</span> 
     </span>
    </p>

    <p class='ocr_par' dir='ltr' id='par_1_13' title="bbox 405 1853 1152 2593">
     <span class='ocr_line' id='line_1_32' title="bbox 405 1853 1150 1896; baseline -0.003 -9"><span class='ocrx_word' id='word_1_169' title='bbox 405 1855 524 1888; x_wconf 80' lang='lat' dir='ltr'>nostris</span> <span class='ocrx_word' id='word_1_170' title='bbox 549 1855 600 1887; x_wconf 90' lang='lat' dir='ltr'>die</span> <span class='ocrx_word' id='word_1_171' title='bbox 617 1865 683 1887; x_wconf 79' lang='lat' dir='ltr'>xvn</span> <span class='ocrx_word' id='word_1_172' title='bbox 716 1854 836 1886; x_wconf 78' lang='lat' dir='ltr'>mensis</span> <span class='ocrx_word' id='word_1_173' title='bbox 855 1853 962 1885; x_wconf 86' lang='lat' dir='ltr'>martii</span> <span class='ocrx_word' id='word_1_174' title='bbox 989 1853 1073 1896; x_wconf 82' lang='lat' dir='ltr'>apud</span> <span class='ocrx_word' id='word_1_175' title='bbox 1096 1863 1150 1885; x_wconf 87' lang='lat' dir='ltr'>vos</span> 
     </span>
     <span class='ocr_line' id='line_1_33' title="bbox 406 1906 1151 1950; baseline -0.004 -9"><span class='ocrx_word' id='word_1_176' title='bbox 406 1908 588 1950; x_wconf 65' lang='lat' dir='ltr'>evulgatis,</span> <span class='ocrx_word' id='word_1_177' title='bbox 615 1918 687 1940; x_wconf 87' lang='lat' dir='ltr'>cum</span> <span class='ocrx_word' id='word_1_178' title='bbox 713 1907 799 1939; x_wconf 89' lang='lat' dir='ltr'>idem</span> <span class='ocrx_word' id='word_1_179' title='bbox 826 1906 997 1940; x_wconf 82' lang='lat' dir='ltr'>Cornelius</span> <span class='ocrx_word' id='word_1_180' title='bbox 1031 1906 1063 1938; x_wconf 90' lang='lat' dir='ltr'>in</span> <span class='ocrx_word' id='word_1_181' title='bbox 1094 1907 1151 1939; x_wconf 73' lang='lat' dir='ltr'>sua</span> 
     </span>
     <span class='ocr_line' id='line_1_34' title="bbox 406 1960 1151 2005; baseline -0.004 -11"><span class='ocrx_word' id='word_1_182' title='bbox 406 1962 585 2005; x_wconf 75' lang='lat' dir='ltr'>pervicacia</span> <span class='ocrx_word' id='word_1_183' title='bbox 603 1961 792 1994; x_wconf 76' lang='lat' dir='ltr'>obfirmatus</span> <span class='ocrx_word' id='word_1_184' title='bbox 811 1960 968 2002; x_wconf 74' lang='lat' dir='ltr'>sacrilega</span> <span class='ocrx_word' id='word_1_185' title='bbox 987 1970 1084 1992; x_wconf 82' lang='lat' dir='ltr'>manu</span> <span class='ocrx_word' id='word_1_186' title='bbox 1104 1970 1151 1992; x_wconf 85' lang='lat' dir='ltr'>sa-</span> 
     </span>
     <span class='ocr_line' id='line_1_35' title="bbox 406 2013 1152 2056; baseline -0.003 -9"><span class='ocrx_word' id='word_1_187' title='bbox 406 2021 604 2047; x_wconf 71' lang='lat' dir='ltr'>cramcnlun!</span> <span class='ocrx_word' id='word_1_188' title='bbox 631 2013 894 2047; x_wconf 60' lang='lat' dir='ltr'>Confirmationis</span> <span class='ocrx_word' id='word_1_189' title='bbox 920 2014 1026 2056; x_wconf 83' lang='lat' dir='ltr'>palam</span> <span class='ocrx_word' id='word_1_190' title='bbox 1053 2013 1152 2046; x_wconf 86' lang='lat' dir='ltr'>admi-</span> 
     </span>
     <span class='ocr_line' id='line_1_36' title="bbox 406 2068 1151 2111; baseline -0.001 -11"><span class='ocrx_word' id='word_1_191' title='bbox 406 2069 547 2101; x_wconf 82' lang='lat' dir='ltr'>nistrare</span> <span class='ocrx_word' id='word_1_192' title='bbox 573 2068 777 2111; x_wconf 85' lang='lat' dir='ltr'>Ordinesque</span> <span class='ocrx_word' id='word_1_193' title='bbox 804 2068 956 2100; x_wconf 76' lang='lat' dir='ltr'>conferre</span> <span class='ocrx_word' id='word_1_194' title='bbox 991 2078 1055 2100; x_wconf 88' lang='lat' dir='ltr'>non</span> <span class='ocrx_word' id='word_1_195' title='bbox 1089 2068 1151 2100; x_wconf 82' lang='lat' dir='ltr'>sor-</span> 
     </span>
     <span class='ocr_line' id='line_1_37' title="bbox 405 2121 1152 2164; baseline 0 -10"><span class='ocrx_word' id='word_1_196' title='bbox 405 2124 576 2160; x_wconf 76' lang='lat' dir='ltr'>midasset,</span> <span class='ocrx_word' id='word_1_197' title='bbox 596 2122 707 2154; x_wconf 78' lang='lat' dir='ltr'>lethali</span> <span class='ocrx_word' id='word_1_198' title='bbox 736 2121 850 2154; x_wconf 87' lang='lat' dir='ltr'>morbo</span> <span class='ocrx_word' id='word_1_199' title='bbox 877 2126 1057 2164; x_wconf 82' lang='lat' dir='ltr'>correptus,</span> <span class='ocrx_word' id='word_1_200' title='bbox 1079 2122 1152 2154; x_wconf 85' lang='lat' dir='ltr'>bre-</span> 
     </span>
     <span class='ocr_line' id='line_1_38' title="bbox 405 2174 1149 2219; baseline -0.001 -11"><span class='ocrx_word' id='word_1_201' title='bbox 405 2177 499 2219; x_wconf 83' lang='lat' dir='ltr'>vique</span> <span class='ocrx_word' id='word_1_202' title='bbox 519 2181 739 2218; x_wconf 50' lang='lat' dir='ltr'>consumptus</span> <span class='ocrx_word' id='word_1_203' title='bbox 760 2176 798 2207; x_wconf 87' lang='lat' dir='ltr'>ad</span> <span class='ocrx_word' id='word_1_204' title='bbox 816 2174 1149 2207; x_wconf 80' lang='lat' dir='ltr'>tremendumCliristi</span> 
     </span>
     <span class='ocr_line' id='line_1_39' title="bbox 407 2228 1149 2271; baseline -0.001 -10"><span class='ocrx_word' id='word_1_205' title='bbox 407 2230 585 2270; x_wconf 85' lang='lat' dir='ltr'>iudicium,</span> <span class='ocrx_word' id='word_1_206' title='bbox 625 2228 891 2271; x_wconf 73' lang='lat' dir='ltr'>reddendamque</span> <span class='ocrx_word' id='word_1_207' title='bbox 921 2233 966 2260; x_wconf 90' lang='lat' dir='ltr'>tot</span> <span class='ocrx_word' id='word_1_208' title='bbox 991 2229 1149 2260; x_wconf 86' lang='lat' dir='ltr'>malorum</span> 
     </span>
     <span class='ocr_line' id='line_1_40' title="bbox 408 2282 1150 2324; baseline -0.003 -9"><span class='ocrx_word' id='word_1_209' title='bbox 408 2283 640 2324; x_wconf 83' lang='lat' dir='ltr'>turbarumque</span> <span class='ocrx_word' id='word_1_210' title='bbox 666 2282 827 2314; x_wconf 85' lang='lat' dir='ltr'>rationem</span> <span class='ocrx_word' id='word_1_211' title='bbox 850 2308 856 2322; x_wconf 94' lang='lat'>‚</span> <span class='ocrx_word' id='word_1_212' title='bbox 886 2282 937 2314; x_wconf 88' lang='lat' dir='ltr'>die</span> <span class='ocrx_word' id='word_1_213' title='bbox 964 2292 999 2314; x_wconf 84' lang='lat'>111</span> <span class='ocrx_word' id='word_1_214' title='bbox 1031 2282 1150 2314; x_wconf 84' lang='lat' dir='ltr'>mensis</span> 
     </span>
     <span class='ocr_line' id='line_1_41' title="bbox 407 2335 1149 2378; baseline 0 -11"><span class='ocrx_word' id='word_1_215' title='bbox 407 2335 517 2378; x_wconf 79' lang='lat' dir='ltr'>aprilis</span> <span class='ocrx_word' id='word_1_216' title='bbox 544 2342 694 2368; x_wconf 77' lang='lat' dir='ltr'>evocatus</span> <span class='ocrx_word' id='word_1_217' title='bbox 720 2341 778 2368; x_wconf 82' lang='lat' dir='ltr'>est.</span> <span class='ocrx_word' id='word_1_218' title='bbox 817 2335 861 2368; x_wconf 87' lang='lat' dir='ltr'>Eo</span> <span class='ocrx_word' id='word_1_219' title='bbox 899 2335 1029 2378; x_wconf 91' lang='lat' dir='ltr'>quidem</span> <span class='ocrx_word' id='word_1_220' title='bbox 1064 2341 1149 2368; x_wconf 88' lang='lat' dir='ltr'>melu</span> 
     </span>
     <span class='ocr_line' id='line_1_42' title="bbox 407 2388 1149 2422; baseline -0.001 0"><span class='ocrx_word' id='word_1_221' title='bbox 407 2399 580 2422; x_wconf 67' lang='lat' dir='ltr'>concussos</span> <span class='ocrx_word' id='word_1_222' title='bbox 601 2390 770 2421; x_wconf 87' lang='lat' dir='ltr'>damnatae</span> <span class='ocrx_word' id='word_1_223' title='bbox 791 2388 934 2421; x_wconf 75' lang='lat' dir='ltr'>factionis</span> <span class='ocrx_word' id='word_1_224' title='bbox 953 2389 1092 2422; x_wconf 88' lang='lat' dir='ltr'>clericos</span> <span class='ocrx_word' id='word_1_225' title='bbox 1110 2389 1149 2421; x_wconf 83' lang='lat' dir='ltr'>ad</span> 
     </span>
     <span class='ocr_line' id='line_1_43' title="bbox 407 2442 1150 2485; baseline 0 -10"><span class='ocrx_word' id='word_1_226' title='bbox 407 2454 462 2476; x_wconf 77' lang='lat' dir='ltr'>cor</span> <span class='ocrx_word' id='word_1_227' title='bbox 487 2443 653 2474; x_wconf 74' lang='lat' dir='ltr'>redituros</span> <span class='ocrx_word' id='word_1_228' title='bbox 678 2442 891 2485; x_wconf 68' lang='lat' dir='ltr'>sperabamus</span> <span class='ocrx_word' id='word_1_229' title='bbox 912 2469 919 2483; x_wconf 89' lang='lat'>‚</span> <span class='ocrx_word' id='word_1_230' title='bbox 947 2453 1020 2475; x_wconf 89' lang='lat' dir='ltr'>cum</span> <span class='ocrx_word' id='word_1_231' title='bbox 1056 2452 1150 2485; x_wconf 82' lang='lat' dir='ltr'>prae-</span> 
     </span>
     <span class='ocr_line' id='line_1_44' title="bbox 408 2496 1148 2538; baseline -0.001 -9"><span class='ocrx_word' id='word_1_232' title='bbox 408 2497 518 2529; x_wconf 80' lang='lat' dir='ltr'>sertim</span> <span class='ocrx_word' id='word_1_233' title='bbox 544 2496 619 2528; x_wconf 89' lang='lat' dir='ltr'>anni</span> <span class='ocrx_word' id='word_1_234' title='bbox 646 2496 750 2538; x_wconf 77' lang='lat' dir='ltr'>spatio</span> <span class='ocrx_word' id='word_1_235' title='bbox 777 2497 919 2529; x_wconf 84' lang='lat' dir='ltr'>nondum</span> <span class='ocrx_word' id='word_1_236' title='bbox 939 2502 1064 2536; x_wconf 82' lang='lat' dir='ltr'>exacto,</span> <span class='ocrx_word' id='word_1_237' title='bbox 1085 2502 1148 2529; x_wconf 86' lang='lat' dir='ltr'>tam</span> 
     </span>
     <span class='ocr_line' id='line_1_45' title="bbox 408 2548 1150 2593; baseline 0 -11"><span class='ocrx_word' id='word_1_238' title='bbox 408 2550 591 2582; x_wconf 83' lang='lat' dir='ltr'>antedictus</span> <span class='ocrx_word' id='word_1_239' title='bbox 631 2548 801 2581; x_wconf 75' lang='lat' dir='ltr'>Cornelius</span> <span class='ocrx_word' id='word_1_240' title='bbox 841 2560 938 2592; x_wconf 86' lang='lat' dir='ltr'>quam</span> <span class='ocrx_word' id='word_1_241' title='bbox 978 2550 1150 2593; x_wconf 63' lang='lat' dir='ltr'>presbyter</span> 
     </span>
    </p>
   </div>
   <div class='ocr_carea' id='block_1_2' title="bbox 204 793 403 1028">
    <p class='ocr_par' dir='ltr' id='par_1_14' title="bbox 204 793 403 1028">
     <span class='ocr_line' id='line_1_46' title="bbox 204 793 403 898; baseline 0 -31"><span class='ocrx_word' id='word_1_242' title='bbox 204 793 403 898; x_wconf 95' lang='lat' dir='ltr'>   </span> 
     </span>
     <span class='ocr_line' id='line_1_47' title="bbox 204 898 403 1028; baseline 0 -76"><span class='ocrx_word' id='word_1_243' title='bbox 204 898 403 1028; x_wconf 95' lang='lat' dir='ltr'>    </span> 
     </span>
    </p>
   </div>
   <div class='ocr_carea' id='block_1_3' title="bbox 444 2611 944 2647">
    <p class='ocr_par' dir='ltr' id='par_1_15' title="bbox 444 2611 944 2647">
     <span class='ocr_line' id='line_1_48' title="bbox 444 2611 944 2647; baseline 0 -8"><span class='ocrx_word' id='word_1_244' title='bbox 444 2614 453 2640; x_wconf 83' lang='grc'>1</span> <span class='ocrx_word' id='word_1_245' title='bbox 478 2612 585 2639; x_wconf 69' lang='lat' dir='ltr'>Videtur</span> <span class='ocrx_word' id='word_1_246' title='bbox 605 2611 752 2647; x_wconf 80' lang='lat' dir='ltr'>legendum</span> <span class='ocrx_word' id='word_1_247' title='bbox 774 2620 818 2638; x_wconf 65' lang='lat' dir='ltr'>tvos</span> <span class='ocrx_word' id='word_1_248' title='bbox 838 2612 878 2647; x_wconf 56' lang='grc' dir='ltr'>(ιι.</span> <span class='ocrx_word' id='word_1_249' title='bbox 895 2613 944 2647; x_wconf 82' lang='lat' dir='ltr'>T.).</span> 
     </span>
    </p>
   </div>
   <div class='ocr_carea' id='block_1_4' title="bbox 995 198 1358 224">
    <p class='ocr_par' dir='ltr' id='par_1_16' title="bbox 995 198 1358 224">
     <span class='ocr_line' id='line_1_49' title="bbox 995 198 1358 224; baseline 0.006 -2"><span class='ocrx_word' id='word_1_250' title='bbox 995 198 1177 223; x_wconf 72' lang='lat' dir='ltr'>BULLARIUM</span> <span class='ocrx_word' id='word_1_251' title='bbox 1202 198 1358 224; x_wconf 66' lang='lat' dir='ltr'>ROMANUM</span> 
     </span>
    </p>
   </div>
   <div class='ocr_carea' id='block_1_5' title="bbox 1169 773 1172 1484">
    <p class='ocr_par' dir='ltr' id='par_1_17' title="bbox 1169 773 1172 1484">
     <span class='ocr_line' id='line_1_50' title="bbox 1169 773 1172 1484; baseline 0 0"><span class='ocrx_word' id='word_1_252' title='bbox 1169 773 1172 1484; x_wconf 95' lang='lat' dir='ltr'> </span> 
     </span>
    </p>
   </div>
   <div class='ocr_carea' id='block_1_6' title="bbox 1169 1653 1176 2595">
    <p class='ocr_par' dir='ltr' id='par_1_18' title="bbox 1169 1653 1176 2595">
     <span class='ocr_line' id='line_1_51' title="bbox 1169 1653 1176 2595; baseline 0 0"><span class='ocrx_word' id='word_1_253' title='bbox 1169 1653 1176 2595; x_wconf 95' lang='lat' dir='ltr'> </span> 
     </span>
    </p>
   </div>
   <div class='ocr_carea' id='block_1_7' title="bbox 1189 203 2128 611">
    <p class='ocr_par' dir='ltr' id='par_1_19' title="bbox 1189 203 2128 611">
     <span class='ocr_line' id='line_1_52' title="bbox 1941 203 2126 233; baseline 0.027 -5"><span class='ocrx_word' id='word_1_254' title='bbox 1941 203 1989 229; x_wconf 76' lang='lat' dir='ltr'>An.</span> <span class='ocrx_word' id='word_1_255' title='bbox 2007 204 2036 230; x_wconf 86' lang='lat' dir='ltr'>C.</span> <span class='ocrx_word' id='word_1_256' title='bbox 2059 204 2126 233; x_wconf 75' lang='lat'>1725</span> 
     </span>
     <span class='ocr_line' id='line_1_53' title="bbox 1189 247 1930 294; baseline 0.005 -15"><span class='ocrx_word' id='word_1_257' title='bbox 1189 247 1323 281; x_wconf 83' lang='lat' dir='ltr'>lacobus</span> <span class='ocrx_word' id='word_1_258' title='bbox 1359 248 1468 290; x_wconf 79' lang='lat' dir='ltr'>Kriis‚</span> <span class='ocrx_word' id='word_1_259' title='bbox 1505 250 1559 294; x_wconf 82' lang='lat' dir='ltr'>qui</span> <span class='ocrx_word' id='word_1_260' title='bbox 1598 249 1825 284; x_wconf 85' lang='lat' dir='ltr'>vehementior</span> <span class='ocrx_word' id='word_1_261' title='bbox 1854 261 1930 294; x_wconf 83' lang='lat' dir='ltr'>prae</span> 
     </span>
     <span class='ocr_line' id='line_1_54' title="bbox 1190 301 1932 347; baseline 0.004 -13"><span class='ocrx_word' id='word_1_262' title='bbox 1190 301 1307 334; x_wconf 88' lang='lat' dir='ltr'>ceteris</span> <span class='ocrx_word' id='word_1_263' title='bbox 1344 308 1458 335; x_wconf 80' lang='lat' dir='ltr'>auctor</span> <span class='ocrx_word' id='word_1_264' title='bbox 1490 303 1592 336; x_wconf 80' lang='lat' dir='ltr'>suerat</span> <span class='ocrx_word' id='word_1_265' title='bbox 1617 304 1795 347; x_wconf 78' lang='lat' dir='ltr'>sacrilegae</span> <span class='ocrx_word' id='word_1_266' title='bbox 1821 314 1932 337; x_wconf 86' lang='lat' dir='ltr'>conse-</span> 
     </span>
     <span class='ocr_line' id='line_1_55' title="bbox 1190 354 1931 396; baseline 0.005 -10"><span class='ocrx_word' id='word_1_267' title='bbox 1190 354 1363 395; x_wconf 86' lang='lat' dir='ltr'>crationis,</span> <span class='ocrx_word' id='word_1_268' title='bbox 1400 362 1431 388; x_wconf 90' lang='lat' dir='ltr'>et</span> <span class='ocrx_word' id='word_1_269' title='bbox 1455 356 1555 389; x_wconf 85' lang='lat' dir='ltr'>laicus</span> <span class='ocrx_word' id='word_1_270' title='bbox 1580 357 1724 390; x_wconf 83' lang='lat' dir='ltr'>Donkers</span> <span class='ocrx_word' id='word_1_271' title='bbox 1742 383 1749 396; x_wconf 88' lang='lat'>,</span> <span class='ocrx_word' id='word_1_272' title='bbox 1776 357 1807 389; x_wconf 89' lang='lat' dir='ltr'>in</span> <span class='ocrx_word' id='word_1_273' title='bbox 1841 357 1931 390; x_wconf 87' lang='lat' dir='ltr'>euius</span> 
     </span>
     <span class='ocr_line' id='line_1_56' title="bbox 1190 407 1931 452; baseline 0.004 -12"><span class='ocrx_word' id='word_1_274' title='bbox 1190 407 1325 440; x_wconf 87' lang='lat' dir='ltr'>aedibus</span> <span class='ocrx_word' id='word_1_275' title='bbox 1352 408 1407 442; x_wconf 88' lang='lat' dir='ltr'>illa</span> <span class='ocrx_word' id='word_1_276' title='bbox 1431 415 1561 452; x_wconf 77' lang='lat' dir='ltr'>peracta</span> <span class='ocrx_word' id='word_1_277' title='bbox 1588 415 1679 449; x_wconf 85' lang='lat' dir='ltr'>erat,</span> <span class='ocrx_word' id='word_1_278' title='bbox 1716 411 1805 443; x_wconf 90' lang='lat' dir='ltr'>nullo</span> <span class='ocrx_word' id='word_1_279' title='bbox 1843 410 1931 443; x_wconf 86' lang='lat' dir='ltr'>edito</span> 
     </span>
     <span class='ocr_line' id='line_1_57' title="bbox 1191 461 1930 505; baseline 0.005 -13"><span class='ocrx_word' id='word_1_280' title='bbox 1191 461 1338 494; x_wconf 81' lang='lat' dir='ltr'>salutaris</span> <span class='ocrx_word' id='word_1_281' title='bbox 1365 462 1583 505; x_wconf 87' lang='lat' dir='ltr'>poenitentiae</span> <span class='ocrx_word' id='word_1_282' title='bbox 1605 463 1709 505; x_wconf 84' lang='lat' dir='ltr'>signo,</span> <span class='ocrx_word' id='word_1_283' title='bbox 1732 463 1763 495; x_wconf 92' lang='lat' dir='ltr'>in</span> <span class='ocrx_word' id='word_1_284' title='bbox 1783 464 1838 495; x_wconf 77' lang='lat' dir='ltr'>sua</span> <span class='ocrx_word' id='word_1_285' title='bbox 1854 473 1930 497; x_wconf 87' lang='lat' dir='ltr'>vere</span> 
     </span>
     <span class='ocr_line' id='line_1_58' title="bbox 1191 514 1930 549; baseline 0.004 -3"><span class='ocrx_word' id='word_1_286' title='bbox 1191 514 1365 547; x_wconf 75' lang='lat' dir='ltr'>damnabili</span> <span class='ocrx_word' id='word_1_287' title='bbox 1381 515 1752 548; x_wconf 80' lang='lat' dir='ltr'>inobedientiamortem</span> <span class='ocrx_word' id='word_1_288' title='bbox 1763 516 1930 549; x_wconf 86' lang='lat' dir='ltr'>obiissent.</span> 
     </span>
     <span class='ocr_line' id='line_1_59' title="bbox 1235 567 2128 611; baseline 0.004 -12"><span class='ocrx_word' id='word_1_289' title='bbox 1235 567 1306 610; x_wconf 64' lang='lat'>{⁶2-</span> <span class='ocrx_word' id='word_1_290' title='bbox 1345 567 1406 601; x_wconf 88' lang='lat' dir='ltr'>Sed</span> <span class='ocrx_word' id='word_1_291' title='bbox 1444 568 1591 611; x_wconf 83' lang='lat' dir='ltr'>poenalis</span> <span class='ocrx_word' id='word_1_292' title='bbox 1627 569 1759 602; x_wconf 89' lang='lat' dir='ltr'>illorum</span> <span class='ocrx_word' id='word_1_293' title='bbox 1795 569 1932 602; x_wconf 78' lang='lat' dir='ltr'>caecitas</span> <span class='ocrx_word' id='word_1_294' title='bbox 1966 582 2128 604; x_wconf 60' lang='lat' dir='ltr'>uernam-ans-</span> 
     </span>
    </p>
   </div>
   <div class='ocr_carea' id='block_1_8' title="bbox 1944 608 2127 630">
    <p class='ocr_par' dir='ltr' id='par_1_20' title="bbox 1944 608 2127 630">
     <span class='ocr_line' id='line_1_60' title="bbox 1944 608 2127 630; baseline -0.005 0"><span class='ocrx_word' id='word_1_295' title='bbox 1944 616 1965 630; x_wconf 69' lang='grc' dir='ltr'><em>η</em></span> <span class='ocrx_word' id='word_1_296' title='bbox 1983 610 2061 630; x_wconf 73' lang='lat' dir='ltr'>electio</span> <span class='ocrx_word' id='word_1_297' title='bbox 2077 608 2127 630; x_wconf 78' lang='lat' dir='ltr'>em·-</span> 
     </span>
    </p>
   </div>
   <div class='ocr_carea' id='block_1_9' title="bbox 1191 621 2128 664">
    <p class='ocr_par' dir='ltr' id='par_1_21' title="bbox 1191 621 2128 664">
     <span class='ocr_line' id='line_1_61' title="bbox 1191 621 2128 664; baseline 0.005 -11"><span class='ocrx_word' id='word_1_298' title='bbox 1191 626 1381 664; x_wconf 80' lang='lat' dir='ltr'>conceptam</span> <span class='ocrx_word' id='word_1_299' title='bbox 1400 632 1416 653; x_wconf 90' lang='lat' dir='ltr'>a</span> <span class='ocrx_word' id='word_1_300' title='bbox 1435 621 1529 654; x_wconf 87' lang='lat' dir='ltr'>nobis</span> <span class='ocrx_word' id='word_1_301' title='bbox 1548 621 1694 654; x_wconf 74' lang='lat' dir='ltr'>fiduciam</span> <span class='ocrx_word' id='word_1_302' title='bbox 1710 622 1814 661; x_wconf 83' lang='lat' dir='ltr'>elusit,</span> <span class='ocrx_word' id='word_1_303' title='bbox 1830 627 1862 655; x_wconf 85' lang='lat' dir='ltr'>et</span> <span class='ocrx_word' id='word_1_304' title='bbox 1874 622 1932 656; x_wconf 87' lang='lat' dir='ltr'>Do·</span> <span class='ocrx_word' id='word_1_305' title='bbox 1943 637 1993 657; x_wconf 66' lang='lat' dir='ltr'>..u-i</span> <span class='ocrx_word' id='word_1_306' title='bbox 2010 635 2128 658; x_wconf 54' lang='lat' dir='ltr'>[summan</span> 
     </span>
    </p>
   </div>
   <div class='ocr_carea' id='block_1_10' title="bbox 1192 665 2128 719">
    <p class='ocr_par' dir='ltr' id='par_1_22' title="bbox 1192 665 2128 719">
     <span class='ocr_line' id='line_1_62' title="bbox 1192 665 2128 719; baseline 0.009 -13"><span class='ocrx_word' id='word_1_307' title='bbox 1192 674 1280 707; x_wconf 87' lang='lat' dir='ltr'>mino</span> <span class='ocrx_word' id='word_1_308' title='bbox 1307 675 1404 707; x_wconf 87' lang='lat' dir='ltr'>etiam</span> <span class='ocrx_word' id='word_1_309' title='bbox 1429 674 1580 707; x_wconf 79' lang='lat' dir='ltr'>visitante</span> <span class='ocrx_word' id='word_1_310' title='bbox 1604 674 1636 706; x_wconf 90' lang='lat' dir='ltr'>in</span> <span class='ocrx_word' id='word_1_311' title='bbox 1662 675 1750 718; x_wconf 77' lang='lat' dir='ltr'>virga</span> <span class='ocrx_word' id='word_1_312' title='bbox 1784 665 2128 719; x_wconf 62' lang='lat' dir='ltr'>iniquita-3213.2⁶¹L³SK.¹S{2I</span> 
     </span>
    </p>
   </div>
   <div class='ocr_carea' id='block_1_11' title="bbox 1191 719 2129 2647">
    <p class='ocr_par' dir='ltr' id='par_1_23' title="bbox 1192 719 2129 1519">
     <span class='ocr_line' id='line_1_63' title="bbox 1193 719 2129 772; baseline 0.003 -13"><span class='ocrx_word' id='word_1_313' title='bbox 1193 732 1239 760; x_wconf 85' lang='lat' dir='ltr'>tes</span> <span class='ocrx_word' id='word_1_314' title='bbox 1265 738 1389 768; x_wconf 87' lang='lat' dir='ltr'>eorum,</span> <span class='ocrx_word' id='word_1_315' title='bbox 1416 734 1638 771; x_wconf 82' lang='lat' dir='ltr'>apposuerunt</span> <span class='ocrx_word' id='word_1_316' title='bbox 1662 728 1770 761; x_wconf 83' lang='lat' dir='ltr'>adhuc</span> <span class='ocrx_word' id='word_1_317' title='bbox 1796 739 1932 772; x_wconf 83' lang='lat' dir='ltr'>peccare</span> <span class='ocrx_word' id='word_1_318' title='bbox 1944 719 2129 767; x_wconf 54' lang='lat' dir='ltr'>ffss‘ffissfflfi‘v&#39;ss&#39;ssf&#39;</span> 
     </span>
     <span class='ocr_line' id='line_1_64' title="bbox 1193 780 1935 826; baseline 0.005 -14"><span class='ocrx_word' id='word_1_319' title='bbox 1193 780 1233 813; x_wconf 91' lang='lat' dir='ltr'>ei.</span> <span class='ocrx_word' id='word_1_320' title='bbox 1261 780 1385 813; x_wconf 87' lang='lat' dir='ltr'>Etenim</span> <span class='ocrx_word' id='word_1_321' title='bbox 1414 781 1526 825; x_wconf 86' lang='lat' dir='ltr'>(qnod</span> <span class='ocrx_word' id='word_1_322' title='bbox 1554 792 1617 814; x_wconf 92' lang='lat' dir='ltr'>non</span> <span class='ocrx_word' id='word_1_323' title='bbox 1645 781 1715 815; x_wconf 89' lang='lat' dir='ltr'>sine</span> <span class='ocrx_word' id='word_1_324' title='bbox 1742 782 1855 815; x_wconf 88' lang='lat' dir='ltr'>intimo</span> <span class='ocrx_word' id='word_1_325' title='bbox 1881 793 1935 826; x_wconf 87' lang='lat' dir='ltr'>pa·</span> 
     </span>
     <span class='ocr_line' id='line_1_65' title="bbox 1193 833 1933 880; baseline 0.004 -14"><span class='ocrx_word' id='word_1_326' title='bbox 1193 834 1275 867; x_wconf 82' lang='lat' dir='ltr'>terni</span> <span class='ocrx_word' id='word_1_327' title='bbox 1301 833 1407 867; x_wconf 87' lang='lat' dir='ltr'>cordis</span> <span class='ocrx_word' id='word_1_328' title='bbox 1434 835 1547 868; x_wconf 89' lang='lat' dir='ltr'>dolore</span> <span class='ocrx_word' id='word_1_329' title='bbox 1587 845 1692 878; x_wconf 87' lang='lat' dir='ltr'>nuper</span> <span class='ocrx_word' id='word_1_330' title='bbox 1724 836 1933 880; x_wconf 86' lang='lat' dir='ltr'>accepimus)</span> 
     </span>
     <span class='ocr_line' id='line_1_66' title="bbox 1194 887 1935 922; baseline 0.003 -2"><span class='ocrx_word' id='word_1_331' title='bbox 1194 888 1288 920; x_wconf 86' lang='lat' dir='ltr'>iidem</span> <span class='ocrx_word' id='word_1_332' title='bbox 1315 888 1553 921; x_wconf 75' lang='lat' dir='ltr'>incredulitatis</span> <span class='ocrx_word' id='word_1_333' title='bbox 1579 887 1636 921; x_wconf 80' lang='lat' dir='ltr'>filii</span> <span class='ocrx_word' id='word_1_334' title='bbox 1662 900 1678 921; x_wconf 88' lang='lat' dir='ltr'>a</span> <span class='ocrx_word' id='word_1_335' title='bbox 1705 894 1750 921; x_wconf 87' lang='lat' dir='ltr'>tot</span> <span class='ocrx_word' id='word_1_336' title='bbox 1777 899 1851 922; x_wconf 85' lang='lat' dir='ltr'>vere</span> <span class='ocrx_word' id='word_1_337' title='bbox 1883 900 1935 922; x_wconf 86' lang='lat' dir='ltr'>or-</span> 
     </span>
     <span class='ocr_line' id='line_1_67' title="bbox 1194 942 1934 985; baseline 0.003 -11"><span class='ocrx_word' id='word_1_338' title='bbox 1194 942 1357 982; x_wconf 77' lang='lat' dir='ltr'>thodoxis,</span> <span class='ocrx_word' id='word_1_339' title='bbox 1385 942 1543 985; x_wconf 87' lang='lat' dir='ltr'>nobisque</span> <span class='ocrx_word' id='word_1_340' title='bbox 1562 948 1593 975; x_wconf 83' lang='lat' dir='ltr'>et</span> <span class='ocrx_word' id='word_1_341' title='bbox 1609 942 1639 975; x_wconf 89' lang='lat' dir='ltr'>S.</span> <span class='ocrx_word' id='word_1_342' title='bbox 1655 942 1690 975; x_wconf 73' lang='lat' dir='ltr'>tt.</span> <span class='ocrx_word' id='word_1_343' title='bbox 1704 942 1738 975; x_wconf 89' lang='lat' dir='ltr'>E.</span> <span class='ocrx_word' id='word_1_344' title='bbox 1760 943 1791 975; x_wconf 91' lang='lat' dir='ltr'>in</span> <span class='ocrx_word' id='word_1_345' title='bbox 1813 943 1934 976; x_wconf 85' lang='lat' dir='ltr'>unitate</span> 
     </span>
     <span class='ocr_line' id='line_1_68' title="bbox 1193 995 1936 1040; baseline 0.004 -14"><span class='ocrx_word' id='word_1_346' title='bbox 1193 995 1266 1027; x_wconf 76' lang='lat' dir='ltr'>fidei</span> <span class='ocrx_word' id='word_1_347' title='bbox 1285 1005 1343 1038; x_wconf 88' lang='lat' dir='ltr'>per</span> <span class='ocrx_word' id='word_1_348' title='bbox 1356 995 1569 1028; x_wconf 86' lang='lat' dir='ltr'>Foederatum</span> <span class='ocrx_word' id='word_1_349' title='bbox 1589 995 1734 1038; x_wconf 82' lang='lat' dir='ltr'>Belgium</span> <span class='ocrx_word' id='word_1_350' title='bbox 1751 996 1936 1040; x_wconf 87' lang='lat' dir='ltr'>obsequen-</span> 
     </span>
     <span class='ocr_line' id='line_1_69' title="bbox 1193 1048 1935 1092; baseline 0.004 -12"><span class='ocrx_word' id='word_1_351' title='bbox 1193 1048 1275 1081; x_wconf 86' lang='lat' dir='ltr'>tibus</span> <span class='ocrx_word' id='word_1_352' title='bbox 1301 1049 1524 1089; x_wconf 83' lang='lat' dir='ltr'>dissidentes,</span> <span class='ocrx_word' id='word_1_353' title='bbox 1560 1049 1707 1092; x_wconf 81' lang='lat' dir='ltr'>Lugduni</span> <span class='ocrx_word' id='word_1_354' title='bbox 1744 1050 1935 1083; x_wconf 83' lang='lat' dir='ltr'>Batavorum</span> 
     </span>
     <span class='ocr_line' id='line_1_70' title="bbox 1192 1101 1936 1146; baseline 0.003 -12"><span class='ocrx_word' id='word_1_355' title='bbox 1192 1101 1309 1135; x_wconf 88' lang='lat' dir='ltr'>iterum</span> <span class='ocrx_word' id='word_1_356' title='bbox 1335 1107 1577 1142; x_wconf 83' lang='lat' dir='ltr'>convenerunt,</span> <span class='ocrx_word' id='word_1_357' title='bbox 1603 1108 1701 1146; x_wconf 82' lang='lat' dir='ltr'>atque</span> <span class='ocrx_word' id='word_1_358' title='bbox 1726 1102 1813 1135; x_wconf 88' lang='lat' dir='ltr'>inani</span> <span class='ocrx_word' id='word_1_359' title='bbox 1840 1113 1936 1136; x_wconf 85' lang='lat' dir='ltr'>cano-</span> 
     </span>
     <span class='ocr_line' id='line_1_71' title="bbox 1193 1156 1935 1191; baseline 0.003 -3"><span class='ocrx_word' id='word_1_360' title='bbox 1193 1157 1340 1189; x_wconf 90' lang='lat' dir='ltr'>nicorum</span> <span class='ocrx_word' id='word_1_361' title='bbox 1366 1156 1652 1189; x_wconf 85' lang='lat' dir='ltr'>Ultraiectinorum</span> <span class='ocrx_word' id='word_1_362' title='bbox 1678 1157 1772 1189; x_wconf 90' lang='lat' dir='ltr'>titulo</span> <span class='ocrx_word' id='word_1_363' title='bbox 1812 1162 1935 1191; x_wconf 84' lang='lat' dir='ltr'>temere</span> 
     </span>
     <span class='ocr_line' id='line_1_72' title="bbox 1193 1209 1936 1253; baseline 0.003 -12"><span class='ocrx_word' id='word_1_364' title='bbox 1193 1215 1371 1252; x_wconf 84' lang='lat' dir='ltr'>assumpto,</span> <span class='ocrx_word' id='word_1_365' title='bbox 1397 1209 1448 1242; x_wconf 87' lang='lat' dir='ltr'>die</span> <span class='ocrx_word' id='word_1_366' title='bbox 1475 1219 1527 1242; x_wconf 75' lang='lat' dir='ltr'>xvx</span> <span class='ocrx_word' id='word_1_367' title='bbox 1554 1209 1698 1242; x_wconf 89' lang='lat' dir='ltr'>eiusdem</span> <span class='ocrx_word' id='word_1_368' title='bbox 1716 1210 1836 1243; x_wconf 87' lang='lat' dir='ltr'>mensis</span> <span class='ocrx_word' id='word_1_369' title='bbox 1855 1210 1936 1253; x_wconf 83' lang='lat' dir='ltr'>apri-</span> 
     </span>
     <span class='ocr_line' id='line_1_73' title="bbox 1194 1262 1936 1306; baseline 0.001 -11"><span class='ocrx_word' id='word_1_370' title='bbox 1194 1263 1254 1302; x_wconf 89' lang='lat' dir='ltr'>lis,</span> <span class='ocrx_word' id='word_1_371' title='bbox 1281 1262 1437 1295; x_wconf 88' lang='lat' dir='ltr'>clericum</span> <span class='ocrx_word' id='word_1_372' title='bbox 1463 1273 1592 1295; x_wconf 87' lang='lat' dir='ltr'>suarum</span> <span class='ocrx_word' id='word_1_373' title='bbox 1619 1263 1760 1306; x_wconf 84' lang='lat' dir='ltr'>partium</span> <span class='ocrx_word' id='word_1_374' title='bbox 1793 1273 1936 1306; x_wconf 85' lang='lat' dir='ltr'>suaeque</span> 
     </span>
     <span class='ocr_line' id='line_1_74' title="bbox 1192 1315 1937 1359; baseline 0.001 -11"><span class='ocrx_word' id='word_1_375' title='bbox 1192 1315 1391 1359; x_wconf 79' lang='lat' dir='ltr'>pertinaciae</span> <span class='ocrx_word' id='word_1_376' title='bbox 1410 1319 1595 1349; x_wconf 90' lang='lat' dir='ltr'>consortem</span> <span class='ocrx_word' id='word_1_377' title='bbox 1613 1315 1798 1349; x_wconf 83' lang='lat' dir='ltr'>Cornelium</span> <span class='ocrx_word' id='word_1_378' title='bbox 1817 1316 1937 1349; x_wconf 81' lang='lat' dir='ltr'>Berek-</span> 
     </span>
     <span class='ocr_line' id='line_1_75' title="bbox 1193 1368 1935 1413; baseline 0 -11"><span class='ocrx_word' id='word_1_379' title='bbox 1193 1381 1266 1402; x_wconf 84' lang='lat' dir='ltr'>man</span> <span class='ocrx_word' id='word_1_380' title='bbox 1289 1369 1573 1413; x_wconf 83' lang='lat' dir='ltr'>archiepiscopum</span> <span class='ocrx_word' id='word_1_381' title='bbox 1595 1368 1847 1402; x_wconf 87' lang='lat' dir='ltr'>Ultraiectinum</span> <span class='ocrx_word' id='word_1_382' title='bbox 1865 1369 1935 1413; x_wconf 85' lang='lat' dir='ltr'>pari</span> 
     </span>
     <span class='ocr_line' id='line_1_76' title="bbox 1195 1423 1936 1467; baseline 0 -10"><span class='ocrx_word' id='word_1_383' title='bbox 1195 1423 1377 1457; x_wconf 83' lang='lat' dir='ltr'>temeritate</span> <span class='ocrx_word' id='word_1_384' title='bbox 1405 1423 1537 1456; x_wconf 88' lang='lat' dir='ltr'>concilii</span> <span class='ocrx_word' id='word_1_385' title='bbox 1566 1434 1603 1456; x_wconf 86' lang='lat' dir='ltr'>ac</span> <span class='ocrx_word' id='word_1_386' title='bbox 1632 1423 1754 1456; x_wconf 51' lang='lat' dir='ltr'>iudicii:</span> <span class='ocrx_word' id='word_1_387' title='bbox 1773 1423 1936 1467; x_wconf 88' lang='lat' dir='ltr'>perversi-</span> 
     </span>
     <span class='ocr_line' id='line_1_77' title="bbox 1195 1476 1739 1519; baseline 0 -9"><span class='ocrx_word' id='word_1_388' title='bbox 1195 1483 1258 1510; x_wconf 84' lang='lat' dir='ltr'>tate</span> <span class='ocrx_word' id='word_1_389' title='bbox 1285 1477 1408 1519; x_wconf 77' lang='lat' dir='ltr'>eligere</span> <span class='ocrx_word' id='word_1_390' title='bbox 1435 1486 1500 1509; x_wconf 89' lang='lat' dir='ltr'>non</span> <span class='ocrx_word' id='word_1_391' title='bbox 1526 1476 1739 1510; x_wconf 85' lang='lat' dir='ltr'>erubuerunt.</span> 
     </span>
    </p>

    <p class='ocr_par' dir='ltr' id='par_1_24' title="bbox 1191 1529 1972 2647">
     <span class='ocr_line' id='line_1_78' title="bbox 1239 1529 1934 1574; baseline 0 -11"><span class='ocrx_word' id='word_1_392' title='bbox 1239 1532 1253 1574; x_wconf 62' lang='grc' dir='ltr'><strong>ξ</strong></span> <span class='ocrx_word' id='word_1_393' title='bbox 1278 1530 1310 1563; x_wconf 77' lang='grc'>3.</span> <span class='ocrx_word' id='word_1_394' title='bbox 1338 1530 1399 1563; x_wconf 87' lang='lat' dir='ltr'>Nos</span> <span class='ocrx_word' id='word_1_395' title='bbox 1425 1529 1579 1573; x_wconf 89' lang='lat' dir='ltr'>proinde,</span> <span class='ocrx_word' id='word_1_396' title='bbox 1603 1530 1759 1563; x_wconf 87' lang='lat' dir='ltr'>adversus</span> <span class='ocrx_word' id='word_1_397' title='bbox 1784 1529 1934 1564; x_wconf 81' lang='lat' dir='ltr'>iteratam</span> 
     </span>
     <span class='ocr_line' id='line_1_79' title="bbox 1194 1583 1936 1629; baseline -0.001 -12"><span class='ocrx_word' id='word_1_398' title='bbox 1194 1590 1424 1629; x_wconf 83' lang='lat' dir='ltr'>praeposterae</span> <span class='ocrx_word' id='word_1_399' title='bbox 1446 1584 1672 1628; x_wconf 84' lang='lat' dir='ltr'>invalidaeque</span> <span class='ocrx_word' id='word_1_400' title='bbox 1691 1583 1861 1618; x_wconf 84' lang='lat' dir='ltr'>electionis</span> <span class='ocrx_word' id='word_1_401' title='bbox 1880 1595 1936 1618; x_wconf 85' lang='lat' dir='ltr'>au-</span> 
     </span>
     <span class='ocr_line' id='line_1_80' title="bbox 1194 1639 1937 1682; baseline 0 -10"><span class='ocrx_word' id='word_1_402' title='bbox 1194 1639 1317 1672; x_wconf 86' lang='lat' dir='ltr'>daciam</span> <span class='ocrx_word' id='word_1_403' title='bbox 1343 1639 1542 1682; x_wconf 87' lang='lat' dir='ltr'>apostolieae</span> <span class='ocrx_word' id='word_1_404' title='bbox 1567 1639 1770 1672; x_wconf 83' lang='lat' dir='ltr'>auctoritatis</span> <span class='ocrx_word' id='word_1_405' title='bbox 1795 1639 1937 1673; x_wconf 84' lang='lat' dir='ltr'>officium</span> 
     </span>
     <span class='ocr_line' id='line_1_81' title="bbox 1194 1692 1938 1736; baseline 0.001 -11"><span class='ocrx_word' id='word_1_406' title='bbox 1194 1698 1398 1734; x_wconf 71' lang='lat' dir='ltr'>renovantes,</span> <span class='ocrx_word' id='word_1_407' title='bbox 1418 1692 1694 1735; x_wconf 85' lang='lat' dir='ltr'>quemadmodum</span> <span class='ocrx_word' id='word_1_408' title='bbox 1712 1703 1771 1736; x_wconf 87' lang='lat' dir='ltr'>per</span> <span class='ocrx_word' id='word_1_409' title='bbox 1788 1692 1938 1736; x_wconf 88' lang='lat' dir='ltr'>superio-</span> 
     </span>
     <span class='ocr_line' id='line_1_82' title="bbox 1196 1746 1938 1780; baseline 0.001 -2"><span class='ocrx_word' id='word_1_410' title='bbox 1196 1757 1248 1779; x_wconf 91' lang='lat' dir='ltr'>res</span> <span class='ocrx_word' id='word_1_411' title='bbox 1275 1746 1313 1779; x_wconf 80' lang='lat' dir='ltr'>ad</span> <span class='ocrx_word' id='word_1_412' title='bbox 1343 1757 1397 1779; x_wconf 90' lang='lat' dir='ltr'>vos</span> <span class='ocrx_word' id='word_1_413' title='bbox 1423 1746 1548 1779; x_wconf 87' lang='lat' dir='ltr'>litteras</span> <span class='ocrx_word' id='word_1_414' title='bbox 1580 1751 1707 1779; x_wconf 82' lang='lat' dir='ltr'>nostras</span> <span class='ocrx_word' id='word_1_415' title='bbox 1744 1747 1938 1780; x_wconf 89' lang='lat' dir='ltr'>electionem</span> 
     </span>
     <span class='ocr_line' id='line_1_83' title="bbox 1195 1799 1940 1843; baseline 0.003 -11"><span class='ocrx_word' id='word_1_416' title='bbox 1195 1799 1349 1832; x_wconf 83' lang='lat' dir='ltr'>antedicti</span> <span class='ocrx_word' id='word_1_417' title='bbox 1375 1799 1663 1843; x_wconf 85' lang='lat' dir='ltr'>pseudo-episcopi</span> <span class='ocrx_word' id='word_1_418' title='bbox 1683 1799 1825 1833; x_wconf 87' lang='lat' dir='ltr'>Cornelii</span> <span class='ocrx_word' id='word_1_419' title='bbox 1850 1799 1940 1843; x_wconf 76' lang='lat' dir='ltr'>Stee-</span> 
     </span>
     <span class='ocr_line' id='line_1_84' title="bbox 1195 1852 1941 1897; baseline 0 -11"><span class='ocrx_word' id='word_1_420' title='bbox 1195 1864 1300 1886; x_wconf 87' lang='lat' dir='ltr'>noven</span> <span class='ocrx_word' id='word_1_421' title='bbox 1327 1852 1523 1893; x_wconf 86' lang='lat' dir='ltr'>reiecimus‚</span> <span class='ocrx_word' id='word_1_422' title='bbox 1551 1853 1594 1886; x_wconf 83' lang='lat' dir='ltr'>ita</span> <span class='ocrx_word' id='word_1_423' title='bbox 1620 1863 1734 1885; x_wconf 88' lang='lat' dir='ltr'>novam</span> <span class='ocrx_word' id='word_1_424' title='bbox 1761 1863 1891 1897; x_wconf 88' lang='lat' dir='ltr'>quoque</span> <span class='ocrx_word' id='word_1_425' title='bbox 1910 1863 1941 1886; x_wconf 88' lang='lat' dir='ltr'>e-</span> 
     </span>
     <span class='ocr_line' id='line_1_85' title="bbox 1196 1905 1940 1940; baseline 0.001 -1"><span class='ocrx_word' id='word_1_426' title='bbox 1196 1907 1371 1939; x_wconf 84' lang='lat' dir='ltr'>lectionem</span> <span class='ocrx_word' id='word_1_427' title='bbox 1405 1906 1575 1939; x_wconf 84' lang='lat' dir='ltr'>memorati</span> <span class='ocrx_word' id='word_1_428' title='bbox 1611 1905 1790 1938; x_wconf 83' lang='lat' dir='ltr'>Berckman</span> <span class='ocrx_word' id='word_1_429' title='bbox 1825 1906 1940 1940; x_wconf 73' lang='lat' dir='ltr'>eadem</span> 
     </span>
     <span class='ocr_line' id='line_1_86' title="bbox 1195 1959 1939 2003; baseline -0.001 -10"><span class='ocrx_word' id='word_1_430' title='bbox 1195 1960 1387 1993; x_wconf 89' lang='lat' dir='ltr'>auctoritate</span> <span class='ocrx_word' id='word_1_431' title='bbox 1425 1959 1607 2003; x_wconf 71' lang='lat' dir='ltr'>apostolica</span> <span class='ocrx_word' id='word_1_432' title='bbox 1642 1959 1807 1992; x_wconf 87' lang='lat' dir='ltr'>reiieimns</span> <span class='ocrx_word' id='word_1_433' title='bbox 1828 1986 1835 2000; x_wconf 94' lang='lat'>,</span> <span class='ocrx_word' id='word_1_434' title='bbox 1867 1959 1939 1992; x_wconf 90' lang='lat' dir='ltr'>irri-</span> 
     </span>
     <span class='ocr_line' id='line_1_87' title="bbox 1197 2013 1939 2058; baseline 0 -12"><span class='ocrx_word' id='word_1_435' title='bbox 1197 2020 1326 2058; x_wconf 88' lang='lat' dir='ltr'>tamque</span> <span class='ocrx_word' id='word_1_436' title='bbox 1366 2024 1402 2047; x_wconf 84' lang='lat' dir='ltr'>ac</span> <span class='ocrx_word' id='word_1_437' title='bbox 1438 2024 1573 2057; x_wconf 84' lang='lat' dir='ltr'>prorsus</span> <span class='ocrx_word' id='word_1_438' title='bbox 1610 2014 1732 2046; x_wconf 87' lang='lat' dir='ltr'>nullam</span> <span class='ocrx_word' id='word_1_439' title='bbox 1773 2013 1871 2047; x_wconf 78' lang='lat' dir='ltr'>fuisse</span> <span class='ocrx_word' id='word_1_440' title='bbox 1907 2018 1939 2047; x_wconf 87' lang='lat' dir='ltr'>et</span> 
     </span>
     <span class='ocr_line' id='line_1_88' title="bbox 1197 2068 1938 2112; baseline -0.001 -10"><span class='ocrx_word' id='word_1_441' title='bbox 1197 2080 1265 2102; x_wconf 88' lang='lat' dir='ltr'>esse</span> <span class='ocrx_word' id='word_1_442' title='bbox 1293 2069 1522 2109; x_wconf 86' lang='lat' dir='ltr'>declaramus;</span> <span class='ocrx_word' id='word_1_443' title='bbox 1557 2068 1730 2112; x_wconf 88' lang='lat' dir='ltr'>eidemque</span> <span class='ocrx_word' id='word_1_444' title='bbox 1763 2079 1938 2112; x_wconf 80' lang='lat' dir='ltr'>peiperam</span> 
     </span>
     <span class='ocr_line' id='line_1_89' title="bbox 1196 2122 1972 2166; baseline 0 -11"><span class='ocrx_word' id='word_1_445' title='bbox 1196 2134 1232 2155; x_wconf 89' lang='lat' dir='ltr'>ac</span> <span class='ocrx_word' id='word_1_446' title='bbox 1260 2128 1381 2156; x_wconf 88' lang='lat' dir='ltr'>temere</span> <span class='ocrx_word' id='word_1_447' title='bbox 1409 2124 1514 2156; x_wconf 88' lang='lat' dir='ltr'>electo</span> <span class='ocrx_word' id='word_1_448' title='bbox 1541 2122 1601 2155; x_wconf 89' lang='lat' dir='ltr'>sub</span> <span class='ocrx_word' id='word_1_449' title='bbox 1628 2124 1733 2166; x_wconf 72' lang='lat' dir='ltr'>poena</span> <span class='ocrx_word' id='word_1_450' title='bbox 1751 2132 1938 2155; x_wconf 78' lang='lat' dir='ltr'>excommu-</span> <span class='ocrx_word' id='word_1_451' title='bbox 1967 2125 1972 2131; x_wconf 91' lang='lat'>&#39;</span> 
     </span>
     <span class='ocr_line' id='line_1_90' title="bbox 1196 2175 1937 2217; baseline 0.001 -9"><span class='ocrx_word' id='word_1_452' title='bbox 1196 2176 1367 2209; x_wconf 89' lang='lat' dir='ltr'>nicationis</span> <span class='ocrx_word' id='word_1_453' title='bbox 1394 2177 1477 2209; x_wconf 81' lang='lat' dir='ltr'>latae</span> <span class='ocrx_word' id='word_1_454' title='bbox 1497 2176 1680 2209; x_wconf 85' lang='lat' dir='ltr'>sententiae</span> <span class='ocrx_word' id='word_1_455' title='bbox 1698 2175 1937 2217; x_wconf 83' lang='lat' dir='ltr'>interdicimus,</span> 
     </span>
     <span class='ocr_line' id='line_1_91' title="bbox 1196 2229 1938 2273; baseline -0.001 -10"><span class='ocrx_word' id='word_1_456' title='bbox 1196 2237 1236 2263; x_wconf 88' lang='lat' dir='ltr'>ne</span> <span class='ocrx_word' id='word_1_457' title='bbox 1263 2242 1279 2263; x_wconf 86' lang='lat' dir='ltr'>a</span> <span class='ocrx_word' id='word_1_458' title='bbox 1298 2240 1505 2273; x_wconf 87' lang='lat' dir='ltr'>quocumque</span> <span class='ocrx_word' id='word_1_459' title='bbox 1525 2229 1692 2273; x_wconf 85' lang='lat' dir='ltr'>episeopo,</span> <span class='ocrx_word' id='word_1_460' title='bbox 1711 2229 1838 2262; x_wconf 87' lang='lat' dir='ltr'>etiamsi</span> <span class='ocrx_word' id='word_1_461' title='bbox 1858 2229 1938 2262; x_wconf 64' lang='lat' dir='ltr'>alias</span> 
     </span>
     <span class='ocr_line' id='line_1_92' title="bbox 1194 2282 1939 2327; baseline -0.001 -11"><span class='ocrx_word' id='word_1_462' title='bbox 1194 2284 1339 2327; x_wconf 78' lang='lat' dir='ltr'>legitima</span> <span class='ocrx_word' id='word_1_463' title='bbox 1372 2284 1567 2317; x_wconf 85' lang='lat' dir='ltr'>auctoritate</span> <span class='ocrx_word' id='word_1_464' title='bbox 1604 2282 1760 2323; x_wconf 76' lang='lat' dir='ltr'>suffulto,</span> <span class='ocrx_word' id='word_1_465' title='bbox 1788 2282 1939 2315; x_wconf 85' lang='lat' dir='ltr'>ordinem</span> 
     </span>
     <span class='ocr_line' id='line_1_93' title="bbox 1195 2336 1939 2383; baseline -0.004 -12"><span class='ocrx_word' id='word_1_466' title='bbox 1195 2349 1251 2371; x_wconf 84' lang='lat' dir='ltr'>seu</span> <span class='ocrx_word' id='word_1_467' title='bbox 1278 2337 1563 2371; x_wconf 89' lang='lat' dir='ltr'>consecrationem</span> <span class='ocrx_word' id='word_1_468' title='bbox 1588 2337 1810 2380; x_wconf 87' lang='lat' dir='ltr'>episcopalem</span> <span class='ocrx_word' id='word_1_469' title='bbox 1837 2336 1939 2383; x_wconf 85' lang='lat' dir='ltr'>susci-</span> 
     </span>
     <span class='ocr_line' id='line_1_94' title="bbox 1194 2389 1938 2434; baseline -0.004 -9"><span class='ocrx_word' id='word_1_470' title='bbox 1194 2402 1285 2434; x_wconf 85' lang='lat' dir='ltr'>pere,</span> <span class='ocrx_word' id='word_1_471' title='bbox 1315 2402 1394 2424; x_wconf 90' lang='lat' dir='ltr'>neve</span> <span class='ocrx_word' id='word_1_472' title='bbox 1421 2391 1489 2423; x_wconf 90' lang='lat' dir='ltr'>ullo</span> <span class='ocrx_word' id='word_1_473' title='bbox 1515 2390 1613 2423; x_wconf 89' lang='lat' dir='ltr'>modo</span> <span class='ocrx_word' id='word_1_474' title='bbox 1639 2400 1672 2422; x_wconf 88' lang='lat' dir='ltr'>se</span> <span class='ocrx_word' id='word_1_475' title='bbox 1698 2400 1757 2432; x_wconf 86' lang='lat' dir='ltr'>pro</span> <span class='ocrx_word' id='word_1_476' title='bbox 1783 2389 1938 2432; x_wconf 86' lang='lat' dir='ltr'>episcopo</span> 
     </span>
     <span class='ocr_line' id='line_1_95' title="bbox 1194 2442 1939 2487; baseline -0.004 -9"><span class='ocrx_word' id='word_1_477' title='bbox 1194 2455 1328 2487; x_wconf 76' lang='lat' dir='ltr'>gerere,</span> <span class='ocrx_word' id='word_1_478' title='bbox 1356 2450 1409 2476; x_wconf 85' lang='lat' dir='ltr'>ant</span> <span class='ocrx_word' id='word_1_479' title='bbox 1439 2443 1686 2476; x_wconf 87' lang='lat' dir='ltr'>Ultraiectensis</span> <span class='ocrx_word' id='word_1_480' title='bbox 1719 2443 1768 2474; x_wconf 90' lang='lat' dir='ltr'>vel</span> <span class='ocrx_word' id='word_1_481' title='bbox 1804 2442 1939 2476; x_wconf 84' lang='lat' dir='ltr'>alterius</span> 
     </span>
     <span class='ocr_line' id='line_1_96' title="bbox 1193 2494 1937 2529; baseline -0.001 0"><span class='ocrx_word' id='word_1_482' title='bbox 1193 2497 1337 2529; x_wconf 81' lang='lat' dir='ltr'>cuiusvis</span> <span class='ocrx_word' id='word_1_483' title='bbox 1363 2496 1561 2529; x_wconf 80' lang='lat' dir='ltr'>cathedralis</span> <span class='ocrx_word' id='word_1_484' title='bbox 1593 2495 1750 2528; x_wconf 83' lang='lat' dir='ltr'>eeclesiae</span> <span class='ocrx_word' id='word_1_485' title='bbox 1783 2494 1937 2528; x_wconf 85' lang='lat' dir='ltr'>antistitis</span> 
     </span>
     <span class='ocr_line' id='line_1_97' title="bbox 1194 2547 1939 2592; baseline -0.003 -10"><span class='ocrx_word' id='word_1_486' title='bbox 1194 2550 1289 2582; x_wconf 86' lang='lat' dir='ltr'>titulo</span> <span class='ocrx_word' id='word_1_487' title='bbox 1315 2550 1486 2582; x_wconf 85' lang='lat' dir='ltr'>nominare</span> <span class='ocrx_word' id='word_1_488' title='bbox 1512 2553 1710 2592; x_wconf 86' lang='lat' dir='ltr'>praesumat.</span> <span class='ocrx_word' id='word_1_489' title='bbox 1726 2548 1830 2590; x_wconf 89' lang='lat' dir='ltr'>Atque</span> <span class='ocrx_word' id='word_1_490' title='bbox 1850 2547 1939 2580; x_wconf 88' lang='lat' dir='ltr'>insu-</span> 
     </span>
     <span class='ocr_line' id='line_1_98' title="bbox 1191 2600 1939 2647; baseline -0.001 -11"><span class='ocrx_word' id='word_1_491' title='bbox 1191 2613 1252 2647; x_wconf 87' lang='lat' dir='ltr'>per</span> <span class='ocrx_word' id='word_1_492' title='bbox 1272 2603 1331 2636; x_wconf 87' lang='lat' dir='ltr'>sub</span> <span class='ocrx_word' id='word_1_493' title='bbox 1349 2603 1447 2636; x_wconf 88' lang='lat' dir='ltr'>simili</span> <span class='ocrx_word' id='word_1_494' title='bbox 1469 2600 1813 2636; x_wconf 83' lang='lat' dir='ltr'>excommunicationis</span> <span class='ocrx_word' id='word_1_495' title='bbox 1830 2603 1939 2645; x_wconf 68' lang='lat' dir='ltr'>poena</span> 
     </span>
    </p>
   </div>
   <div class='ocr_carea' id='block_1_12' title="bbox 1947 1545 2131 1594">
    <p class='ocr_par' dir='ltr' id='par_1_25' title="bbox 1947 1545 2131 1594">
     <span class='ocr_line' id='line_1_99' title="bbox 1990 1545 2131 1569; baseline 0.007 -3"><span class='ocrx_word' id='word_1_496' title='bbox 1990 1545 2050 1569; x_wconf 79' lang='lat' dir='ltr'>Quae</span> <span class='ocrx_word' id='word_1_497' title='bbox 2074 1545 2131 1567; x_wconf 77' lang='lat' dir='ltr'>nulla</span> 
     </span>
     <span class='ocr_line' id='line_1_100' title="bbox 1947 1572 2078 1594; baseline 0 0"><span class='ocrx_word' id='word_1_498' title='bbox 1947 1572 2078 1594; x_wconf 73' lang='lat' dir='ltr'>declaratur.</span> 
     </span>
    </p>
   </div>
  </div>
 </body>
</html>
