2170 3147
0 241 45 268 An.
60 240 90 268 C.
111 239 177 267 ¹727

772 240 969 263 BENEDICTUS
994 241 1050 264 x111
1074 242 1124 265 Pr.

183 292 343 331 perpetuo
360 287 501 319 retinere
520 287 654 329 possint,
676 292 830 330 scutaque
849 297 924 320 een-

185 346 251 373 tum
276 345 308 373 et
332 340 459 382 viginti,
486 350 547 382 pro
572 339 637 372 una
662 351 698 372 ex
727 340 821 373 dictis
849 340 925 372 dua-

183 393 245 424 bus
269 392 495 435 portionibus,
523 402 559 424 ac
584 392 746 424 dictorum
777 393 922 424 locorum

183 444 343 477 montium
369 445 491 477 fructus
516 444 697 487 percipere,
730 444 861 486 exigere
895 449 927 476 et

184 497 381 537 transferre,
420 498 517 540 inque
555 497 694 529 duorum
731 497 924 529 eorumdem

183 549 408 591 professorum
434 549 612 592 stipendia,
648 553 683 580 ut
708 548 829 580 dictum
863 554 924 593 est,

185 603 374 642 statuenda,
401 603 546 644 aliosque
570 601 773 634 necessarios
797 601 926 632 univer-

185 656 287 688 sitatis
306 661 432 689 erectae
449 666 539 695 usus,
560 655 645 687 iuxta
665 654 926 686 distributionem

186 709 388 748 faciendam,
415 714 607 742 convertere
632 708 736 740 libere
773 713 805 739 et
840 707 926 739 licite

185 763 332 802 valeant,
350 762 471 794 nullius
497 762 557 794 hac
581 761 614 793 in
640 771 674 793 re
700 761 851 793 facultate
878 770 927 792 re-

187 814 322 857 quisita,
364 815 476 847 itidem
517 814 697 857 apostolica
737 812 925 845 auctoritate

186 873 346 910 perpetuo
364 867 521 900 concedas
543 872 641 909 atque
667 866 846 907 indulgeas.
868 865 927 898 Po-

188 925 321 959 stremo,
345 925 379 951 ut
403 919 489 952 cives
507 919 761 957 Camerinenses,
787 928 924 960 quorum

188 983 264 1015 erga
289 973 510 1015 Apostolicam
542 971 658 1004 Sedem
692 976 724 1003 et
748 971 924 1003 Romanam

186 1025 360 1058 Ecclesiam
388 1025 599 1067 integerrima
618 1024 696 1056 tides
716 1034 846 1066 semper
863 1024 926 1056 eni-

189 1078 266 1118 tuit,
293 1084 325 1110 et
356 1079 442 1110 inter
467 1088 546 1120 quos
572 1077 748 1119 collegium
774 1077 869 1108 unius
896 1082 926 1109 et

186 1131 298 1173 viginti
335 1130 643 1163 iurisconsultorum
682 1129 778 1161 variis
803 1129 926 1171 praeci-

186 1183 323 1225 puisque
354 1183 531 1225 privilegiis
563 1187 711 1215 ornatum
749 1182 924 1224 reperitur,

187 1235 342 1278 deinceps
374 1234 435 1267 ad¹
461 1234 755 1278 itu'isprudentiam
788 1233 926 1266 alacrius

186 1288 403 1331 profitendam
422 1288 533 1330 aliquo
560 1287 656 1320 etiam
683 1287 728 1319 eis
755 1287 925 1329 proposito

186 1341 332 1384 praemio
357 1342 546 1380 excitentur,
575 1346 605 1373 et
630 1341 675 1383 pii
701 1340 810 1382 operis
834 1350 927 1382 prae-

188 1394 262 1426 dicti
290 1394 413 1427 utiliori
451 1393 626 1436 tutiorique
664 1393 761 1425 statui
800 1393 927 1435 prospi-

188 1446 312 1486 ciatur,
349 1447 559 1479 concedimus
597 1446 702 1478 eidem
739 1445 861 1478 civitati
897 1451 927 1478 ct

187 1499 385 1537 hominibus,
407 1499 460 1542 qui
480 1499 651 1531 consilium
670 1499 822 1540 generale
844 1509 928 1530 com-

187 1557 330 1593 ponunt,
362 1557 395 1583 ut
423 1562 482 1593 pro
507 1562 643 1583 munere
677 1550 838 1592 capitanei
871 1560 927 1582 seu

188 1604 303 1637 iudicis
338 1605 614 1647 appellationum,
649 1604 735 1646 quod
769 1609 866 1635 antea
890 1614 926 1635 ex

188 1658 217 1689 vi
243 1663 438 1690 statutorum
463 1657 608 1689 eiusdem
627 1656 775 1695 civitatis,
804 1666 859 1688 seu
878 1666 929 1688 ve-

189 1711 268 1743 teris
287 1716 318 1742 et
336 1711 536 1753 approbatae
563 1709 821 1749 consuetudinis,
845 1715 928 1741 exte-

189 1763 233 1795 ris
259 1769 381 1795 tantum
408 1763 548 1795 conferri
574 1762 717 1801 solebat,
745 1762 847 1794 civem
872 1761 928 1794 Ca-

188 1817 406 1849 merinensem
431 1816 692 1848 iurisconsultum
711 1816 852 1848 habilem
879 1826 927 1847 ce-

190 1868 339 1912 teroquin
358 1874 389 1901 et
410 1869 574 1908 idoneum,
590 1868 642 1911 qui
657 1868 743 1900 idem
761 1868 927 1907 iudicium,

190 1926 226 1952 ut
251 1926 345 1953 antea
369 1921 475 1960 fiebat,
502 1922 597 1963 plene
619 1930 783 1959 exercere,
807 1921 930 1952 omnia-

191 1982 255 2014 que
281 1974 342 2005 alia
373 1983 473 2005 onera
506 1974 611 2005 eidem
638 1973 764 2005 muneri
805 1973 929 2005 incum-

190 2024 301 2056 bentia
325 2025 459 2066 implere
485 2031 634 2057 teneatur
658 2031 689 2057 et
714 2026 844 2065 debeat,
870 2026 928 2058 im-

191 2082 357 2119 posterum
367 2077 635 2118 eligere‚neenon
652 2082 740 2109 scuta
751 2078 929 2120 quingenta

191 2128 323 2160 circiter
348 2133 496 2161 monetae
514 2129 709 2170 praedictae,
728 2140 809 2171 quae
828 2140 928 2172 penes

192 2181 426 2223 depositarium
453 2181 528 2213 dicti
554 2181 597 2223 pii
624 2181 732 2224 operis
749 2189 929 2223 serventur,

192 2234 225 2265 in
255 2233 390 2266 totidem
422 2234 495 2265 loca
525 2234 687 2265 montium
719 2236 929 2268 canieralium

192 2286 234 2318 ad
259 2286 401 2318 savorem
436 2285 578 2318 eiusdem
616 2286 725 2328 operis
747 2288 806 2329 pia
830 2288 930 2320 abun—

192 2338 309 2371 dantia
342 2339 537 2381 nuncupati,
576 2349 658 2380 quae
692 2340 823 2382 quidem
859 2342 931 2373 loca

191 2391 350 2424 montium
390 2402 450 2434 pro
491 2391 680 2424 omnimoda
721 2392 931 2426 indemnitate

193 2444 270 2476 dicti
287 2443 332 2487 pii
351 2444 460 2486 operis
477 2443 683 2476 abundantia
700 2454 830 2487 semper
846 2450 930 2478 stare

193 2501 224 2529 et
248 2507 416 2539 nunquam
442 2508 478 2529 ex
497 2497 611 2530 eodem
630 2497 765 2529 distrahi
784 2508 932 2540 quoquo-

191 2549 288 2583 modo
314 2551 464 2590 debeant,
484 2550 541 2582 sed
560 2550 688 2582 illorum
707 2550 826 2583 fruetus
845 2551 930 2584 dum-

227 2612 238 2637 1
262 2611 414 2647 Praeposit.
430 2611 467 2638 ad
488 2619 536 2638 nos
558 2611 685 2638 addimus
704 2611 743 2646 (n.
760 2612 812 2646 τ.).

969 291 1054 321 taxat
1090 289 1270 332 respective
1312 289 1504 332 impendere
1540 289 1645 322 libere
1682 294 1714 322 et

969 341 1056 373 licite
1080 342 1203 380 valeat,
1237 342 1351 375 eadem
1385 342 1575 375 auctoritate
1607 342 1711 374 licen-

971 393 1045 425 tiam
1071 398 1102 425 et
1127 394 1311 426 facultatem
1338 395 1461 437 pariter
1484 394 1654 436 indulgeas
1679 400 1712 427 et

969 451 1130 488 perpetuo
1157 447 1366 489 impertiaris.

1014 499 1028 540 ξ
1054 498 1085 531 5.
1112 499 1176 531 Nos
1198 510 1274 532 vero
1295 500 1405 532 omnia
1423 506 1456 533 et
1472 501 1601 543 singula
1623 511 1713 544 prae·
1723 512 1910 561 cufiifflguiaope-

970 551 1076 589 missa,
1103 551 1129 583 si
1155 561 1212 593 per
1230 557 1260 584 te
1278 552 1389 593 vigore
1408 554 1594 586 earumdem
1620 563 1715 596 prae-

970 603 1110 635 sentium
1124 603 1195 636 fieri
1209 605 1415 646 contigerint,
1431 615 1557 638 necnon
1578 606 1709 638 easdem

970 661 1160 697 praesentes
1197 657 1320 689 litteras
1358 663 1511 695 nostras,
1544 657 1640 690 etiam
1677 668 1714 691 ex

971 718 1008 740 eo
1034 709 1121 751 quod
1146 709 1281 742 aliarum
1307 721 1589 753 quarumcumque
1615 710 1713 742 etiam

971 762 1106 804 speciali
1143 764 1221 795 nota
1255 763 1425 805 dignarum
1461 763 1713 796 universitatum

970 820 1115 848 rectores
1134 821 1166 847 et
1190 815 1358 854 officiales,
1386 816 1559 856 doctores,
1586 817 1715 859 profes-

971 878 1078 907 soreS,
1105 878 1159 900 seu
1197 869 1438 910 praelectores,
1463 877 1691 911 procuratores
1707 896 1714 907 ,

971 920 1172 960 defensores,
1199 926 1405 963 protectores
1431 923 1481 955 vel
1508 928 1652 965 agentes,
1680 933 1714 954 a-

970 972 1044 1006 liive
1081 974 1331 1016 quomodolibet
1364 974 1522 1007 interesse
1556 975 1714 1008 habentes

970 1025 1008 1057 ad
1036 1026 1099 1058 hoc
1124 1026 1227 1058 vocati
1253 1036 1318 1058 non
1344 1026 1477 1065 suerint,
1504 1032 1560 1058 aut
1581 1037 1617 1059 ex
1636 1038 1716 1069 qua-

970 1079 1016 1110 vis
1040 1080 1089 1111 vel
1116 1079 1284 1121 quibusvis
1310 1079 1381 1112 aliis
1398 1079 1512 1119 causis,
1537 1080 1714 1112 occasioni·

970 1132 1028 1163 bus
1067 1133 1115 1164 vel
1153 1133 1397 1175 praetextibus,
1424 1133 1463 1165 de
1493 1132 1713 1175 subreptionis

970 1186 1019 1218 vel
1046 1185 1253 1233 obreptionis
1278 1192 1334 1218 aut
1358 1186 1516 1218 nullitatis
1542 1185 1632 1225 vitio,
1658 1196 1715 1217 seu

972 1238 1161 1271 intentionis
1188 1244 1318 1271 nostrae
1344 1240 1394 1271 vel
1422 1249 1629 1281 quocumque
1651 1238 1715 1270 alio

971 1291 1100 1323 dese-ctu
1126 1291 1232 1323 notari
1258 1292 1307 1324 vel
1334 1291 1533 1334 impugnari,
1559 1297 1614 1323 aut
1636 1291 1716 1323 alias

971 1343 1103 1385 infringi
1122 1345 1170 1376 vel
1190 1344 1436 1386 quomodolibet
1451 1344 1630 1382 retraetari,
1650 1344 1716 1375 sive

971 1397 1067 1428 etiam
1104 1406 1163 1439 per
1202 1406 1263 1429 nos
1306 1396 1397 1439 ipsos
1433 1407 1470 1429 ac
1506 1407 1714 1429 successores

972 1454 1100 1482 nostros
1117 1449 1280 1482 Romanos
1295 1449 1468 1482 Pontifices
1484 1460 1544 1492 pro
1565 1454 1713 1492 tempore

971 1502 1162 1541 existentes,
1193 1508 1248 1534 aut
1271 1502 1387 1534 Sedem
1413 1502 1637 1545 praedictam,
1664 1504 1715 1535 vel

972 1554 1058 1586 illius
1083 1555 1219 1595 legatos,
1245 1554 1340 1587 etiam
1368 1555 1407 1586 de
1434 1556 1547 1593 latere,
1575 1560 1630 1586 aut
1654 1564 1715 1597 per

971 1617 1194 1650 quoscumque
1213 1608 1293 1640 alios
1309 1608 1418 1650 quavis
1436 1608 1629 1640 auctoritate
1648 1608 1716 1640 sun-

972 1665 1096 1701 gentes‚
1132 1661 1298 1698 revocari,
1336 1660 1509 1703 suspendi,
1547 1660 1712 1702 restringi,

971 1711 1112 1751 limitari,
1139 1714 1187 1744 vel
1214 1713 1260 1744 eis
1286 1713 1317 1744 in
1339 1712 1448 1754 aliquo
1474 1713 1628 1754 derogari
1646 1714 1715 1745 nul-

971 1765 1098 1797 latenus
1122 1775 1263 1807 unquam
1289 1775 1392 1807 posse,
1415 1764 1469 1797 sed
1492 1765 1563 1797 illas
1583 1775 1715 1807 semper

972 1823 1003 1850 et
1028 1823 1185 1860 perpetuo
1211 1818 1331 1850 validas
1349 1823 1380 1850 et
1400 1818 1547 1850 efficaces
1573 1818 1714 1851 existere

972 1875 1003 1902 et
1030 1870 1117 1909 sore,
1145 1880 1290 1913 suosque
1323 1869 1489 1912 plenarios
1513 1876 1545 1902 et
1569 1870 1714 1913 integros

973 1921 1109 1955 effectus
1133 1922 1243 1954 sortiri
1262 1927 1293 1954 et
1310 1922 1474 1961 obtinere,
1494 1933 1530 1954 ac
1551 1922 1590 1954 ab
1609 1923 1714 1956 omni-

972 1975 1049 2014 bus,
1076 1974 1114 2006 ad
1140 1984 1221 2017 quos
1244 1979 1370 2016 spectat
1397 1978 1428 2006 et
1452 1975 1612 2016 spectabit
1637 1985 1717 2018 quo-

973 2026 1154 2059 modolibet
1178 2028 1210 2058 in
1237 2026 1396 2064 futurum,
1422 2031 1582 2069 perpetuo
1609 2033 1642 2059 et
1666 2027 1713 2060 in-

973 2078 1168 2111 violabiliter
1202 2078 1369 2111 observari
1408 2079 1545 2118 debere,
1584 2089 1715 2112 necnon

973 2132 1192 2164 universitatis
1207 2131 1303 2163 studii
1323 2131 1486 2172 generalis
1508 2132 1714 2165 Camerinen-

973 2185 1016 2217 sis
1043 2184 1237 2223 huiusmodi,
1264 2184 1417 2226 illiusque
1436 2190 1590 2223 rectores,
1613 2185 1715 2227 magi-

974 2242 1072 2275 stros,
1098 2237 1314 2279 professores,
1340 2237 1508 2276 doctores,
1533 2239 1715 2280 praelecto-

975 2287 1050 2328 res',
1070 2289 1236 2328 officiales,
1254 2289 1396 2331 aliasque
1415 2299 1574 2331 personas
1589 2290 1652 2322 iam
1667 2290 1714 2323 di—

975 2347 1052 2379 ctas,
1070 2352 1169 2384 super
1189 2341 1375 2384 praemissis
1392 2342 1542 2375 omnibus
1560 2349 1592 2375 et
1608 2344 1714 2386 singu-

975 2394 1023 2432 lis,
1038 2395 1087 2426 vel
1104 2394 1235 2426 illorum
1250 2395 1434 2434 occasione,
1448 2395 1544 2428 etiam
1560 2407 1620 2438 per
1633 2397 1712 2431 alias

975 2446 1200 2478 universitates
1226 2447 1274 2479 vel
1299 2457 1519 2490 quoscumque
1544 2449 1623 2482 alios
1639 2460 1714 2493 qua-

974 2498 1019 2530 vis
1044 2498 1234 2531 auctoritate
1259 2500 1508 2541 quomodolibet
1537 2502 1712 2544 molestari,

974 2552 1170 2595 perturbari,
1197 2552 1373 2595 inquietari
1398 2555 1448 2587 vel
1481 2554 1634 2598 impediri
1660 2567 1714 2589 ne-

1012 2614 1021 2639 l
1046 2613 1119 2640 Edit.
1140 2613 1219 2641 Main.
1241 2613 1307 2649 legit
1322 2616 1482 2650 praelectas
1500 2618 1538 2650 (a.
1555 2618 1604 2643 tl.

1606 231 1670 266 583
1717 243 1771 268 An.
1788 242 1818 269 c.
1838 242 1908 270 1727
