2170 3147
23 173 68 198 An.
90 171 117 195 C.
137 169 204 196 17‘25

30 809 144 829 Nonnullae
159 809 199 829 hac

18 840 79 858 super
98 841 120 855 re
143 836 200 855 ordi-

17 862 120 883 nationes.

792 168 985 193 BENEDICTUS
1010 169 1066 192 Xlll
1092 170 1140 193 Pr.

211 218 243 250 in
268 217 508 250 cathedralibus
535 217 803 260 'quibuscumque
840 217 946 250 ltaliae

212 271 455 313 insularumque
482 269 721 309 adiacentium,
760 269 791 301 in
829 269 947 312 quibus

211 321 396 366 praebenda
416 321 609 364 theologatis
628 322 785 354 hactenus
802 322 947 354 instituta

210 386 274 408 non
301 375 397 407 suerit
416 402 423 415 ,
452 374 637 418 praebenda
663 374 770 417 primo
799 379 947 407 vacatura

210 433 280 470 post
316 427 463 461 eiusdem
499 427 678 470 praesentis
709 426 946 460 constitutionis

210 480 483 524 publicationem,
510 480 575 513 sive
601 480 640 513 ad
672 490 732 512 nos
765 479 947 523 Sedemque

209 533 438 577 Apostolicam,
449 533 512 566 sive
525 533 563 566 ad
574 532 779 566 Ordinarium
791 532 876 566 illius
886 533 948 565 col·

211 586 288 619 latio
312 591 407 629 atque
434 585 574 629 provisio
592 585 767 628 pertineat,
790 585 857 628 ipso
880 586 948 618 iure

211 644 242 672 et
266 639 386 682 absque
412 639 478 672 ulla
504 638 568 671 alia
592 638 812 672 declaratione
844 638 883 670 sit
913 650 947 669 ae
970 637 971 644 ¹

211 701 282 725 esse
320 696 491 724 censeatur
526 691 710 734 praebenda
751 691 947 733 tbeologalis

211 744 395 777 constituta.

254 798 269 840 ἓ
299 796 330 830 02.
361 797 514 829 Volumus
555 796 686 840 insuper
727 801 762 829 ut
798 801 860 829 tam
895 796 949 829 illa

211 861 306 894 quam
333 850 474 893 reliquae
501 860 611 883 omnes
637 850 718 883 aliae
743 850 948 893 praebendae

213 903 414 945 tlieologales
441 903 598 935 hactenus
625 903 816 935 constitutae
842 907 874 935 et
899 903 947 935 de-

210 961 339 1000 putatae
365 956 507 989 conferri
523 967 653 1000 semper
667 956 806 989 debeant
824 956 947 990 doctori

212 1008 244 1041 in
269 1010 359 1042 sacra
386 1009 559 1051 theologia,
585 1010 634 1042 vel
660 1008 712 1051 qui
732 1009 816 1042 infra
829 1019 947 1041 annum

212 1062 411 1095 doctoralem
435 1062 576 1094 lauream
603 1061 633 1094 in
661 1062 771 1095 eadem
800 1062 948 1095 facultate

212 1114 383 1157 suscipiat,
412 1120 443 1146 et
473 1114 661 1157 ceteroquin
699 1115 800 1158 magis
831 1115 948 1148 idoneo

212 1167 242 1199 in
270 1167 395 1200 formali
422 1177 583 1200 concursu
609 1168 648 1200 ab
674 1168 948 1201 examinatoribus

213 1220 402 1253 renunciate
419 1248 426 1260 ‚
453 1231 491 1253 eo
517 1222 613 1264 plane
639 1222 735 1254 modo
762 1233 825 1265 quo
856 1233 948 1265 paro-

211 1273 333 1307 chiales
343 1274 500 1307 ecclesiae
511 1275 735 1307 conseruntur.
750 1275 948 1318 Iluncporio

210 1327 242 1359 in
269 1326 375 1367 tinem,
400 1327 666 1371 quotiescumque
686 1328 843 1361 eiusmodi
860 1339 950 1372 prae-

210 1380 318 1414 benda
343 1381 537 1423 theologalis
564 1381 763 1414 conserenda
789 1382 864 1422 erit,
890 1393 949 1426 per

211 1434 350 1467 edictum
377 1433 540 1477 publicum
565 1440 719 1467 vocentur
751 1435 948 1479 quicumque

212 1498 404 1521 concurrere
431 1493 463 1520 et
480 1487 619 1521 examini
638 1498 706 1521 sese
725 1489 884 1522 subiicere
902 1500 950 1523 vo-

212 1540 331 1574 luerint
357 1551 466 1573 coram
493 1541 647 1584 episcopo
673 1547 704 1575 et
722 1548 860 1585 quatuor
878 1553 949 1576 exa-

212 1593 436 1634 minatoribus,
458 1594 584 1628 etiamsi
603 1596 774 1638 synodales
794 1606 857 1629 non
872 1596 947 1637 sint,

211 1648 249 1681 ab
275 1647 389 1681 eodem
415 1647 568 1691 episeopo
606 1654 676 1681 actu
716 1649 874 1692 eligendis
914 1661 971 1682 aci

211 1698 404 1744 deputandis
422 1727 429 1741 ‚
457 1700 489 1733 in
516 1701 696 1744 tlieologali
723 1708 830 1735 tamen
858 1703 949 1736 sacul-

211 1759 273 1787 tate
292 1753 464 1787 licentiatis
491 1759 522 1787 et
546 1755 636 1787 valde
655 1754 776 1798 peritis,
797 1755 862 1788 sive
881 1767 949 1789 sae-

211 1806 384 1847 cularibus,
411 1806 475 1840 sive
501 1807 719 1850 regularibus3
746 1813 777 1841 et
802 1809 865 1848 illi,
894 1809 948 1852 qui

211 1860 242 1893 in
268 1861 427 1894 eiusmodi
453 1871 611 1894 concursu
640 1863 795 1904 probatus
832 1862 950 1905 magis-

211 1925 273 1958 que
291 1914 425 1947 idoneus
443 1915 649 1948 renunciatus
670 1915 774 1951 suerit,
793 1916 950 1959 praeben-

211 1969 251 2001 da
276 1968 474 2001 conseratur.
498 1967 628 2006 Quoties
655 1974 763 2001 autem
788 1969 950 2013 praeben-

969 1646 971 1662 t

991 218 1193 251 currentibus
1212 218 1340 251 casibus
1360 219 1506 251 eamdem
1526 217 1658 251 sormam
1677 219 1730 251 ob-

990 281 1117 304 servare
1144 271 1338 314 neglexerit,
1366 271 1451 304 illius
1478 271 1608 304 collatio
1634 276 1730 314 atque

991 324 1131 365 provisio
1157 324 1227 367 ipso
1254 324 1322 357 iure
1349 326 1436 357 nulla
1469 330 1501 357 et
1534 324 1624 356 irrita
1657 326 1728 358 nul-

991 376 1119 419 liusque
1144 387 1277 419 prorsus
1305 377 1432 409 roboris
1450 379 1498 410 vel
1517 377 1670 411 momenti
1690 377 1731 409 sit

992 438 1027 460 ac
1052 439 1123 461 esse.
1150 429 1273 468 debeat,
1293 429 1504 473 eiusdemque
1523 431 1727 473 praebendae

993 481 1162 524 dispositio
1187 482 1294 514 statim
1316 483 1501 515 devolvatur
1519 488 1550 515 et
1567 483 1730 526 pertineat

992 533 1031 566 ad
1056 533 1205 567 Sanctam
1230 534 1345 567 Sedem
1371 540 1402 567 et
1428 535 1606 568 Romanum
1626 536 1729 569 Ponti-

992 585 1084 619 ficem
1110 597 1169 630 pro
1197 592 1343 629 tempore
1367 588 1583 627 existentem,
1616 600 1632 620 a
1665 600 1728 632 quo

993 639 1118 672 doctori
1145 640 1176 672 in
1202 641 1292 672 sacra
1319 641 1483 683 theologia
1508 641 1704 674 conseretur.

1035 692 1049 735 ἓ
1075 692 1105 725 3.
1126 691 1294 731 Ceterum,
1322 699 1356 725 ut.
1381 694 1517 731 fructus,
1546 704 1641 736 quern
1667 694 1727 727 'ri-t

992 798 1108 840 logalis
1132 798 1335 831 institutione
1360 804 1552 842 perceptum
1586 799 1624 832 iri
1657 791 1753 843 spe-¹

992 851 1097 892 ravit,
1124 851 1256 884 omnino
1283 861 1316 884 re
1354 851 1423 895 ipsa
1448 857 1478 884 et
1514 863 1585 885 cum
1611 853 1727 886 effectu

992 904 1203 948 percipiatur,
1230 905 1387 945 volumus,
1407 905 1576 938 statuimus
1595 911 1625 938 ct
1641 916 1729 939 man-

992 957 1104 990 damus
1130 957 1256 990 tertiam
1282 962 1406 1001 partem
1432 963 1648 1000 proventuum
1683 959 1729 992 di-

992 1014 1059 1043 ctae
1079 1010 1285 1053 praebendae
1307 1010 1500 1053 tlieologalis
1517 1010 1556 1043 ab
1575 1011 1729 1055 episcopo

993 1063 1144 1096 distribui
1186 1068 1217 1096 et
1252 1063 1538 1106 proportionaliter
1574 1065 1728 1108 applicari

992 1116 1128 1159 singulis
1153 1116 1348 1149 lectionibus
1374 1116 1488 1149 Sacrae
1521 1117 1727 1161 Scripturae‚

992 1180 1075 1212 quae
1101 1180 1118 1201 a
1143 1169 1362 1212 praebendato
1380 1170 1592 1213 praescriptis
1611 1170 1727 1203 diebus

992 1227 1024 1255 et
1049 1222 1138 1255 horis
1163 1222 1261 1254 totius
1287 1223 1362 1254 anni
1394 1223 1565 1255 habendae
1606 1229 1726 1265 erunt,

992 1276 1079 1316 itaut,
1096 1276 1120 1308 si
1136 1275 1372 1319 praebendatus
1391 1276 1553 1309 universas
1570 1277 1728 1310 lectiones

993 1329 1145 1362 habuerit
1163 1357 1170 1370 ,
1199 1329 1374 1372 assignatas
1406 1329 1652 1364 distributiones
1684 1331 1726 1364 in-

994 1388 1098 1425 tegras
1125 1383 1245 1427 absque
1272 1385 1337 1417 ulla
1363 1394 1493 1427 prorsus
1512 1384 1728 1418 diminutione

992 1441 1230 1479 consequatur3
1258 1435 1282 1468 si
1308 1446 1383 1469 vero
1410 1436 1441 1468 in
1467 1437 1574 1480 aliqua
1592 1438 1729 1481 vclplu-

991 1489 1082 1521 ribus
1109 1488 1304 1522 lectionibus
1330 1489 1507 1529 defecerit,
1534 1489 1730 1523 distributio-

993 1552 1049 1575 nes
1076 1541 1232 1585 neglectis
1264 1542 1460 1575 lectionibus
1493 1543 1729 1586 respondentes

992 1595 1142 1636 amittat,
1183 1606 1266 1638 quae
1304 1595 1336 1627 in
1373 1594 1534 1628 sacristiae
1572 1596 1730 1630 ecclesiae

992 1649 1183 1682 beneficium
1205 1648 1320 1681 cedant
1338 1659 1373 1681 ac
1395 1654 1583 1691 erogentur.
1604 1649 1636 1681 ln
1656 1660 1727 1682 casu

993 1707 1098 1735 autem
1127 1701 1282 1744 gravioris
1319 1702 1542 1734 contumaciae
1572 1702 1730 1745 praeben-

993 1755 1079 1794 dati,
1113 1755 1208 1787 liceat
1245 1754 1399 1798 episcopo
1436 1755 1593 1797 deputare
1632 1755 1728 1787 alium

994 1808 1182 1851 theologum
1211 1808 1413 1841 sacerdotem
1446 1809 1644 1840 saecularem
1678 1809 1728 1841 vel

992 1863 1186 1904 regularem,
1213 1862 1281 1905 qui,
1302 1861 1419 1904 iugiter
1443 1861 1624 1904 supplendo
1651 1861 1731 1894 eius-

993 1915 1065 1948 dem
1089 1914 1301 1959 praebeudati
1328 1914 1422 1955 vices,
1447 1914 1600 1958 praefatis
1623 1915 1730 1948 distri-

992 1968 1180 2001 butionibus
1206 1968 1358 2011 potiatur.

1628 159 1690 193 183
1740 171 1775 194 An
1809 170 1923 197 ‹:.i725

1801 713 1922 732 tjuusulitur

1740 742 1858 758 ater-titium
1877 739 1922 758 osti-

992 745 1124 777 dentina
1156 745 1304 788 Synodus
1338 756 1375 778 ex
1408 746 1613 789 praebendae
1641 746 1765 783 theo-0..
1787 765 1922 788 ..mmmm

1740 791 1881 816 tieotogatm.

212 2022 270 2055 dae
296 2021 428 2055 collatio
454 2022 493 2054 ad
519 2022 668 2055 Sanctam
686 2022 800 2056 Sedem
827 2029 950 2066 specta-

212 2075 267 2116 bit,
294 2076 465 2119 episcopus
493 2076 531 2108 ad
557 2076 736 2109 Romanum
761 2076 950 2110 Pontificem

211 2138 271 2172 pro
294 2134 439 2172 tempore
461 2128 650 2162 existentem
677 2134 744 2162 acta
769 2140 948 2163 concursus
969 2144 971 2170 ἢ

213 2181 429 2214 transmittere
458 2187 613 2222 teneatur,
632 2188 665 2214 ut
690 2183 759 2226 ipse
784 2188 948 2216 vacantem

1795 2033 1922 2053 statuuntur

1036 2022 1050 2064 ξ
1075 2021 1106 2054 4.
1134 2021 1289 2059 Quoniam
1314 2031 1389 2054 vero
1408 2020 1554 2054 nonnulli
1574 2021 1727 2065 episcopi,

993 2075 1074 2108 sicut
1111 2074 1313 2119 accepimus,
1339 2080 1373 2108 ut
1396 2075 1547 2118 propriae
1583 2075 1727 2109 incuriae
1739 2059 1922 2105 ῗῖἶέἶιῗῗ-ιῖῗῖαοοιὲῗῗ

1740 2118 1790 2137 grue
1797 2118 1867 2132 annuo
1877 2112 1923 2132 red-

994 2129 1124 2172 aliquod
1150 2129 1297 2162 velamen
1324 2128 1526 2169 obtendant,
1554 2128 1672 2161 dilatae
1702 2139 1922 2163 e-d11uhu··¹spr·¹e-

1739 2165 1830 2185 buudae.

992 2182 1148 2215 rectionis
1175 2181 1331 2214 eiusmodi
1359 2182 1563 2224 praebendae
1603 2182 1728 2215 theolo-

211 2235 429 2278 praebendam
462 2235 507 2268 illi
543 2235 706 2278 assignare
747 2240 842 2279 atque
875 2246 950 2268 con-

211 2288 294 2321 serre
331 2288 451 2331 possit,
490 2299 584 2331 quem
619 2289 733 2322 ceteris
767 2289 948 2332 digniorem

211 2346 242 2374 et
265 2341 366 2384 magis
393 2341 546 2374 idoneum
574 2342 604 2374 in
630 2342 765 2375 Domino
791 2342 949 2375 iudicave-

211 2394 262 2427 rit.
287 2394 377 2433 Quod
397 2396 423 2428 si
449 2395 620 2438 episcopus
647 2395 750 2439 primo
766 2400 946 2428 vacaturam

211 2447 431 2489 praebendam
451 2453 564 2480 contra
582 2448 716 2480 sormam
735 2448 765 2479 in
782 2448 946 2490 praesenti

210 2499 475 2533 constitutionem
520 2500 753 2543 praescriptam
798 2500 947 2533 conferre

209 2553 492 2598 praesumpserit,
518 2555 566 2587 vel
592 2552 688 2587 etiam
722 2553 755 2585 in
788 2552 858 2586 aliis
896 2564 948 2587 oc-

993 2236 1073 2278 galis
1100 2246 1226 2268 causam
1253 2236 1284 2267 in
1320 2235 1507 2268 tenuitatem
1539 2246 1574 2268 ac
1608 2235 1729 2268 insuffi-

993 2288 1145 2321 cientiam
1171 2288 1428 2331 praebendarum
1465 2298 1591 2321 suarum
1628 2289 1729 2321 eccle-

993 2342 1113 2374 siarum
1142 2341 1277 2374 reiicere
1303 2342 1430 2374 solent:
1458 2351 1529 2381 nos,
1547 2351 1675 2374 omnem
1690 2342 1729 2375 de

993 2400 1102 2427 cetero
1139 2400 1342 2438 praetextum
1379 2395 1445 2427 sive
1486 2395 1728 2427 excusationem

992 2458 1007 2479 e
1034 2447 1141 2479 medio
1168 2448 1282 2479 tollere
1320 2458 1355 2479 ac
1390 2447 1521 2489 penitus
1560 2447 1728 2480 eliminare

992 2501 1158 2539 volonum,
1186 2506 1294 2539 motu,
1320 2501 1452 2533 scientia
1491 2511 1527 2533 ac
1563 2501 1727 2543 potestatis

991 2552 1192 2597 plenitudine
1219 2552 1378 2586 similibus
1405 2553 1636 2594 decernimus,
1667 2557 1728 2587 sta-
