2170 3147
235 213 271 238 An
302 212 331 238 c.
352 211 418 237 1725
465 203 528 235 ⁶2:30

286 1172 388 1191 ‹tonitr-na

237 1200 297 1219 relati
314 1200 401 1218 deri-nti.

273 2494 396 2516 (al-athulfi.

392 1172 421 1192 tio

1007 207 1188 232 BULLARIUM

430 260 599 289 huiusmodi
622 268 727 288 causae
750 267 782 287 ac
805 257 885 287 illius
907 256 988 286 sinuli
1010 256 1172 294 decisione,

431 317 465 337 ex
489 307 609 346 speciali
642 306 849 336 commissione
883 315 970 334 manu
994 305 1172 334 sanctissimi

430 357 556 394 signata,
589 356 621 384 ad
650 356 723 385 lianc
747 364 859 384 sacram
889 354 1172 392 Congregationem,

432 404 578 444 proposita
599 404 718 433 fuerunt
735 404 922 442 infrascripta
940 403 1038 439 dubia,
1057 412 1171 441 nempe:

429 454 472 482 An
496 454 587 482 intret
619 452 775 482 arbitrium
800 461 853 491 pro
876 452 1039 491 aperitione
1060 453 1068 467 ¹
1091 451 1172 480 oris:

430 506 470 537 et,
494 506 639 541 quatenus
661 501 849 531 affirmative:
869 501 911 530 An
931 501 1021 530 [treve
1043 500 1176 530 Clemen-

430 550 525 580 tiuum
548 551 585 580 sit
608 551 812 589 exequendum
836 550 864 579 in
889 559 970 586 casu,
995 554 1064 578 etc.:
1088 548 1174 578 Sacra

430 600 623 637 tlongregatio
650 599 952 629 eminentissimorum
986 603 1014 628 et
1041 606 1176 627 reveren-

430 647 620 677 dissimorum
644 648 672 677 S.
690 648 723 677 tt.
742 647 773 676 E.
790 647 984 677 cardinalium
1009 646 1133 684 negotiis
1148 650 1176 675 et

431 696 696 726 consultationibus
715 697 921 735 episcoporum
945 700 974 725 et
997 694 1174 733 regularium

432 745 623 783 praeposita,
661 744 776 774 iuribus
809 745 877 774 hinc
910 744 978 774 inde
1010 742 1176 773 distributis

432 797 546 823 mature
570 794 735 833 perpensis,
754 793 888 833 partibus
912 793 1020 823 auditis
1036 796 1064 822 et
1088 792 1177 821 infor-

433 842 582 872 mantibus
597 866 604 879 ,
629 843 775 872 referente
799 842 1035 872 eminentissimo
1058 841 1176 871 Franci-

432 901 481 922 sco
511 891 655 922 cardinali
679 891 839 922 Barberino
870 895 1018 930 ponente:
1043 890 1085 920 Ad
1117 889 1175 929 pri-

432 950 511 970 mum
535 941 723 971 affirmative:
742 941 784 970 Ad
801 941 961 970 secundum
981 939 1117 978 negative
1131 948 1177 968 re-

431 989 561 1029 spondit.
575 1009 608 1012 —
625 990 745 1028 Romae,
759 998 818 1019 xxn
830 989 903 1019 iunii
928 997 1075 1019 MDCCxxv.
1090 1005 1128 1011 —-
1143 987 1173 1016 F.

431 1039 511 1068 card.
532 1039 795 1069 PAULcrics.·Loco
817 1041 834 1074 †
855 1038 953 1076 sigilli.
979 1038 1009 1067 Ρ.
1028 1038 1062 1066 Α.
1081 1037 1176 1066 archi-

432 1089 588 1128 episcopus
611 1088 742 1118 Larissae
766 1087 954 1117 secretarius.

477 1155 491 1198 ἓ
517 1155 548 1188 ⁶2.
576 1155 651 1188 Cum
678 1160 798 1194 autem,
831 1154 915 1187 sicut
947 1154 1025 1186 dicti
1059 1153 1175 1185 fratres

432 1209 584 1252 antiquae
610 1208 834 1242 observantiae
866 1207 961 1240 nobis
992 1217 1097 1250 nuper
1122 1217 1176 1239 ex-

432 1261 509 1305 poni
531 1262 686 1301 fecerunt‚
706 1260 767 1304 ipsi
788 1261 954 1293 decretum
975 1259 1175 1300 huiusmodi,

431 1325 495 1358 quo
523 1314 647 1347 firmius
673 1314 829 1346 subsistat
854 1318 885 1346 et
910 1318 1059 1346 servetur
1096 1323 1171 1345 exa-

431 1368 525 1409 ctius,
543 1367 743 1412 apostolicae
765 1367 1023 1401 confirmationis
1044 1372 1176 1400 nostrae

431 1422 614 1465 patrocinio
640 1421 832 1454 communiri
873 1431 1084 1464 summopere
1121 1421 1175 1454 de-

431 1475 592 1508 siderent:
619 1486 686 1515 nOS,
709 1475 885 1519 specialem
905 1475 983 1519 ipsis
1009 1485 1177 1518 exponen-

434 1528 517 1561 tibus
542 1529 678 1572 gratiam
700 1529 804 1561 faeere
831 1530 989 1568 volentes,
1012 1533 1175 1562 eteorum

432 1582 617 1625 singulares
642 1593 798 1625 personas
820 1594 836 1615 a
854 1582 1025 1626 quibusvis
1051 1593 1177 1616 excom-2

433 1635 679 1676 municationis,
700 1635 928 1678 suspensionis
947 1641 977 1668 et
996 1634 1175 1676 interdicti,

434 1688 573 1732 aliisque
604 1689 836 1722 ecclesiasticis
868 1688 1063 1729 sententiis,
1101 1700 1176 1722 cen-

434 1742 518 1775 suris
541 1748 573 1775 et
591 1743 716 1785 poenis,
747 1753 764 1774 a
795 1742 866 1775 iure
890 1743 938 1775 vel
964 1743 1002 1774 ab
1030 1743 1174 1782 homine,

434 1795 546 1839 quavis
583 1796 755 1828 occasione
800 1796 848 1828 vel
884 1798 980 1828 causa
1016 1795 1108 1835 latis,
1151 1796 1176 1828 si

434 1849 553 1892 quibus
579 1849 754 1882 innodatae
780 1849 933 1889 existunt,
958 1849 997 1881 ad
1024 1848 1176 1882 ellectum

434 1902 659 1946 praesentium
694 1902 860 1935 dumtaxat
895 1903 1176 1946 consequendum,

434 1956 553 1989 harum
585 1956 670 1989 serie
703 1957 911 1989 absolventes
945 1962 976 1989 et
1010 1957 1199 1989 absolutas

435 2009 505 2042 sore
527 2012 712 2051 censentes,
738 2009 1037 2053 supplicationibus
1063 2020 1175 2043 eorum

436 2063 568 2096 nomine
594 2063 689 2096 nobis
716 2074 816 2107 super
841 2064 904 2097 hoc
922 2063 1091 2097 humiliter
1107 2075 1177 2107 por·
1197 2077 1200 2089 ·

434 2116 531 2149 rectis
555 2116 715 2158 inclinati,
735 2117 897 2150 decretum
924 2117 1175 2160 praeinsertum,

436 2169 627 2202 auctoritate
653 2170 842 2214 apostolica,
875 2175 988 2203 tenore
1024 2180 1178 2213 praesen-

437 2222 527 2262 tium,
546 2223 763 2266 approbamus
792 2228 824 2256 et
854 2223 1095 2263 confirmamus,
1117 2223 1177 2255 illi-

438 2285 501 2318 que
520 2275 717 2309 inviolabilis
738 2276 938 2320 apostolicae
952 2275 1113 2309 firmitatis
1131 2287 1179 2309 ro-

439 2327 499 2359 bur
523 2328 706 2368 adiicimus,
735 2330 822 2362 salva
848 2334 954 2363 tamen
986 2340 1115 2373 semper
1147 2329 1179 2361 in

440 2381 625 2423 praemissis
653 2383 842 2415 auctoritate
880 2383 1065 2426 praedictae
1098 2382 1202 2415 Con-1

441 2433 638 2475 gregationis
660 2434 885 2468 cardinalium.

485 2485 499 2528 ἓ
524 2485 555 2518 3.
584 2486 813 2527 DecernenteS,
833 2489 963 2521 easdem
990 2494 1181 2531 praesentes

482 2602 490 2628 l
515 2599 583 2628 Edit.
606 2600 683 2628 Malu.
705 2601 770 2637 legit
790 2602 962 2637 aperuimus
982 2610 1019 2639 gn.
1036 2604 1084 2638 iu).

1214 207 1371 231 noussen

1218 256 1339 288 litteras
1365 265 1495 299 semper
1519 254 1640 295 firmas,
1665 254 1787 288 validas
1805 258 1836 286 et
1857 253 1958 286 effica-

1217 319 1268 341 ces
1295 308 1433 342 existere
1459 313 1491 341 et
1516 308 1594 347 sore,
1621 318 1759 350 suosque
1793 305 1958 350 plenarios

1217 366 1248 393 et
1273 360 1420 403 integros
1446 360 1577 393 effectus
1603 360 1711 393 sortiri
1737 365 1768 392 et
1793 358 1956 398 obtinere,

1217 425 1252 446 ac
1278 415 1371 447 dictis
1399 415 1637 458 exponentibus
1672 414 1703 446 in
1738 412 1890 446 omnibus
1927 416 1959 444 et

1218 478 1274 510 per
1299 468 1407 501 omnia
1432 468 1623 512 plenissime
1650 465 1836 509 suflragari,
1863 470 1894 498 et
1918 465 1958 498 ab

1219 521 1293 561 illis,
1319 521 1356 554 ad
1384 532 1466 564 quos
1503 525 1627 563 spectat
1652 525 1685 552 et
1716 529 1776 562 pro
1815 524 1958 562 tempore

1219 574 1413 616 expectabit,
1431 573 1667 606 inviolabiliter
1691 571 1873 611 observari,
1899 571 1959 604 sic-

1218 638 1280 669 que
1308 627 1340 659 in
1366 626 1555 670 praemissis
1582 636 1641 668 per
1666 635 1888 668 quoscumque
1910 623 1959 656 iu-

1219 680 1305 713 dices
1324 680 1508 713 ordinarios
1527 685 1557 712 et
1575 680 1752 722 delegatos,
1768 679 1865 712 etiam
1887 688 1959 711 cau-

1219 744 1323 765 sarum
1350 733 1460 776 palatii
1488 732 1660 775 apostolici
1686 731 1861 772 auditores,
1879 730 1960 765 iudi-

1219 786 1283 818 cari
1309 791 1340 819 ct
1374 786 1504 819 definiri
1537 786 1677 826 debere,
1706 796 1742 818 ac
1771 784 1898 818 irritum
1929 790 1960 817 et

1219 838 1315 871 inane
1341 837 1365 871 si
1393 849 1486 871 secus
1512 849 1610 881 super
1646 838 1697 870 liis
1731 849 1747 870 a
1779 847 1961 881 quoquam,

1220 891 1329 934 (piaris
1355 891 1555 931 auctoritate,
1577 891 1721 925 scienter
1740 892 1790 924 vel
1808 891 1961 934 ignoran-

1221 949 1281 985 ter,
1308 944 1482 988 contigerit
1507 944 1672 978 attentari.

1263 998 1277 1040 ἓ
1301 998 1332 1030 ll.
1359 997 1428 1030 Non
1451 998 1654 1031 obstantibus
1672 996 1960 1031 constitutionibus

1219 1056 1251 1083 et
1282 1051 1545 1084 ordinationibus
1570 1051 1764 1094 apostolicis
1781 1077 1788 1090 ,
1815 1060 1860 1091 ac,
1882 1060 1959 1092 qua-

1222 1109 1315 1137 tenus
1334 1114 1415 1147 opus
1434 1104 1488 1145 sit,
1507 1104 1583 1137 dicti
1602 1104 1743 1144 Ordinis,
1757 1103 1854 1137 etiam
1876 1103 1961 1135 iura-

1219 1162 1339 1197 mento,
1358 1157 1605 1190 confirmatione
1621 1156 1811 1200 apostolica,
1826 1157 1874 1189 vel
1887 1166 1962 1199 qua-

1220 1210 1264 1243 vis
1297 1210 1446 1243 firmitate
1472 1211 1533 1244 alia
1561 1210 1736 1250 roboratis,
1777 1210 1906 1243 statutis
1931 1213 1963 1241 et

1219 1263 1527 1305 consuetudinibus,
1553 1263 1735 1307 privilegiis
1752 1273 1893 1306 quoque,
1914 1261 1964 1295 in-

1220 1316 1318 1349 dultis
1345 1322 1377 1349 et
1402 1317 1518 1349 litteris
1555 1316 1744 1359 apostolicis
1778 1315 1811 1348 in
1837 1321 1962 1349 contra·

1221 1371 1303 1403 rium
1329 1371 1582 1415 praemissorum
1616 1368 1862 1413 quomodolibet
1886 1378 1963 1402 con-

1220 1424 1334 1465 cessis,
1363 1423 1564 1458 confirmatis
1584 1428 1615 1457 et
1644 1423 1820 1464 innovatis,
1844 1422 1963 1466 quibus

1220 1478 1372 1510 omnibus
1409 1483 1439 1510 et
1474 1477 1629 1521 singulis,
1658 1477 1791 1510 illorum
1829 1481 1961 1509 tenores

1221 1530 1451 1574 praesentibus
1483 1541 1541 1574 pro
1573 1531 1670 1573 plene
1703 1534 1735 1563 et
1764 1528 1964 1562 sufficienter

1221 1584 1382 1628 expressis
1419 1595 1453 1617 ac
1479 1585 1518 1617 de
1544 1584 1641 1617 verbo
1674 1584 1713 1617 ad
1747 1584 1882 1616 verbum
1912 1582 1962 1614 in-

1220 1638 1318 1671 sertis
1356 1639 1528 1678 habentes,
1556 1637 1621 1671 illis
1655 1637 1734 1670 alias
1765 1636 1798 1669 in
1823 1646 1883 1669 suo
1910 1645 1961 1668 ro-

1220 1692 1300 1725 bore
1338 1691 1588 1735 permansuris,
1624 1691 1663 1723 ad
1700 1689 1961 1733 praemissorum

1220 1744 1381 1784 ellectum,
1407 1745 1467 1778 hac
1486 1744 1552 1777 vice
1574 1744 1755 1783 dumtaxat,
1778 1741 1963 1786 specialiter

1221 1803 1419 1840 etexpresse
1439 1798 1651 1840 derogamus,
1679 1795 1863 1838 ceterisque
1888 1803 1963 1827 con-

1197 1865 1199 1881 ι
1222 1851 1329 1884 trariis
1356 1850 1632 1894 quibuscumque.

1263 1905 1375 1937 Datum
1402 1904 1535 1943 Romae,
1557 1903 1642 1947 apud
1660 1902 1692 1936 S.
1717 1901 1848 1935 Mariam
1867 1900 1964 1934 Maio-

1220 1968 1300 1997 rem,
1329 1958 1389 1990 sub
1412 1958 1533 1990 annulo
1546 1956 1728 1996 Piscatoris,
1747 1955 1799 1988 die
1817 1965 1868 1989 xxi
1889 1953 1960 1987 iulii

1197 2020 1380 2051 ·nnccxxv,
1402 2010 1611 2054 pontificatus
1638 2009 1740 2043 nostri
1767 2018 1852 2042 anno
1880 2017 1915 2041 ιι.

1258 2072 1315 2099 Dat.
1341 2071 1384 2098 die
1406 2071 1436 2097 021
1461 2071 1518 2098 iulii
1545 2071 1622 2104 1725,
1646 2070 1744 2106 pontis.
1762 2077 1835 2097 anuo
1856 2075 1883 2095 tt.

1511 2274 1672 2308 Lxxxtlt.

1228 2383 1471 2425 Confirmantur
1485 2382 1612 2414 litterae
1625 2379 1818 2424 apostolicae
1826 2379 1913 2413 Sioeti
1930 2378 1963 2419 V,

1271 2436 1395 2469 Urbani
1424 2436 1509 2469 VIII
1537 2439 1565 2468 el
1589 2433 1777 2468 Innoceneii
1805 2432 1865 2473 XI,
1896 2443 1965 2466 nec-

1269 2499 1334 2522 non
1359 2488 1520 2521 decretum
1546 2486 1692 2520 iudicum
1710 2485 1919 2529 querelarum
1937 2490 1967 2518 et

1271 2542 1564 2574 controversiarum
1599 2539 1686 2571 sacri
1718 2538 1858 2573 Concilii
1896 2537 1962 2572 Ro-

1270 2594 1362 2627 mani
1387 2594 1422 2626 in
1446 2594 1588 2638 savorem
1614 2591 1788 2626 abbatialis
1817 2590 1966 2628 ecclesiae

1960 204 2010 232 An.
2031 206 2060 232 C.
2082 205 2147 236 ¹725

1999 1007 2154 1028 contrariorum

1971 1035 2091 1059 uvi-ogano.
