2170 3147
0 309 31 331 n.
44 302 74 330 C.
97 300 162 328 ¹727

0 998 45 1018 Mn·
48 1000 88 1018 unte
78 1004 161 1023 ‹te-pm

5 1025 344 1084 Νι’·’,Ηπιιιιεηιιιιιιι
371 1041 408 1073 ad
436 1041 543 1073 vicarii
566 1040 754 1083 capitularis
781 1040 913 1073 electio-

3 1077 33 1097 rio
47 1077 133 1098 aritini.

763 301 957 326 BENEDICTUS
982 301 999 325 X
1006 302 1038 326 lll
1064 303 1102 326 Pr
1108 319 1113 325 .

1592 292 1655 326 565
1702 301 1752 328 An.
1769 301 1798 328 c.
1821 302 1886 329 1727

171 349 423 388 senei-dinnao,
439 351 490 383 vel
506 350 639 393 antiquo
655 351 732 383 illuc
746 352 909 390 redeunti,
932 353 933 369 ¹
954 351 1103 384 canonici
1123 356 1294 384 teneantur
1311 361 1406 384 manu
1428 350 1552 395 publici
1575 350 1694 383 notarii

172 403 256 435 idem
283 402 497 435 inventarium
521 403 651 442 tribuat,
670 404 818 435 restituta
842 414 910 446 syn-

172 457 296 499 grapha
322 455 519 499 receptionis
545 456 718 499 superiori.
750 456 779 488 Si
805 462 909 488 tamen

171 616 312 649 ctionem
339 616 405 648 sive
431 616 572 648 reditum
598 615 820 658 supradictum
839 625 909 646 eve-

171 669 274 709 nerit,
314 674 387 701 tune
424 668 637 701 inventarium
669 674 700 701 et
725 667 911 711 syngrapha

171 728 350 755 memorata
387 722 593 755 consessariis
638 731 751 755 eorum
800 731 912 763 respe-

172 775 267 815 ctive,
295 775 442 807 adbibita
467 775 561 808 simili
589 775 757 813 cautione,
784 774 912 806 tradan-

173 833 246 868 tur,
283 834 314 861 ct
351 828 532 860 executioni
572 828 788 861 demandetur
822 827 910 871 quod

172 880 247 924 ipsi,
273 886 376 914 morte
394 881 575 925 praeventi,
598 880 775 924 adimplere
798 880 912 923 nequi-

171 933 287 966 verint.

216 988 230 1030 ἓ
265 986 317 1020 ⁶20.
351 987 495 1020 Obeunte
527 988 693 1030 praelato,
720 987 911 1030 capitulum,

174 1103 246 1126 nem
283 1094 453 1133 deveniat,
486 1094 661 1136 diligenter
695 1093 838 1136 inquirat
873 1104 911 1125 an

172 1146 387 1179 inventarium
426 1147 656 1189 scripturarum
690 1146 811 1179 aicliivi
850 1146 914 1189 epi-

173 1200 321 1243 scopaliS,
337 1201 423 1243 quod
444 1211 544 1243 penes
564 1211 628 1233 se
616 1210 747 1232 servare
762 1199 911 1239 debebat,

172 1253 368 1296 reperiatur,
392 1258 614 1296 agnoscatque
634 1263 673 1284 ιιι
693 1253 827 1296 impleta
847 1253 914 1285 sue-

173 1305 214 1337 rit
238 1306 404 1348 praedicta
429 1312 538 1339 nostra
564 1306 745 1349 dispositio,
769 1317 831 1349 qua
852 1311 914 1337 tra·
935 1317 936 1320 ¹

173 1359 252 1391 ditio
277 1359 461 1397 inventarii,
488 1359 620 1402 proprio
647 1359 846 1392 confessario
868 1358 913 1391 sa-

173 1412 296 1452 cienda‚
316 1412 512 1452 decernitur,
532 1419 567 1444 ut
586 1413 747 1455 superiori
769 1412 913 1455 regulari

174 1466 345 1499 tribuatur.
374 1466 464 1504 Quod
496 1467 712 1499 inventarium
746 1466 771 1498 si
802 1477 913 1509 reper-

174 1524 239 1552 tum
266 1520 382 1559 suerit,
418 1519 595 1563 capitulum
631 1519 712 1552 illud
750 1519 912 1562 superiori

174 1573 314 1615 regulari
349 1573 388 1606 ab
420 1583 458 1606 eo
493 1578 559 1606 tute
586 1578 617 1605 et
642 1572 785 1606 fideliter
809 1583 913 1615 usque

174 1627 212 1658 ad
238 1626 310 1658 novi
337 1626 476 1669 praelati
502 1626 700 1659 electionem
729 1625 914 1658 custodien-

174 1680 248 1712 dum
275 1680 402 1712 tradere
442 1685 599 1712 teneatur.
627 1679 658 1711 Si
685 1685 790 1712 autem
826 1679 912 1712 idem

175 1733 387 1766 inventarium
425 1738 590 1775 repertum
627 1733 759 1766 minime
792 1733 910 1773 suerit,

175 1796 280 1829 neque
307 1786 491 1818 constiterit
517 1786 613 1819 fuisse
639 1786 794 1819 traditum
814 1787 913 1819 modo

176 1850 240 1883 quo
258 1849 367 1882 supra,
382 1845 455 1872 tunc
470 1839 612 1872 debcant
626 1840 690 1872 duo
710 1840 912 1883 antiquiores

175 1893 321 1926 canonici
348 1892 471 1926 archivi
497 1894 602 1926 claves
634 1904 735 1936 penes
760 1903 792 1925 se
816 1893 914 1925 susci-

179 2000 313 2032 testibus
339 1999 537 2042 presbyteris
571 2010 636 2032 non
663 2000 914 2043 capitularibus,

178 2052 243 2084 suis
267 2052 408 2095 propriis
444 2052 560 2094 sigillis
596 2053 739 2085 exterius
773 2053 912 2093 munire,

179 2105 222 2136 ita
245 2109 280 2136 ut
304 2104 446 2137 clavibus
471 2104 604 2138 minime
630 2106 766 2138 reserari
792 2106 912 2148 possit,

179 2167 238 2190 nec
265 2156 440 2199 capitulum
473 2158 521 2189 vel
553 2157 688 2189 vicarius
725 2157 915 2200 capitularis

179 2209 324 2242 eiusdem
352 2209 471 2242 archivi
498 2209 604 2252 sigilla
636 2210 839 2254 disrumpere
865 2216 917 2243 aut

179 2273 327 2296 reserare
355 2262 495 2295 audeant
513 2268 567 2295 aut
587 2263 723 2306 possint,
746 2263 807 2296 nisi
825 2264 916 2308 prius

178 2317 276 2349 iidem
302 2316 365 2349 duo
391 2316 537 2349 canonici
564 2316 782 2360 antiquiores,
809 2317 918 2350 fractis

178 2369 294 2412 sigillis
319 2376 351 2402 et
376 2375 490 2413 aperto
511 2370 641 2402 archivo
664 2380 772 2402 coram
792 2370 918 2403 duobus

178 2423 376 2466 presbyteris
409 2433 473 2455 non
501 2423 756 2466 capitularibus,
782 2424 918 2467 scriptu-

179 2486 229 2508 ras
267 2475 354 2519 ipsas
390 2476 591 2509 contulerint
627 2487 697 2509 cum
736 2476 917 2509 inventario

179 2528 393 2568 authentico,
420 2529 504 2572 quod
533 2529 617 2561 iuxta
653 2534 797 2562 nostram
836 2530 918 2562 lianc

180 2581 425 2624 dispositionem
444 2582 477 2614 in
499 2581 611 2615 eodem
633 2582 763 2615 archivo
787 2593 918 2616 servan—

180 2634 254 2666 dum
276 2640 334 2667 cst.
362 2634 392 2667 Si
418 2645 493 2668 vero
519 2635 650 2668 minime
670 2641 832 2678 repertum
852 2636 918 2669 suc-

179 2686 221 2720 rit
234 2686 448 2721 inventarium
466 2688 498 2720 in
517 2688 663 2729 archivo,
680 2688 742 2721 iam
760 2689 836 2722 dicti
856 2689 917 2723 duo

934 1213 935 1225 4
957 1199 1090 1232 arcliivii
1117 1200 1201 1243 apud
1226 1200 1307 1233 duos
1324 1200 1499 1233 canonicos
1519 1212 1535 1234 a
1553 1191 1752 1249 eapittiloi'iiix

935 1861 936 1868 t
958 1849 1034 1881 gere
1069 1839 1207 1878 debeat,

936 1920 937 1927 ,
958 1902 1037 1923 sess.
1065 1901 1149 1925 xxlv.
1175 1902 1245 1934 cap.
1271 1901 1340 1931 xvl,
1366 1891 1411 1924 De
1431 1892 1673 1933 reformatione.

177 1956 268 1988 pere,
290 1947 441 1989 idemque
467 1946 646 1987 archivum,
665 1958 772 1980 coram
791 1947 914 1980 duobus
935 1935 937 1982 i
1756 1987 1778 1999 m
1795 1986 1836 1999 w
1860 1988 1883 2000 Η

936 1998 1135 2040 *scripturas
1171 1997 1240 2030 sine
1274 1997 1410 2040 praelati
1445 1998 1493 2030 vel
1520 1991 1828 2041 superiorisnamn-3

931 408 1103 454 ¹accurate
1130 405 1246 447 duplex
1273 404 1488 437 inventarium
1521 404 1695 447 scriptura-

932 466 933 480 4
955 467 1024 488 rum
1053 457 1169 488 archivi
1191 462 1223 489 ut
1241 467 1338 500 supra
1356 457 1533 496 conticere,
1559 467 1693 499 quorum

171 509 278 541 obitus
293 508 433 541 iamdicti
453 509 642 541 confessarii
662 510 709 541 vel
729 508 910 551 superioris
932 507 933 518 ¹

172 567 243 594 ante
277 562 347 595 novi
383 562 527 605 episcopi
565 572 620 594 seu
659 560 820 594 Ordinarii
848 555 933 593 ele-¹

955 520 1054 541 unum
1081 509 1111 541 in
1139 510 1271 542 areliivo
1298 516 1457 548 servetur,
1484 511 1618 542 alterum
1645 520 1696 541 su-

955 562 1076 604 periori
1097 564 1237 605 regulari
1257 569 1287 595 ut
1308 574 1405 606 supra
1429 564 1586 596 tradatur.
1607 563 1695 596 Alias

954 615 978 647 si
999 615 1094 648 liuius
1114 622 1243 649 nostrae
1261 617 1502 650 constitutionis
1529 622 1560 649 et
1586 616 1696 660 dispo-

955 668 1086 701 sitionis
1120 674 1358 711 trasgressores
1384 669 1566 710 extiterint,
1595 675 1626 703 et
1650 681 1697 703 ar-

932 748 934 756 ,
955 721 1083 753 cliivum
1099 732 1244 755 reserare
1260 723 1551 766 praesumpserint,
1568 729 1696 766 praeter

955 784 1054 817 penas
1088 777 1259 817 generales
1294 777 1428 809 inferius
1454 777 1695 820 imponendas,

957 833 1017 860 tain
1037 829 1213 871 capitulum
1233 840 1326 872 quam
1349 830 1486 863 vicarius
1506 830 1696 873 capitularis

956 881 1103 913 obstricti
1145 882 1208 914 sint
1248 883 1440 926 cuicumque
1477 883 1694 921 detrimento,

956 934 1042 977 quod
1080 934 1154 968 inde
1181 936 1311 968 evenire
1339 936 1516 978 contigerit
1550 936 1633 979 parti
1667 928 1696 969 et

956 986 1031 1020 fisco
1065 987 1106 1020 ob
1132 988 1311 1031 scripturas
1347 1000 1382 1021 ex
1421 989 1554 1022 archivo
1586 989 1697 1022 subre-

956 1045 1037 1082 ptas,
1054 1050 1183 1073 necnon
1204 1041 1273 1073 aliis
1293 1042 1407 1084 poenis
1422 1042 1555 1074 arbitrio
1571 1052 1696 1075 succes-

956 1092 1038 1125 soris
1062 1093 1203 1137 episcopi
1226 1105 1280 1127 seu
1306 1094 1468 1127 Ordinarii
1493 1095 1693 1128 subiaceant.

1038 1145 1091 1178 21.
1120 1146 1194 1179 Post
1230 1147 1353 1180 obitum
1390 1148 1559 1192 episcopi,
1593 1150 1791 1182 claves-mm
1830 1164 1840 1174 ·=
1868 1163 1872 1173 4

957 1253 1161 1295 deputandos
1194 1259 1400 1294 remaneant,
1426 1265 1485 1287 nec
1510 1244 1731 1287 commissa-”'

957 1305 1004 1338 rio
1031 1305 1220 1348 apostolico,
1248 1307 1323 1339 sede
1350 1312 1497 1346 vacante,
1516 1308 1582 1340 ullo
1600 1312 1695 1350 pacto

935 1360 1140 1391 ,tradanturt
1166 1360 1223 1392 scd
1259 1365 1384 1392 tantum
1419 1361 1627 1402 permittatur
1664 1368 1697 1393 ut

958 1412 1012 1444 illc
1039 1415 1102 1445 una
1128 1423 1198 1444 cum
1225 1413 1389 1446 canonicis
1415 1413 1577 1456 deputatis
1603 1414 1634 1446 in
1653 1424 1699 1446 ιιι·-

957 1465 1050 1498 chivo
1077 1466 1270 1509 scripturam
1308 1467 1473 1510 aliquam,
1510 1477 1586 1499 suae
1612 1477 1698 1500 com-

935 1517 1105 1550 ,missioni
1143 1518 1376 1558 necessariam,
1404 1519 1542 1552 scrutari
1575 1520 1697 1562 possit,

958 1571 1031 1604 inde
1059 1578 1164 1604 tamen
1182 1573 1304 1605 nullam
1328 1573 1520 1613 transserat3
1544 1584 1616 1605 cum
1644 1584 1698 1606 no-

957 1635 1014 1657 vus
1042 1624 1213 1668 episcopus
1246 1636 1263 1658 a
1296 1626 1437 1668 capitulo
1468 1626 1698 1668 seripturarum

958 1689 992 1711 ex
1026 1678 1157 1710 archivo
1187 1678 1365 1721 episcopali
1398 1680 1646 1718 translatarum,
1667 1690 1700 1712 o-

957 1733 1147 1775 mniumque
1162 1732 1199 1764 ad
1216 1732 1383 1765 ecclesiam
1400 1743 1455 1765 scu
1475 1743 1617 1765 mensam
1634 1734 1700 1776 epi-

957 1787 1122 1829 scopalem
1154 1786 1407 1828 pertinentium,
1441 1786 1602 1818 rationem
1635 1786 1700 1819 exi-

1241 1849 1278 1871 ex
1314 1838 1459 1871 Concilio
1496 1839 1697 1879 Tridentino,

1003 1945 1016 1987 §
1042 1944 1094 1976 22.
1123 1944 1164 1976 Ex
1190 1944 1329 1977 archivis
1362 1954 1425 1977 non
1460 1945 1557 1977 liceat
1583 1943 1698 1978 efferre
1738 1953 1893 1993 4444444υ444444

960 2052 1109 2084 facultate
1145 2052 1217 2084 illas
1251 2051 1476 2093 exscribendi,
1503 2052 1700 2095 easdemque

959 2110 1035 2147 post
1050 2105 1189 2137 triduum
1205 2104 1236 2137 in
1255 2115 1346 2137 suum
1366 2105 1474 2137 locum
1497 2105 1700 2146 restituendi,

961 2158 1014 2189 ubi
1029 2158 1216 2201 syngrapha
1235 2157 1444 2200 receptionis,
1462 2158 1609 2191 triduano
1627 2164 1701 2191 tem-

960 2222 1039 2254 pore
1064 2211 1222 2252 limitata,
1248 2217 1436 2254 reponatur.
1457 2210 1546 2243 Hanc
1570 2222 1702 2254 syngra-

960 2264 1059 2307 pham
1086 2264 1261 2307 scripturas
1286 2264 1449 2307 recipiens
1474 2266 1529 2297 sua
1549 2274 1646 2297 manu
1669 2266 1701 2298 in

961 2317 1074 2350 codice
1101 2317 1138 2350 ad
1165 2318 1228 2350 hoc
1260 2317 1434 2350 retinendo
1460 2316 1492 2349 in
1519 2318 1633 2350 eodem
1655 2328 1702 2350 ar-

961 2369 1067 2403 chivo.
1092 2369 1290 2410 subscribat,
1317 2369 1497 2402 Ordinariis
1522 2375 1630 2403 tamen
1656 2372 1702 2404 lo-

962 2433 1070 2455 corum
1096 2425 1259 2456 reservata
1284 2423 1435 2457 facultate
1459 2425 1700 2467 prorogationis

963 2475 1129 2519 teinpoiiS,
1156 2486 1237 2518 quac
1258 2476 1426 2509 modeiate
1445 2477 1653 2510 concedatur.

1004 2529 1019 2571 ξ
1043 2528 1093 2561 ⁶³3.
1120 2528 1166 2561 Ad
1184 2539 1359 2572 processus
1385 2540 1586 2574 quacumque
1612 2541 1701 2563 occa·
1712 2536 1776 2607 414Ῑὶ4.
1782 2541 1803 2555 ⁰
1802 2536 1895 2582 44,444;

961 2582 1053 2614 sione
1074 2582 1262 2625 postulante
1288 2582 1381 2616 facile
1404 2583 1628 2625 inveniendos,
1651 2595 1701 2617 vo·
1712 2592 1741 2635 {³¹¹
1739 2595 1812 2634 [ζμ
1818 2595 1822 2608 4
1846 2594 1895 2634 *5¹¹3

961 2636 1067 2668 lumus
1085 2640 1119 2667 ut
1138 2635 1267 2675 notmii,
1291 2636 1486 2670 tabelliones
1505 2643 1537 2670 et
1554 2637 1719 2676 actuarii,
1694 2663 1736 2688 ,l
1723 2642 1895 2665 ritum-eaenu-

962 2689 1055 2722 unius
1075 2689 1195 2723 mensis
1216 2700 1265 2733 sp
1258 2689 1320 2723 atio
1347 2690 1385 2723 ab
1407 2691 1614 2734 expeditione
1633 2701 1647 2723 c
1653 2701 1701 2722 au-
