2139 3142
833 219 927 242 tanex
955 218 1058 242 neuun
1590 210 1655 243 903

252 279 375 302 necnon
410 279 582 312 puerorum
607 269 775 302 seminario
800 270 1011 303 ecclesiastico
1035 269 1167 303 civitatis
1192 270 1402 303 Anconitanae
1431 270 1512 304 bona
1535 271 1698 304 cuiusdam

254 321 519 354 confraternitatis
543 321 593 354 SS.
615 321 736 354 Rosarii
761 333 948 366 suppressae
971 322 1155 366 applicavit,
1180 321 1245 355 353
1262 334 1282 355 α
1303 327 1333 356 et
1355 334 1440 367 seq.;
1465 323 1698 367 praedictorum

253 373 378 407 Ordinis
402 373 509 405 laudes
535 379 687 414 recenset,
711 374 774 408 522
799 375 816 406 Ι)
840 380 870 407 et
893 385 971 418 sequ,
995 375 1206 417 praefatorum
1232 374 1338 408 Ordini
1365 375 1526 418 praedicto
1551 376 1700 408 constitu·

253 426 354 458 tiones
377 435 487 458 omnes
510 426 723 459 Romanorum
750 427 952 466 Pontificum,
977 427 1091 470 quibus
1116 427 1344 469 indulgentiae,
1369 429 1488 470 gratiae
1513 439 1549 461 ac
1572 428 1699 472 privile-

252 477 304 520 gia
331 477 431 510 eidem
456 477 564 511 Ordini
589 488 737 511 concessa
761 479 867 519 fuere,
892 479 1108 519 confirmavit,
1134 478 1197 512 5²:23
1221 490 1242 512 a
1265 485 1295 512 et
1318 491 1392 523 seq.;
1417 481 1601 514 eorumdem
1628 491 1697 513 ma-

251 530 352 573 gistro
369 536 398 563 et
416 530 532 563 vicario
556 531 695 573 generali
720 531 958 564 constitutiones
982 542 1077 575 super
1097 532 1242 565 facultate
1262 532 1379 575 privata
1398 533 1561 566 societates
1578 533 1700 566 Rosarii

252 582 394 625 erigendi
411 585 559 616 concessa
577 583 791 624 confirmavit,
808 583 873 617 5925
891 585 925 622 Ι);
950 584 988 616 de
1012 584 1268 627 processionibus
1288 595 1305 616 a
1328 585 1607 619 Praedicator-ibus
1632 595 1701 629 pcr-

251 635 380 677 agendis
404 636 569 668 nonnullas
594 635 778 668 Pontificum
805 637 1045 669 constitutiones
1070 636 1285 676 confirmavit,
1306 636 1370 670 5⁶29
1388 648 1407 669 α
1424 643 1454 670 et
1471 637 1505 677 b3
1530 648 1600 670 cum
1626 648 1701 670 non-

252 687 347 719 nullis
375 687 659 727 declarationibus,
694 686 758 720 530
783 688 815 726 b;
852 688 1008 721 dictorum
1041 688 1148 721 Ordini
1181 689 1322 732 praefato
1354 689 1509 722 indultum
1542 689 1699 732 quoddam

250 749 347 782 super
370 739 521 771 altaribus
545 739 768 782 privilegiatis,
793 750 915 773 necnon
940 741 1024 773 aliud
1055 741 1209 773 indultum
1234 741 1319 774 circa
1343 741 1577 775 translationem
1602 741 1701 774 indul-

251 791 430 834 gentiarum
462 791 493 823 in
525 791 727 824 translatione
760 793 960 825 festivitatum
992 794 1132 826 eiusdem
1153 794 1295 834 OrdiniS,
1321 794 1540 836 confirmavit,
1566 794 1625 828 531
1655 806 1701 834 a;

250 843 381 887 praefati
407 843 532 877 Ordinis
563 845 712 887 praelatis
746 845 924 877 facultatem
957 845 1138 878 absolvendi
1171 851 1201 880 et
1236 847 1435 890 dispensandi
1464 847 1524 880 sibi
1557 847 1699 880 subditos

249 897 363 929 fratres
387 902 418 929 et
441 907 567 929 sorores
591 907 608 928 a
631 896 884 941 quibuscumque
908 898 1041 938 casibus,
1075 899 1166 930 etiam
1201 900 1381 940 reservatis,
1407 900 1604 933 confirmavit
1627 911 1699 932 cum

249 949 409 982 nonnullis
433 949 555 982 statutis
580 950 664 982 circa
688 950 895 982 confessarios
919 951 1147 990 saecularium,
1164 950 1222 985 531
1245 952 1261 984 Ι)
1286 956 1315 985 et
1337 963 1409 996 scq,;
1437 953 1554 985 eisdem
1580 952 1700 985 indulta

248 1012 466 1046 quaecumque
491 1012 638 1034 concessa
668 1002 772 1044 quoad
797 1003 883 1034 verbi
908 1003 961 1035 Dei
991 1003 1257 1046 praedicationem
1282 1010 1312 1036 et
1336 1005 1501 1047 privilegia
1534 1005 1700 1038 missiona-

249 1055 370 1088 riorum
395 1055 513 1098 pariter
537 1055 752 1095 confirmavit,
776 1053 841 1087 533
864 1066 902 1094 a;
928 1055 1097 1098 praedictis
1122 1056 1298 1089 facultatem
1327 1056 1566 1089 administrandi
1601 1067 1700 1089 sacra-

251 1114 357 1140 menta
375 1107 508 1147 famulis,
525 1108 656 1150 aliisque
681 1108 711 1140 in
736 1108 941 1141 conventibus
965 1108 1245 1148 commorantibus,
1269 1118 1385 1152 eosque
1409 1109 1589 1152 sepeliendi,
1615 1110 1700 1142 iuxta

248 1160 490 1194 constitutiones
515 1161 703 1203 apostolicas
734 1161 884 1203 elargitus
908 1166 970 1202 est,
996 1160 1059 1193 533
1084 1161 1119 1202 Ι);
1143 1171 1253 1194 corum
1278 1162 1498 1205 superioribus
1523 1162 1699 1196 facultatem

250 1213 455 1246 benedicendi
481 1214 663 1246 vestimenta
696 1213 906 1246 ecclesiastiea
937 1214 1060 1257 aliaque
1093 1214 1308 1253 confirmavit,
1334 1215 1433 1254 ibid,
1465 1214 1700 1248 praedicatores

249 1272 337 1299 extra
362 1270 505 1309 tempora
530 1266 627 1298 sacris
652 1266 768 1298 initiari
795 1276 888 1310 posse
911 1266 1101 1305 declaravit,
1127 1265 1192 1298 534
1215 1277 1251 1306 a,
1277 1267 1423 1310 praefatis
1451 1267 1554 1310 quoad
1579 1268 1699 1300 monia-

251 1319 328 1351 lium
354 1318 478 1352 Ordinis
502 1318 709 1351 directionem
734 1319 779 1351 eis
802 1319 1019 1351 demandatam
1044 1319 1243 1352 confirmavit
1267 1330 1348 1362 quae
1372 1320 1423 1351 alii
1448 1319 1616 1352 Pontifices
1640 1324 1699 1353 sta-

252 1377 394 1411 tuerunt,
419 1382 489 1403 eum
515 1372 674 1404 nonnullis
698 1372 836 1411 statutis,
870 1371 934 1404 534
957 1372 989 1412 b;
1022 1372 1052 1403 in
1081 1371 1263 1404 eorumdem
1296 1371 1430 1414 gratiam
1462 1372 1700 1405 constitutiones

251 1425 439 1469 apostolicas
463 1435 559 1467 super
581 1425 722 1467 Angelici
747 1425 886 1457 doctoris
910 1425 1072 1458 docrinam
1099 1425 1298 1457 confirmavit
1328 1436 1399 1457 cum
1431 1426 1499 1457 aliis
1523 1426 1644 1459 statutis
1669 1431 1700 1459 et

249 1478 442 1522 privilegiis,
467 1478 531 1511 535
556 1479 573 1510 Ι)
598 1484 627 1511 et
646 1489 720 1522 seq,
744 1479 956 1522 praefatorum
982 1478 1132 1520 magistro
1157 1478 1314 1520 generali,
1339 1478 1471 1521 aliisque
1493 1478 1640 1521 praelatis
1663 1489 1699 1511 ac

248 1531 421 1575 provinciis
445 1532 606 1564 facultates
630 1532 779 1574 quasdam
805 1541 969 1564 concessas
992 1531 1111 1574 pariter
1136 1530 1350 1572 confirmavit,
1368 1530 1431 1564 538
1448 1542 1484 1571 a,
1509 1532 1699 1564 confirman-

249 1591 301 1617 tur
326 1585 418 1617 etiam
444 1584 563 1626 gratiae
587 1594 754 1617 concessae
777 1584 882 1617 Tertio
907 1584 1015 1617 Ordini
1042 1584 1271 1616 Poenitentium
1296 1584 1325 1616 S.
1351 1583 1516 1624 Dominici,
1540 1583 1604 1617 538
1628 1583 1645 1616 b
1669 1589 1699 1615 et

250 1648 324 1680 seq„
347 1637 419 1670 vide
442 1637 563 1669 Tertius
587 1635 689 1673 Ord0;
714 1637 797 1669 cirea
814 1636 1067 1669 praedicatorum
1085 1636 1210 1669 Ordinis
1230 1636 1413 1670 ambitiosos
1430 1637 1557 1676 fratres,
1576 1646 1699 1669 necnon

251 1691 335 1723 circa
359 1689 602 1733 appellationes,
628 1690 864 1722 constitutiones
889 1700 1000 1722 omnes
1023 1695 1182 1722 emanatas
1214 1689 1426 1729 confirmavit,
1451 1688 1515 1721 543
1540 1690 1574 1728 b,
1603 1699 1699 1732 super

249 1742 433 1775 eorumdem
460 1741 601 1774 habitum
627 1741 864 1774 constitutiones
888 1742 1033 1774 similiter
1057 1742 1270 1782 confirmavit,
1295 1741 1360 1774 544
1385 1742 1421 1781 Ι);
1457 1752 1552 1785 super
1576 1742 1698 1784 praefa-

250 1801 353 1828 torum
380 1794 599 1838 praecedentia
625 1795 736 1827 ceteris
756 1795 956 1835 regularibus
980 1794 1149 1828 Ordinibus
1174 1794 1412 1827 constitutiones
1436 1793 1624 1837 apostolicas
1647 1805 1697 1838 pa-

250 1847 328 1879 riter
352 1847 570 1885 confirmavit,
595 1846 659 1879 545
683 1857 721 1885 a;
746 1846 862 1879 eisdem
888 1848 1103 1890 exemptiones
1127 1856 1236 1879 omnes
1260 1856 1424 1879 concessas
1447 1846 1593 1879 similiter
1617 1857 1698 1880 con-

248 1899 404 1939 firmavit,
429 1909 501 1932 cum
527 1899 686 1932 nonnullis
710 1900 768 1931 bac
792 1910 888 1942 super
913 1910 946 1931 re
971 1899 1251 1940 declarationibus,
1277 1899 1341 1931 545
1365 1900 1399 1940 Ι);
1423 1899 1609 1932 eorumdem
1640 1900 1697 1933 Or-

248 1952 312 1983 dini
336 1951 498 1994 praedicto
523 1951 686 1994 privilegia
717 1952 755 1984 de
780 1952 867 1984 laicis
898 1952 1089 1984 tumulandis
1113 1962 1262 1985 concessa
1294 1952 1493 1985 confirmavit
1524 1953 1643 1996 pariter
1667 1958 1699 1985 et,

249 2003 436 2041 declaravit,
461 2003 524 2035 546
549 2004 566 2034 b
591 2009 620 2034 et
644 2014 724 2046 seq.;
750 2003 876 2036 eosdem
901 2014 917 2035 a
951 2005 1100 2037 canonica
1133 2006 1244 2045 etiam,
1276 2015 1369 2048 quam
1399 2004 1523 2045 dicunt,
1552 2005 1697 2048 portione

249 2054 381 2094 exemit,
402 2055 466 2087 549
483 2066 503 2088 α
529 2060 558 2087 et
583 2056 618 2095 Ι);
646 2056 791 2098 praefatis
815 2057 979 2100 privilegia
1003 2058 1120 2100 pariter
1145 2058 1398 2098 Mendicantium,
1423 2059 1565 2101 ipsorum
1587 2058 1696 2092 Ordini

248 2118 412 2147 concessa,
439 2108 612 2147 innovavit,
637 2108 700 2141 :349
725 2109 758 2147 Ι);
784 2110 967 2142 eorumdem
989 2110 1096 2143 Ordini
1114 2110 1277 2153 privilegia
1297 2121 1524 2153 quaecumque,
1543 2121 1578 2143 ac
1598 2111 1697 2144 indul-

246 2161 368 2204 gentias
391 2161 459 2193 aliis
482 2161 651 2194 Ordinibus
675 2172 848 2203 concessas,
874 2163 1066 2205 amplissime
1090 2163 1344 2204 communicavit,
1367 2162 1431 2196 550
1455 2174 1493 2203 a;
1518 2164 1549 2195 in
1574 2164 1697 2208 praedi-

248 2219 371 2247 ctorum
397 2214 489 2246 etiam
515 2213 647 2255 gratiam
681 2214 750 2246 lites
781 2225 890 2247 omnes
915 2221 1000 2248 ortas
1024 2216 1070 2248 vel
1103 2226 1183 2259 quae
1207 2216 1283 2248 oriri
1309 2221 1436 2259 possent
1460 2226 1556 2260 super
1580 2227 1695 2260 appro-

249 2267 353 2306 batis,
377 2266 512 2298 extensis
538 2267 582 2298 vel
615 2266 653 2298 de
678 2277 758 2299 novo
783 2268 940 2300 concessis
970 2269 1157 2312 praedictis,
1181 2269 1333 2309 abolevit,
1359 2269 1418 2302 5521
1447 2269 1480 2309 Ι);
1512 2270 1695 2302 corumdem

248 2319 355 2353 Ordini
376 2319 541 2352 ecclesiam
567 2319 780 2362 parochialem
805 2320 836 2352 Β.
855 2321 968 2354 Mariae
993 2326 1023 2354 ct
1046 2321 1097 2355 SS.
1116 2321 1169 2354 XlI
1194 2322 1416 2365 Apostolorum
1447 2328 1550 2355 terrae
1573 2323 1696 2356 Balnea-

248 2372 315 2405 riae
338 2373 527 2414 assignatam
552 2372 646 2405 fuisse
670 2383 687 2404 a
711 2373 865 2415 Gregorio
889 2374 956 2407 Xlll
981 2374 1092 2414 refert,
1117 2373 1181 2407 714
1205 2375 1222 2405 b
1245 2379 1276 2407 et
1299 2386 1374 2419 seq.;
1404 2375 1640 2409 Praedicatores
1663 2376 1696 2409 in

246 2424 329 2457 dicta
354 2425 487 2457 eeclesia
512 2424 758 2457 iurisdictionem
783 2426 870 2468 quasi
895 2426 1122 2469 episcopalem,
1148 2438 1165 2460 a
1188 2428 1276 2461 Sixto
1296 2427 1319 2459 V
1343 2428 1579 2470 confirmatam,
1604 2440 1694 2463 exer-

248 2478 350 2511 cuisse
378 2483 505 2517 narrat,
538 2477 601 2511 715
626 2478 668 2517 b,·
699 2478 816 2510 eisdem
841 2478 1089 2513 iurisdictionem
1122 2480 1332 2524 praedictam,
1359 2491 1452 2524 quam
1478 2482 1540 2514 iam
1570 2482 1695 2526 pridem

249 2530 436 2564 exercebant
461 2531 491 2562 in
515 2530 597 2563 dicta
623 2531 770 2571 ecclesia,
795 2532 991 2565 confirmavit
1021 2538 1052 2565 et
1081 2534 1302 2577 praescripsit,
1328 2533 1392 2568 716
1416 2534 1450 2574 b;
1476 2546 1494 2568 a
1516 2535 1696 2579 praedicto-

245 2594 318 2616 rum
344 2583 495 2626 magistro
519 2594 554 2616 ac
578 2590 784 2628 procuratore
808 2585 946 2627 generati
969 2585 1074 2619 oblata
1104 2592 1176 2619 sunt
1198 2586 1400 2620 Sanctissimo
1424 2587 1577 2631 quaedam
1598 2588 1694 2621 dubia
