2170 3147
216 210 252 234 An
281 208 298 233 C
334 209 401 234 2724

245 2016 359 2041 Durugatui
368 2017 408 2036 imm

446 199 488 231 tie

410 256 628 295 sistorialiter,
656 260 707 288 aut
734 256 812 288 alias
831 253 1075 298 quomodolibet
1096 263 1154 296 per

410 319 634 352 quoscumque
665 308 828 341 Romanos
863 306 1036 340 Pontifices
1063 317 1150 348 prae-

411 363 604 395 decessores
639 367 671 394 et
695 371 906 394 successores
943 365 1092 399 nostros,
1118 369 1155 392 ac

411 415 507 448 etiam
535 425 670 458 pernes
697 414 852 446 factarum
879 419 908 446 et
934 412 1153 445 faciendarum

412 467 687 507 revocationibus,
713 466 1008 510 suspensionibus,
1036 465 1153 498 limita-

413 520 568 560 tionibus,
599 526 653 552 aut
677 520 747 552 aliis
773 518 944 552 contrariis
969 517 1155 561 dispositio-

412 574 506 606 nibus
532 571 793 616 comprehendi,
821 572 876 604 sed
909 571 1037 605 easdem
1064 581 1156 614 prac-

412 632 521 660 sentes
547 626 673 660 litteras
710 635 841 670 semper
867 630 897 658 et
922 630 1079 668 perpetuo
1106 635 1156 657 va-

412 680 504 720 lidas,
524 679 630 713 sirmas
649 685 679 712 et
704 679 848 712 efficaces
867 677 1005 711 existere
1024 683 1055 710 et
1077 677 1155 716 sore,

413 744 555 777 suosque
594 733 759 777 plenarios
786 737 817 765 et
842 731 986 774 integros
1023 729 1156 763 effectus

413 786 523 820 sortiri
559 793 590 820 et
615 786 787 826 obtinere,
816 794 945 818 necnon
982 782 1155 827 praedictis

413 841 443 874 S.
469 840 504 873 R.
536 839 569 872 E.
601 838 822 872 cardinalibus
852 849 868 870 a
895 837 1038 869 Romana
1064 835 1157 867 Curia

413 893 605 926 absentibus
635 898 665 925 et
690 891 775 934 apud
801 901 873 923 suas
901 889 1026 932 priores
1054 887 1152 921 eccle-

413 946 476 979 sias
496 973 503 987 ,
530 952 563 978 ut
600 945 806 988 praefertur,
838 948 909 975 actu
935 939 1156 974 residentibus

415 999 605 1043 plenissime
632 997 818 1040 suffragari3
840 997 879 1029 ab
905 994 1056 1029 omnibus
1081 1003 1156 1026 vero

415 1052 500 1092 aliis,
521 1052 559 1084 ad
586 1061 669 1094 quos
695 1055 844 1093 spectant
869 1054 899 1081 et
924 1058 984 1091 pro
1010 1052 1156 1089 tempore

415 1105 686 1149 quandocumque
702 1103 909 1146 spectabunt,
926 1099 1158 1134 inviolabiliter

417 1164 447 1190 et
473 1158 666 1190 inconcusse
693 1154 856 1189 observari
883 1153 1022 1193 debere,
1048 1152 1157 1195 sicque

417 1217 446 1244 et
473 1221 537 1243 non
564 1209 657 1242 aliter
683 1210 714 1241 in
741 1207 929 1252 praemissis
967 1217 1026 1250 per
1060 1216 1159 1249 quos-

417 1274 554 1307 cumque
579 1262 703 1296 iudices
726 1261 909 1295 ordinarios
929 1266 960 1293 ct
978 1259 1156 1301 delegatos,

417 1317 513 1350 etiam
539 1326 709 1350 causarum
736 1314 845 1358 palatii
872 1312 1042 1357 apostolici
1068 1311 1159 1345 audi-

419 1375 518 1410 tores,
545 1374 576 1402 et
594 1368 795 1408 cardinales,
815 1367 911 1400 etiam
931 1365 969 1399 de
995 1365 1096 1397 latere
1119 1365 1159 1398 lc-

418 1428 528 1465 gatos,
554 1431 681 1455 necnon
716 1430 938 1464 quascumque
965 1418 1159 1451 eorumdem

418 1475 629 1508 cardinalium
656 1474 944 1516 Congregatioucs,
970 1476 1001 1504 et
1027 1470 1159 1514 quosvis

418 1529 498 1562 alios
518 1528 664 1571 qualibet
685 1526 882 1565 auctoritate,
901 1523 1159 1568 praeeminentia

419 1587 450 1614 et
467 1585 627 1623 potestate
648 1579 817 1620 fungentes
837 1583 867 1610 ct
885 1577 1159 1620 quandocumque

420 1635 600 1673 iuncturos,
619 1632 744 1665 sublata
765 1631 811 1664 eis
833 1636 861 1663 et
889 1640 1000 1663 eorum
1027 1630 1161 1663 cuilibet

419 1687 530 1731 quavis
556 1686 648 1719 aliter
673 1684 836 1717 iudicandi
864 1689 895 1717 et
920 1683 1160 1726 interpretandi

420 1740 593 1778 facultate,
619 1737 754 1770 iudicari
788 1742 819 1769 et
853 1735 981 1769 definiri
1016 1735 1159 1774 debere,

419 1793 545 1826 irritum
565 1802 692 1835 quoque
711 1797 742 1824 et
771 1791 866 1823 iuane
890 1789 1047 1833 quidquid
1067 1799 1160 1822 secus

418 1857 518 1890 super
536 1846 586 1878 his
602 1856 618 1878 a
633 1855 807 1888 quoquam,
825 1843 938 1887 quavis
960 1842 1161 1882 auctoritate,

419 1900 560 1932 scienter
592 1900 640 1932 vel
676 1897 887 1941 ignoranter,
914 1895 1088 1939 contigerit
1118 1900 1163 1928 at-

420 1951 549 1985 tentari.

463 2005 477 2048 g
501 2004 532 2038 0.
553 2003 621 2038 Non
640 2003 846 2037 obstantibus
866 2003 1069 2046 praeinserta
1091 2012 1162 2035 cou-

420 2058 589 2091 stitutione
614 2057 702 2090 Pauli
730 2056 834 2099 Papae
860 2056 895 2088 IV
928 2055 1161 2099 praedecesso-

421 2113 463 2145 ris
489 2111 592 2145 nostri
625 2116 657 2143 et
685 2110 889 2153 praeinserto
914 2109 1064 2142 similiter
1090 2118 1164 2142 con-

420 2166 492 2199 silio
526 2175 582 2198 scu
619 2168 693 2197 voto
729 2162 998 2205 Congregationis
1035 2167 1162 2206 septem

421 2220 608 2263 praesulum
641 2228 657 2251 a
683 2217 785 2250 felicis
822 2216 1059 2249 recordationis
1093 2216 1163 2249 Cle-

423 2277 532 2305 mente
558 2272 596 2304 xl
630 2271 884 2314 praedecessore
920 2269 1016 2302 etiam
1052 2275 1163 2302 nostre

422 2327 664 2369 deputatorum,
687 2325 727 2357 ab
753 2334 803 2363 co,
824 2328 859 2355 ut
882 2322 1076 2367 praefertur,
1096 2333 1164 2366 spc-

421 2378 547 2412 cialiter
572 2378 763 2421 approbato,
782 2387 911 2410 necnon
935 2376 1074 2409 decretis
1093 2387 1164 2409 con-

421 2431 637 2465 sistorialibus
665 2430 779 2463 similis
811 2429 987 2463 memoriae
1013 2429 1100 2462 Pauli
1127 2429 1164 2462 ΙΙΙ

422 2491 454 2518 ct
480 2484 580 2517 sancti
607 2483 652 2516 Pii
679 2483 702 2515 Y
728 2483 949 2517 Romanorum
976 2482 1165 2517 Pontificum

422 2537 543 2581 pariter
569 2536 860 2579 praedecessorum
894 2541 1104 2576 nostrorum,
1134 2540 1167 2568 et

423 2589 654 2625 constitutione
681 2588 794 2622 similis
812 2588 989 2622 memoriae
1007 2588 1166 2621 Innocen-

988 204 1166 231 Bt‘tLAtttt'M
1191 204 1300 230 ROMAN
1307 205 1347 230 [ΞΜ

1200 253 1234 286 tii
1261 252 1365 297 Papae
1391 253 1429 294 X,
1456 254 1719 297 praedecessoris
1746 254 1859 287 itidem
1886 264 1941 286 no—

1199 306 1267 345 stri,
1296 317 1393 349 super
1418 306 1595 339 residentia
1621 306 1766 339 eiusdem
1793 306 1823 339 S.
1845 306 1882 339 R.
1903 307 1938 339 E.

1199 359 1411 392 cardinalium
1437 359 1522 403 apud
1555 359 1671 392 Sedent
1697 360 1941 402 Apostolicam,

1199 417 1230 445 et
1246 412 1413 454 quibusvis
1432 412 1553 445 nostris
1573 417 1604 445 et
1623 412 1845 445 Cancellariae
1861 413 1941 455 Apo·

1199 464 1333 498 stolicae
1353 464 1485 507 regulis,
1505 470 1537 497 et
1553 463 1722 506 signanter
1741 464 1794 497 illa
1813 465 1852 497 de
1871 464 1941 496 iure

1199 517 1347 559 quaesito
1367 527 1429 549 non
1449 517 1606 555 tollendo,
1624 522 1656 549 et
1673 516 1746 555 alia,
1767 516 1853 559 quod
1875 527 1942 550 car-

1200 570 1326 602 dinales
1364 572 1395 601 iu
1432 569 1724 602 constitutionibus
1756 575 1787 602 et
1819 569 1941 612 regulis

1199 633 1257 666 per
1282 633 1340 655 nos
1366 622 1503 655 edendis
1521 633 1586 655 non
1611 622 1941 665 comprehendantur,

1201 675 1259 708 nisi
1279 675 1353 708 illae
1372 674 1559 708 eorumdem
1575 674 1786 708 cardinalium
1805 671 1942 708 savorem

1200 733 1408 768 concernunt,
1427 728 1473 760 vel
1500 728 1539 760 de
1565 727 1710 771 ipsorum
1736 739 1791 761 seu
1813 728 1943 762 maioris

1200 780 1301 824 partis
1327 791 1439 814 eorum
1465 781 1603 814 consilio
1629 781 1736 814 editae
1762 781 1893 822 suerint,
1912 786 1944 815 et

1200 833 1368 877 quibusvis
1394 833 1465 866 aliis
1493 833 1783 867 constitutionibus
1809 839 1841 867 et
1857 834 1927 867 ordi

1201 887 1386 920 nationibus
1425 886 1634 930 apostolicis,
1662 887 1758 920 etiam
1784 887 1944 921 consisto-

1202 940 1344 979 rialibus,
1365 946 1396 973 et
1413 940 1485 973 aliis
1505 940 1646 973 decretis
1667 940 1945 973 consistorialibus

1201 993 1481 1037 quibuscumque,
1509 1003 1637 1026 necnon
1670 993 1745 1026 dicti
1772 993 1854 1026 sacri
1880 994 1946 1026 col-

1201 1046 1302 1089 legii,
1327 1046 1424 1080 etiam
1460 1046 1665 1086 iuramento,
1698 1046 1944 1079 confirmatione

1202 1099 1387 1143 apostolica,
1414 1100 1464 1132 vel
1490 1099 1600 1143 quavis
1627 1099 1689 1133 alifi
1714 1099 1864 1132 firmitate
1890 1109 1944 1132 ro-

1201 1152 1340 1192 boratis,
1368 1152 1524 1192 decretis,
1543 1153 1690 1193 statutis,
1707 1151 1834 1192 usibus,
1854 1152 1945 1195 stylis

1203 1211 1235 1238 et
1259 1206 1553 1239 consuetudinibus
1581 1205 1676 1238 etiam
1703 1205 1946 1238 immemorabi-

1203 1257 1298 1298 libus,
1324 1258 1503 1301 privilegiis
1529 1268 1671 1301 quoque,
1698 1263 1730 1290 et
1754 1257 1889 1290 indultis
1909 1269 1946 1290 ae

1203 1310 1321 1343 litteris
1354 1311 1539 1354 apostolicis
1572 1310 1850 1354 quibuscumque,
1885 1310 1945 1343 sub

1204 1363 1368 1407 quibusvis
1400 1363 1568 1397 tenoribus
1603 1368 1633 1397 et
1658 1363 1790 1405 formis,
1816 1368 1847 1396 et
1872 1375 1945 1397 cuni

1203 1417 1491 1462 quibuscumque,
1527 1417 1621 1451 etiam
1664 1417 1945 1460 derogatoriarum

1204 1471 1431 1514 dcrogatoriis,
1457 1471 1595 1514 aliisque
1622 1470 1858 1504 efficacioribus
1884 1471 1946 1504 essi-

1203 1524 1381 1557 cacissimis
1408 1530 1439 1558 et
1463 1524 1603 1558 insolitis
1629 1525 1791 1563 clausulis,
1813 1534 1850 1557 ac
1874 1523 1947 1556 irri-

1205 1578 1347 1610 tantibus
1371 1583 1403 1611 et
1427 1577 1498 1610 aliis
1526 1577 1684 1618 decretis,
1720 1577 1817 1610 etiarn
1841 1582 1944 1618 motu,

1204 1631 1341 1664 scientia
1367 1637 1397 1664 et
1422 1631 1591 1674 potestatis
1617 1630 1821 1674 plenitudine
1839 1630 1947 1663 simili-

1204 1686 1274 1725 bus,
1295 1691 1326 1718 et
1346 1684 1626 1726 consistorialiter,
1646 1694 1681 1716 ac
1705 1683 1785 1716 alias
1810 1694 1948 1726 quomo-

1205 1738 1327 1771 dolibet
1342 1739 1372 1770 iu
1392 1737 1592 1771 contrarium
1609 1736 1863 1780 praemissorum
1878 1746 1947 1769 con-

1205 1791 1316 1832 cessis,
1344 1791 1451 1831 editis,
1471 1789 1669 1823 confirmatis
1687 1796 1717 1822 ct
1742 1789 1945 1833 approbatis,

1206 1855 1241 1876 ac
1267 1844 1388 1887 pluries
1414 1849 1445 1876 et
1466 1843 1739 1886 quantiscumque
1762 1842 1883 1874 vicibus
1902 1841 1948 1874 iu-

1206 1897 1353 1937 novatis3
1382 1897 1498 1940 quibus
1537 1896 1687 1928 omnibus
1724 1900 1756 1927 et
1790 1893 1946 1937 singulis,

1207 1950 1331 1983 etiamsi
1358 1960 1416 1992 pro
1449 1949 1579 1982 illorum
1614 1947 1786 1981 sufficienti
1814 1947 1948 1990 deroga·

1207 2004 1295 2036 tione
1325 2003 1364 2035 de
1383 2002 1446 2035 illis
1472 2012 1652 2044 eorumque
1679 2001 1754 2033 totis
1780 2000 1947 2033 tenoribus

1206 2057 1381 2100 specialis,
1407 2054 1581 2099 specifica,
1616 2064 1768 2097 expressa
1803 2059 1834 2086 et
1865 2053 1949 2086 iudi-

1207 2110 1327 2150 vidua,
1359 2120 1395 2142 ac
1421 2110 1459 2142 de
1485 2109 1586 2141 verbo
1623 2108 1663 2141 ad
1700 2107 1857 2147 verbum,
1883 2117 1948 2140 non

1207 2168 1314 2196 autem
1352 2172 1410 2205 per
1453 2161 1618 2195 clausulas
1655 2161 1825 2203 generales
1861 2160 1947 2194 idem

1207 2217 1443 2259 importanteS,
1465 2214 1586 2247 mentio
1612 2224 1671 2247 seu
1697 2213 1862 2257 quaelibet
1886 2213 1948 2246 alia

1208 2269 1375 2313 expressio
1397 2268 1561 2307 habenda,
1589 2272 1641 2299 aut
1671 2267 1780 2310 aliqua
1805 2266 1869 2299 alia
1901 2276 1948 2299 ex·

1208 2323 1326 2367 quisita
1355 2323 1457 2355 forma
1489 2321 1528 2354 ad
1561 2321 1625 2354 lioc
1658 2319 1817 2353 servanda
1846 2319 1946 2359 soret,

1209 2377 1340 2410 illorum
1367 2375 1511 2409 omnium
1530 2380 1561 2407 et
1579 2375 1780 2417 singulorum
1805 2378 1947 2412 tenores,

1210 2431 1337 2468 formas,
1364 2438 1477 2461 causas
1503 2434 1535 2461 et
1559 2427 1746 2460 occasiones
1771 2425 1945 2469 praesenti-

1947 206 2038 231 Au.t1.
2063 207 2127 236 ¹724

1210 2483 1269 2515 bus
1289 2492 1347 2525 pro
1365 2482 1464 2524 plene
1483 2486 1514 2514 et
1533 2479 1731 2513 sufficienter
1754 2488 1790 2511 ac
1815 2477 1949 2511 exactis·
1994 2494 1996 2496 ·

1209 2535 1291 2567 sime
1310 2534 1479 2577 expressis,
1498 2531 1642 2573 insertis,
1663 2530 1800 2564 servatis
1827 2535 1856 2563 et
1873 2539 1947 2573 spe-

1210 2586 1340 2620 cificatis
1370 2585 1549 2630 respective
1578 2585 1748 2625 habentQS,
1776 2582 1841 2617 illis
1870 2582 1948 2617 alias
