<?xml version="1.0" encoding="UTF-8"?>
<!DOCTYPE html PUBLIC "-//W3C//DTD XHTML 1.0 Transitional//EN"
    "http://www.w3.org/TR/xhtml1/DTD/xhtml1-transitional.dtd">
<html xmlns="http://www.w3.org/1999/xhtml" xml:lang="en" lang="en">
 <head>
  <title>
</title>
<meta http-equiv="Content-Type" content="text/html;charset=utf-8" />
  <meta name='ocr-system' content='tesseract 3.04.00' />
  <meta name='ocr-capabilities' content='ocr_page ocr_carea ocr_par ocr_line ocrx_word'/>
</head>
<body>
  <div class='ocr_page' id='page_1' title='image "./bullarumdiplomat22cath_0892.png"; bbox 0 0 2139 3142; ppageno 0'>
   <div class='ocr_carea' id='block_1_1' title="bbox 182 211 1123 1585">
    <p class='ocr_par' dir='ltr' id='par_1_1' title="bbox 188 211 1123 472">
     <span class='ocr_line' id='line_1_1' title="bbox 188 211 487 249; baseline -0.003 -4"><span class='ocrx_word' id='word_1_1' title='bbox 188 220 238 249; x_wconf 73' lang='lat' dir='ltr'>An.</span> <span class='ocrx_word' id='word_1_2' title='bbox 259 219 286 245; x_wconf 88' lang='lat' dir='ltr'>c.</span> <span class='ocrx_word' id='word_1_3' title='bbox 313 219 377 246; x_wconf 67' lang='lat'>2729</span> <span class='ocrx_word' id='word_1_4' title='bbox 424 211 487 245; x_wconf 74' lang='lat'>85⁶2</span> 
     </span>
     <span class='ocr_line' id='line_1_2' title="bbox 381 267 1123 312; baseline -0.004 -11"><span class='ocrx_word' id='word_1_5' title='bbox 381 269 637 312; x_wconf 66' lang='lat' dir='ltr'>miilgaverimus</span> <span class='ocrx_word' id='word_1_6' title='bbox 655 297 662 307; x_wconf 85' lang='lat'>,</span> <span class='ocrx_word' id='word_1_7' title='bbox 690 279 754 302; x_wconf 91' lang='lat' dir='ltr'>non</span> <span class='ocrx_word' id='word_1_8' title='bbox 783 267 857 302; x_wconf 90' lang='lat' dir='ltr'>ideo</span> <span class='ocrx_word' id='word_1_9' title='bbox 885 272 989 301; x_wconf 85' lang='lat' dir='ltr'>lamen</span> <span class='ocrx_word' id='word_1_10' title='bbox 1016 267 1123 299; x_wconf 87' lang='lat' dir='ltr'>inten-</span> 
     </span>
     <span class='ocr_line' id='line_1_3' title="bbox 381 320 1123 365; baseline -0.003 -11"><span class='ocrx_word' id='word_1_11' title='bbox 381 323 484 355; x_wconf 81' lang='lat' dir='ltr'>dimus</span> <span class='ocrx_word' id='word_1_12' title='bbox 511 334 527 355; x_wconf 85' lang='lat' dir='ltr'>a</span> <span class='ocrx_word' id='word_1_13' title='bbox 554 322 674 355; x_wconf 85' lang='lat' dir='ltr'>debitis</span> <span class='ocrx_word' id='word_1_14' title='bbox 709 321 824 365; x_wconf 83' lang='lat' dir='ltr'>poenis</span> <span class='ocrx_word' id='word_1_15' title='bbox 861 321 1018 364; x_wconf 87' lang='lat' dir='ltr'>iustisque</span> <span class='ocrx_word' id='word_1_16' title='bbox 1056 320 1123 353; x_wconf 91' lang='lat' dir='ltr'>ani-</span> 
     </span>
     <span class='ocr_line' id='line_1_4' title="bbox 382 374 1122 409; baseline -0.003 -2"><span class='ocrx_word' id='word_1_17' title='bbox 382 376 664 409; x_wconf 83' lang='lat' dir='ltr'>madversionibus</span> <span class='ocrx_word' id='word_1_18' title='bbox 691 375 831 408; x_wconf 76' lang='lat' dir='ltr'>eximere</span> <span class='ocrx_word' id='word_1_19' title='bbox 849 385 905 408; x_wconf 90' lang='lat' dir='ltr'>eos</span> <span class='ocrx_word' id='word_1_20' title='bbox 930 374 1122 407; x_wconf 87' lang='lat' dir='ltr'>rationarios</span> 
     </span>
     <span class='ocr_line' id='line_1_5' title="bbox 381 428 1122 472; baseline 0 -11"><span class='ocrx_word' id='word_1_21' title='bbox 381 435 605 472; x_wconf 78' lang='lat' dir='ltr'>computorum</span> <span class='ocrx_word' id='word_1_22' title='bbox 620 429 806 471; x_wconf 68' lang='lat' dir='ltr'>scriptores,</span> <span class='ocrx_word' id='word_1_23' title='bbox 826 428 975 468; x_wconf 76' lang='lat' dir='ltr'>arcarios,</span> <span class='ocrx_word' id='word_1_24' title='bbox 996 433 1122 461; x_wconf 83' lang='lat' dir='ltr'>exacto-</span> 
     </span>
    </p>

    <p class='ocr_par' dir='ltr' id='par_1_2' title="bbox 376 481 1122 1480">
     <span class='ocr_line' id='line_1_6' title="bbox 484 481 1119 525; baseline -0.002 -11"><span class='ocrx_word' id='word_1_25' title='bbox 484 483 653 521; x_wconf 73' lang='lat' dir='ltr'>custodes,</span> <span class='ocrx_word' id='word_1_26' title='bbox 681 481 920 524; x_wconf 85' lang='lat' dir='ltr'>depositarios,</span> <span class='ocrx_word' id='word_1_27' title='bbox 949 482 1119 525; x_wconf 67' lang='lat' dir='ltr'>syndicos,</span> 
     </span>
     <span class='ocr_line' id='line_1_7' title="bbox 381 534 1122 578; baseline -0.001 -11"><span class='ocrx_word' id='word_1_28' title='bbox 381 535 587 573; x_wconf 75' lang='lat' dir='ltr'>camerarios,</span> <span class='ocrx_word' id='word_1_29' title='bbox 616 535 764 578; x_wconf 81' lang='lat' dir='ltr'>aliosque</span> <span class='ocrx_word' id='word_1_30' title='bbox 791 534 946 567; x_wconf 81' lang='lat' dir='ltr'>officiales</span> <span class='ocrx_word' id='word_1_31' title='bbox 973 539 1003 567; x_wconf 84' lang='lat' dir='ltr'>et</span> <span class='ocrx_word' id='word_1_32' title='bbox 1028 535 1122 567; x_wconf 93' lang='lat' dir='ltr'>mini-</span> 
     </span>
     <span class='ocr_line' id='line_1_8' title="bbox 380 587 1120 621; baseline 0.001 -2"><span class='ocrx_word' id='word_1_33' title='bbox 380 594 463 621; x_wconf 79' lang='lat' dir='ltr'>stros</span> <span class='ocrx_word' id='word_1_34' title='bbox 489 588 549 620; x_wconf 87' lang='lat' dir='ltr'>iam</span> <span class='ocrx_word' id='word_1_35' title='bbox 587 588 778 621; x_wconf 86' lang='lat' dir='ltr'>enunciatos</span> <span class='ocrx_word' id='word_1_36' title='bbox 810 587 963 621; x_wconf 75' lang='lat' dir='ltr'>Gamerae</span> <span class='ocrx_word' id='word_1_37' title='bbox 992 592 1120 621; x_wconf 87' lang='lat' dir='ltr'>nostrae</span> 
     </span>
     <span class='ocr_line' id='line_1_9' title="bbox 380 640 1122 683; baseline 0 -11"><span class='ocrx_word' id='word_1_38' title='bbox 380 641 602 683; x_wconf 35' lang='lat' dir='ltr'>*apostolicam</span> <span class='ocrx_word' id='word_1_39' title='bbox 630 640 834 683; x_wconf 79' lang='lat' dir='ltr'>vectigalium</span> <span class='ocrx_word' id='word_1_40' title='bbox 860 640 1065 683; x_wconf 79' lang='lat' dir='ltr'>generalium</span> <span class='ocrx_word' id='word_1_41' title='bbox 1090 645 1122 672; x_wconf 88' lang='lat' dir='ltr'>et</span> 
     </span>
     <span class='ocr_line' id='line_1_10' title="bbox 379 693 1121 737; baseline -0.001 -11"><span class='ocrx_word' id='word_1_42' title='bbox 379 693 621 735; x_wconf 73' lang='lat' dir='ltr'>particularium</span> <span class='ocrx_word' id='word_1_43' title='bbox 646 694 816 737; x_wconf 87' lang='lat' dir='ltr'>utriusque</span> <span class='ocrx_word' id='word_1_44' title='bbox 853 704 1022 733; x_wconf 84' lang='lat' dir='ltr'>annonae,</span> <span class='ocrx_word' id='word_1_45' title='bbox 1057 693 1121 725; x_wconf 84' lang='lat' dir='ltr'>sru-</span> 
     </span>
     <span class='ocr_line' id='line_1_11' title="bbox 378 746 1120 790; baseline 0.001 -12"><span class='ocrx_word' id='word_1_46' title='bbox 378 747 557 779; x_wconf 86' lang='lat' dir='ltr'>inentariae</span> <span class='ocrx_word' id='word_1_47' title='bbox 583 746 736 780; x_wconf 89' lang='lat' dir='ltr'>nimirum</span> <span class='ocrx_word' id='word_1_48' title='bbox 763 753 794 780; x_wconf 88' lang='lat' dir='ltr'>et</span> <span class='ocrx_word' id='word_1_49' title='bbox 818 747 977 790; x_wconf 83' lang='lat' dir='ltr'>grasciae,</span> <span class='ocrx_word' id='word_1_50' title='bbox 1006 747 1120 779; x_wconf 83' lang='lat' dir='ltr'>Montis</span> 
     </span>
     <span class='ocr_line' id='line_1_12' title="bbox 377 800 1119 843; baseline 0.001 -12"><span class='ocrx_word' id='word_1_51' title='bbox 377 800 522 842; x_wconf 76' lang='lat' dir='ltr'>pietatiS,</span> <span class='ocrx_word' id='word_1_52' title='bbox 538 810 722 832; x_wconf 87' lang='lat' dir='ltr'>mensarum</span> <span class='ocrx_word' id='word_1_53' title='bbox 742 800 957 843; x_wconf 88' lang='lat' dir='ltr'>publicarum,</span> <span class='ocrx_word' id='word_1_54' title='bbox 973 800 1119 832; x_wconf 88' lang='lat' dir='ltr'>Datariae</span> 
     </span>
     <span class='ocr_line' id='line_1_13' title="bbox 378 853 1122 896; baseline 0.001 -12"><span class='ocrx_word' id='word_1_55' title='bbox 378 853 594 895; x_wconf 72' lang='lat' dir='ltr'>Apostolicae‚</span> <span class='ocrx_word' id='word_1_56' title='bbox 616 858 646 885; x_wconf 90' lang='lat' dir='ltr'>et</span> <span class='ocrx_word' id='word_1_57' title='bbox 664 853 886 896; x_wconf 82' lang='lat' dir='ltr'>Depositariae</span> <span class='ocrx_word' id='word_1_58' title='bbox 912 853 1071 893; x_wconf 83' lang='lat' dir='ltr'>Urbanae,</span> <span class='ocrx_word' id='word_1_59' title='bbox 1090 858 1122 885; x_wconf 88' lang='lat' dir='ltr'>et</span> 
     </span>
     <span class='ocr_line' id='line_1_14' title="bbox 377 906 1119 939; baseline 0.001 -2"><span class='ocrx_word' id='word_1_60' title='bbox 377 907 647 939; x_wconf 88' lang='lat' dir='ltr'>communitatum</span> <span class='ocrx_word' id='word_1_61' title='bbox 683 907 790 939; x_wconf 85' lang='lat' dir='ltr'>Status</span> <span class='ocrx_word' id='word_1_62' title='bbox 822 906 923 939; x_wconf 91' lang='lat' dir='ltr'>nostri</span> <span class='ocrx_word' id='word_1_63' title='bbox 960 906 1119 939; x_wconf 74' lang='lat' dir='ltr'>Ecclesia-</span> 
     </span>
     <span class='ocr_line' id='line_1_15' title="bbox 377 959 1119 1003; baseline 0.003 -13"><span class='ocrx_word' id='word_1_64' title='bbox 377 959 457 998; x_wconf 73' lang='lat' dir='ltr'>suci,</span> <span class='ocrx_word' id='word_1_65' title='bbox 478 959 530 1002; x_wconf 90' lang='lat' dir='ltr'>qui</span> <span class='ocrx_word' id='word_1_66' title='bbox 551 960 628 992; x_wconf 89' lang='lat' dir='ltr'>olim</span> <span class='ocrx_word' id='word_1_67' title='bbox 646 960 953 1003; x_wconf 77' lang='lat' dir='ltr'>quomodocumque</span> <span class='ocrx_word' id='word_1_68' title='bbox 979 960 1119 1003; x_wconf 78' lang='lat' dir='ltr'>aliquam</span> 
     </span>
     <span class='ocr_line' id='line_1_16' title="bbox 377 1012 1119 1054; baseline 0.001 -11"><span class='ocrx_word' id='word_1_69' title='bbox 377 1022 414 1043; x_wconf 76' lang='lat' dir='ltr'>ex</span> <span class='ocrx_word' id='word_1_70' title='bbox 441 1012 636 1054; x_wconf 80' lang='lat' dir='ltr'>supradictis</span> <span class='ocrx_word' id='word_1_71' title='bbox 673 1012 854 1045; x_wconf 74' lang='lat' dir='ltr'>actionibus</span> <span class='ocrx_word' id='word_1_72' title='bbox 892 1019 923 1045; x_wconf 85' lang='lat' dir='ltr'>et</span> <span class='ocrx_word' id='word_1_73' title='bbox 956 1012 1119 1045; x_wconf 76' lang='lat' dir='ltr'>fraudibus</span> 
     </span>
     <span class='ocr_line' id='line_1_17' title="bbox 377 1065 1119 1108; baseline 0.003 -12"><span class='ocrx_word' id='word_1_74' title='bbox 377 1065 623 1105; x_wconf 71' lang='lat' dir='ltr'>commisissent,</span> <span class='ocrx_word' id='word_1_75' title='bbox 642 1066 678 1098; x_wconf 92' lang='lat' dir='ltr'>de</span> <span class='ocrx_word' id='word_1_76' title='bbox 699 1066 814 1108; x_wconf 86' lang='lat' dir='ltr'>quibus</span> <span class='ocrx_word' id='word_1_77' title='bbox 833 1066 914 1099; x_wconf 82' lang='lat' dir='ltr'>sacta</span> <span class='ocrx_word' id='word_1_78' title='bbox 933 1070 980 1099; x_wconf 82' lang='lat' dir='ltr'>est</span> <span class='ocrx_word' id='word_1_79' title='bbox 998 1066 1119 1099; x_wconf 83' lang='lat' dir='ltr'>mentio</span> 
     </span>
     <span class='ocr_line' id='line_1_18' title="bbox 378 1118 1118 1162; baseline 0.003 -13"><span class='ocrx_word' id='word_1_80' title='bbox 378 1118 408 1149; x_wconf 88' lang='lat' dir='ltr'>in</span> <span class='ocrx_word' id='word_1_81' title='bbox 424 1118 573 1150; x_wconf 90' lang='lat' dir='ltr'>omnibus</span> <span class='ocrx_word' id='word_1_82' title='bbox 592 1124 623 1151; x_wconf 90' lang='lat' dir='ltr'>et</span> <span class='ocrx_word' id='word_1_83' title='bbox 643 1119 779 1161; x_wconf 79' lang='lat' dir='ltr'>singulis</span> <span class='ocrx_word' id='word_1_84' title='bbox 798 1119 925 1152; x_wconf 76' lang='lat' dir='ltr'>casibus</span> <span class='ocrx_word' id='word_1_85' title='bbox 942 1119 1118 1162; x_wconf 45' lang='lat' dir='ltr'>expressi&amp;</span> 
     </span>
     <span class='ocr_line' id='line_1_19' title="bbox 376 1171 1118 1212; baseline 0.005 -11"><span class='ocrx_word' id='word_1_86' title='bbox 376 1171 523 1203; x_wconf 76' lang='lat' dir='ltr'>volumus</span> <span class='ocrx_word' id='word_1_87' title='bbox 549 1172 633 1204; x_wconf 88' lang='lat' dir='ltr'>enim</span> <span class='ocrx_word' id='word_1_88' title='bbox 659 1176 693 1203; x_wconf 92' lang='lat' dir='ltr'>ut</span> <span class='ocrx_word' id='word_1_89' title='bbox 719 1172 826 1212; x_wconf 91' lang='lat' dir='ltr'>iidem,</span> <span class='ocrx_word' id='word_1_90' title='bbox 846 1172 888 1205; x_wconf 89' lang='lat' dir='ltr'>ob</span> <span class='ocrx_word' id='word_1_91' title='bbox 908 1172 1024 1205; x_wconf 86' lang='lat' dir='ltr'>delicta</span> <span class='ocrx_word' id='word_1_92' title='bbox 1042 1172 1118 1205; x_wconf 86' lang='lat' dir='ltr'>otim</span> 
     </span>
     <span class='ocr_line' id='line_1_20' title="bbox 377 1224 1119 1268; baseline 0.003 -13"><span class='ocrx_word' id='word_1_93' title='bbox 377 1224 566 1264; x_wconf 79' lang='lat' dir='ltr'>commissa,</span> <span class='ocrx_word' id='word_1_94' title='bbox 594 1224 710 1257; x_wconf 88' lang='lat' dir='ltr'>iisdem</span> <span class='ocrx_word' id='word_1_95' title='bbox 737 1225 870 1258; x_wconf 90' lang='lat' dir='ltr'>omnino</span> <span class='ocrx_word' id='word_1_96' title='bbox 896 1224 1035 1268; x_wconf 84' lang='lat' dir='ltr'>poeuis¹</span> <span class='ocrx_word' id='word_1_97' title='bbox 1062 1236 1119 1268; x_wconf 91' lang='lat' dir='ltr'>pu-</span> 
     </span>
     <span class='ocr_line' id='line_1_21' title="bbox 377 1276 1118 1321; baseline 0.004 -13"><span class='ocrx_word' id='word_1_98' title='bbox 377 1276 517 1317; x_wconf 87' lang='lat' dir='ltr'>niantur,</span> <span class='ocrx_word' id='word_1_99' title='bbox 529 1288 610 1320; x_wconf 89' lang='lat' dir='ltr'>quae</span> <span class='ocrx_word' id='word_1_100' title='bbox 626 1278 803 1311; x_wconf 87' lang='lat' dir='ltr'>secundum</span> <span class='ocrx_word' id='word_1_101' title='bbox 817 1280 905 1321; x_wconf 82' lang='lat' dir='ltr'>leges</span> <span class='ocrx_word' id='word_1_102' title='bbox 920 1289 1118 1318; x_wconf 87' lang='lat' dir='ltr'>communes,</span> 
     </span>
     <span class='ocr_line' id='line_1_22' title="bbox 376 1330 1120 1374; baseline 0.005 -13"><span class='ocrx_word' id='word_1_103' title='bbox 376 1330 424 1362; x_wconf 72' lang='lat' dir='ltr'>rel</span> <span class='ocrx_word' id='word_1_104' title='bbox 450 1330 681 1374; x_wconf 74' lang='lat' dir='ltr'>municipales,</span> <span class='ocrx_word' id='word_1_105' title='bbox 717 1337 747 1364; x_wconf 86' lang='lat' dir='ltr'>et</span> <span class='ocrx_word' id='word_1_106' title='bbox 772 1332 877 1365; x_wconf 88' lang='lat' dir='ltr'>edicta</span> <span class='ocrx_word' id='word_1_107' title='bbox 909 1333 1057 1365; x_wconf 86' lang='lat' dir='ltr'>locorum</span> <span class='ocrx_word' id='word_1_108' title='bbox 1089 1337 1120 1365; x_wconf 87' lang='lat' dir='ltr'>et</span> 
     </span>
     <span class='ocr_line' id='line_1_23' title="bbox 376 1383 1118 1426; baseline 0.004 -11"><span class='ocrx_word' id='word_1_109' title='bbox 376 1383 616 1426; x_wconf 83' lang='lat' dir='ltr'>provinciarum</span> <span class='ocrx_word' id='word_1_110' title='bbox 651 1390 765 1418; x_wconf 85' lang='lat' dir='ltr'>contra</span> <span class='ocrx_word' id='word_1_111' title='bbox 803 1387 882 1418; x_wconf 88' lang='lat' dir='ltr'>tales</span> <span class='ocrx_word' id='word_1_112' title='bbox 919 1385 1118 1419; x_wconf 78' lang='lat' dir='ltr'>fraudatores</span> 
     </span>
     <span class='ocr_line' id='line_1_24' title="bbox 378 1437 976 1480; baseline 0.005 -12"><span class='ocrx_word' id='word_1_113' title='bbox 378 1442 409 1468; x_wconf 83' lang='lat' dir='ltr'>ct</span> <span class='ocrx_word' id='word_1_114' title='bbox 435 1437 663 1480; x_wconf 74' lang='lat' dir='ltr'>delinquentes</span> <span class='ocrx_word' id='word_1_115' title='bbox 689 1438 829 1471; x_wconf 79' lang='lat' dir='ltr'>inflictae</span> <span class='ocrx_word' id='word_1_116' title='bbox 856 1443 976 1472; x_wconf 82' lang='lat' dir='ltr'>essent.</span> 
     </span>
    </p>

    <p class='ocr_par' dir='ltr' id='par_1_3' title="bbox 182 1490 1119 1585">
     <span class='ocr_line' id='line_1_25' title="bbox 182 1490 1119 1544; baseline 0.005 -26"><span class='ocrx_word' id='word_1_117' title='bbox 182 1497 366 1544; x_wconf 25' lang='grc' dir='ltr'>ἔιιὲιοᾞηξῇριιίῑιηυιῗὲ</span> <span class='ocrx_word' id='word_1_118' title='bbox 420 1490 434 1532; x_wconf 63' lang='lat' dir='ltr'>g</span> <span class='ocrx_word' id='word_1_119' title='bbox 460 1490 514 1523; x_wconf 54' lang='lat'>217.</span> <span class='ocrx_word' id='word_1_120' title='bbox 542 1491 651 1534; x_wconf 85' lang='lat' dir='ltr'>ltaque</span> <span class='ocrx_word' id='word_1_121' title='bbox 677 1502 736 1535; x_wconf 89' lang='lat' dir='ltr'>pro</span> <span class='ocrx_word' id='word_1_122' title='bbox 762 1492 905 1525; x_wconf 92' lang='lat' dir='ltr'>omnium</span> <span class='ocrx_word' id='word_1_123' title='bbox 928 1497 959 1525; x_wconf 84' lang='lat' dir='ltr'>et</span> <span class='ocrx_word' id='word_1_124' title='bbox 977 1492 1119 1535; x_wconf 78' lang='lat' dir='ltr'>singulo-</span> 
     </span>
     <span class='ocr_line' id='line_1_26' title="bbox 182 1532 1119 1585; baseline 0.002 -10"><span class='ocrx_word' id='word_1_125' title='bbox 182 1532 446 1580; x_wconf 67' lang='lat' dir='ltr'>sn.e.“.&#39;-&#39;{s.n-r11m</span> <span class='ocrx_word' id='word_1_126' title='bbox 472 1544 725 1585; x_wconf 83' lang='lat' dir='ltr'>praemissorum</span> <span class='ocrx_word' id='word_1_127' title='bbox 750 1545 850 1578; x_wconf 88' lang='lat' dir='ltr'>celeri</span> <span class='ocrx_word' id='word_1_128' title='bbox 876 1551 907 1579; x_wconf 90' lang='lat' dir='ltr'>et</span> <span class='ocrx_word' id='word_1_129' title='bbox 932 1545 1119 1579; x_wconf 64' lang='lat' dir='ltr'>omnimoda</span> 
     </span>
    </p>
   </div>
   <div class='ocr_carea' id='block_1_2' title="bbox 179 1577 365 1597">
    <p class='ocr_par' dir='ltr' id='par_1_4' title="bbox 179 1577 365 1597">
     <span class='ocr_line' id='line_1_27' title="bbox 179 1577 365 1597; baseline 0.005 -1"><span class='ocrx_word' id='word_1_130' title='bbox 179 1577 221 1597; x_wconf 75' lang='lat' dir='ltr'>rat·</span> <span class='ocrx_word' id='word_1_131' title='bbox 244 1577 365 1597; x_wconf 58' lang='lat' dir='ltr'>eameram</span> 
     </span>
    </p>
   </div>
   <div class='ocr_carea' id='block_1_3' title="bbox 182 1596 1120 1632">
    <p class='ocr_par' dir='ltr' id='par_1_5' title="bbox 182 1596 1120 1632">
     <span class='ocr_line' id='line_1_28' title="bbox 182 1596 1120 1632; baseline 0.005 -6"><span class='ocrx_word' id='word_1_132' title='bbox 182 1603 362 1625; x_wconf 51' lang='lat' dir='ltr'>uffhesaurarm.</span> <span class='ocrx_word' id='word_1_133' title='bbox 377 1596 565 1630; x_wconf 80' lang='lat' dir='ltr'>executione</span> <span class='ocrx_word' id='word_1_134' title='bbox 591 1598 780 1631; x_wconf 84' lang='lat' dir='ltr'>mandamus</span> <span class='ocrx_word' id='word_1_135' title='bbox 819 1599 937 1632; x_wconf 83' lang='lat' dir='ltr'>dilecto</span> <span class='ocrx_word' id='word_1_136' title='bbox 969 1599 1035 1632; x_wconf 80' lang='lat' dir='ltr'>filio</span> <span class='ocrx_word' id='word_1_137' title='bbox 1061 1609 1120 1631; x_wconf 90' lang='lat' dir='ltr'>no-</span> 
     </span>
    </p>
   </div>
   <div class='ocr_carea' id='block_1_4' title="bbox 380 493 456 520">
    <p class='ocr_par' dir='ltr' id='par_1_6' title="bbox 380 493 456 520">
     <span class='ocr_line' id='line_1_29' title="bbox 380 493 456 520; baseline -0.013 -6"><span class='ocrx_word' id='word_1_138' title='bbox 380 493 431 514; x_wconf 67' lang='lat' dir='ltr'>l&#39;cs</span> <span class='ocrx_word' id='word_1_139' title='bbox 450 509 456 520; x_wconf 94' lang='lat'>,</span> 
     </span>
    </p>
   </div>
   <div class='ocr_carea' id='block_1_5' title="bbox 376 1650 1141 1691">
    <p class='ocr_par' dir='ltr' id='par_1_7' title="bbox 376 1650 1141 1691">
     <span class='ocr_line' id='line_1_30' title="bbox 376 1650 1141 1691; baseline 0.003 -9"><span class='ocrx_word' id='word_1_140' title='bbox 376 1656 442 1683; x_wconf 79' lang='lat' dir='ltr'>stro</span> <span class='ocrx_word' id='word_1_141' title='bbox 468 1650 498 1683; x_wconf 80' lang='lat' dir='ltr'>S.</span> <span class='ocrx_word' id='word_1_142' title='bbox 520 1650 557 1683; x_wconf 81' lang='lat' dir='ltr'>R.</span> <span class='ocrx_word' id='word_1_143' title='bbox 580 1650 614 1683; x_wconf 89' lang='lat' dir='ltr'>E.</span> <span class='ocrx_word' id='word_1_144' title='bbox 643 1651 799 1685; x_wconf 82' lang='lat' dir='ltr'>cardinali</span> <span class='ocrx_word' id='word_1_145' title='bbox 826 1652 1016 1691; x_wconf 83' lang='lat' dir='ltr'>camerario,</span> <span class='ocrx_word' id='word_1_146' title='bbox 1047 1662 1141 1685; x_wconf 67' lang='lat' dir='ltr'>nec-,</span> 
     </span>
    </p>
   </div>
   <div class='ocr_carea' id='block_1_6' title="bbox 372 1702 1119 2654">
    <p class='ocr_par' dir='ltr' id='par_1_8' title="bbox 372 1702 1119 2546">
     <span class='ocr_line' id='line_1_31' title="bbox 377 1702 1119 1746; baseline 0.001 -13"><span class='ocrx_word' id='word_1_147' title='bbox 377 1712 440 1734; x_wconf 86' lang='lat' dir='ltr'>non</span> <span class='ocrx_word' id='word_1_148' title='bbox 467 1702 672 1735; x_wconf 82' lang='lat' dir='ltr'>thesaurario</span> <span class='ocrx_word' id='word_1_149' title='bbox 705 1703 848 1746; x_wconf 80' lang='lat' dir='ltr'>generali</span> <span class='ocrx_word' id='word_1_150' title='bbox 882 1702 1036 1736; x_wconf 84' lang='lat' dir='ltr'>Gamerae</span> <span class='ocrx_word' id='word_1_151' title='bbox 1061 1713 1119 1735; x_wconf 85' lang='lat' dir='ltr'>no-</span> 
     </span>
     <span class='ocr_line' id='line_1_32' title="bbox 375 1756 1117 1800; baseline 0.004 -15"><span class='ocrx_word' id='word_1_152' title='bbox 375 1760 458 1787; x_wconf 80' lang='lat' dir='ltr'>strae</span> <span class='ocrx_word' id='word_1_153' title='bbox 481 1756 696 1798; x_wconf 73' lang='lat' dir='ltr'>Apostolicae,</span> <span class='ocrx_word' id='word_1_154' title='bbox 719 1767 804 1790; x_wconf 85' lang='lat' dir='ltr'>nunc</span> <span class='ocrx_word' id='word_1_155' title='bbox 830 1762 861 1790; x_wconf 92' lang='lat' dir='ltr'>et</span> <span class='ocrx_word' id='word_1_156' title='bbox 885 1767 946 1800; x_wconf 89' lang='lat' dir='ltr'>pro</span> <span class='ocrx_word' id='word_1_157' title='bbox 972 1761 1117 1799; x_wconf 89' lang='lat' dir='ltr'>tempore</span> 
     </span>
     <span class='ocr_line' id='line_1_33' title="bbox 376 1808 1118 1851; baseline 0.004 -12"><span class='ocrx_word' id='word_1_158' title='bbox 376 1808 599 1849; x_wconf 76' lang='lat' dir='ltr'>existentibus,</span> <span class='ocrx_word' id='word_1_159' title='bbox 617 1815 653 1842; x_wconf 87' lang='lat' dir='ltr'>ut</span> <span class='ocrx_word' id='word_1_160' title='bbox 676 1815 790 1842; x_wconf 84' lang='lat' dir='ltr'>contra</span> <span class='ocrx_word' id='word_1_161' title='bbox 816 1821 930 1843; x_wconf 88' lang='lat' dir='ltr'>omnes</span> <span class='ocrx_word' id='word_1_162' title='bbox 956 1815 988 1843; x_wconf 86' lang='lat' dir='ltr'>et</span> <span class='ocrx_word' id='word_1_163' title='bbox 1011 1810 1118 1851; x_wconf 79' lang='lat' dir='ltr'>singu—</span> 
     </span>
     <span class='ocr_line' id='line_1_34' title="bbox 374 1862 1114 1904; baseline 0.004 -12"><span class='ocrx_word' id='word_1_164' title='bbox 374 1862 422 1893; x_wconf 87' lang='lat' dir='ltr'>los</span> <span class='ocrx_word' id='word_1_165' title='bbox 446 1862 633 1904; x_wconf 87' lang='lat' dir='ltr'>praedictos</span> <span class='ocrx_word' id='word_1_166' title='bbox 671 1862 836 1896; x_wconf 86' lang='lat' dir='ltr'>ministros</span> <span class='ocrx_word' id='word_1_167' title='bbox 873 1868 905 1896; x_wconf 88' lang='lat' dir='ltr'>et</span> <span class='ocrx_word' id='word_1_168' title='bbox 937 1862 1114 1901; x_wconf 83' lang='lat' dir='ltr'>officiales,</span> 
     </span>
     <span class='ocr_line' id='line_1_35' title="bbox 375 1914 1116 1958; baseline 0.004 -12"><span class='ocrx_word' id='word_1_169' title='bbox 375 1914 429 1956; x_wconf 86' lang='lat' dir='ltr'>qui</span> <span class='ocrx_word' id='word_1_170' title='bbox 460 1915 592 1958; x_wconf 86' lang='lat' dir='ltr'>aliquod</span> <span class='ocrx_word' id='word_1_171' title='bbox 627 1926 663 1948; x_wconf 75' lang='lat' dir='ltr'>ex</span> <span class='ocrx_word' id='word_1_172' title='bbox 700 1917 887 1949; x_wconf 87' lang='lat' dir='ltr'>memoratis</span> <span class='ocrx_word' id='word_1_173' title='bbox 923 1916 1050 1949; x_wconf 82' lang='lat' dir='ltr'>delictis</span> <span class='ocrx_word' id='word_1_174' title='bbox 1083 1916 1116 1949; x_wconf 90' lang='lat' dir='ltr'>in</span> 
     </span>
     <span class='ocr_line' id='line_1_36' title="bbox 375 1968 1117 2012; baseline 0.007 -13"><span class='ocrx_word' id='word_1_175' title='bbox 375 1968 525 2001; x_wconf 87' lang='lat' dir='ltr'>damnum</span> <span class='ocrx_word' id='word_1_176' title='bbox 561 1974 592 2002; x_wconf 88' lang='lat' dir='ltr'>et</span> <span class='ocrx_word' id='word_1_177' title='bbox 617 1969 855 2012; x_wconf 85' lang='lat' dir='ltr'>praeiudicium</span> <span class='ocrx_word' id='word_1_178' title='bbox 887 1969 1034 2004; x_wconf 78' lang='lat' dir='ltr'>eiusdem</span> <span class='ocrx_word' id='word_1_179' title='bbox 1060 1970 1117 2004; x_wconf 81' lang='lat' dir='ltr'>Ca-</span> 
     </span>
     <span class='ocr_line' id='line_1_37' title="bbox 373 2023 1115 2066; baseline 0.007 -13"><span class='ocrx_word' id='word_1_180' title='bbox 373 2031 480 2054; x_wconf 88' lang='lat' dir='ltr'>merac</span> <span class='ocrx_word' id='word_1_181' title='bbox 508 2027 639 2055; x_wconf 90' lang='lat' dir='ltr'>nostrae</span> <span class='ocrx_word' id='word_1_182' title='bbox 669 2024 874 2066; x_wconf 75' lang='lat' dir='ltr'>Apostolicae</span> <span class='ocrx_word' id='word_1_183' title='bbox 904 2023 1028 2057; x_wconf 84' lang='lat' dir='ltr'>directe</span> <span class='ocrx_word' id='word_1_184' title='bbox 1065 2025 1115 2058; x_wconf 84' lang='lat' dir='ltr'>vel</span> 
     </span>
     <span class='ocr_line' id='line_1_38' title="bbox 374 2074 1116 2121; baseline 0.007 -15"><span class='ocrx_word' id='word_1_185' title='bbox 374 2074 530 2108; x_wconf 85' lang='lat' dir='ltr'>indirecte</span> <span class='ocrx_word' id='word_1_186' title='bbox 556 2075 760 2114; x_wconf 83' lang='lat' dir='ltr'>redundans,</span> <span class='ocrx_word' id='word_1_187' title='bbox 787 2077 985 2121; x_wconf 86' lang='lat' dir='ltr'>illorumque</span> <span class='ocrx_word' id='word_1_188' title='bbox 1011 2077 1116 2111; x_wconf 82' lang='lat' dir='ltr'>officia</span> 
     </span>
     <span class='ocr_line' id='line_1_39' title="bbox 372 2127 1115 2172; baseline 0.005 -14"><span class='ocrx_word' id='word_1_189' title='bbox 372 2127 562 2169; x_wconf 83' lang='lat' dir='ltr'>respiciens,</span> <span class='ocrx_word' id='word_1_190' title='bbox 583 2138 715 2172; x_wconf 88' lang='lat' dir='ltr'>quoquo</span> <span class='ocrx_word' id='word_1_191' title='bbox 741 2130 851 2169; x_wconf 85' lang='lat' dir='ltr'>modo,</span> <span class='ocrx_word' id='word_1_192' title='bbox 870 2135 903 2162; x_wconf 90' lang='lat' dir='ltr'>ut</span> <span class='ocrx_word' id='word_1_193' title='bbox 926 2130 1047 2164; x_wconf 89' lang='lat' dir='ltr'>dictum</span> <span class='ocrx_word' id='word_1_194' title='bbox 1066 2136 1115 2163; x_wconf 86' lang='lat' dir='ltr'>est</span> 
     </span>
     <span class='ocr_line' id='line_1_40' title="bbox 373 2182 1115 2227; baseline 0.008 -16"><span class='ocrx_word' id='word_1_195' title='bbox 373 2190 480 2223; x_wconf 85' lang='lat' dir='ltr'>supra,</span> <span class='ocrx_word' id='word_1_196' title='bbox 505 2182 736 2223; x_wconf 87' lang='lat' dir='ltr'>commiserint,</span> <span class='ocrx_word' id='word_1_197' title='bbox 757 2183 977 2216; x_wconf 87' lang='lat' dir='ltr'>autcommitti</span> <span class='ocrx_word' id='word_1_198' title='bbox 997 2189 1029 2217; x_wconf 87' lang='lat' dir='ltr'>et</span> <span class='ocrx_word' id='word_1_199' title='bbox 1045 2195 1115 2227; x_wconf 87' lang='lat' dir='ltr'>per-</span> 
     </span>
     <span class='ocr_line' id='line_1_41' title="bbox 372 2235 1115 2281; baseline 0.005 -16"><span class='ocrx_word' id='word_1_200' title='bbox 372 2235 490 2276; x_wconf 87' lang='lat' dir='ltr'>petrari</span> <span class='ocrx_word' id='word_1_201' title='bbox 517 2237 723 2276; x_wconf 77' lang='lat' dir='ltr'>curaverint,</span> <span class='ocrx_word' id='word_1_202' title='bbox 751 2238 801 2270; x_wconf 81' lang='lat' dir='ltr'>vel</span> <span class='ocrx_word' id='word_1_203' title='bbox 827 2237 859 2269; x_wconf 89' lang='lat' dir='ltr'>in</span> <span class='ocrx_word' id='word_1_204' title='bbox 889 2238 1020 2271; x_wconf 88' lang='lat' dir='ltr'>illorum</span> <span class='ocrx_word' id='word_1_205' title='bbox 1045 2248 1115 2281; x_wconf 76' lang='lat' dir='ltr'>pcr-</span> 
     </span>
     <span class='ocr_line' id='line_1_42' title="bbox 373 2288 1113 2335; baseline 0.008 -17"><span class='ocrx_word' id='word_1_206' title='bbox 373 2288 552 2328; x_wconf 90' lang='lat' dir='ltr'>petratione</span> <span class='ocrx_word' id='word_1_207' title='bbox 581 2299 647 2321; x_wconf 92' lang='lat' dir='ltr'>rem</span> <span class='ocrx_word' id='word_1_208' title='bbox 661 2295 692 2322; x_wconf 84' lang='lat' dir='ltr'>et</span> <span class='ocrx_word' id='word_1_209' title='bbox 706 2290 957 2333; x_wconf 86' lang='lat' dir='ltr'>complicitatem</span> <span class='ocrx_word' id='word_1_210' title='bbox 972 2292 1113 2335; x_wconf 82' lang='lat' dir='ltr'>aliquam</span> 
     </span>
     <span class='ocr_line' id='line_1_43' title="bbox 372 2340 1115 2386; baseline 0.009 -15"><span class='ocrx_word' id='word_1_211' title='bbox 372 2340 569 2380; x_wconf 82' lang='lat' dir='ltr'>habuerint,</span> <span class='ocrx_word' id='word_1_212' title='bbox 595 2343 826 2386; x_wconf 82' lang='lat' dir='ltr'>cuiuscumque</span> <span class='ocrx_word' id='word_1_213' title='bbox 863 2345 1058 2378; x_wconf 87' lang='lat' dir='ltr'>conditionis</span> <span class='ocrx_word' id='word_1_214' title='bbox 1084 2351 1115 2378; x_wconf 90' lang='lat' dir='ltr'>et</span> 
     </span>
     <span class='ocr_line' id='line_1_44' title="bbox 373 2394 1115 2436; baseline 0.011 -12"><span class='ocrx_word' id='word_1_215' title='bbox 373 2394 538 2435; x_wconf 74' lang='lat' dir='ltr'>qualitatis</span> <span class='ocrx_word' id='word_1_216' title='bbox 565 2396 738 2436; x_wconf 86' lang='lat' dir='ltr'>extiterint,</span> <span class='ocrx_word' id='word_1_217' title='bbox 765 2397 913 2431; x_wconf 81' lang='lat' dir='ltr'>videlicet</span> <span class='ocrx_word' id='word_1_218' title='bbox 940 2403 1003 2431; x_wconf 89' lang='lat' dir='ltr'>tam</span> <span class='ocrx_word' id='word_1_219' title='bbox 1044 2409 1115 2432; x_wconf 86' lang='lat' dir='ltr'>sae-</span> 
     </span>
     <span class='ocr_line' id='line_1_45' title="bbox 372 2446 1115 2494; baseline 0.011 -18"><span class='ocrx_word' id='word_1_220' title='bbox 372 2446 495 2478; x_wconf 72' lang='lat' dir='ltr'>culares</span> <span class='ocrx_word' id='word_1_221' title='bbox 526 2458 621 2490; x_wconf 85' lang='lat' dir='ltr'>quam</span> <span class='ocrx_word' id='word_1_222' title='bbox 648 2450 899 2490; x_wconf 81' lang='lat' dir='ltr'>ecclesiasticos,</span> <span class='ocrx_word' id='word_1_223' title='bbox 926 2456 958 2483; x_wconf 86' lang='lat' dir='ltr'>et</span> <span class='ocrx_word' id='word_1_224' title='bbox 983 2462 1115 2494; x_wconf 88' lang='lat' dir='ltr'>quomo-</span> 
     </span>
     <span class='ocr_line' id='line_1_46' title="bbox 373 2497 1113 2546; baseline 0.012 -18"><span class='ocrx_word' id='word_1_225' title='bbox 373 2497 497 2531; x_wconf 83' lang='lat' dir='ltr'>dolibet</span> <span class='ocrx_word' id='word_1_226' title='bbox 522 2500 741 2543; x_wconf 75' lang='lat' dir='ltr'>privilegiatos</span> <span class='ocrx_word' id='word_1_227' title='bbox 758 2501 768 2517; x_wconf 83' lang='lat'>‘·&#39;</span> <span class='ocrx_word' id='word_1_228' title='bbox 793 2508 848 2535; x_wconf 86' lang='lat' dir='ltr'>aut</span> <span class='ocrx_word' id='word_1_229' title='bbox 871 2510 1050 2546; x_wconf 81' lang='lat' dir='ltr'>exemptos,</span> <span class='ocrx_word' id='word_1_230' title='bbox 1075 2505 1113 2537; x_wconf 87' lang='lat' dir='ltr'>ad</span> 
     </span>
    </p>

    <p class='ocr_par' dir='ltr' id='par_1_9' title="bbox 411 2568 1005 2609">
     <span class='ocr_line' id='line_1_47' title="bbox 411 2568 1005 2609; baseline 0.015 -16"><span class='ocrx_word' id='word_1_231' title='bbox 411 2570 418 2593; x_wconf 90' lang='lat' dir='ltr'>l</span> <span class='ocrx_word' id='word_1_232' title='bbox 443 2568 540 2595; x_wconf 65' lang='lat' dir='ltr'>Vocem</span> <span class='ocrx_word' id='word_1_233' title='bbox 558 2571 661 2605; x_wconf 67' lang='lat' dir='ltr'>poenis</span> <span class='ocrx_word' id='word_1_234' title='bbox 682 2579 732 2598; x_wconf 85' lang='lat' dir='ltr'>nos</span> <span class='ocrx_word' id='word_1_235' title='bbox 752 2572 879 2601; x_wconf 85' lang='lat' dir='ltr'>addimus</span> <span class='ocrx_word' id='word_1_236' title='bbox 897 2575 939 2609; x_wconf 83' lang='lat' dir='ltr'>(n.</span> <span class='ocrx_word' id='word_1_237' title='bbox 957 2575 1005 2608; x_wconf 84' lang='lat' dir='ltr'>T.).</span> 
     </span>
    </p>

    <p class='ocr_par' dir='ltr' id='par_1_10' title="bbox 406 2612 989 2654">
     <span class='ocr_line' id='line_1_48' title="bbox 406 2612 989 2654; baseline 0.015 -16"><span class='ocrx_word' id='word_1_238' title='bbox 406 2614 423 2638; x_wconf 73' lang='lat'><strong>2</strong></span> <span class='ocrx_word' id='word_1_239' title='bbox 438 2612 508 2640; x_wconf 79' lang='lat' dir='ltr'>Male</span> <span class='ocrx_word' id='word_1_240' title='bbox 523 2614 566 2640; x_wconf 85' lang='lat' dir='ltr'>ed.</span> <span class='ocrx_word' id='word_1_241' title='bbox 584 2613 617 2641; x_wconf 81' lang='grc' dir='ltr'>Μ.</span> <span class='ocrx_word' id='word_1_242' title='bbox 634 2614 700 2650; x_wconf 80' lang='lat' dir='ltr'>legit</span> <span class='ocrx_word' id='word_1_243' title='bbox 718 2619 748 2645; x_wconf 80' lang='lat' dir='ltr'>ut</span> <span class='ocrx_word' id='word_1_244' title='bbox 764 2625 813 2651; x_wconf 83' lang='lat' dir='ltr'>pro</span> <span class='ocrx_word' id='word_1_245' title='bbox 828 2620 880 2647; x_wconf 70' lang='lat' dir='ltr'>auc</span> <span class='ocrx_word' id='word_1_246' title='bbox 896 2619 989 2654; x_wconf 50' lang='lat' dir='ltr'>(mv),</span> 
     </span>
    </p>
   </div>
   <div class='ocr_carea' id='block_1_7' title="bbox 969 216 1333 243">
    <p class='ocr_par' dir='ltr' id='par_1_11' title="bbox 969 216 1333 243">
     <span class='ocr_line' id='line_1_49' title="bbox 969 216 1333 243; baseline 0 -1"><span class='ocrx_word' id='word_1_247' title='bbox 969 216 1152 243; x_wconf 72' lang='lat' dir='ltr'>ntJLLAmUM</span> <span class='ocrx_word' id='word_1_248' title='bbox 1176 216 1333 242; x_wconf 74' lang='lat' dir='ltr'><strong>ROMANUM</strong></span> 
     </span>
    </p>
   </div>
   <div class='ocr_carea' id='block_1_8' title="bbox 1137 275 1148 2180">
    <p class='ocr_par' dir='ltr' id='par_1_12' title="bbox 1137 275 1148 2180">
     <span class='ocr_line' id='line_1_50' title="bbox 1137 275 1148 2180; baseline 0 0"><span class='ocrx_word' id='word_1_249' title='bbox 1137 275 1148 2180; x_wconf 95' lang='lat' dir='ltr'> </span> 
     </span>
    </p>
   </div>
   <div class='ocr_carea' id='block_1_9' title="bbox 1165 219 2101 738">
    <p class='ocr_par' dir='ltr' id='par_1_13' title="bbox 1165 219 2101 738">
     <span class='ocr_line' id='line_1_51' title="bbox 1917 219 2101 251; baseline 0.022 -4"><span class='ocrx_word' id='word_1_250' title='bbox 1917 220 1966 248; x_wconf 81' lang='grc' dir='ltr'>Αη.</span> <span class='ocrx_word' id='word_1_251' title='bbox 1983 220 2014 248; x_wconf 88' lang='lat' dir='ltr'>C.</span> <span class='ocrx_word' id='word_1_252' title='bbox 2035 219 2101 251; x_wconf 70' lang='lat'>1729</span> 
     </span>
     <span class='ocr_line' id='line_1_52' title="bbox 1167 266 1908 314; baseline 0.005 -15"><span class='ocrx_word' id='word_1_253' title='bbox 1167 266 1291 300; x_wconf 85' lang='lat' dir='ltr'>debitas</span> <span class='ocrx_word' id='word_1_254' title='bbox 1317 266 1349 300; x_wconf 91' lang='lat' dir='ltr'>in</span> <span class='ocrx_word' id='word_1_255' title='bbox 1368 277 1422 301; x_wconf 79' lang='lat' dir='ltr'>eos</span> <span class='ocrx_word' id='word_1_256' title='bbox 1441 278 1563 312; x_wconf 85' lang='lat' dir='ltr'>poenas</span> <span class='ocrx_word' id='word_1_257' title='bbox 1594 274 1654 303; x_wconf 87' lang='lat' dir='ltr'>tam</span> <span class='ocrx_word' id='word_1_258' title='bbox 1672 279 1730 313; x_wconf 88' lang='lat' dir='ltr'>per</span> <span class='ocrx_word' id='word_1_259' title='bbox 1747 278 1782 303; x_wconf 88' lang='lat' dir='ltr'>se</span> <span class='ocrx_word' id='word_1_260' title='bbox 1811 279 1908 314; x_wconf 83' lang='lat' dir='ltr'>quam</span> 
     </span>
     <span class='ocr_line' id='line_1_53' title="bbox 1166 323 1908 368; baseline 0.005 -14"><span class='ocrx_word' id='word_1_261' title='bbox 1166 332 1226 365; x_wconf 86' lang='lat' dir='ltr'>per</span> <span class='ocrx_word' id='word_1_262' title='bbox 1250 332 1326 355; x_wconf 88' lang='lat' dir='ltr'>suos</span> <span class='ocrx_word' id='word_1_263' title='bbox 1352 323 1617 357; x_wconf 86' lang='lat' dir='ltr'>locumteneutes</span> <span class='ocrx_word' id='word_1_264' title='bbox 1655 324 1776 358; x_wconf 85' lang='lat' dir='ltr'>iudices</span> <span class='ocrx_word' id='word_1_265' title='bbox 1809 329 1908 368; x_wconf 87' lang='lat' dir='ltr'>atque</span> 
     </span>
     <span class='ocr_line' id='line_1_54' title="bbox 1166 375 1908 420; baseline 0.005 -14"><span class='ocrx_word' id='word_1_266' title='bbox 1166 375 1247 407; x_wconf 87' lang='lat' dir='ltr'>alios</span> <span class='ocrx_word' id='word_1_267' title='bbox 1275 375 1407 408; x_wconf 88' lang='lat' dir='ltr'>arbitrio</span> <span class='ocrx_word' id='word_1_268' title='bbox 1433 375 1585 417; x_wconf 84' lang='lat' dir='ltr'>illorum,</span> <span class='ocrx_word' id='word_1_269' title='bbox 1611 383 1708 420; x_wconf 90' lang='lat' dir='ltr'>prout</span> <span class='ocrx_word' id='word_1_270' title='bbox 1732 378 1908 411; x_wconf 85' lang='lat' dir='ltr'>necessitas</span> 
     </span>
     <span class='ocr_line' id='line_1_55' title="bbox 1166 429 1909 472; baseline 0.007 -13"><span class='ocrx_word' id='word_1_271' title='bbox 1166 438 1296 460; x_wconf 82' lang='lat' dir='ltr'>casuum</span> <span class='ocrx_word' id='word_1_272' title='bbox 1323 429 1476 471; x_wconf 74' lang='lat' dir='ltr'>exegerit,</span> <span class='ocrx_word' id='word_1_273' title='bbox 1504 430 1534 461; x_wconf 92' lang='lat' dir='ltr'>in</span> <span class='ocrx_word' id='word_1_274' title='bbox 1562 430 1707 472; x_wconf 83' lang='lat' dir='ltr'>partibus</span> <span class='ocrx_word' id='word_1_275' title='bbox 1734 431 1831 463; x_wconf 85' lang='lat' dir='ltr'>ctiam</span> <span class='ocrx_word' id='word_1_276' title='bbox 1853 431 1909 464; x_wconf 87' lang='lat' dir='ltr'>de-</span> 
     </span>
     <span class='ocr_line' id='line_1_56' title="bbox 1166 481 1907 526; baseline 0.004 -13"><span class='ocrx_word' id='word_1_277' title='bbox 1166 481 1324 523; x_wconf 76' lang='lat' dir='ltr'>legandos</span> <span class='ocrx_word' id='word_1_278' title='bbox 1351 485 1382 514; x_wconf 88' lang='lat' dir='ltr'>et</span> <span class='ocrx_word' id='word_1_279' title='bbox 1405 482 1677 525; x_wconf 83' lang='lat' dir='ltr'>subdelegandos,</span> <span class='ocrx_word' id='word_1_280' title='bbox 1707 483 1907 526; x_wconf 86' lang='lat' dir='ltr'>procedant,</span> 
     </span>
     <span class='ocr_line' id='line_1_57' title="bbox 1165 533 1909 579; baseline 0.007 -15"><span class='ocrx_word' id='word_1_281' title='bbox 1165 533 1367 577; x_wconf 86' lang='lat' dir='ltr'>procedique</span> <span class='ocrx_word' id='word_1_282' title='bbox 1395 535 1560 574; x_wconf 85' lang='lat' dir='ltr'>mandent,</span> <span class='ocrx_word' id='word_1_283' title='bbox 1587 541 1619 567; x_wconf 89' lang='lat' dir='ltr'>et</span> <span class='ocrx_word' id='word_1_284' title='bbox 1643 535 1729 568; x_wconf 78' lang='lat' dir='ltr'>iuxta</span> <span class='ocrx_word' id='word_1_285' title='bbox 1754 546 1909 579; x_wconf 85' lang='lat' dir='ltr'>praesen-</span> 
     </span>
     <span class='ocr_line' id='line_1_58' title="bbox 1166 587 1909 622; baseline 0.005 -4"><span class='ocrx_word' id='word_1_286' title='bbox 1166 592 1229 619; x_wconf 89' lang='lat' dir='ltr'>tem</span> <span class='ocrx_word' id='word_1_287' title='bbox 1250 593 1391 620; x_wconf 86' lang='lat' dir='ltr'>nostram</span> <span class='ocrx_word' id='word_1_288' title='bbox 1418 587 1683 621; x_wconf 85' lang='lat' dir='ltr'>constitutionem</span> <span class='ocrx_word' id='word_1_289' title='bbox 1704 589 1827 622; x_wconf 74' lang='lat' dir='ltr'>iustitia</span> <span class='ocrx_word' id='word_1_290' title='bbox 1843 600 1909 622; x_wconf 90' lang='lat' dir='ltr'>me-</span> 
     </span>
     <span class='ocr_line' id='line_1_59' title="bbox 1165 639 1849 675; baseline 0.006 -4"><span class='ocrx_word' id='word_1_291' title='bbox 1165 639 1274 672; x_wconf 86' lang='lat' dir='ltr'>diante</span> <span class='ocrx_word' id='word_1_292' title='bbox 1298 640 1470 673; x_wconf 81' lang='lat' dir='ltr'>deveniant</span> <span class='ocrx_word' id='word_1_293' title='bbox 1494 646 1525 673; x_wconf 85' lang='lat' dir='ltr'>et</span> <span class='ocrx_word' id='word_1_294' title='bbox 1549 641 1692 674; x_wconf 87' lang='lat' dir='ltr'>deveniri</span> <span class='ocrx_word' id='word_1_295' title='bbox 1719 642 1849 675; x_wconf 76' lang='lat' dir='ltr'>saciant.</span> 
     </span>
     <span class='ocr_line' id='line_1_60' title="bbox 1208 692 2100 738; baseline 0.006 -14"><span class='ocrx_word' id='word_1_296' title='bbox 1208 692 1223 735; x_wconf 63' lang='grc' dir='ltr'><strong>ἓ</strong></span> <span class='ocrx_word' id='word_1_297' title='bbox 1241 692 1294 725; x_wconf 78' lang='grc'>18.</span> <span class='ocrx_word' id='word_1_298' title='bbox 1316 693 1518 736; x_wconf 78' lang='lat' dir='ltr'>iniungimus</span> <span class='ocrx_word' id='word_1_299' title='bbox 1537 694 1662 734; x_wconf 88' lang='lat' dir='ltr'>itidem,</span> <span class='ocrx_word' id='word_1_300' title='bbox 1679 704 1738 738; x_wconf 89' lang='lat' dir='ltr'>pro</span> <span class='ocrx_word' id='word_1_301' title='bbox 1758 694 1907 729; x_wconf 84' lang='lat' dir='ltr'>ulteriori</span> <span class='ocrx_word' id='word_1_302' title='bbox 1932 706 2100 729; x_wconf 62' lang='lat' dir='ltr'>incommmu-</span> 
     </span>
    </p>
   </div>
   <div class='ocr_carea' id='block_1_10' title="bbox 1919 734 2100 755">
    <p class='ocr_par' dir='ltr' id='par_1_14' title="bbox 1919 734 2100 755">
     <span class='ocr_line' id='line_1_61' title="bbox 1919 734 2100 755; baseline 0.017 -3"><span class='ocrx_word' id='word_1_303' title='bbox 1919 734 1948 753; x_wconf 82' lang='lat' dir='ltr'>iio</span> <span class='ocrx_word' id='word_1_304' title='bbox 1974 734 2100 755; x_wconf 68' lang='lat' dir='ltr'>inviolabili-</span> 
     </span>
    </p>
   </div>
   <div class='ocr_carea' id='block_1_11' title="bbox 1165 746 2100 790">
    <p class='ocr_par' dir='ltr' id='par_1_15' title="bbox 1165 746 2100 790">
     <span class='ocr_line' id='line_1_62' title="bbox 1165 746 2100 790; baseline 0.005 -13"><span class='ocrx_word' id='word_1_305' title='bbox 1165 746 1421 788; x_wconf 79' lang='lat' dir='ltr'>praemissorum</span> <span class='ocrx_word' id='word_1_306' title='bbox 1458 746 1669 790; x_wconf 82' lang='lat' dir='ltr'>implemento</span> <span class='ocrx_word' id='word_1_307' title='bbox 1687 775 1694 787; x_wconf 91' lang='lat'>,</span> <span class='ocrx_word' id='word_1_308' title='bbox 1721 753 1782 781; x_wconf 90' lang='lat' dir='ltr'>tam</span> <span class='ocrx_word' id='word_1_309' title='bbox 1810 748 1950 781; x_wconf 65' lang='lat' dir='ltr'>huiusoer</span> <span class='ocrx_word' id='word_1_310' title='bbox 1978 761 2100 782; x_wconf 64' lang='lat' dir='ltr'>observetur</span> 
     </span>
    </p>
   </div>
   <div class='ocr_carea' id='block_1_12' title="bbox 1918 786 2134 807">
    <p class='ocr_par' dir='ltr' id='par_1_16' title="bbox 1918 786 2134 807">
     <span class='ocr_line' id='line_1_63' title="bbox 1918 786 2134 807; baseline 0.005 -1"><span class='ocrx_word' id='word_1_311' title='bbox 1918 786 1938 806; x_wconf 88' lang='lat' dir='ltr'>in</span> <span class='ocrx_word' id='word_1_312' title='bbox 1948 786 2004 807; x_wconf 80' lang='lat' dir='ltr'>Urbe</span> <span class='ocrx_word' id='word_1_313' title='bbox 2013 789 2032 807; x_wconf 78' lang='lat' dir='ltr'>et</span> <span class='ocrx_word' id='word_1_314' title='bbox 2042 787 2061 806; x_wconf 83' lang='lat' dir='ltr'>in</span> <span class='ocrx_word' id='word_1_315' title='bbox 2069 790 2100 807; x_wconf 72' lang='lat' dir='ltr'>tu·</span> <span class='ocrx_word' id='word_1_316' title='bbox 2132 793 2134 795; x_wconf 71' lang='grc'><strong><em>’</em></strong></span> 
     </span>
    </p>
   </div>
   <div class='ocr_carea' id='block_1_13' title="bbox 1158 798 2098 2547">
    <p class='ocr_par' dir='ltr' id='par_1_17' title="bbox 1163 798 2098 1856">
     <span class='ocr_line' id='line_1_64' title="bbox 1164 798 2098 844; baseline 0.005 -14"><span class='ocrx_word' id='word_1_317' title='bbox 1164 799 1268 831; x_wconf 89' lang='lat' dir='ltr'>almae</span> <span class='ocrx_word' id='word_1_318' title='bbox 1294 798 1386 831; x_wconf 82' lang='lat' dir='ltr'>Urbis</span> <span class='ocrx_word' id='word_1_319' title='bbox 1407 806 1536 833; x_wconf 82' lang='lat' dir='ltr'>nostrae</span> <span class='ocrx_word' id='word_1_320' title='bbox 1560 802 1772 844; x_wconf 80' lang='lat' dir='ltr'>gubernatori</span> <span class='ocrx_word' id='word_1_321' title='bbox 1801 805 1832 835; x_wconf 86' lang='lat' dir='ltr'>et</span> <span class='ocrx_word' id='word_1_322' title='bbox 1849 801 2098 836; x_wconf 64' lang='lat' dir='ltr'>Cu-toseuiuSAEAE.</span> 
     </span>
     <span class='ocr_line' id='line_1_65' title="bbox 1165 851 1909 897; baseline 0.007 -14"><span class='ocrx_word' id='word_1_323' title='bbox 1165 851 1231 884; x_wconf 85' lang='lat' dir='ltr'>riae</span> <span class='ocrx_word' id='word_1_324' title='bbox 1257 862 1426 885; x_wconf 82' lang='lat' dir='ltr'>causarum</span> <span class='ocrx_word' id='word_1_325' title='bbox 1446 852 1600 886; x_wconf 85' lang='lat' dir='ltr'>Gamerae</span> <span class='ocrx_word' id='word_1_326' title='bbox 1626 854 1832 897; x_wconf 78' lang='lat' dir='ltr'>Apostolicae</span> <span class='ocrx_word' id='word_1_327' title='bbox 1854 865 1909 897; x_wconf 85' lang='lat' dir='ltr'>ge-</span> 
     </span>
     <span class='ocr_line' id='line_1_66' title="bbox 1164 906 1909 951; baseline 0.005 -14"><span class='ocrx_word' id='word_1_328' title='bbox 1164 906 1268 938; x_wconf 90' lang='lat' dir='ltr'>nerali</span> <span class='ocrx_word' id='word_1_329' title='bbox 1295 906 1445 945; x_wconf 88' lang='lat' dir='ltr'>auditori,</span> <span class='ocrx_word' id='word_1_330' title='bbox 1470 907 1651 951; x_wconf 78' lang='lat' dir='ltr'>ceterisque</span> <span class='ocrx_word' id='word_1_331' title='bbox 1673 907 1766 941; x_wconf 85' lang='lat' dir='ltr'>Urbis</span> <span class='ocrx_word' id='word_1_332' title='bbox 1792 908 1909 941; x_wconf 90' lang='lat' dir='ltr'>iudici-</span> 
     </span>
     <span class='ocr_line' id='line_1_67' title="bbox 1164 958 1909 1004; baseline 0.005 -14"><span class='ocrx_word' id='word_1_333' title='bbox 1164 958 1222 990; x_wconf 88' lang='lat' dir='ltr'>bus</span> <span class='ocrx_word' id='word_1_334' title='bbox 1235 959 1272 991; x_wconf 84' lang='lat' dir='ltr'>ad</span> <span class='ocrx_word' id='word_1_335' title='bbox 1289 969 1372 1002; x_wconf 85' lang='lat' dir='ltr'>quos</span> <span class='ocrx_word' id='word_1_336' title='bbox 1388 959 1427 992; x_wconf 90' lang='lat' dir='ltr'>de</span> <span class='ocrx_word' id='word_1_337' title='bbox 1444 959 1513 992; x_wconf 87' lang='lat' dir='ltr'>iure</span> <span class='ocrx_word' id='word_1_338' title='bbox 1528 965 1663 1003; x_wconf 83' lang='lat' dir='ltr'>spectat,</span> <span class='ocrx_word' id='word_1_339' title='bbox 1679 959 1792 1004; x_wconf 75' lang='lat' dir='ltr'>quam⁴</span> <span class='ocrx_word' id='word_1_340' title='bbox 1807 961 1909 994; x_wconf 93' lang='lat' dir='ltr'>omni-</span> 
     </span>
     <span class='ocr_line' id='line_1_68' title="bbox 1164 1011 1909 1055; baseline 0.003 -12"><span class='ocrx_word' id='word_1_341' title='bbox 1164 1011 1221 1044; x_wconf 89' lang='lat' dir='ltr'>bus</span> <span class='ocrx_word' id='word_1_342' title='bbox 1248 1012 1343 1044; x_wconf 89' lang='lat' dir='ltr'>etiam</span> <span class='ocrx_word' id='word_1_343' title='bbox 1370 1018 1401 1044; x_wconf 86' lang='lat' dir='ltr'>et</span> <span class='ocrx_word' id='word_1_344' title='bbox 1426 1013 1563 1055; x_wconf 79' lang='lat' dir='ltr'>singulis</span> <span class='ocrx_word' id='word_1_345' title='bbox 1589 1014 1710 1047; x_wconf 86' lang='lat' dir='ltr'>nostris</span> <span class='ocrx_word' id='word_1_346' title='bbox 1750 1018 1782 1047; x_wconf 88' lang='lat' dir='ltr'>et</span> <span class='ocrx_word' id='word_1_347' title='bbox 1817 1013 1909 1047; x_wconf 87' lang='lat' dir='ltr'>Sedis</span> 
     </span>
     <span class='ocr_line' id='line_1_69' title="bbox 1164 1065 1906 1110; baseline 0.001 -13"><span class='ocrx_word' id='word_1_348' title='bbox 1164 1065 1373 1107; x_wconf 81' lang='lat' dir='ltr'>Apostolicae</span> <span class='ocrx_word' id='word_1_349' title='bbox 1392 1065 1423 1097; x_wconf 89' lang='lat' dir='ltr'>in</span> <span class='ocrx_word' id='word_1_350' title='bbox 1446 1065 1704 1110; x_wconf 84' lang='lat' dir='ltr'>quibuscumque</span> <span class='ocrx_word' id='word_1_351' title='bbox 1722 1066 1906 1110; x_wconf 85' lang='lat' dir='ltr'>provinciis,</span> 
     </span>
     <span class='ocr_line' id='line_1_70' title="bbox 1165 1119 1909 1163; baseline 0.004 -13"><span class='ocrx_word' id='word_1_352' title='bbox 1165 1119 1280 1161; x_wconf 80' lang='lat' dir='ltr'>legatis</span> <span class='ocrx_word' id='word_1_353' title='bbox 1306 1123 1338 1150; x_wconf 88' lang='lat' dir='ltr'>et</span> <span class='ocrx_word' id='word_1_354' title='bbox 1364 1119 1573 1162; x_wconf 83' lang='lat' dir='ltr'>vicelegatis,</span> <span class='ocrx_word' id='word_1_355' title='bbox 1602 1130 1731 1153; x_wconf 87' lang='lat' dir='ltr'>necnon</span> <span class='ocrx_word' id='word_1_356' title='bbox 1757 1130 1909 1163; x_wconf 84' lang='lat' dir='ltr'>quorum-</span> 
     </span>
     <span class='ocr_line' id='line_1_71' title="bbox 1164 1171 1906 1216; baseline 0.007 -15"><span class='ocrx_word' id='word_1_357' title='bbox 1164 1181 1302 1213; x_wconf 81' lang='lat' dir='ltr'>cumque</span> <span class='ocrx_word' id='word_1_358' title='bbox 1321 1171 1497 1211; x_wconf 87' lang='lat' dir='ltr'>civitatum‚</span> <span class='ocrx_word' id='word_1_359' title='bbox 1515 1178 1686 1213; x_wconf 83' lang='lat' dir='ltr'>terrarum,</span> <span class='ocrx_word' id='word_1_360' title='bbox 1709 1173 1906 1216; x_wconf 87' lang='lat' dir='ltr'>oppidorum</span> 
     </span>
     <span class='ocr_line' id='line_1_72' title="bbox 1164 1224 1907 1259; baseline 0.005 -4"><span class='ocrx_word' id='word_1_361' title='bbox 1164 1229 1196 1255; x_wconf 83' lang='lat' dir='ltr'>et</span> <span class='ocrx_word' id='word_1_362' title='bbox 1220 1224 1366 1256; x_wconf 87' lang='lat' dir='ltr'>locorum</span> <span class='ocrx_word' id='word_1_363' title='bbox 1403 1225 1498 1257; x_wconf 88' lang='lat' dir='ltr'>nobis</span> <span class='ocrx_word' id='word_1_364' title='bbox 1525 1231 1556 1257; x_wconf 90' lang='lat' dir='ltr'>ct</span> <span class='ocrx_word' id='word_1_365' title='bbox 1595 1226 1700 1258; x_wconf 86' lang='lat' dir='ltr'>eidem</span> <span class='ocrx_word' id='word_1_366' title='bbox 1736 1226 1811 1259; x_wconf 89' lang='lat' dir='ltr'>Sedi</span> <span class='ocrx_word' id='word_1_367' title='bbox 1845 1231 1907 1259; x_wconf 88' lang='lat' dir='ltr'>tam</span> 
     </span>
     <span class='ocr_line' id='line_1_73' title="bbox 1163 1277 1907 1320; baseline 0.005 -12"><span class='ocrx_word' id='word_1_368' title='bbox 1163 1277 1301 1309; x_wconf 88' lang='lat' dir='ltr'>mediate</span> <span class='ocrx_word' id='word_1_369' title='bbox 1336 1288 1433 1320; x_wconf 85' lang='lat' dir='ltr'>quam</span> <span class='ocrx_word' id='word_1_370' title='bbox 1471 1278 1657 1312; x_wconf 86' lang='lat' dir='ltr'>immediate</span> <span class='ocrx_word' id='word_1_371' title='bbox 1683 1279 1907 1312; x_wconf 88' lang='lat' dir='ltr'>subiectorum</span> 
     </span>
     <span class='ocr_line' id='line_1_74' title="bbox 1164 1330 1906 1376; baseline 0.007 -15"><span class='ocrx_word' id='word_1_372' title='bbox 1164 1330 1451 1372; x_wconf 80' lang='lat' dir='ltr'>gubernatoribus,</span> <span class='ocrx_word' id='word_1_373' title='bbox 1474 1332 1690 1374; x_wconf 46' lang='lat' dir='ltr'>praetoribus</span> <span class='ocrx_word' id='word_1_374' title='bbox 1717 1333 1906 1376; x_wconf 83' lang='lat' dir='ltr'>capitaneis,</span> 
     </span>
     <span class='ocr_line' id='line_1_75' title="bbox 1163 1384 1908 1430; baseline 0.005 -14"><span class='ocrx_word' id='word_1_375' title='bbox 1163 1384 1401 1424; x_wconf 86' lang='lat' dir='ltr'>commissariis,</span> <span class='ocrx_word' id='word_1_376' title='bbox 1425 1390 1456 1418; x_wconf 85' lang='lat' dir='ltr'>et</span> <span class='ocrx_word' id='word_1_377' title='bbox 1481 1386 1552 1418; x_wconf 89' lang='lat' dir='ltr'>aliis</span> <span class='ocrx_word' id='word_1_378' title='bbox 1578 1386 1836 1430; x_wconf 85' lang='lat' dir='ltr'>quibuscumque</span> <span class='ocrx_word' id='word_1_379' title='bbox 1861 1387 1908 1420; x_wconf 89' lang='lat' dir='ltr'>iu-</span> 
     </span>
     <span class='ocr_line' id='line_1_76' title="bbox 1164 1437 1909 1483; baseline 0.007 -15"><span class='ocrx_word' id='word_1_380' title='bbox 1164 1437 1304 1477; x_wconf 84' lang='lat' dir='ltr'>dicibus,</span> <span class='ocrx_word' id='word_1_381' title='bbox 1325 1439 1437 1480; x_wconf 83' lang='lat' dir='ltr'>quavis</span> <span class='ocrx_word' id='word_1_382' title='bbox 1465 1439 1561 1471; x_wconf 88' lang='lat' dir='ltr'>etiam</span> <span class='ocrx_word' id='word_1_383' title='bbox 1580 1439 1790 1482; x_wconf 80' lang='lat' dir='ltr'>subdelegata</span> <span class='ocrx_word' id='word_1_384' title='bbox 1815 1445 1909 1483; x_wconf 84' lang='lat' dir='ltr'>pote-</span> 
     </span>
     <span class='ocr_line' id='line_1_77' title="bbox 1163 1491 1906 1535; baseline 0.005 -13"><span class='ocrx_word' id='word_1_385' title='bbox 1163 1496 1244 1523; x_wconf 81' lang='lat' dir='ltr'>state</span> <span class='ocrx_word' id='word_1_386' title='bbox 1271 1491 1489 1534; x_wconf 78' lang='lat' dir='ltr'>sungentibus,</span> <span class='ocrx_word' id='word_1_387' title='bbox 1507 1497 1542 1524; x_wconf 91' lang='lat' dir='ltr'>ut</span> <span class='ocrx_word' id='word_1_388' title='bbox 1565 1498 1755 1535; x_wconf 83' lang='lat' dir='ltr'>praesentes</span> <span class='ocrx_word' id='word_1_389' title='bbox 1780 1498 1906 1527; x_wconf 82' lang='lat' dir='ltr'>nostras</span> 
     </span>
     <span class='ocr_line' id='line_1_78' title="bbox 1163 1544 1905 1588; baseline 0.003 -12"><span class='ocrx_word' id='word_1_390' title='bbox 1163 1544 1398 1577; x_wconf 86' lang='lat' dir='ltr'>inviolabiliter</span> <span class='ocrx_word' id='word_1_391' title='bbox 1418 1544 1451 1576; x_wconf 89' lang='lat' dir='ltr'>in</span> <span class='ocrx_word' id='word_1_392' title='bbox 1477 1545 1541 1578; x_wconf 91' lang='lat' dir='ltr'>suis</span> <span class='ocrx_word' id='word_1_393' title='bbox 1566 1545 1697 1579; x_wconf 81' lang='lat' dir='ltr'>iudiciis</span> <span class='ocrx_word' id='word_1_394' title='bbox 1722 1546 1905 1588; x_wconf 82' lang='lat' dir='ltr'>observent,</span> 
     </span>
     <span class='ocr_line' id='line_1_79' title="bbox 1163 1599 1907 1643; baseline 0.004 -13"><span class='ocrx_word' id='word_1_395' title='bbox 1163 1608 1291 1630; x_wconf 81' lang='lat' dir='ltr'>necnon</span> <span class='ocrx_word' id='word_1_396' title='bbox 1318 1604 1430 1631; x_wconf 82' lang='lat' dir='ltr'>contra</span> <span class='ocrx_word' id='word_1_397' title='bbox 1466 1599 1696 1642; x_wconf 83' lang='lat' dir='ltr'>delinquentes</span> <span class='ocrx_word' id='word_1_398' title='bbox 1722 1600 1907 1643; x_wconf 81' lang='lat' dir='ltr'>praedictos</span> 
     </span>
     <span class='ocr_line' id='line_1_80' title="bbox 1163 1651 1907 1687; baseline 0.003 -3"><span class='ocrx_word' id='word_1_399' title='bbox 1163 1662 1239 1684; x_wconf 84' lang='lat' dir='ltr'>suae</span> <span class='ocrx_word' id='word_1_400' title='bbox 1265 1651 1480 1685; x_wconf 87' lang='lat' dir='ltr'>iurisdictioni</span> <span class='ocrx_word' id='word_1_401' title='bbox 1506 1653 1671 1686; x_wconf 86' lang='lat' dir='ltr'>subiectos</span> <span class='ocrx_word' id='word_1_402' title='bbox 1707 1653 1745 1686; x_wconf 88' lang='lat' dir='ltr'>ad</span> <span class='ocrx_word' id='word_1_403' title='bbox 1773 1653 1907 1687; x_wconf 79' lang='lat' dir='ltr'>sormam</span> 
     </span>
     <span class='ocr_line' id='line_1_81' title="bbox 1163 1705 1907 1750; baseline 0.001 -12"><span class='ocrx_word' id='word_1_404' title='bbox 1163 1706 1348 1739; x_wconf 88' lang='lat' dir='ltr'>earumdem</span> <span class='ocrx_word' id='word_1_405' title='bbox 1375 1705 1597 1749; x_wconf 85' lang='lat' dir='ltr'>praesentium</span> <span class='ocrx_word' id='word_1_406' title='bbox 1631 1707 1764 1741; x_wconf 90' lang='lat' dir='ltr'>omnino</span> <span class='ocrx_word' id='word_1_407' title='bbox 1791 1717 1907 1750; x_wconf 88' lang='lat' dir='ltr'>proce-</span> 
     </span>
     <span class='ocr_line' id='line_1_82' title="bbox 1163 1759 1907 1803; baseline 0.005 -12"><span class='ocrx_word' id='word_1_408' title='bbox 1163 1759 1255 1798; x_wconf 78' lang='lat' dir='ltr'>dant,</span> <span class='ocrx_word' id='word_1_409' title='bbox 1282 1760 1456 1803; x_wconf 82' lang='lat' dir='ltr'>omniaque</span> <span class='ocrx_word' id='word_1_410' title='bbox 1481 1760 1514 1792; x_wconf 89' lang='lat' dir='ltr'>in</span> <span class='ocrx_word' id='word_1_411' title='bbox 1541 1760 1663 1794; x_wconf 86' lang='lat' dir='ltr'>eisdem</span> <span class='ocrx_word' id='word_1_412' title='bbox 1689 1761 1806 1794; x_wconf 87' lang='lat' dir='ltr'>litteris</span> <span class='ocrx_word' id='word_1_413' title='bbox 1830 1771 1907 1795; x_wconf 85' lang='lat' dir='ltr'>con·</span> 
     </span>
     <span class='ocr_line' id='line_1_83' title="bbox 1164 1812 1903 1856; baseline 0.005 -13"><span class='ocrx_word' id='word_1_414' title='bbox 1164 1817 1249 1844; x_wconf 89' lang='lat' dir='ltr'>tenta</span> <span class='ocrx_word' id='word_1_415' title='bbox 1269 1812 1439 1854; x_wconf 83' lang='lat' dir='ltr'>plenariae</span> <span class='ocrx_word' id='word_1_416' title='bbox 1461 1813 1668 1856; x_wconf 84' lang='lat' dir='ltr'>exequutioni</span> <span class='ocrx_word' id='word_1_417' title='bbox 1691 1814 1903 1847; x_wconf 89' lang='lat' dir='ltr'>demandent.</span> 
     </span>
    </p>

    <p class='ocr_par' dir='ltr' id='par_1_18' title="bbox 1158 1864 2098 2547">
     <span class='ocr_line' id='line_1_84' title="bbox 1205 1864 2098 1926; baseline 0.004 -30"><span class='ocrx_word' id='word_1_418' title='bbox 1205 1865 1219 1907; x_wconf 62' lang='grc' dir='ltr'><strong>ἓ</strong></span> <span class='ocrx_word' id='word_1_419' title='bbox 1240 1864 1293 1898; x_wconf 46' lang='lat'>«19.</span> <span class='ocrx_word' id='word_1_420' title='bbox 1322 1865 1490 1898; x_wconf 82' lang='lat' dir='ltr'>Postremo</span> <span class='ocrx_word' id='word_1_421' title='bbox 1517 1866 1740 1907; x_wconf 86' lang='lat' dir='ltr'>decernimus,</span> <span class='ocrx_word' id='word_1_422' title='bbox 1765 1867 1825 1900; x_wconf 87' lang='lat' dir='ltr'>has</span> <span class='ocrx_word' id='word_1_423' title='bbox 1851 1867 1906 1901; x_wconf 88' lang='lat' dir='ltr'>lit·</span> <span class='ocrx_word' id='word_1_424' title='bbox 1917 1871 2098 1926; x_wconf 50' lang='lat' dir='ltr'>ossffi‘ifffssssissp?</span> 
     </span>
     <span class='ocr_line' id='line_1_85' title="bbox 1162 1919 2098 1974; baseline 0.004 -22"><span class='ocrx_word' id='word_1_425' title='bbox 1162 1922 1246 1952; x_wconf 88' lang='lat' dir='ltr'>teras</span> <span class='ocrx_word' id='word_1_426' title='bbox 1272 1919 1363 1952; x_wconf 91' lang='lat' dir='ltr'>nullo</span> <span class='ocrx_word' id='word_1_427' title='bbox 1383 1929 1527 1962; x_wconf 79' lang='lat' dir='ltr'>unquam</span> <span class='ocrx_word' id='word_1_428' title='bbox 1553 1924 1700 1963; x_wconf 84' lang='lat' dir='ltr'>tempore</span> <span class='ocrx_word' id='word_1_429' title='bbox 1727 1920 1765 1954; x_wconf 90' lang='lat' dir='ltr'>de</span> <span class='ocrx_word' id='word_1_430' title='bbox 1792 1921 1958 1974; x_wconf 51' lang='lat' dir='ltr'>subm-{1¹22</span> <span class='ocrx_word' id='word_1_431' title='bbox 1986 1926 2098 1948; x_wconf 66' lang='lat' dir='ltr'><strong>obwvw·</strong></span> 
     </span>
     <span class='ocr_line' id='line_1_86' title="bbox 1159 1969 1965 2015; baseline 0.005 -11"><span class='ocrx_word' id='word_1_432' title='bbox 1159 1971 1281 2015; x_wconf 91' lang='lat' dir='ltr'>ptionis</span> <span class='ocrx_word' id='word_1_433' title='bbox 1306 1973 1355 2005; x_wconf 76' lang='lat' dir='ltr'>vel</span> <span class='ocrx_word' id='word_1_434' title='bbox 1380 1971 1585 2015; x_wconf 86' lang='lat' dir='ltr'>obreptionis</span> <span class='ocrx_word' id='word_1_435' title='bbox 1610 1973 1687 2006; x_wconf 89' lang='lat' dir='ltr'>vitio</span> <span class='ocrx_word' id='word_1_436' title='bbox 1724 1979 1780 2006; x_wconf 85' lang='lat' dir='ltr'>aut</span> <span class='ocrx_word' id='word_1_437' title='bbox 1805 1974 1907 2008; x_wconf 90' lang='lat' dir='ltr'>inten-</span> <span class='ocrx_word' id='word_1_438' title='bbox 1959 1969 1965 1975; x_wconf 58' lang='lat'>⁸</span> 
     </span>
     <span class='ocr_line' id='line_1_87' title="bbox 1161 2025 1906 2072; baseline 0.004 -14"><span class='ocrx_word' id='word_1_439' title='bbox 1161 2025 1257 2059; x_wconf 90' lang='lat' dir='ltr'>tionis</span> <span class='ocrx_word' id='word_1_440' title='bbox 1281 2031 1412 2059; x_wconf 89' lang='lat' dir='ltr'>nostrae</span> <span class='ocrx_word' id='word_1_441' title='bbox 1439 2026 1568 2060; x_wconf 80' lang='lat' dir='ltr'>defectu</span> <span class='ocrx_word' id='word_1_442' title='bbox 1594 2028 1711 2067; x_wconf 86' lang='lat' dir='ltr'>notari,</span> <span class='ocrx_word' id='word_1_443' title='bbox 1733 2029 1906 2072; x_wconf 83' lang='lat' dir='ltr'>minusque</span> 
     </span>
     <span class='ocr_line' id='line_1_88' title="bbox 1160 2079 1906 2122; baseline 0.004 -11"><span class='ocrx_word' id='word_1_444' title='bbox 1160 2079 1217 2111; x_wconf 91' lang='lat' dir='ltr'>sub</span> <span class='ocrx_word' id='word_1_445' title='bbox 1243 2079 1411 2122; x_wconf 83' lang='lat' dir='ltr'>quibusvis</span> <span class='ocrx_word' id='word_1_446' title='bbox 1436 2080 1590 2113; x_wconf 91' lang='lat' dir='ltr'>similium</span> <span class='ocrx_word' id='word_1_447' title='bbox 1614 2081 1665 2113; x_wconf 88' lang='lat' dir='ltr'>vel</span> <span class='ocrx_word' id='word_1_448' title='bbox 1697 2080 1906 2115; x_wconf 87' lang='lat' dir='ltr'>dissimilium</span> 
     </span>
     <span class='ocr_line' id='line_1_89' title="bbox 1159 2132 1906 2177; baseline 0.004 -13"><span class='ocrx_word' id='word_1_449' title='bbox 1159 2132 1335 2174; x_wconf 85' lang='lat' dir='ltr'>gratiarum</span> <span class='ocrx_word' id='word_1_450' title='bbox 1374 2133 1636 2166; x_wconf 87' lang='lat' dir='ltr'>revocationibus</span> <span class='ocrx_word' id='word_1_451' title='bbox 1668 2134 1906 2177; x_wconf 87' lang='lat' dir='ltr'>comprehendi</span> 
     </span>
     <span class='ocr_line' id='line_1_90' title="bbox 1158 2185 1905 2228; baseline 0.005 -11"><span class='ocrx_word' id='word_1_452' title='bbox 1158 2186 1207 2218; x_wconf 89' lang='lat' dir='ltr'>vel</span> <span class='ocrx_word' id='word_1_453' title='bbox 1233 2185 1297 2218; x_wconf 85' lang='lat' dir='ltr'>illis</span> <span class='ocrx_word' id='word_1_454' title='bbox 1321 2186 1583 2228; x_wconf 74' lang='lat' dir='ltr'>derogare²ullo</span> <span class='ocrx_word' id='word_1_455' title='bbox 1608 2187 1705 2220; x_wconf 88' lang='lat' dir='ltr'>modo</span> <span class='ocrx_word' id='word_1_456' title='bbox 1732 2187 1827 2220; x_wconf 87' lang='lat' dir='ltr'>tacite</span> <span class='ocrx_word' id='word_1_457' title='bbox 1855 2188 1905 2221; x_wconf 86' lang='lat' dir='ltr'>vel</span> 
     </span>
     <span class='ocr_line' id='line_1_91' title="bbox 1159 2239 1906 2282; baseline 0.005 -12"><span class='ocrx_word' id='word_1_458' title='bbox 1159 2248 1312 2281; x_wconf 83' lang='lat' dir='ltr'>expresse</span> <span class='ocrx_word' id='word_1_459' title='bbox 1331 2249 1473 2282; x_wconf 88' lang='lat' dir='ltr'>unquam</span> <span class='ocrx_word' id='word_1_460' title='bbox 1491 2249 1596 2282; x_wconf 86' lang='lat' dir='ltr'>posse,</span> <span class='ocrx_word' id='word_1_461' title='bbox 1615 2240 1676 2273; x_wconf 81' lang='lat' dir='ltr'>nisi</span> <span class='ocrx_word' id='word_1_462' title='bbox 1702 2241 1741 2273; x_wconf 91' lang='lat' dir='ltr'>de</span> <span class='ocrx_word' id='word_1_463' title='bbox 1767 2239 1831 2274; x_wconf 88' lang='lat' dir='ltr'>illis</span> <span class='ocrx_word' id='word_1_464' title='bbox 1857 2250 1906 2274; x_wconf 85' lang='lat' dir='ltr'>ea-</span> 
     </span>
     <span class='ocr_line' id='line_1_92' title="bbox 1159 2293 1906 2335; baseline 0.003 -11"><span class='ocrx_word' id='word_1_465' title='bbox 1159 2302 1296 2335; x_wconf 84' lang='lat' dir='ltr'>rumque</span> <span class='ocrx_word' id='word_1_466' title='bbox 1321 2293 1395 2325; x_wconf 84' lang='lat' dir='ltr'>totis</span> <span class='ocrx_word' id='word_1_467' title='bbox 1422 2293 1592 2325; x_wconf 86' lang='lat' dir='ltr'>tenoribus</span> <span class='ocrx_word' id='word_1_468' title='bbox 1611 2304 1647 2326; x_wconf 85' lang='lat' dir='ltr'>ac</span> <span class='ocrx_word' id='word_1_469' title='bbox 1665 2293 1761 2334; x_wconf 87' lang='lat' dir='ltr'>datis,</span> <span class='ocrx_word' id='word_1_470' title='bbox 1780 2293 1820 2326; x_wconf 88' lang='lat' dir='ltr'>de</span> <span class='ocrx_word' id='word_1_471' title='bbox 1837 2304 1906 2327; x_wconf 88' lang='lat' dir='ltr'>ver-</span> 
     </span>
     <span class='ocr_line' id='line_1_93' title="bbox 1158 2345 1904 2390; baseline 0.004 -13"><span class='ocrx_word' id='word_1_472' title='bbox 1158 2346 1200 2378; x_wconf 90' lang='lat' dir='ltr'>bo</span> <span class='ocrx_word' id='word_1_473' title='bbox 1227 2345 1265 2378; x_wconf 86' lang='lat' dir='ltr'>ad</span> <span class='ocrx_word' id='word_1_474' title='bbox 1292 2345 1437 2385; x_wconf 89' lang='lat' dir='ltr'>verbum,</span> <span class='ocrx_word' id='word_1_475' title='bbox 1455 2355 1520 2378; x_wconf 89' lang='lat' dir='ltr'>non</span> <span class='ocrx_word' id='word_1_476' title='bbox 1539 2352 1645 2379; x_wconf 83' lang='lat' dir='ltr'>autem</span> <span class='ocrx_word' id='word_1_477' title='bbox 1664 2357 1724 2390; x_wconf 92' lang='lat' dir='ltr'>per</span> <span class='ocrx_word' id='word_1_478' title='bbox 1744 2348 1904 2381; x_wconf 81' lang='lat' dir='ltr'>clausulas</span> 
     </span>
     <span class='ocr_line' id='line_1_94' title="bbox 1159 2398 1906 2441; baseline 0.004 -11"><span class='ocrx_word' id='word_1_479' title='bbox 1159 2399 1328 2441; x_wconf 74' lang='lat' dir='ltr'>generales</span> <span class='ocrx_word' id='word_1_480' title='bbox 1354 2398 1440 2430; x_wconf 88' lang='lat' dir='ltr'>idem</span> <span class='ocrx_word' id='word_1_481' title='bbox 1466 2399 1701 2441; x_wconf 86' lang='lat' dir='ltr'>importantes,</span> <span class='ocrx_word' id='word_1_482' title='bbox 1729 2399 1853 2433; x_wconf 85' lang='lat' dir='ltr'>mentio</span> <span class='ocrx_word' id='word_1_483' title='bbox 1875 2405 1906 2433; x_wconf 87' lang='lat' dir='ltr'>et</span> 
     </span>
     <span class='ocr_line' id='line_1_95' title="bbox 1159 2451 1906 2496; baseline 0.004 -13"><span class='ocrx_word' id='word_1_484' title='bbox 1159 2451 1327 2494; x_wconf 78' lang='lat' dir='ltr'>expressio</span> <span class='ocrx_word' id='word_1_485' title='bbox 1360 2452 1441 2485; x_wconf 86' lang='lat' dir='ltr'>sacta</span> <span class='ocrx_word' id='word_1_486' title='bbox 1474 2452 1587 2492; x_wconf 74' lang='lat' dir='ltr'>suerit,</span> <span class='ocrx_word' id='word_1_487' title='bbox 1615 2452 1772 2496; x_wconf 84' lang='lat' dir='ltr'>aliterque</span> <span class='ocrx_word' id='word_1_488' title='bbox 1806 2452 1906 2486; x_wconf 80' lang='lat' dir='ltr'>saclas</span> 
     </span>
     <span class='ocr_line' id='line_1_96' title="bbox 1159 2504 1905 2547; baseline 0.001 -10"><span class='ocrx_word' id='word_1_489' title='bbox 1159 2504 1387 2547; x_wconf 80' lang='lat' dir='ltr'>derogationes</span> <span class='ocrx_word' id='word_1_490' title='bbox 1404 2505 1526 2538; x_wconf 87' lang='lat' dir='ltr'>nullius</span> <span class='ocrx_word' id='word_1_491' title='bbox 1546 2505 1675 2538; x_wconf 87' lang='lat' dir='ltr'>roboris</span> <span class='ocrx_word' id='word_1_492' title='bbox 1699 2511 1730 2539; x_wconf 89' lang='lat' dir='ltr'>et</span> <span class='ocrx_word' id='word_1_493' title='bbox 1746 2504 1905 2539; x_wconf 84' lang='lat' dir='ltr'>momenti</span> 
     </span>
    </p>
   </div>
   <div class='ocr_carea' id='block_1_14' title="bbox 1193 2575 1903 2656">
    <p class='ocr_par' dir='ltr' id='par_1_19' title="bbox 1193 2575 1903 2656">
     <span class='ocr_line' id='line_1_97' title="bbox 1197 2575 1903 2612; baseline 0.001 -10"><span class='ocrx_word' id='word_1_494' title='bbox 1197 2576 1205 2601; x_wconf 88' lang='lat'>1</span> <span class='ocrx_word' id='word_1_495' title='bbox 1225 2575 1295 2602; x_wconf 85' lang='lat' dir='ltr'>Male</span> <span class='ocrx_word' id='word_1_496' title='bbox 1310 2575 1353 2603; x_wconf 84' lang='lat' dir='ltr'>ed.</span> <span class='ocrx_word' id='word_1_497' title='bbox 1370 2576 1455 2603; x_wconf 78' lang='lat' dir='ltr'>Malu.</span> <span class='ocrx_word' id='word_1_498' title='bbox 1472 2576 1622 2611; x_wconf 81' lang='lat' dir='ltr'>legitquod</span> <span class='ocrx_word' id='word_1_499' title='bbox 1633 2585 1682 2612; x_wconf 84' lang='lat' dir='ltr'>pro</span> <span class='ocrx_word' id='word_1_500' title='bbox 1698 2583 1787 2611; x_wconf 79' lang='lat' dir='ltr'>quam</span> <span class='ocrx_word' id='word_1_501' title='bbox 1801 2578 1840 2612; x_wconf 75' lang='lat' dir='ltr'>(n.</span> <span class='ocrx_word' id='word_1_502' title='bbox 1853 2576 1903 2612; x_wconf 58' lang='lat' dir='ltr'>tu).</span> 
     </span>
     <span class='ocr_line' id='line_1_98' title="bbox 1193 2619 1690 2656; baseline 0.002 -8"><span class='ocrx_word' id='word_1_503' title='bbox 1193 2619 1210 2645; x_wconf 80' lang='lat'><strong>2</strong></span> <span class='ocrx_word' id='word_1_504' title='bbox 1229 2620 1324 2648; x_wconf 79' lang='lat' dir='ltr'>Potius</span> <span class='ocrx_word' id='word_1_505' title='bbox 1343 2619 1403 2655; x_wconf 77' lang='lat' dir='ltr'>tege</span> <span class='ocrx_word' id='word_1_506' title='bbox 1423 2620 1560 2655; x_wconf 70' lang='lat' dir='ltr'>deroyari</span> <span class='ocrx_word' id='word_1_507' title='bbox 1580 2621 1622 2655; x_wconf 77' lang='lat' dir='ltr'>(R.</span> <span class='ocrx_word' id='word_1_508' title='bbox 1639 2622 1690 2656; x_wconf 83' lang='lat' dir='ltr'>¹r.).</span> 
     </span>
    </p>
   </div>
  </div>
 </body>
</html>
