2170 3147
215 281 263 308 An.
288 281 316 310 C.
337 281 347 308 1

238 450 278 470 Pru
290 459 292 461 >
302 450 350 469 *mir

216 478 273 496 cultu
285 482 351 496 <qv-s

221 503 349 523 exhibendo.

260 2207 361 2229 Iudicium

235 2241 298 2260 super

355 280 405 308 729

354 456 371 468 ni
389 454 398 468 a

363 476 400 495 Dei

377 2206 417 2227 hac

320 2241 340 2253 rc
364 2234 418 2253 Cun-

453 271 516 306 788

589 329 772 357 Benedictus
796 327 876 361 Papa
894 326 977 358 XIII,

526 376 562 402 ad
584 376 767 408 perpetuam
787 371 833 399 rei
854 371 1040 398 memoriam.

1001 275 1183 301 BULLARIUM
1208 274 1363 300 ROMANUM

1198 334 1298 368 super
1323 323 1478 367 martyrio
1512 328 1544 356 et
1575 323 1670 356 causa
1699 322 1847 367 martyrii
1883 321 1939 355 Dei

1200 377 1282 410 servi
1317 376 1437 410 Fidelis
1464 387 1481 408 a
1510 375 1731 419 Sigmaringa,
1756 375 1942 419 presbyteri

457 437 633 469 Beatorum
660 440 847 478 martyrum,
886 443 966 477 quos
1002 442 1063 465 nec
1100 431 1179 465 tri-1
1200 440 1356 473 expresse
1382 429 1519 473 professi
1545 429 1674 462 Ordinis
1692 428 1851 461 Minorum
1870 438 1943 461 san-

1177 480 1179 491 i

414 491 549 530 bulatio,
576 500 635 522 nee
662 488 820 531 augustia,
846 498 906 520 nec
945 487 1055 525 sames
1097 495 1157 518 nce

414 544 552 584 nuditas,
577 554 637 575 nco
662 542 855 586 periculum,
874 551 934 573 nec
955 538 1156 583 persecutiO,

414 608 472 629 nec
499 596 626 639 gladius
644 606 660 627 a
679 594 838 627 charitate
861 593 982 627 Christi
1004 602 1157 636 separare

414 655 601 694 potuerunt,
626 649 681 682 sed
714 648 815 681 lorica
848 647 922 680 fidei
957 646 1089 679 indutos
1123 656 1159 678 ac

415 714 569 737 mucrone
597 703 731 745 ¹spiritus
751 701 858 744 (quod
878 706 926 734 est
943 699 1158 743 verbumDei)

416 757 590 795 accinctos,
610 756 695 788 bono
714 754 894 787 certamine
912 759 1057 797 peracto,
1085 763 1158 786 cur-

416 820 517 853 suque
561 809 698 842 feliciter
734 812 978 846 consummato,
1019 806 1159 839 victores

416 869 492 906 post
527 873 665 905 agonem
701 863 823 895 corona
856 860 999 893 iustitiae
1028 858 1161 892 donavit

418 917 449 948 in
476 916 572 949 caelis
599 916 700 948 iustus
727 915 842 956 iudex,
868 914 1027 957 gloriosos
1053 913 1162 945 trium-

417 969 503 1011 phos
530 978 565 1001 ae
591 969 751 1011 trophaea
785 968 816 999 in
844 967 938 1000 terris
975 965 1157 1005 celebrari,

419 1022 601 1065 devotaque
642 1021 786 1054 fidelium
812 1019 1022 1053 veneratione
1058 1019 1162 1052 hono-

419 1074 481 1107 rari
510 1074 623 1113 dece13
642 1079 687 1113 ut,
709 1073 762 1116 qui
785 1073 951 1117 sanguinis
983 1072 1030 1105 sui
1056 1072 1162 1115 pretio

420 1127 697 1161 immortalitatem
741 1131 909 1166 emerunt,
955 1125 1161 1168 illustriaque

419 1181 558 1213 invictae
584 1180 798 1219 constantiae,
817 1179 1016 1212 fortitudinis
1041 1189 1078 1211 ac
1102 1178 1163 1210 rir-

421 1234 496 1266 tutis
531 1244 608 1266 suae
645 1234 794 1276 exempla
821 1233 1046 1276 reliquerunt,
1074 1231 1162 1263 infir-

421 1287 565 1319 mitatem
599 1291 765 1324 nostram,
793 1285 878 1318 inter
911 1284 1034 1317 saeculi
1061 1290 1163 1317 tenta-

422 1340 528 1372 tiones
567 1339 791 1377 laborantem,
822 1339 950 1371 assidua
985 1340 1041 1370 sua
1077 1339 1162 1382 apud

421 1393 531 1432 Deum,
559 1393 610 1425 cui
635 1392 668 1424 in
693 1392 785 1425 stolis
804 1392 952 1425 candidis
975 1391 1026 1424 die
1054 1403 1090 1425 ac
1105 1402 1164 1424 no-

423 1452 473 1479 cte
499 1448 643 1480 serviunt
679 1447 711 1478 in
750 1447 872 1489 templo
910 1446 987 1486 eius,
1014 1446 1165 1479 interces-

423 1500 516 1533 sione
558 1501 665 1533 iuvare
698 1510 735 1533 ae
772 1500 929 1532 roborare
970 1499 1162 1542 dignentur.

422 1552 523 1591 Quam
549 1553 580 1585 in
608 1563 676 1586 rem
702 1564 760 1596 pro
785 1553 941 1596 pastorali
967 1558 1079 1586 nostro
1098 1564 1166 1586 mu-

423 1617 510 1647 nere⁷
531 1618 595 1651 quo
622 1607 786 1639 Ecclesiae
807 1607 987 1640 catholicae
1013 1606 1165 1650 regimini

426 1660 534 1693 divina
571 1661 784 1703 dispositione
819 1660 1066 1703 praesidemus,
1091 1671 1166 1704 pro-

424 1714 538 1757 pensis
564 1713 678 1746 studiis
713 1713 959 1754 incumbentes,
986 1714 1164 1757 flagitantis

424 1768 456 1800 id
482 1768 586 1810 ipsum
615 1767 873 1800 orthodoxorum
899 1778 1014 1810 regum
1041 1773 1073 1800 et
1090 1768 1167 1801 alio-

424 1832 494 1854 rum
520 1821 782 1854 christifidelium
809 1827 882 1854 vota
907 1821 1049 1855 libenter
1075 1832 1168 1854 exau-

426 1876 551 1915 dimus,
578 1881 671 1918 prout
699 1875 737 1907 ad
764 1876 903 1917 gloriam
930 1875 1168 1918 omnipotentis

425 1929 501 1969 Dei,
523 1930 561 1962 ad
587 1929 781 1962 christianae
808 1929 976 1971 religionis
1003 1930 1111 1970 decus,
1139 1929 1170 1961 fi-

427 1983 544 2025 deique
570 1983 752 2015 catholicae
774 1982 1025 2023 incrementum,
1046 1994 1080 2016 ac
1099 1974 1169 2016 san-

428 2042 496 2069 ctae
522 2037 632 2071 matris
665 2036 829 2070 Ecclesiae
863 2037 1093 2070 exaltationem
1120 2047 1170 2070 co-

427 2091 611 2131 gnoscimus
636 2089 667 2122 in
694 2089 833 2123 Domino
859 2090 1036 2123 salubriter
1073 2099 1170 2133 expe-

429 2144 510 2177 dire.

473 2199 488 2241 ,ξ
512 2197 543 2229 1.
572 2198 650 2231 (jum
677 2198 798 2241 itaque,
826 2202 951 2230 mature
979 2197 1171 2239 diligenter-

236 2261 364 2285 gm-amss
383 2260 493 2295 iii-que
517 2252 671 2284 discussis
697 2257 726 2284 et
753 2251 925 2294 perpensis
951 2260 1011 2294 per
1032 2250 1172 2293 Congre-

235 2291 300 2308 lunum

431 2305 592 2347 gationem
620 2304 854 2337 venerabilium
880 2305 1016 2336 fratrum
1042 2308 1171 2336 nostro-

431 2369 502 2391 rum
527 2360 558 2391 S.
582 2358 617 2390 R.
636 2358 670 2390 E.
692 2357 904 2390 cardinalium
930 2357 1029 2390 sacris
1054 2357 1171 2389 ritibus

431 2412 690 2454 praepositorum
707 2411 911 2454 processibus
931 2412 970 2444 de
989 2410 1085 2443 huius
1101 2420 1171 2442 san-

432 2470 501 2497 ctae
521 2463 612 2497 Sedis
631 2464 839 2506 Apostolicae
860 2463 991 2497 licentia
1012 2462 1171 2497 confectis

432 2553 500 2580 servi
521 2553 570 2579 Dei
593 2553 697 2579 loannis
721 2554 755 2579 de
782 2553 869 2580 Prado
898 2552 1009 2581 Ordinis
1037 2552 1171 2579 Minorum

433 2598 654 2624 Excalceatorum
674 2597 706 2624 de
727 2598 929 2631 Observantia3
950 2602 975 2625 et
996 2602 1084 2626 const.
1106 2597 1170 2624 edit.

432 2650 567 2675 nnccxxx,
589 2642 631 2668 die
651 2643 683 2668 24
704 2643 837 2677 ianuarii,
858 2643 955 2678 pontif.
977 2650 1022 2676 vx,
1043 2642 1172 2670 indicitur

433 2687 594 2716 beatificatio
615 2687 684 2715 servi
704 2687 753 2714 Dei
774 2686 845 2715 Petri
866 2686 977 2716 Forerii.

1200 484 1241 516 cti
1267 483 1427 515 Francisci
1454 481 1713 526 Capuecinorum
1739 487 1943 524 nuncupato-

1203 547 1292 576 rum,
1320 536 1374 580 qui
1401 536 1476 569 olim
1503 547 1520 568 a
1545 535 1612 569 suis
1642 535 1868 579 superioribus
1893 546 1943 568 re-

1201 590 1366 632 gularibus
1394 590 1426 622 in
1450 589 1651 633 praefectum
1677 599 1840 622 sacrarum
1872 589 1944 622 mis-

1202 644 1353 684 sionum,
1382 653 1463 687 quae
1500 644 1531 676 in
1569 643 1716 686 partibus
1741 643 1944 675 Rhaetorum

1203 697 1395 730 auctoritate
1422 707 1460 729 eo
1488 701 1635 739 tempore
1661 695 1872 728 existentium
1909 705 1942 728 e-

1204 751 1330 783 iusdem
1368 749 1518 784 S.1i.E.
1556 748 1770 782 cardinalium
1804 747 1945 791 negotiis

1203 804 1438 847 propagandae
1465 803 1537 836 fidei
1573 802 1841 846 praepositorum
1870 807 1945 835 tune

1204 857 1343 900 primum
1371 856 1536 890 institutae
1571 855 1730 897 fuerant⁴,
1758 855 1946 896 destinatus,

1205 922 1276 944 cum
1296 911 1326 944 in
1346 911 1410 944 hoc
1436 920 1571 943 munere
1596 910 1840 943 haereticorum
1866 919 1946 942 con-

1205 964 1346 998 versioni
1363 965 1511 998 eximiam
1530 964 1793 1007 indefessamque
1812 973 1947 1006 operam

1205 1024 1347 1059 navaret,
1373 1019 1412 1051 ab
1439 1019 1475 1051 iis
1493 1018 1581 1051 vario
1609 1018 1747 1051 telorum
1774 1027 1895 1060 genere
1915 1016 1946 1049 in

1205 1072 1316 1105 odium
1360 1072 1461 1115 ipsius
1506 1071 1581 1104 fidei
1633 1070 1814 1104 catholicae
1862 1080 1947 1103 anno

1204 1135 1334 1159 iuncxxu
1360 1125 1537 1158 crudeliter
1576 1124 1752 1157 trucidatus
1768 1150 1775 1164 ,
1800 1124 1947 1167 palmam

1205 1178 1349 1221 martyrii
1376 1178 1542 1221 accepisse
1570 1178 1802 1216 asserebatur,
1827 1187 1864 1210 ac
1900 1187 1950 1210 su-

1206 1242 1264 1274 per
1288 1231 1398 1274 signis,
1426 1231 1581 1274 prodigiis
1609 1236 1640 1263 et
1664 1230 1839 1270 miraculis,
1867 1239 1948 1273 quae

1206 1286 1244 1317 ad
1272 1284 1541 1318 manifestandum
1569 1284 1689 1317 mundo
1711 1283 1840 1317 finalem
1859 1282 1947 1316 illius

1207 1339 1486 1381 perseverantiam
1513 1349 1530 1371 a
1554 1338 1620 1371 Deo
1646 1338 1734 1371 edita
1767 1341 1797 1371 et
1821 1340 1949 1380 patrata

1208 1393 1306 1426 fuisse
1334 1393 1548 1432 dicebantur,
1577 1392 1748 1436 praedicta
1773 1391 1952 1434 Congrega-

1207 1446 1252 1478 tio
1279 1445 1493 1479 cardinalium
1520 1455 1629 1478 coram
1648 1445 1743 1477 nobis
1762 1443 1948 1484 constituta,

1209 1499 1326 1532 auditis
1369 1500 1465 1532 etiam
1506 1499 1730 1532 consultorum
1771 1496 1949 1541 suffragiis,

1208 1554 1370 1587 censuerit
1406 1564 1523 1597 posse,
1550 1553 1822 1597 quandocumque
1856 1545 1952 1584 ndhis

1208 1608 1380 1649 videretur,
1406 1607 1555 1641 eumdem
1583 1607 1638 1640 Dei
1664 1616 1793 1639 servum
1819 1605 1950 1649 publice

1210 1661 1344 1694 Beatum
1370 1660 1552 1704 nuncupari
1575 1670 1647 1693 cum
1672 1659 1774 1693 solitis
1802 1657 1952 1692 indultis:

1253 1716 1267 1758 ,ξ
1293 1715 1325 1748 2.
1353 1715 1434 1748 Hine
1460 1720 1509 1748 est
1534 1714 1621 1757 quod
1649 1724 1731 1754 nos,
1758 1712 1821 1756 piis
1858 1717 1954 1756 atque

1211 1769 1314 1802 enixis
1340 1768 1497 1801 carissimi
1524 1767 1557 1800 in
1593 1766 1724 1799 Christo
1751 1765 1807 1799 filii
1845 1764 1952 1798 nostri

1210 1822 1315 1855 Caroli
1342 1820 1570 1864 Hispaniarum
1597 1819 1750 1852 catholici
1777 1824 1808 1852 et
1837 1818 1956 1852 Roma-

1211 1885 1326 1908 norum
1352 1874 1436 1916 regis
1462 1873 1493 1906 in
1521 1874 1755 1916 imperatorem
1781 1871 1895 1913 electi,
1922 1877 1953 1906 et

1211 1928 1399 1962 carissimae
1425 1928 1458 1960 in
1483 1927 1612 1960 Christo
1639 1926 1722 1960 filiae
1745 1931 1877 1960 nostrae
1894 1925 1957 1960 Eli-

1212 1982 1368 2015 sabethae
1405 1981 1588 2014 Christinae
1623 1980 1811 2013 earumdem
1843 1979 1958 2024 Hispa-

1212 2036 1338 2068 niarum
1370 2034 1550 2068 catholicae
1588 2044 1624 2066 ac
1650 2033 1872 2066 Romanorum
1906 2042 1958 2066 re-

1214 2089 1307 2132 ginae
1334 2089 1402 2121 eius
1428 2087 1594 2130 coniugis,
1622 2097 1752 2120 necnon
1786 2085 1959 2120 venerabi-

1214 2142 1291 2175 lium
1317 2141 1429 2174 itidem
1449 2141 1584 2173 fratrum
1602 2145 1788 2173 nostrorum
1814 2139 1956 2183 negotiis

1213 2195 1446 2239 propagandae
1472 2194 1546 2228 lidei
1574 2194 1761 2227 huiusmodi
1787 2192 1957 2237 praeposi-

1215 2255 1321 2283 torum
1348 2249 1551 2292 aliorumque
1577 2248 1682 2281 dictae
1708 2247 1738 2281 S.
1774 2247 1811 2280 R.
1832 2246 1867 2280 E.
1895 2256 1958 2279 car-

1215 2304 1371 2337 dinalium
1409 2315 1445 2336 ac
1483 2302 1725 2347 cpiamplurium
1765 2300 1957 2334 Germaniae

1214 2357 1396 2390 antistitum
1422 2363 1454 2390 et
1474 2366 1658 2400 procerum,
1679 2355 1844 2398 totiusque
1870 2363 1960 2397 prae-

1215 2410 1269 2443 fati
1310 2410 1440 2443 Ordinis
1482 2410 1616 2443 fratrum
1657 2408 1815 2441 Minorum
1856 2405 1958 2441 saneti

1215 2464 1375 2497 Francisci
1401 2464 1678 2507 Capuccinorum,
1705 2467 1736 2495 et
1765 2460 1959 2495 nominatim

1215 2516 1421 2550 Maximiliani
1448 2528 1464 2549 a
1490 2516 1684 2558 Wanghena
1705 2515 1849 2548 eiusdem
1870 2512 1960 2546 Ordi-

1214 2570 1263 2603 nis
1286 2570 1482 2613 professoris
1509 2569 1672 2611 huiusque
1706 2577 1822 2601 causae
1848 2569 1960 2610 postu-

1214 2624 1327 2657 latoris
1364 2623 1656 2667 supplicationibus
1693 2621 1788 2656 nobis
1826 2625 1857 2653 et
1881 2619 1960 2653 huic

1249 2687 1262 2713 1
1285 2686 1355 2714 Male
1375 2685 1440 2713 edit.
1462 2686 1543 2713 Μαίη.
1565 2684 1630 2720 legit
1649 2685 1749 2719 ficerat
1767 2683 1806 2719 (R.
1819 2682 1868 2716 Ἕκ),

1954 273 2002 302 An.
2018 273 2046 302 G.
2069 273 2155 305 {7292

2142 1624 2160 1643 [κ

2150 1699 2157 1711 D

1990 1717 2051 1740 Beati
2068 1721 2138 1740 nomm
2147 1723 2157 1734 =‘

1965 1745 2074 1772 praedicto
2100 1749 2158 1765 soi·->

1967 1778 1992 1792 vo
2009 1771 2048 1793 Dei
2068 1771 2159 1808 imum),

1967 1799 2032 1823 tunt,
2059 1797 2161 1823 eiusque„

1966 1826 2034 1846 cultus
2043 1821 2159 1852 permitit-«-

1966 1853 2008 1874 tur.
