2170 3147
229 177 279 205 An.
300 176 328 204 C.
347 177 414 204 1720

271 1835 383 1855 mandatur
393 1841 429 1861 pu·

243 1863 331 1882 blicatio
354 1863 428 1883 harum

243 1889 369 1910 litterarum.

459 167 524 201 34ss
1008 175 1187 199 numiamuu

428 227 509 258 clive
536 225 785 269 superioribus,
820 224 931 257 aliisve
969 224 1167 267 quibuslibe(

428 278 590 322 personis,
619 278 713 311 etiam
741 278 977 320 specialissima
1002 277 1169 309 mentione

431 331 560 373 dignis,
598 331 655 363 sub
697 331 961 373 quibuscumque
998 329 1169 362 verborum

431 384 604 417 tenoribus
631 388 662 415 et
688 383 816 421 scrinis,
843 393 879 415 ac
904 393 977 415 eum
1005 381 1171 424 quibusvis

431 438 526 470 ctiam
547 436 824 477 derogatoriarum
843 436 1069 478 derogatoriis,
1087 435 1172 468 aliis-

431 500 492 533 que
511 489 757 528 efficacioribus,
778 488 1008 521 efficacissimis
1031 493 1062 521 et
1087 488 1174 520 inso-

431 544 495 576 litis
521 543 698 582 clausulis,
732 542 1006 585 irritantibusque
1037 546 1069 574 et
1104 540 1173 574 aliis

431 596 593 635 decretis,
627 595 724 627 etiam
762 601 853 627 motu
890 594 1024 638 proprio
1064 605 1100 627 ac
1137 605 1173 627 ex

432 652 520 682 certa
544 648 681 681 seientia
707 653 738 681 et
764 648 965 691 apostolicae
1004 647 1175 690 potestatis

432 703 651 746 plenitudine,
671 702 704 734 in
723 712 843 745 genere
864 704 912 735 vel
933 702 964 733 in
984 701 1102 745 specie,
1121 707 1176 734 aut

433 756 511 789 alias
537 755 786 799 quomodolibet
809 755 840 787 in
867 755 1068 788 contrarium
1084 765 1177 798 prae-

432 809 608 842 missorum
635 808 820 849 concessis,
844 808 1044 841 confirmatis
1070 812 1102 840 et
1129 807 1177 840 in-

433 863 582 903 novatis;
611 862 730 905 quibus
768 862 921 895 omnibus
953 866 985 894 et
1019 861 1175 903 singuliS‚

435 917 559 951 etiamsi
587 927 646 960 pro
674 916 804 949 illorum
834 915 1008 948 sufficienti
1046 915 1178 957 deroga-

435 971 524 1004 tione
552 972 591 1003 de
617 970 681 1003 illis
708 980 890 1012 eorumque
914 969 988 1001 tous
1009 968 1178 1001 tenoribus

436 1025 602 1067 specialis,
635 1023 801 1066 specifica,
831 1032 983 1065 expressa
1007 1026 1039 1054 et
1064 1020 1178 1054 indivi-

437 1079 517 1118 dua,
543 1089 579 1110 ac
605 1077 644 1109 de
671 1077 770 1109 verbo
795 1076 834 1108 ad
860 1075 1010 1115 verbum,
1037 1086 1103 1108 non
1125 1085 1178 1107 au-

438 1135 500 1165 lem
519 1142 579 1174 per
593 1131 754 1163 clausulas
773 1130 945 1171 generales
960 1129 1044 1161 idem
1060 1128 1180 1171 impor-

437 1189 555 1223 tantes,
575 1182 697 1216 mentio
712 1193 767 1214 seu
783 1181 915 1224 quaevis
933 1182 996 1214 alia
1014 1181 1180 1224 expressio

436 1237 590 1270 habenda
615 1240 669 1268 aut
691 1235 796 1277 aliqua
818 1234 880 1266 alia
901 1234 1060 1276 exquisita
1077 1234 1181 1266 forma

437 1291 477 1324 ad
508 1291 571 1322 hoc
584 1289 743 1322 servanda
762 1288 864 1327 soret,
884 1288 1017 1320 illorum
1036 1288 1181 1320 omnium

438 1349 469 1377 et
487 1344 689 1386 singulorum
708 1347 837 1374 tenores
850 1367 857 1380 ,
875 1352 911 1373 ac
930 1341 955 1373 si
971 1340 1010 1373 de
1023 1340 1122 1373 verbo
1144 1341 1182 1373 ad

438 1398 572 1431 verbum
601 1396 864 1439 exprimerentur
890 1400 921 1427 et
945 1395 1183 1434 insererentur,

438 1451 521 1484 nihil
554 1450 683 1494 penitus
715 1449 836 1482 omisso
869 1453 899 1481 et
926 1448 1027 1480 forma
1059 1448 1091 1480 in
1117 1448 1182 1480 illis

440 1504 556 1537 tradita
581 1503 765 1541 observata,
793 1501 916 1533 eisdem
953 1501 1184 1544 praesentibus

438 1568 497 1601 pro
520 1556 682 1600 expressis
703 1561 735 1588 et
760 1555 893 1588 insertis
920 1555 1092 1595 habentes,
1121 1554 1184 1587 illis

439 1612 521 1645 alitis
557 1610 590 1642 in
625 1620 685 1642 suo
718 1609 841 1641 robore
874 1608 1109 1651 permansuris,
1145 1608 1184 1640 ad

438 1663 694 1707 praemissorum
720 1660 886 1699 effectum,
914 1660 975 1692 hac
1000 1659 1068 1692 viee
1095 1659 1185 1691 duni-

440 1722 537 1756 taxat‚
554 1715 743 1759 specialiter
760 1720 792 1747 et
809 1723 961 1756 expresse
980 1713 1184 1755 derogarnus;

440 1770 629 1813 ceterisque
659 1767 833 1801 contrariis
860 1766 1135 1810 quibuscumque.

485 1823 567 1867 313.
583 1822 624 1855 Ut
641 1827 748 1854 autem
767 1821 902 1854 eaedem
920 1825 1116 1864 praesentes
1139 1820 1187 1852 lit·
1207 1815 1208 1819 ’

440 1882 527 1912 terae
547 1877 586 1909 ad
605 1875 751 1909 omniun]
771 1874 919 1907 notitiam
940 1874 1065 1906 facilius
1091 1874 1187 1906 adve-

439 1932 542 1972 niant,
569 1931 720 1963 volumus
745 1929 818 1961 illas
837 1938 894 1960 seu
908 1937 1020 1960 earum
1038 1928 1187 1970 exempla
1208 1947 1210 1956 „

440 1985 480 2018 ad
506 1985 612 2017 valvas
639 1982 798 2016 ecclesiae
831 1980 1060 2013 Lateranensis
1082 1990 1117 2013 ac
1136 1980 1189 2013 ba-

440 2038 552 2071 silicae
589 2035 751 2079 Principis
782 2035 1035 2078 Apostolorum,
1061 2044 1189 2067 necnon

440 2090 659 2125 Cancellariae
690 2088 897 2132 Apostolicae
929 2087 1111 2131 Curiaeque
1137 2098 1190 2130 gc-

441 2145 561 2178 ncralis
598 2144 630 2176 in
662 2143 769 2176 Monte
796 2141 973 2182 Citatorio‚
1000 2146 1032 2174 et
1062 2141 1095 2173 in
1121 2142 1189 2174 aeie

441 2198 656 2241 Campissorae
676 2197 714 2230 de
732 2196 827 2236 Urbe,
846 2201 882 2229 ut
901 2195 1003 2228 moris
1026 2200 1086 2235 est,
1105 2195 1189 2238 affigi

442 2258 473 2285 et
491 2251 663 2295 publicari,
681 2251 794 2293 sicque
812 2249 997 2293 publicatas
1020 2253 1052 2281 et
1066 2248 1188 2289 affixas,

441 2315 555 2338 ornnes
581 2309 612 2337 et
637 2304 783 2345 singulos
802 2329 809 2343 ‚
836 2313 917 2345 quos
944 2302 1018 2334 illae
1055 2312 1212 2335 concer-¹

441 2363 538 2397 nunt,
566 2357 703 2400 perinde
731 2361 859 2389 arctare
884 2361 916 2389 et
940 2355 1080 2395 afficere,
1109 2365 1145 2388 ae
1164 2355 1188 2387 si

441 2410 618 2452 unicuique
644 2420 755 2442 eorum
779 2409 972 2442 nominatim
990 2413 1022 2441 et
1039 2419 1191 2451 persona-

442 2464 517 2497 liter
542 2463 708 2495 intimatae
735 2462 889 2503 fuissent·,
915 2467 1016 2506 utque
1046 2462 1189 2505 ipsarum

442 2516 627 2550 litterarum
656 2516 887 2559 transui‘nptis,
925 2526 981 2548 scu
1006 2515 1188 2559 exemplis,

444 2569 540 2603 etiarn
564 2569 748 2611 impressis,
775 2580 870 2602 manu
905 2569 1042 2604 alicuius
1068 2569 1188 2603 notarii

1213 174 1370 199 ROMANUM

1213 223 1334 266 publici
1362 223 1572 266 subscriptis,
1598 228 1630 256 et
1661 223 1770 266 sigillo
1795 232 1954 267 personae

1213 278 1246 309 in
1264 277 1487 310 ecclesiastice
1500 277 1658 320 dignitate
1677 277 1870 309 constitutae
1887 287 1956 309 mu-

1215 330 1311 370 nitis,
1338 331 1451 364 eadem
1478 341 1613 374 prorsus
1639 330 1719 363 fides
1749 335 1812 362 tam
1839 330 1870 362 in
1907 330 1956 362 iu-

1215 383 1301 416 dicio
1323 394 1418 427 quam
1445 389 1533 417 extra
1552 383 1628 416 illud
1649 384 1854 423 adhiheatur,
1874 393 1957 426 quae

1215 437 1294 480 ipsis
1319 437 1548 479 praesentibus
1570 436 1782 469 adhiberetur
1800 436 1826 468 si
1854 437 1959 469 forent

1216 490 1381 523 exhibitae
1409 491 1460 523 vel
1485 495 1649 523 ostensae.

1260 543 1374 575 Datum
1390 543 1521 583 Rornae,
1537 543 1621 586 apud
1632 542 1664 575 S.
1680 542 1820 582 Petrum,
1835 543 1894 576 sub
1908 553 1961 576 an-

1218 596 1295 628 nuto
1308 595 1491 636 Piscatoris,
1510 595 1562 628 die
1575 605 1661 628 xxvu
1674 594 1779 628 martii
1789 604 1958 636 unccxxvi,

1218 648 1424 692 pontificatus
1449 648 1551 681 nostri
1577 658 1662 681 anno
1689 658 1723 681 11.

1254 710 1313 738 Dat.
1335 711 1378 738 die
1398 711 1430 738 27
1452 710 1544 737 martii
1565 710 1647 744 1726,
1668 709 1765 745 pontif.
1789 717 1859 737 anno
1881 716 1908 737 ιι.

1544 852 1634 886 CXX.

1221 934 1422 968 Statuuntur
1446 934 1608 968 nonnulla
1630 944 1690 977 pro
1711 932 1793 966 artis
1810 932 1966 977 aqrariae

1265 987 1488 1020 sublevamine
1512 991 1540 1020 et
1565 988 1736 1020 securitate
1760 997 1910 1020 annonae
1929 987 1966 1020 in

1266 1041 1526 1075 intentationibus
1543 1041 1564 1074 ¹.

1397 1121 1581 1149 Benedictus
1601 1121 1682 1155 Papa
1701 1120 1779 1148 xm.

1440 1172 1511 1194 now
1530 1171 1649 1192 Pnopnio
1661 1187 1668 1200 ,
1689 1170 1750 1191 mc.

1965 174 2005 202 An

2009 195 2015 202 .
2036 174 2065 203 G.
2078 174 2148 205 1726

1268 1237 1283 1279 ξ
1308 1236 1340 1269 1.
1367 1236 1514 1269 Essendo
1541 1237 1614 1276 che,
1631 1246 1691 1279 per
1715 1236 1814 1269 veder
1839 1242 2162 1291 semprescffigsafflffig:

1224 1289 1281 1332 piu
1302 1289 1501 1322 accresciuta
1519 1290 1547 1322 la
1565 1289 1711 1332 proficua
1732 1300 1748 1322 e
1767 1289 1879 1323 nobile
1897 1295 1968 1323 arte
1978 1296 2068 1324 proprii-

1225 1342 1352 1384 agraria
1377 1343 1461 1375 colla
1492 1341 1647 1375 ubertosa
1679 1342 1800 1375 coitura
1831 1343 1969 1386 special-

1226 1402 1335 1428 mente
1361 1394 1523 1437 dell’agro
1549 1405 1565 1428 e
1591 1394 1742 1428 distretto
1768 1395 1798 1427 di
1824 1395 1928 1429 Roma
1951 1406 1970 1429 a

1227 1449 1364 1481 comodo
1391 1448 1420 1481 di
1450 1448 1522 1480 tutti
1560 1448 1568 1480 i
1606 1448 1710 1481 nostri
1745 1449 1887 1489 sudditi,
1914 1449 1971 1481 ab·

1227 1499 1336 1531 biaino
1362 1499 1425 1538 noi,
1445 1499 1491 1531 fra
1517 1498 1559 1540 gli
1585 1499 1658 1531 altri
1685 1498 1792 1531 ordini
1819 1509 1835 1532 e
1860 1499 1970 1543 provi-

1228 1553 1309 1586 sioni
1325 1553 1448 1585 riserite
1467 1554 1519 1585 nel
1538 1553 1738 1596 precedente
1756 1559 1869 1586 nostro
1885 1553 1970 1587 Moto

1228 1606 1364 1649 proprio
1397 1612 1532 1648 segnato
1566 1606 1588 1639 il
1619 1607 1650 1639 di
1680 1616 1718 1639 xv
1745 1606 1876 1639 ottohre
1906 1606 1972 1640 del-

1229 1660 1337 1692 l'anno
1362 1669 1492 1699 scorso,
1517 1658 1711 1692 dimostrato
1737 1660 1757 1693 il
1784 1665 1896 1693 nostro
1918 1671 1971 1703 pa-

1230 1718 1321 1745 terno
1346 1722 1458 1745 amore
1484 1713 1568 1745 colla
1593 1713 1733 1755 gratuita
1754 1713 1972 1756 imprestanza

1229 1767 1378 1800 ordinata
1404 1767 1435 1800 di
1461 1767 1554 1799 seudi
1580 1771 1726 1799 sessanta
1752 1766 1828 1800 mila
1852 1766 1884 1798 in
1910 1768 1973 1801 sol-

1230 1820 1313 1853 lievo
1339 1819 1527 1859 cte'cultori,
1551 1819 1739 1859 lavoratori,
1761 1820 1800 1852 ed
1820 1819 1972 1853 affittuari

1231 1873 1392 1915 dell'agro
1417 1883 1570 1914 romano,
1592 1883 1607 1906 e
1635 1873 1665 1906 di
1691 1873 1764 1906 altri
1790 1873 1881 1906 scudi
1906 1873 1974 1907 cin-

1231 1928 1430 1971 quantamila
1454 1937 1510 1970 per
1535 1926 1556 1960 li
1582 1926 1776 1960 distrettuali
1800 1953 1807 1966 ‚
1833 1927 1871 1960 ed
1898 1927 1973 1960 altri

1232 1981 1264 2013 di
1289 1980 1548 2019 Civitavecchia,
1573 1979 1735 2020 Corneto,
1765 1980 1973 2022 Toscanella,

1232 2035 1375 2068 Vetralla
1404 2045 1420 2066 e
1446 2034 1609 2077 Piperno,
1636 2034 1765 2067 benche
1790 2044 1857 2067 non
1885 2044 1974 2067 com-

1233 2088 1319 2131 prcsi
1344 2088 1398 2120 nel
1424 2087 1574 2120 suddetto
1606 2087 1783 2129 distretto,
1817 2097 1908 2120 come
1940 2087 1974 2119 in

1234 2142 1317 2174 altro
1344 2146 1457 2174 nostro
1484 2140 1671 2183 chirografo
1690 2146 1824 2183 segnato
1843 2140 1865 2173 li
1883 2150 1913 2174 1v
1930 2140 1975 2173 fe-

1233 2195 1332 2227 hraro
1359 2204 1470 2227 seorso
1490 2221 1498 2235 ‚
1525 2193 1730 2237 provenienti
1756 2194 1840 2227 dalla
1872 2192 1976 2226 muni·

1234 2248 1356 2281 ficenza
1397 2247 1563 2280 de'nostri
1603 2246 1832 2290 predecessori
1870 2257 1887 2280 e
1924 2246 1975 2280 dai

1234 2300 1427 2344 sopravanzi
1453 2300 1604 2333 attinenti
1631 2301 1694 2333 alla
1711 2305 1825 2333 nostra
1842 2299 1976 2333 Camera

1234 2355 1274 2388 ed
1296 2355 1451 2395 Annona,
1479 2354 1517 2387 ed
1543 2354 1696 2387 accioche
1722 2353 1752 2386 di
1777 2358 1894 2396 questo
1919 2353 1976 2386 de-

1233 2419 1330 2449 naro,
1349 2409 1409 2441 che
1436 2407 1684 2450 gratuitamente
1709 2406 1920 2450 imprestera,
1945 2405 1976 2437 la

1270 2491 1280 2514 1
1303 2488 1360 2514 Alia
1379 2491 1481 2514 statuta
1508 2486 1541 2513 ad
1572 2487 1674 2513 honum
1699 2493 1823 2512 annonae
1851 2485 1975 2519 regimen

1233 2536 1260 2559 et.
1279 2533 1316 2559 rei
1337 2532 1460 2566 agrariae
1480 2532 1643 2558 beneficium
1663 2531 1798 2557 habentur
1818 2533 1902 2557 const.
1930 2530 1974 2558 ed.

1232 2583 1372 2612 moccxxv,
1394 2577 1436 2604 die
1459 2577 1490 2605 15
1510 2575 1647 2610 octobris,
1668 2574 1765 2610 pontif.
1786 2580 1814 2601 ιι.
