2139 3142
402 244 468 279 8910.
953 254 1132 278 nummatum
1158 254 1311 278 ROMANUM

448 306 630 340 definitorio
658 306 814 348 generali,
840 306 968 339 decreta
999 311 1029 338 et
1060 310 1175 338 statuta
1204 305 1359 339 condendi
1383 307 1562 340 facultatem
1594 309 1766 350 concessit,
1796 308 1860 342 6402
1883 311 1901 342 b

447 366 478 393 et
505 370 566 402 seq.

359 414 485 447 Fratres
510 411 755 455 praedicatores,
781 412 854 446 vide
877 411 1126 445 praedicatores.

356 467 484 500 Fratres
508 466 537 498 S.
562 465 753 507 Augustini,
777 465 848 498 vide
872 465 1029 498 Eremitae
1054 465 1084 498 S.
1114 465 1289 508 Augustini.

1120 572 1145 606 G
1196 609 1199 611 .

360 678 526 718 Gabellae,
550 678 620 710 vide
645 677 834 720 Vectigalia3
868 677 1065 720 provisiones
1090 682 1120 710 et
1144 678 1367 711 conventiones
1398 679 1490 711 initas
1522 679 1604 712 inter
1631 680 1816 723 religionem
1842 681 1903 714 Do·

449 731 639 763 minicanam
665 736 694 762 et
728 730 889 763 ministros
924 730 1072 764 Gamerae
1105 731 1303 774 Apostolicae
1338 742 1436 775 super
1468 733 1668 776 exemptione
1692 745 1710 766 a
1737 733 1900 772 Gabettis,

450 784 595 817 Colleclis
619 788 648 816 et
673 784 780 817 Daldis
806 789 894 816 motu
918 784 1048 827 proprio
1073 784 1288 826 confirmavit,
1316 784 1379 818 7502
1403 797 1424 818 α
1447 791 1478 818 et
1501 797 1563 829 seq.

358 837 508 871 Germani
533 838 561 871 S.
587 837 713 871 Civitas.
738 857 782 861 —
807 837 890 870 Inter
915 837 944 870 S.
970 837 1118 870 Germani
1145 838 1308 870 ecclesiam
1334 838 1532 881 collegiatam
1558 844 1588 871 et
1621 839 1810 872 abbatialem
1836 850 1903 873 mo-

450 891 579 923 nasterii
618 891 809 924 Cassinensis
845 891 1077 923 controversias
1112 896 1239 924 exortas
1272 894 1367 925 causa
1402 891 1626 925 iurisdictionis
1658 893 1763 932 refert,
1793 892 1858 926 ⁶236
1886 893 1903 925 b

450 950 479 977 et
495 955 571 987 seq.;
591 944 621 976 in
646 944 677 977 S.
697 944 844 978 Germani
871 944 989 977 incolas
1014 944 1054 977 ob
1080 944 1287 977 contumelias
1312 946 1505 978 monasterio
1522 946 1697 979 Cassinensi
1714 938 1816 979 illatas
1835 945 1903 979 ani-

452 997 651 1030 madversum
678 997 772 1030 fuisse
796 998 835 1029 ab
861 997 920 1030 hoc
946 998 1096 1031 Pontitice
1121 1003 1238 1037 narrat,
1264 997 1326 1030 0237
1347 998 1363 1030 I)
1389 1004 1418 1030 et.
1441 1009 1522 1042 δαίμ
1549 999 1634 1032 clero
1659 1005 1690 1031 et
1712 1000 1841 1043 populo,
1865 1009 1904 1033 ne

450 1051 587 1094 amplius
605 1050 750 1083 abbatem
768 1051 982 1084 Cassinensem
1002 1052 1173 1083 molestare
1190 1051 1364 1091 auderent,
1381 1051 1440 1084 sub
1460 1052 1570 1095 poenis
1591 1053 1766 1096 praecepit,
1785 1052 1848 1086 239
1866 1063 1902 1093 α;

449 1104 521 1136 vide
543 1103 655 1135 Abbas.

363 1156 530 1200 Gymnasia
554 1156 717 1188 Societatis
744 1157 828 1195 lesu,
852 1157 923 1189 vide
943 1156 1082 1190 Societas
1108 1156 1189 1189 lesu.

1123 1263 1150 1294 H

365 1367 496 1402 Habitus
520 1367 648 1406 laicalis,
673 1368 745 1401 ride
768 1368 878 1401 Clerici
904 1369 1091 1401 beneficiati.

365 1420 509 1453 Hebraei.
534 1421 640 1459 Quoad
667 1421 827 1454 Hebraeos
852 1421 1069 1461 denunciatos,
1093 1421 1176 1465 quod
1203 1422 1395 1454 voluntatem
1421 1432 1509 1454 snam
1535 1421 1765 1456 declaraverint
1788 1423 1827 1456 de
1851 1433 1904 1456 su-

451 1473 613 1522 scipieiglo
635 1474 801 1516 baptismo,
816 1474 977 1507 decretum
996 1475 1256 1517 Congregationis
1273 1475 1303 1508 S.
1321 1475 1420 1508 Officii
1439 1476 1657 1516 confirmatur,
1675 1476 1739 1509 500
1756 1488 1776 1510 a
1794 1481 1824 1511 et
1839 1487 1903 1521 seq;

453 1527 709 1559 constitutionem
735 1528 907 1560 Innocentii
934 1528 1000 1561 Xlll
1026 1539 1123 1572 super
1147 1529 1361 1572 prohibitione
1392 1535 1588 1563 mercaturae
1617 1541 1725 1563 rerum
1749 1540 1904 1564 novarum

452 1579 604 1612 Hebraeis
631 1585 694 1611 tum
722 1580 751 1611 in
777 1580 873 1621 Statu,
899 1586 965 1613 tum
992 1585 1077 1614 extra
1101 1582 1221 1614 Statum
1248 1582 1502 1616 Ecclesiasticum
1528 1583 1734 1626 degentibus,
1754 1584 1851 1617 refert
1875 1589 1905 1617 et

453 1632 669 1672 confirmavit,
694 1632 758 1664 810
783 1644 799 1664 α
825 1639 854 1664 et
879 1633 904 1664 Ι).

365 1686 527 1729 llospitale
562 1687 590 1718 S.
628 1686 788 1719 Gallicani.
814 1705 858 1708 —
881 1686 927 1719 Ad
951 1686 1114 1730 hospitalis
1145 1687 1176 1720 S.
1212 1687 1361 1721 Gallicani
1398 1689 1588 1721 erectionem
1620 1699 1730 1722 causas
1762 1695 1906 1723 recenset

453 1739 517 1772 440
543 1740 576 1778 ὸς
603 1740 755 1783 privatam
786 1740 955 1783 quamdam
980 1740 1108 1773 domum
1133 1747 1218 1773 trans
1242 1742 1389 1785 Tyberim
1420 1742 1567 1774 curandis
1599 1742 1754 1775 eiusmodi
1786 1742 1905 1775 morbis

453 1799 594 1836 apertam
632 1793 724 1835 paulo
756 1799 826 1825 ante
856 1793 950 1825 fuisse
975 1794 1080 1834 refert⁷
1101 1793 1161 1826 441
1183 1795 1216 1833 l›;
1243 1795 1422 1828 aediticium
1448 1806 1563 1828 novum
1590 1796 1709 1839 pariter
1731 1801 1816 1828 trans
1840 1797 1902 1840 Ty-

452 1847 552 1879 berim
580 1859 637 1890 pro
662 1847 815 1879 eiusmodi
842 1848 963 1880 morbis
983 1848 1131 1881 curandis
1149 1854 1365 1881 constructum
1391 1849 1422 1880 in
1447 1849 1601 1892 hospitale
1626 1849 1684 1881 sub
1708 1849 1905 1882 invocatione

453 1900 486 1932 S.
519 1900 683 1933 Gallicani
708 1900 818 1942 erigit,
844 1900 908 1932 442
933 1912 954 1933 a
977 1907 1007 1933 et
1031 1912 1106 1945 seq,;
1135 1902 1227 1944 plura
1252 1901 1360 1934 statuit
1385 1912 1442 1944 pro
1466 1901 1538 1935 dote
1563 1907 1593 1934 et
1618 1902 1772 1944 regimine
1796 1902 1905 1946 ipsius,

454 1953 518 1985 445
542 1965 562 1986 a
588 1959 617 1985 et
641 1965 704 1996 seq.

364 2007 522 2050 Hospitale
547 2007 575 2039 S.
602 2007 725 2040 Ioannis
751 2007 1040 2051 Hierosotynmaui.
1068 2028 1111 2030 —
1135 2009 1168 2040 In
1193 2008 1357 2051 hospitalis
1382 2008 1512 2051 praefati
1538 2008 1681 2051 gratiam,
1707 2009 1904 2042 constitutio-

453 2071 523 2092 nem
550 2060 625 2093 Sixii
656 2060 692 2101 V,
719 2071 799 2103 qua,
824 2061 909 2093 iuxta
933 2061 1179 2094 declarationem
1205 2063 1234 2095 S.
1261 2062 1305 2094 Pii
1332 2062 1353 2093 V
1379 2063 1437 2094 hac
1461 2072 1556 2105 super
1580 2072 1635 2102 re,
1660 2061 1841 2094 decernitur
1873 2069 1906 2095 ut

453 2124 563 2145 omnes
587 2113 763 2146 obtinentes
788 2115 991 2147 commendas
1016 2121 1045 2147 et
1070 2115 1223 2148 benetie-ia
1248 2115 1321 2147 dicti
1343 2115 1505 2158 hospitalis
1523 2115 1560 2147 ad
1579 2115 1766 2147 solutionem
1789 2115 1904 2148 iurium

452 2167 628 2199 communis
652 2168 766 2200 aerarii
791 2168 933 2200 eiusdem
957 2174 1149 2209 tenerentur,
1175 2168 1342 2201 confirmat
1367 2168 1553 2200 Benedictus
1578 2167 1738 2207 X111,134
1756 2169 1772 2201 b
1790 2173 1821 2201 et
1841 2180 1903 2213 seq.

366 2221 548 2263 llospitalia.
573 2240 616 2244 ὀ
642 2221 700 2254 l'ro
727 2221 929 2264 hospitalium
955 2221 1088 2254 civitatis
1112 2222 1268 2255 Caesenae
1298 2226 1384 2254 recto
1417 2221 1570 2263 regimine
1602 2221 1755 2253 nonnulla
1779 2222 1906 2262 statuit,

456 2272 520 2305 5395}
545 2274 561 2304 b
586 2279 615 2305 et
639 2285 699 2317 seq.

368 2327 540 2369 llyacintlia
565 2327 625 2369 (Β.)
650 2327 688 2359 de
714 2328 908 2361 Mariscottis.
933 2347 975 2352 —
999 2329 1126 2361 Set-vam
1153 2328 1206 2361 Dei
1233 2328 1438 2372 Iliacyntham
1457 2327 1494 2359 de
1512 2327 1712 2367 Mariscottis,
1738 2328 1906 2361 monialem

457 2380 537 2412 tertii
562 2380 687 2413 Ordinis
711 2382 808 2414 sancti
833 2382 1002 2421 Francisci,
1028 2383 1191 2419 beatarum
1217 2382 1360 2424 catalogo
1385 2380 1568 2424 adscripsit,
1594 2379 1658 2413 389
1685 2381 1702 2413 b
1727 2385 1756 2414 et
1779 2392 1839 2425 seq.

1133 2488 1144 2521 1

369 2591 500 2624 lacobus
524 2593 581 2633 (S.)
605 2603 620 2624 a
646 2593 793 2626 Mai-cliia.
821 2613 864 2617 —-
888 2595 918 2626 S.
947 2594 1048 2627 laeobi
1074 2605 1090 2625 a
1115 2594 1262 2635 Mai-chia,
1287 2594 1412 2627 Ordinis
1437 2594 1591 2627 Minorum
1618 2594 1655 2626 de
1683 2593 1906 2634 Observantia,

458 2650 580 2684 ortum,
607 2645 684 2676 vitae
711 2646 863 2678 rationem
889 2647 938 2689 pie
963 2652 1082 2686 actam,
1108 2646 1246 2687 obitum,
1273 2647 1424 2680 miracula
1446 2652 1476 2679 et
1504 2646 1737 2679 venerationem
1766 2645 1906 2689 exponit,
