2139 3142
435 192 499 226 896
988 199 1164 223 antuman
1190 199 1340 223 nomana

390 254 527 288 Minores
562 256 598 288 in
621 264 742 297 qenere.
768 272 811 277 —
834 252 1011 285 Minoribus
1041 250 1168 284 Ordinis
1199 251 1298 283 sancti
1329 251 1487 284 Francisci
1520 252 1550 284 in
1580 253 1688 295 regnis
1720 254 1933 296 Por-tugalliae

480 307 648 351 privilegia
671 307 778 339 omnia
802 305 992 349 personalia,
1013 315 1094 347 quae
1113 304 1232 336 eisdem
1259 303 1391 337 concedi
1417 311 1656 347 consueverant,
1681 306 1848 349 abrogavit
1870 307 1932 340 Be-

479 360 622 392 nedictus
647 359 733 397 Xlll,
758 357 822 390 108
848 369 867 389 α
893 363 923 389 et
948 358 979 396 b;
1006 367 1065 400 pro
1090 357 1242 389 servanda
1272 357 1302 389 in
1330 356 1446 390 Ordine
1478 359 1640 390 Minorum
1670 359 1727 391 sub
1759 360 1934 393 directione

479 413 628 455 magistri
652 411 815 454 qeneralis
842 411 936 442 totius
962 409 1096 442 Ordinis
1119 410 1295 442 viventium
1319 409 1446 452 antiqua
1472 410 1609 452 regulari
1635 411 1814 454 disciplina,
1839 423 1935 455 quac-

479 465 551 497 dam
587 464 695 497 statuit
730 463 831 501 idem,
857 462 916 494 111
946 463 962 494 b
988 467 1019 494 et
1042 473 1117 505 seq.·‚
1153 473 1212 505 pro
1247 463 1422 495 Minoribus
1447 468 1513 495 tuin
1547 463 1586 496 de
1615 463 1840 505 Observantia,
1866 471 1931 498 tum

481 518 751 557 Reformatorum,
776 515 1043 549 Discalceatorum
1058 543 1065 556 ,
1083 515 1336 548 Recollectorum
1356 521 1386 549 et
1401 516 1628 549 Tertiariorum
1646 527 1663 549 a
1680 517 1848 551 Benedicto
1864 518 1935 552 xllt

478 576 629 604 statutum
650 571 725 609 fuit,
751 573 784 601 ut
809 568 942 601 ministri
968 568 1190 611 provinciales,
1215 568 1359 600 custodes
1384 573 1414 600 et
1438 568 1621 601 definitores
1638 568 1801 602 dumtaxat
1826 569 1857 602 in
1882 580 1935 603 ca·

478 624 584 667 pitulis
610 624 750 666 ipsorum
777 632 852 654 voce
877 620 1053 654 consultiva
1071 626 1101 653 et
1121 620 1258 653 decisiva
1278 620 1346 653 fieri
1371 627 1514 664 possent,
1540 621 1582 653 uti
1604 626 1711 655 narrat
1735 621 1799 655 556
1817 633 1837 655 α
1855 628 1886 656 et
1902 623 1935 662 b,·

478 687 536 720 pro
561 676 678 708 eisdem
708 675 844 707 familiae
877 675 1130 706 ultramontanae
1162 673 1355 716 praedictam
1382 673 1638 706 constitutionem
1666 675 1845 707 moderatus
1870 681 1937 717 est,

481 729 544 761 556
569 729 586 760 b
619 734 648 760 et
681 739 764 771 seq.;
796 738 834 759 ne
864 732 1037 760 conventus
1069 726 1222 760 Ordinum
1254 726 1495 758 Mendicantium
1532 727 1695 769 erigantur
1727 738 1827 771 prope
1859 738 1935 761 con-

478 788 589 815 ventus
614 782 739 815 Ordinis
765 781 920 813 Minorum
946 780 1149 824 prohibetur,
1176 778 1239 811 782
1264 780 1280 811 b
1305 785 1334 811 et
1358 790 1433 823 seq.;
1468 780 1625 812 Minorum
1649 779 1758 813 Ordini
1784 780 1933 814 universo

479 836 657 868 facultatem
692 834 842 867 recitandi
875 834 1012 866 officium
1039 833 1097 865 sub
1130 833 1192 864 ritu
1223 832 1342 876 duplici
1367 838 1398 865 et
1426 832 1604 865 celebrandi
1636 833 1764 865 missam
1788 833 1820 865 Β.
1846 833 1935 866 Sera-

478 889 564 933 pbini
591 888 629 920 de
653 888 767 920 Asculo
793 887 966 926 concessit,
991 885 1056 919 835
1080 897 1100 919 α
1125 892 1155 918 et
1180 886 1207 918 b.

386 944 522 976 Minores
547 942 728 985 Capuccini.
758 960 794 964 —
820 940 1037 972 praefatorum
1064 939 1217 971 ministris
1247 939 1494 982 provincialibus
1522 944 1552 971 et
1583 938 1764 971 delinitorio
1797 939 1928 982 provin-

479 997 599 1028 ciarum
626 995 755 1027 facultas
782 993 937 1025 vendendi
964 993 1011 1024 vel
1034 991 1235 1035 permutandi
1257 991 1355 1024 libros
1372 991 1548 1034 duplicatos
1569 992 1632 1023 sire
1654 992 1833 1034 superfluos
1858 1002 1934 1025 con-

480 1049 613 1085 ceditur,
631 1047 672 1080 78
694 1047 728 1087 (Γ,
754 1046 926 1079 Minoribus
951 1045 1138 1089 Capuccinis
1159 1045 1265 1078 omnia
1290 1045 1357 1077 iura
1384 1045 1413 1076 in
1439 1044 1629 1077 conferendo
1646 1045 1803 1088 scapulari
1826 1051 1856 1078 et
1873 1045 1934 1078 cin-

477 1102 551 1144 gulo
577 1100 725 1133 tertiariis
749 1100 807 1131 sibi
840 1099 988 1131 subiectis
1021 1098 1266 1138 confirmantur,
1295 1097 1358 1130 :367
1389 1098 1405 1129 b
1433 1103 1463 1130 et
1494 1108 1575 1141 seq.;
1601 1098 1718 1130 eisdem
1752 1098 1934 1132 constitutio

475 1154 627 1197 quaedam
664 1153 834 1186 Clementis
861 1152 900 1184 xl
925 1152 983 1184 hac
1008 1162 1103 1194 super
1141 1161 1174 1183 re
1210 1151 1307 1182 relata
1339 1151 1564 1190 confirmatur,
1588 1150 1652 1183 358
1678 1151 1694 1183 b
1712 1157 1741 1183 et
1765 1162 1846 1195 seq.;
1872 1161 1929 1184 eo-

477 1208 621 1239 rumdem
647 1206 792 1238 ministro
817 1205 957 1248 generali
982 1210 1163 1247 competere
1187 1205 1364 1237 facultatem
1391 1204 1533 1247 erigendi
1564 1204 1680 1247 ubique
1705 1205 1844 1238 Tertium
1869 1205 1930 1238 Or-

474 1261 579 1292 dinem
605 1260 634 1292 S.
661 1259 819 1291 Francisci
835 1285 842 1297 ,
868 1258 997 1300 eiusque
1024 1257 1256 1300 professoribus
1281 1258 1444 1300 scapulare
1475 1268 1546 1289 cuni
1579 1258 1707 1300 cingulo
1732 1258 1934 1297 conferendi,

477 1313 594 1353 statuit,
619 1313 705 1351 ibe'tlx,
730 1311 942 1354 praefatorum
970 1311 1131 1354 praedicto
1156 1311 1300 1343 ministro
1325 1311 1464 1352 generali
1486 1311 1662 1344 facultatem
1688 1311 1841 1343 discretos
1862 1321 1935 1344 con-

478 1366 637 1397 ventuales
660 1365 688 1396 in
715 1364 887 1408 provinciis
912 1364 1135 1407 Hispaniarum
1162 1364 1344 1397 restituendi
1365 1364 1533 1402 concessit,
1553 1364 1616 1397 617
1642 1365 1659 1395 (1
1684 1369 1714 1396 et
1737 1375 1815 1408 seq.;
1840 1364 1935 1397 Mino-

477 1430 545 1451 rum
567 1419 817 1462 Capuccinoruiu
844 1417 1017 1449 rustfflliam
1042 1418 1175 1450 Alsatiae
1202 1417 1231 1449 in
1256 1427 1368 1449 novam
1397 1417 1592 1460 provinciam
1617 1417 1786 1449 Alsaticam
1811 1427 1931 1450 nuncu-

475 1472 609 1515 pandam
636 1472 748 1510 ercxit‚
771 1469 834 1503 758
859 1471 876 1501 ἰ)
901 1477 930 1502 et
954 1481 1028 1513 seq.;
1054 1481 1112 1513 pro
1137 1470 1254 1502 eisdem
1273 1470 1488 1502 alternativam
1508 1470 1538 1502 in
1556 1469 1709 1502 electione
1729 1470 1932 1513 provincialis

474 1531 504 1557 et
521 1525 723 1557 definitorum
742 1523 921 1566 provinciae
940 1523 1109 1555 Brixiensis
1134 1534 1169 1555 ex
1196 1523 1316 1555 duabus
1342 1523 1492 1556 custodiis
1509 1522 1659 1555 Brixicnsi
1677 1528 1707 1555 et
1726 1522 1933 1565 Bergomensi

475 1578 616 1610 facienda
642 1578 759 1615 statuit,
788 1577 851 1609 730
877 1588 897 1609 a
922 1582 952 1609 et
975 1588 1036 1619 seq.

385 1632 521 1665 Minores
546 1631 783 1665 Conventuales.
810 1649 851 1654 —
876 1630 910 1663 ln
935 1640 1045 1662 eorum
1072 1631 1203 1663 ecclesia
1239 1630 1347 1663 Assisii
1371 1629 1750 1662 arcliiconfraternitatem
1776 1629 1928 1672 Cordige-

472 1695 582 1717 rorum
607 1694 625 1715 a
648 1684 735 1717 Sixto
761 1683 783 1715 V
808 1689 946 1715 erectam
972 1683 1084 1723 fuisse,
1112 1693 1148 1715 ac
1173 1683 1325 1725 magistro
1357 1682 1499 1725 generali
1533 1682 1713 1715 facultatem
1748 1692 1928 1716 concessam

473 1736 617 1780 erigendi
638 1736 912 1769 confraternitates
938 1735 1077 1768 eiusdem
1104 1736 1239 1768 nominis
1264 1736 1295 1767 in
1317 1736 1474 1768 Minorum
1501 1735 1653 1775 ecclesiis,
1674 1736 1786 1775 refert,
1807 1735 1871 1769 105
1887 1747 1927 1776 α;

472 1790 709 1834 praedictorum
743 1790 896 1832 magistro
920 1790 1060 1831 generali
1086 1790 1264 1821 facultatem
1291 1790 1433 1832 erigendi
1467 1789 1565 1822 dictas
1598 1790 1873 1822 confraternitates
1899 1789 1931 1821 in

474 1844 512 1876 iis
538 1844 632 1876 etiam
659 1843 735 1875 locis
768 1842 799 1875 in
833 1842 947 1885 quibus
981 1842 1132 1875 ecclcsiae
1156 1842 1281 1875 Ordinis
1313 1843 1466 1875 Minoi-um
1500 1853 1563 1875 non
1588 1843 1742 1882 existunt,
1768 1841 1928 1882 concedit,

473 1896 537 1929 106
563 1908 604 1936 α’,
632 1896 722 1939 ipsis,
743 1906 782 1927 ne
803 1896 840 1927 ad
866 1895 1034 1937 dignitates
1059 1896 1288 1928 ecclesiasticas
1313 1896 1452 1938 promoti
1478 1896 1559 1928 bona
1583 1901 1795 1928 conventuum
1815 1905 1929 1927 secum

474 1950 709 1993 adsportaicnt,
728 1948 802 1981 olim
822 1948 956 1981 inliibuit
980 1948 1155 1980 Alexander
1180 1949 1229 1988 lv,
1253 1948 1316 1981 ‘1229
1334 1960 1354 1981 a
1372 1955 1401 1981 et
1418 1949 1446 1988 ἰν,
1473 1948 1648 1981 Minoribus
1666 1947 1930 1981 Conventualibus

472 2009 654 2046 competere
679 2002 930 2034 iurisdictionem
957 2001 987 2033 in
1013 2012 1086 2034 suos
1113 2002 1268 2034 tertiarios
1294 2002 1411 2040 statuit,
1436 2001 1496 2035 37¹1
1525 2012 1563 2041 α;
1590 2000 1849 2034 Couventualium
1874 2001 1930 2034 Or-

473 2057 578 2089 dinem
606 2056 728 2088 eximiis
753 2055 899 2087 laudibus
925 2055 1036 2094 effert,
1061 2054 1126 2087 372
1150 2066 1180 2087 α.

385 2110 520 2143 Minores
545 2110 583 2142 de
619 2109 837 2143 Observantia.
862 2127 904 2132 —
940 2107 1018 2150 lpsis
1050 2108 1233 2151 provinciae
1268 2108 1500 2151 Assumptionis
1531 2107 1780 2140 'fucumanensis
1811 2107 1843 2139 in
1874 2107 1927 2140 ln-

470 2163 530 2195 diis
566 2163 819 2196 Occidentalibus
858 2161 1020 2194 decretum
1064 2162 1328 2204 Congregationis
1369 2162 1595 2205 episcoporum
1636 2167 1667 2194 et
1706 2160 1900 2203 regularium
1918 2187 1926 2201 ,

470 2227 534 2260 quo
558 2216 706 2249 statuitur
738 2221 771 2248 ut
806 2216 949 2249 visitator
980 2216 1082 2248 dictae
1111 2215 1310 2258 provinciae,
1339 2215 1466 2258 quando
1498 2214 1735 2247 commissarius
1768 2213 1927 2246 Indiarum

472 2270 510 2302 ad
531 2269 675 2302 eamdem
701 2279 763 2301 non
787 2269 853 2301 vult
876 2269 1048 2308 accedere,
1075 2280 1111 2301 ex
1137 2269 1246 2302 eadem
1272 2268 1418 2310 eligatur,
1445 2268 1614 2301 confirmat
1645 2267 1703 2300 121
1735 2277 1755 2300 a
1786 2272 1817 2299 et
1843 2277 1918 2310 seq.;

473 2333 531 2365 pro
567 2332 677 2355 eorum
716 2322 878 2365 provincia
913 2322 943 2355 S.
969 2322 1109 2354 Severini
1137 2321 1284 2365 martyris
1320 2321 1483 2353 decretum
1522 2320 1656 2352 ministri
1682 2319 1839 2362 generalis
1862 2318 1926 2352 Or-

470 2375 572 2414 dinis,
597 2375 778 2418 approbaus
804 2375 986 2417 bipartitam
1016 2374 1184 2417 quamdam
1213 2374 1430 2407 alternativam
1456 2372 1634 2406 officiorum
1663 2373 1764 2404 dictae
1792 2371 1923 2415 provin-

472 2429 559 2470 ciae,
587 2429 768 2465 confirmat,
797 2427 862 2460 203
891 2428 908 2460 b
933 2434 963 2460 et
986 2438 1065 2471 seq.;
1091 2428 1211 2460 litteras
1235 2427 1387 2471 quasdam
1421 2431 1563 2470 patentes
1598 2424 1734 2457 ministri
1770 2423 1926 2466 generalis

472 2482 556 2514 circa
591 2481 809 2513 alternativam
844 2480 1023 2513 officiorum
1051 2481 1233 2524 provinciae
1269 2480 1394 2513 Siciliae
1425 2478 1566 2512 eiusdem
1595 2477 1738 2517 Ordinis,
1763 2476 1830 2509 215
1853 2487 1873 2509 α
1899 2479 1935 2509 et

470 2543 547 2575 seq.;
582 2533 718 2565 Minores
752 2533 854 2565 dictae
885 2533 1068 2576 provinciae
1101 2533 1226 2567 Siciliae
1261 2532 1300 2565 de
1338 2532 1459 2565 idoneis
1495 2531 1641 2564 ministro
1676 2528 1861 2574 provinciali
1898 2533 1935 2561 et

471 2585 639 2618 definitore
663 2586 818 2628 providit,
842 2585 905 2619 217
931 2586 966 2627 bg
994 2586 1169 2620 Minoribus
1191 2586 1347 2629 regularis
1371 2584 1590 2618 observantiae
1621 2582 1788 2627 privilegia
1819 2581 1928 2615 omnia
