2170 3147
291 173 309 198 1.
337 172 401 199 1727

252 973 387 995 Confirmatio

204 1001 388 1021 mnwnndruicon.

203 1030 344 1048 stitutionnin.

451 163 513 196 502

401 222 559 260 slifidelium
585 224 664 258 rotis,
689 222 770 251 datae
788 222 896 252 Romae
918 221 964 252 die
987 231 1049 251 xxu
1073 221 1148 251 iunii

402 280 578 301 iiDCtxxxiv.

441 320 489 348 59.
515 320 595 349 Aliae
616 319 746 348 eiusdem
771 319 947 358 incipientes
970 319 1081 358 Exponi
1104 329 1149 347 no-

401 370 454 400 bis,
480 369 561 397 datae
585 368 694 397 Romae
716 379 777 396 xxx
801 368 903 406 aprilis
926 377 1105 397 iinccxxxvi.

440 418 489 446 60.
515 416 670 445 Alexandri
689 416 748 445 vtlt
772 417 949 455 incipientes
965 418 1008 446 Ei:
1024 418 1148 447 iniuncto

402 466 485 498 nobis,
510 466 593 494 datae
610 466 718 495 Romae
734 465 780 494 die
798 476 817 494 x
834 465 1003 495 novembris
1023 474 1132 495 imoxc.

440 515 488 543 fvt.
515 514 677 543 lnnoeentii
703 514 750 543 xit
773 514 953 553 incipientes
975 514 1058 543 Alitis
1075 525 1090 543 a
1105 517 1147 553 sc-

400 565 461 593 licis
485 564 692 601 7'‹⁷(·01·dnt2'011i8‚
710 564 795 593 datae
820 564 929 594 Romae
947 572 963 592 v
982 563 1146 593 decembris

399 622 540 642 iincxcvi.

439 661 485 690 (32.
512 661 674 690 lnnocentii
700 661 760 691 xltt
785 662 963 700 incipientes
986 662 1046 691 Piis
1073 661 1148 690 chri-

399 710 557 749 stifidetium
584 712 660 748 rotis,
689 711 773 740 datae
809 712 917 740 nomae
950 711 996 740 die
1020 719 1047 739 Vl
1071 710 1146 739 iunii

399 768 539 789 MDCtfixxl.

438 809 486 837 (53.
511 808 593 838 Aliae
626 809 757 839 eiusdem
786 809 963 848 incipientes
997 807 1085 844 Quum
1112 809 1146 837 ad

399 858 623 896 infrascriptam,
641 857 724 887 (lanae
748 858 857 887 llomae
880 857 926 887 die
949 866 999 887 >2111
1021 861 1147 896 septem-

398 904 460 934 bris
482 913 622 935 nuccxxi.

444 961 458 1004 ᾖ
484 960 516 993 4.
545 961 716 1004 Hucusque
743 966 990 994 antecessorum
1017 966 1145 993 nostro-

400 1024 470 1045 rnm
497 1014 717 1047 Romanorum
743 1013 936 1047 Pontificum
965 1013 1003 1046 ad
1030 1013 1143 1046 fratres

400 1066 541 1100 Minores
568 1068 606 1100 de
632 1067 848 1100 observantia
874 1072 1079 1111 nuncupatos
1112 1065 1144 1098 in

398 1120 479 1152 locis
505 1120 623 1152 sanctis
649 1120 779 1153 Christo
807 1120 942 1153 domino
968 1119 1144 1152 militantes

399 1173 506 1206 editae
533 1173 662 1206 litterae
684 1173 896 1216 apostolicae.
915 1172 997 1211 Quas
1015 1183 1141 1211 omnes,

398 1231 429 1258 et
455 1226 616 1268 quaslibet
652 1226 731 1259 alias
769 1227 800 1258 in
839 1226 983 1259 eiusdem
1014 1225 1143 1258 Ordinis

399 1280 570 1312 annalibus
602 1285 633 1311 et
669 1280 889 1312 monumentis
915 1279 1078 1319 laudatas,
1105 1279 1144 1311 ad

399 1344 455 1365 eos
482 1344 540 1376 per
566 1344 789 1377 quoscumque
823 1333 985 1365 Romanos
1012 1332 1143 1365 Pontiti-

398 1397 454 1419 ces
481 1387 731 1429 quomodolibet
767 1386 923 1429 scriptas,
950 1385 1143 1429 praesertin]

399 1441 505 1484 quoad
521 1440 754 1482 indulgentias,
770 1440 945 1473 dnmmodo
962 1440 1000 1472 de
1020 1450 1143 1472 earnm-

399 1493 470 1526 dem
497 1492 668 1526 existentia
694 1493 796 1526 valide
831 1498 862 1526 et
892 1493 1035 1535 legitime
1069 1503 1143 1525 con—

398 1552 471 1586 stet,
487 1546 605 1589 inque'
626 1547 746 1579 eisdem
764 1552 826 1579 tam
845 1546 1026 1579 enunciatis
1045 1557 1141 1589 quam

398 1601 469 1633 aliis
508 1600 672 1643 quibusvis
710 1606 865 1633 contenta
901 1610 1138 1643 quaecumque,

398 1654 523 1686 etiamsi
551 1654 626 1686 talia
652 1654 757 1686 forent.
788 1664 870 1697 quae
907 1653 1082 1700 ssiecialeiii
1110 1659 1138 1685 et

396 1706 580 1750 specificam
605 1708 806 1740 mentionem
834 1707 1058 1750 requirerent,
1085 1707 1138 1738 nbi

399 1767 505 1793 tamen
531 1761 667 1794 Concilii
693 1761 874 1794 Tridentini
908 1760 1049 1793 decretis
1075 1771 1137 1793 non

397 1815 621 1853 andrei-sentnr,
641 1825 710 1846 cnm
730 1814 866 1856 integris
889 1814 954 1846 suis
973 1814 1139 1847 tenoribus

396 1873 427 1900 et
448 1868 529 1900 datis
553 1868 650 1911 plene
676 1873 705 1900 et
730 1868 931 1900 sufficienter
956 1878 1138 1910 expressas,

396 1932 432 1953 ac
459 1921 483 1953 si
511 1922 549 1953 de
577 1921 674 1954 verbo
701 1921 738 1953 ad
758 1920 891 1954 verbum
910 1920 1137 1964 praesentibus

398 1975 538 2007 insertae
559 1981 679 2014 essent,
699 1975 870 2014 habentes,
891 1975 1067 2017 apostolica
1089 1985 1138 2007 air

398 2028 561 2068 ctoritate,
581 2028 807 2072 praesentium
835 2033 958 2068 tenore,
977 2033 1136 2072 perpetuo

396 2083 613 2125 approbamus
639 2089 671 2114 et
695 2082 931 2122 confirmamus,
949 2093 995 2122 ae,
1020 2082 1050 2115 in
1070 2085 1137 2126 ple-

395 2145 467 2167 nam
494 2136 733 2169 observantiam
766 2148 801 2170 ae
834 2137 1006 2180 pristinum
1034 2143 1063 2169 et
1091 2149 1137 2170 va-

396 2189 589 2221 lidissimum
611 2200 703 2222 suurn
730 2196 848 2223 statum
870 2191 1080 2224 restituentes
1107 2198 1137 2225 et

397 2248 597 2282 revocantes,
610 2242 800 2276 innovamus
815 2250 859 2284 et,
876 2251 1036 2288 quatenus
1053 2256 1136 2289 opus

396 2294 445 2332 sit,
472 2295 580 2327 omnia
606 2302 636 2328 et
666 2296 793 2339 singula
825 2299 991 2340 praedicta
1028 2299 1136 2334 denuo

397 2349 609 2381 concedimus
637 2356 668 2381 et
685 2350 902 2393 indulgemus,
921 2352 1050 2395 illisque
1068 2364 1137 2396 per·

396 2406 512 2443 petnae
539 2407 570 2433 et
594 2402 792 2436 inviolabilis
817 2406 1016 2447 apostolicae
1042 2406 1138 2439 sirmi-

398 2454 469 2485 tntis
489 2454 586 2486 robur
604 2455 781 2497 anliiciinus,
798 2468 909 2491 omnes
926 2464 957 2491 ct
971 2459 1136 2502 singulos²

431 2525 443 2551 1
466 2525 536 2551 Male
557 2525 621 2552 edit.
642 2525 722 2553 Mam.
744 2528 808 2561 legit
828 2529 858 2555 in
880 2538 938 2564 qna
957 2531 995 2563 (R.
1016 2532 1064 2564 Τ.).

433 2570 442 2596 1
467 2569 536 2597 Edit.
558 2570 640 2597 Maiu.
662 2571 727 2605 tegit
745 2573 877 2607 somnias
898 2578 934 2608 (tt.
956 2576 1004 2610 T.).

995 174 1177 197 BULLARIUM
1204 175 1362 199 ROMANUM

1192 228 1255 255 tam
1282 223 1360 256 iuris
1386 234 1479 267 qnam
1503 224 1573 257 sacti
1602 230 1629 257 et
1658 235 1937 268 quarumcumque

1192 277 1451 317 solemnitatum,
1476 278 1515 310 de
1536 277 1616 317 iure,
1641 288 1700 310 usu
1725 278 1776 311 vel
1802 288 1938 311 eonsue-

1194 329 1304 362 tudine
1337 335 1392 362 aut
1415 329 1494 363 alias
1521 330 1773 374 quomodolibet
1798 331 1938 374 requisi-

1194 389 1294 415 tarum
1320 394 1356 416 ac
1383 383 1413 415 in
1439 384 1630 427 praemissis
1657 384 1794 416 sortasse
1831 384 1934 416 omis-

1192 447 1311 476 sarmn,
1333 447 1460 469 necnon
1492 448 1712 480 quoscumque
1738 436 1819 469 alios
1839 447 1938 480 quan-

1194 489 1308 521 tumvis
1344 489 1573 522 substantiales
1610 489 1778 529 desectus,
1818 489 1843 521 si
1878 490 1935 532 qui

1194 542 1303 575 forsan
1336 543 1367 575 in
1407 543 1521 576 iisdem
1558 543 1708 576 omnibns
1742 549 1774 576 et
1798 543 1937 585 singulis

1192 595 1438 639 quomodolibet
1459 596 1710 636 intervenerint,
1737 596 1935 639 supplemus.

1235 649 1249 691 g
1276 648 1306 681 5.
1327 649 1464 692 Insuper
1490 649 1641 682 omnibns
1668 655 1698 682 et
1723 649 1858 692 singulis
1884 660 1937 682 cu-
1972 664 2036 685 Nema
2055 668 2128 695 eonii-a

1192 702 1383 745 inseumqne
1410 702 1649 735 ecclesiasticae
1676 702 1854 745 dignitatis,
1874 690 2128 748 sta-llltssiff0d'nl’12‘lt

1193 761 1241 787 tus
1267 760 1299 787 et
1324 755 1523 788 conditionis
1556 755 1763 798 quantumvis
1799 743 2127 798 privile-¹'}l⁸r¹{.'eiudic'iii2”

1191 808 1285 851 giatis
1334 808 1484 851 personis
1531 819 1684 852 expresse
1726 798 2029 848 inhibemus‚‘”s⁰‘³¹·

1191 861 1364 904 quominus
1391 867 1503 895 eontra
1528 862 1589 894 vim
1617 868 1649 894 et
1682 872 1812 894 sensum
1838 861 1936 905 privi-

1192 915 1362 958 legiorum,
1385 915 1642 956 concessionum,
1662 916 1860 956 facultatum,
1887 915 1935 947 in-

1191 968 1273 1000 rinm
1300 975 1331 1001 et
1356 969 1565 1009 indultorum,
1592 975 1627 1002 ut
1651 969 1851 1012 praefertur,
1876 978 1935 1011 per

1191 1031 1250 1054 nos
1276 1021 1532 1065 approbatorum
1551 1027 1583 1055 et
1603 1021 1881 1062 confirmatorum,
1897 1031 1935 1054 ac

1190 1074 1286 1107 etiam
1313 1075 1559 1116 innovatorum,
1586 1076 1656 1108 loca
1682 1075 1749 1107 sive
1775 1084 1933 1118 personas

1190 1128 1357 1170 praedicto
1408 1129 1586 1171 gnardiano
1635 1127 1932 1171 Hierosolymitano

1190 1181 1354 1214 subiectas
1374 1182 1510 1225 eiusque
1527 1192 1622 1214 curae
1645 1182 1812 1214 mandatas
1828 1181 1933 1224 respi-

1190 1234 1356 1275 cientium,
1383 1235 1484 1268 ullum
1509 1234 1743 1268 iurisdictionis
1768 1239 1822 1267 aut
1839 1244 1933 1278 snpe-

1190 1288 1343 1321 rioritatis
1372 1294 1478 1321 actum
1516 1288 1574 1320 sub
1608 1298 1814 1332 quocumque
1838 1297 1933 1330 prae-

1192 1348 1275 1374 textu
1314 1342 1346 1374 in
1384 1342 1462 1374 locis
1491 1347 1521 1375 et
1555 1341 1706 1386 personis
1732 1341 1930 1384 praedictis,

1189 1395 1312 1439 absque
1348 1398 1457 1428 nostra
1490 1397 1642 1438 expressa
1680 1396 1845 1435 facultate,
1873 1395 1932 1426 sub

1189 1459 1380 1492 poenarum,
1407 1449 1438 1481 in
1465 1449 1581 1482 iisdem
1604 1448 1721 1481 litteris
1742 1448 1930 1491 apostolicis

1189 1514 1249 1546 pro
1275 1503 1353 1536 locis
1379 1502 1498 1535 sanetis
1516 1507 1547 1535 et
1565 1502 1744 1545 guardiano
1762 1501 1930 1545 praedicto

1188 1556 1371 1595 concessIs,
1394 1555 1585 1599 approbatis
1612 1561 1644 1589 et
1669 1555 1829 1588 innovatis
1854 1566 1931 1588 con-

1187 1615 1350 1643 tentarum
1377 1609 1529 1649 incursu,
1553 1619 1705 1642 exercere
1732 1614 1927 1652 praesumat.

1231 1663 1301 1706 §ti
1332 1664 1521 1696 Praesentes
1553 1673 1683 1706 quoque
1715 1663 1840 1696 litteras
1873 1673 2122 1707 no-r1·aoqnuseiiam

1186 1723 1277 1757 stras,
1297 1717 1396 1760 inque
1422 1716 1468 1749 eis
1493 1717 1731 1759 comprehensa
1756 1727 1927 1759 quaecum·
1940 1704 2122 1757 iiiiii‘ii‘ffisi'sserpaeii

1186 1781 1258 1814 qne,
1279 1770 1337 1803 ex'
1364 1770 1476 1813 quavis
1499 1769 1641 1812 legitima
1667 1775 1698 1802 et
1724 1758 1975 1813 privilegiai'ct'⁰⁰
1991 1757 2119 1778 obsormiur

1185 1826 1288 1863 causa,
1308 1825 1428 1863 colore,
1447 1829 1614 1866 praetextu
1633 1829 1664 1856 et
1681 1824 1799 1866 capite,
1828 1824 1925 1856 etiam

1184 1878 1214 1910 in
1243 1887 1380 1920 corpore
1408 1876 1485 1909 iuris
1512 1877 1631 1916 clauso,
1650 1875 1922 1920 nullo²unquam

1184 1937 1331 1973 tempore
1358 1930 1395 1962 de
1416 1930 1636 1973 subreptionis
1653 1931 1702 1963 vel
1721 1930 1924 1974 obreptionis

1183 1990 1236 2017 aut
1273 1983 1430 2017 nullitatis
1458 1983 1548 2024 vitio,
1576 1985 1625 2017 vel
1652 1983 1843 2018 intentionis
1869 1995 1924 2018 no-

1182 2044 1267 2071 strae
1301 2043 1354 2071 aut
1383 2037 1445 2070 alio
1479 2038 1684 2081 quantumvis
1719 2038 1922 2072 substantiali

1182 2091 1310 2125 defectu
1338 2090 1453 2131 notari,
1480 2090 1677 2133 impugnari,
1705 2091 1850 2135 infringi,
1875 2103 1924 2126 re-

1181 2144 1308 2187 stringi,
1336 2143 1478 2184 limitari,
1507 2144 1546 2176 ad
1583 2144 1666 2176 viam
1705 2150 1737 2178 et
1769 2145 1924 2179 terminos

1181 2198 1261 2230 iuris
1294 2197 1431 2237 reduci,
1459 2197 1507 2230 vel
1545 2197 1699 2230 adversus
1737 2208 1790 2232 eas
1820 2199 1925 2242 quod-

1182 2261 1322 2294 cumque
1349 2251 1428 2283 iuris
1465 2251 1512 2283 vel
1550 2250 1622 2284 sacti
1649 2256 1704 2283 ant
1728 2252 1850 2294 gratiae
1876 2262 1925 2286 re-

1182 2306 1324 2338 medium
1352 2304 1521 2348 impetrari
1553 2315 1657 2348 posse,
1692 2306 1923 2348 decernimus;

1181 2358 1238 2391 sed
1275 2358 1347 2391 illas
1385 2368 1514 2401 semper
1550 2363 1581 2391 et
1614 2364 1773 2402 perpetuo
1806 2359 1925 2401 sirmas,

1181 2411 1303 2444 validas
1322 2416 1353 2444 et
1370 2410 1518 2444 efficaces
1536 2411 1676 2444 existere
1696 2417 1727 2445 et
1745 2413 1824 2453 sore,
1839 2423 1927 2447 snos-

1180 2475 1242 2507 que
1274 2464 1441 2507 plenarios
1479 2470 1511 2497 et
1546 2464 1691 2506 integros
1724 2465 1858 2499 effeetus
1892 2466 1923 2499 in

1217 2535 1226 2560 1
1252 2534 1324 2561 Edit.
1346 2534 1427 2561 Malu.
1448 2534 1513 2570 legit
1532 2537 1557 2562 et
1577 2543 1625 2570 pro
1646 2544 1681 2562 ea:
1699 2537 1740 2569 (n.
1758 2539 1805 2570 Τ.).

1213 2579 1229 2606 2
1250 2578 1323 2607 Edit.
1340 2579 1421 2608 lllain.
1440 2579 1507 2617 legit
1524 2580 1582 2608 ullo
1602 2580 1643 2616 (n.
1660 2580 1709 2617 τ.).

1938 177 1986 203 An.
2008 178 2037 203 C.
2063 179 2126 208 ¹727
2166 204 2170 205 ⁷
