2170 3147
0 240 30 260 n.
47 231 77 260 C.
99 230 166 258 1725

8 451 115 476 Excipitur
136 449 161 469 ab

0 483 22 498 at
33 477 163 497 constitutio-

0 532 108 552 wentana.

23 977 164 1008 ,Exeipiumur

0 1007 62 1026 niter
99 1011 163 1032 quae·

0 1037 31 1052 am
38 1031 94 1052 aliae
106 1033 163 1053 dioe-

0 1064 52 1080 sset.

23 1931 138 1952 clausulae.

754 228 947 255 BENEDICTUS
972 228 1029 252 xm
1055 229 1103 253 PP.

172 279 396 320 Inscrutabili,
422 285 452 313 et
476 279 777 323 superveneritalia
798 284 908 312 nostra
950 278 978 311 S.
1013 278 1049 310 R.
1086 278 1118 311 E.
1146 278 1338 317 cardinales,
1377 278 1472 311 etiam
1508 277 1546 310 de
1587 276 1686 309 latere

172 333 352 376 ampliativa
378 332 535 375 iucipiens
560 332 765 365 Sacrosancti
788 335 908 375 aposlo—
949 331 1072 373 legatos
1109 337 1141 364 et
1172 332 1380 374 Apostolicae
1410 331 1501 364 Sedis
1539 329 1685 368 nuncios,

173 385 269 419 latus.

951 384 1068 417 aliosve
1095 385 1257 427 quoslibet
1288 384 1399 428 quavis
1428 381 1688 427 praeeminentia

216 440 231 482 ἓ
255 439 286 471 6.
312 438 496 482 Excipimus
521 443 625 471 tamen
651 437 770 470 abbae
795 436 908 470 consti-
951 443 981 470 et
1006 442 1164 480 potestate
1183 438 1352 480 fungentes
1370 443 1400 470 et
1418 437 1593 476 suncturos,
1616 434 1689 468 sub-

0 502 163 524 ‚ii-oecosisne-
175 492 297 525 tutione
314 492 470 525 beneficia
505 496 633 524 nostrae
654 489 909 523 archidioecesis
951 491 1014 522 lata
1040 489 1085 523 eis
1112 495 1143 522 et
1170 501 1282 523 eorum
1307 490 1439 522 cuilibet
1465 489 1574 532 quavis
1595 488 1689 521 aliter

174 545 438 584 Beneventanae3
465 545 585 577 dudum
612 535 697 577 enim
721 553 834 576 eorum
861 553 908 575 re-

173 603 285 641 spectu
302 608 361 641 per
378 598 472 630 aliam
491 602 631 630 nostram
645 595 907 629 constitutionem

172 651 381 694 incipientem
407 651 571 684 Romanus
595 649 767 692 Pontifex,
792 648 908 682 contir-

173 705 304 745 mando,
331 704 526 738 declarando
557 707 590 736 et
613 703 800 746 ampliando
826 702 907 735 anti-

173 768 269 801 quam
295 757 559 791 constitutionem
587 756 689 790 felicis
716 756 908 789 recordatio-

174 811 224 844 nis
250 810 295 843 Pii
321 810 426 854 Papae
451 810 476 843 ΙΙ
502 810 623 853 pariter
648 809 908 853 praedecessoris

173 863 297 903 nostri,
332 863 437 896 simile
462 863 660 895 iniunximus
683 861 851 895 beneficiis
876 861 907 894 in

173 917 318 950 universa
344 916 577 949 archidioecesi
604 916 826 949 existentibus.

218 970 233 1013 ἓ
259 969 289 1003 7.
317 970 468 1003 Volumus
494 974 600 1002 autem
625 969 711 1013 quod
749 969 825 1001 huic
854 979 910 1002 no-

176 1029 262 1057 strae
287 1023 506 1057 constitutioni
532 1033 587 1056 seu
606 1022 759 1056 solutioni
784 1022 910 1055 mediae

176 1081 313 1110 annatae
337 1076 525 1120 praedictae
542 1076 675 1109 minime
693 1075 837 1109 subiecta
862 1086 911 1109 ex-

176 1128 273 1162 istant
309 1128 465 1162 beneficia
501 1129 627 1162 illarum
665 1129 846 1162 dioecesum
880 1135 912 1162 et

176 1182 354 1226 respective
379 1182 638 1225 collegiatarum,
666 1181 696 1214 in
722 1182 839 1225 quibus
865 1193 912 1215 re-

176 1235 302 1279 peritur
326 1246 406 1280 opus
426 1246 480 1269 seu
499 1237 663 1279 peculiare
682 1235 909 1279 patrimonium

178 1288 317 1322 fabricae
331 1289 529 1322 sufficienter
543 1289 746 1329 instructum,
760 1295 813 1322 aut
831 1299 911 1322 onus

178 1351 233 1374 seu
259 1341 415 1384 obligatio
443 1342 627 1385 reparandi,
653 1342 856 1376 restaurandi
882 1348 913 1376 et

178 1394 394 1428 conservandi
410 1395 563 1428 ecclesias
578 1396 698 1428 residet
715 1407 816 1439 penes
831 1407 912 1429 com-

178 1448 353 1481 munitates
378 1448 530 1489 locomm,
549 1449 597 1482 vel
617 1449 735 1482 adsunt
755 1449 912 1482 dictarum

178 1502 389 1535 ecclesiarum
415 1502 552 1546 patroni,
577 1502 641 1545 qui,
674 1503 733 1535 nisi
760 1514 912 1546 reparare

179 1560 210 1588 et
232 1560 443 1588 manutenere
467 1556 567 1588 velint
592 1556 720 1588 easdem
747 1556 911 1597 ecclesias,

179 1618 289 1641 earum
305 1612 509 1651 patronatum
529 1609 675 1641 amittere
691 1608 821 1642 debent:
841 1621 912 1642 cum

180 1660 264 1693 enim
290 1660 322 1693 in
348 1661 397 1693 his
422 1661 497 1693 satis
522 1662 704 1694 consultum
724 1662 763 1694 sit
784 1673 915 1706 repara-

180 1713 259 1746 tioni
284 1718 315 1747 et
340 1714 575 1747 conservationi
611 1715 830 1755 ecclesiarum,
862 1726 915 1749 vo-

181 1765 309 1799 tumus*
336 1767 421 1800 aliud
455 1767 675 1811 superaddere
713 1768 914 1802 beneficiatis

182 1818 396 1862 impendium,
423 1821 509 1864 quod
536 1821 689 1863 urgeret'
713 1822 745 1854 in
771 1822 916 1857 subleva-

183 1883 256 1907 men
281 1883 391 1907 eorum
417 1873 468 1917 qui
495 1874 534 1907 de
559 1874 628 1908 iure
655 1880 818 1909 tenentur.

229 1926 243 1969 ἓ
267 1925 297 1959 8.
322 1926 550 1966 θεοενηεηῑεε,
572 1928 703 1961 easdem
724 1935 916 1972 praesentes

186 1988 221 2010 ac
243 1978 458 2021 praeinsertas
482 1979 606 2012 litteras
631 1991 759 2024 semper
783 1983 916 2023 validas,

187 2029 294 2063 firmas
318 2036 349 2063 et
373 2031 517 2064 efficaces
542 2033 678 2066 existere
704 2044 740 2066 ac
765 2034 843 2075 sore,
868 2046 918 2067 su-

189 2093 289 2126 osque
313 2083 476 2126 plenarios
493 2090 524 2117 et
541 2085 682 2127 integros
700 2086 831 2120 effectus
853 2099 919 2121 sor-

190 2135 238 2167 tiri
265 2140 296 2168 et
319 2135 483 2177 obtinere,
509 2148 543 2169 ac
567 2138 606 2170 ab
624 2139 773 2172 omnibus
799 2146 829 2173 et
853 2141 919 2174 sin-

190 2188 282 2230 gulis,
308 2188 346 2221 ad
371 2199 453 2231 quos
478 2196 599 2232 spectat
623 2197 653 2224 et
677 2202 735 2234 pro
773 2198 918 2237 tempore

189 2240 349 2283 spectabit
371 2242 616 2284 quomodolibet
639 2244 672 2276 in
698 2245 854 2286 futurum,
877 2246 920 2278 in-

188 2292 383 2326 violabiliter
400 2299 431 2326 et
454 2294 642 2329 inconcusse
661 2298 842 2338 observari,
861 2299 921 2332 sic-

188 2356 251 2388 que
277 2352 308 2379 et
331 2357 396 2380 non
421 2347 514 2380 aliter
542 2346 844 2394 pei‘ntiosciimque
875 2351 920 2384 iu-

188 2398 276 2431 dices
294 2399 474 2433 ordinarios
492 2406 523 2433 et
540 2401 718 2444 delegatos,
739 2403 834 2436 etiam
852 2415 921 2437 cau-

188 2461 292 2484 sarum
325 2452 433 2495 palatii
470 2454 638 2496 apostolici
672 2455 850 2497 auditores,
885 2468 920 2490 ac

223 2533 233 2557 1
258 2531 370 2559 Videtur
388 2532 533 2567 legendum
554 2534 687 2561 nolumus
705 2536 744 2569 (a.
764 2537 812 2569 T.)-

192 2619 195 2624 ,
222 2575 237 2602 2
265 2575 364 2603 Forsan
393 2581 520 2611 veryerel
553 2578 694 2613 tegendum
728 2588 775 2614 pro
804 2584 920 2615 uryeree

188 2626 226 2655 tu.
247 2620 294 2655 12).

952 542 1115 576 iudicandi
1148 548 1178 575 et
1202 541 1436 586 interpretandi
1472 542 1623 573 facultate
1659 546 1689 573 et

951 596 1155 635 auctoritate,
1183 595 1318 628 iudicari
1345 599 1375 628 et
1401 593 1530 627 deliniri
1557 593 1688 633 debere,

951 658 986 680 ac
1010 649 1137 681 irritum
1164 653 1194 681 ct
1220 648 1315 680 inane
1337 647 1361 680 si
1389 657 1482 680 secus
1518 656 1615 689 super
1640 645 1690 678 his

951 713 967 734 a
991 713 1166 746 quoquam,
1194 702 1303 746 quavis
1321 701 1524 740 auctoritate,
1550 700 1692 732 scienter

951 757 999 790 vel
1025 757 1223 799 ignoranter,
1243 756 1411 798 contigerit
1436 754 1598 788 attentari.

995 810 1009 853 g
1034 810 1065 843 9.
1093 809 1160 842 Non
1187 810 1401 849 obstantibus,
1424 814 1584 852 quatenus
1610 816 1690 850 opus

952 864 1012 904 sit,
1037 862 1146 896 nostra
1180 869 1211 895 et
1240 862 1457 896 Cancellariae
1483 861 1690 905 Apostolicae

952 918 1062 960 regula
1088 917 1127 950 de
1153 917 1222 950 iure
1257 915 1402 959 quaesito
1435 926 1500 949 non
1528 914 1689 954 tollendo,

952 981 1079 1004 necnon
1110 969 1396 1003 constitutionibus
1421 974 1452 1002 et
1477 968 1691 1001 ordinationi-

953 1024 1012 1057 bus
1038 1023 1243 1067 apostolicis,
1269 1023 1413 1062 statutis,
1439 1021 1572 1062 usibus,
1601 1021 1692 1064 stylis

954 1083 985 1111 et
1009 1076 1312 1116 consuetudinibus,
1332 1077 1428 1110 etiam
1454 1074 1694 1108 immemorabi—

954 1131 1058 1171 libus,
1091 1131 1186 1164 etiam
1218 1130 1419 1170 iuramento,
1447 1129 1693 1162 confirmatione

955 1184 1145 1228 apostolica,
1166 1184 1213 1217 vel
1244 1183 1354 1227 quavis
1381 1182 1529 1216 firmitate
1555 1183 1617 1215 alia
1643 1193 1694 1215 ro-

955 1237 1091 1278 boratis,
1120 1237 1300 1281 privilegiis
1325 1247 1476 1280 quoque,
1504 1237 1637 1269 indultis
1663 1240 1695 1269 et

955 1291 1070 1324 litteris
1106 1291 1295 1334 apostolicis
1329 1290 1609 1334 quibuscumque,
1636 1291 1695 1323 sub

956 1345 1135 1389 quibusvis,
1163 1344 1333 1377 tenoribus
1357 1350 1387 1377 et
1412 1344 1542 1385 formis,
1568 1349 1599 1376 et
1623 1355 1696 1377 cum

955 1398 1210 1442 quibuscumque
1230 1397 1326 1430 etiam
1345 1397 1626 1440 derogatoriarum
1647 1397 1697 1430 de-

956 1452 1138 1495 rogatoriis,
1159 1451 1295 1494 allisque
1321 1450 1571 1490 efficacioribus,
1595 1451 1697 1483 effica-

956 1505 1093 1538 cissimis
1113 1510 1144 1537 et
1168 1504 1307 1537 insolitis
1332 1504 1499 1544 clausulis,
1518 1515 1553 1536 ac
1571 1504 1696 1536 irritan-

957 1559 1041 1592 tibus
1055 1558 1169 1592 etaliis
1190 1557 1337 1597 decretis,
1356 1557 1451 1591 etiam
1471 1563 1572 1597 motu,
1592 1557 1697 1590 scien-

958 1613 998 1644 tia
1017 1617 1047 1645 et
1072 1611 1241 1655 potestatis
1264 1610 1467 1654 plenitudine
1489 1609 1648 1642 similibus
1667 1614 1697 1642 et

957 1665 1247 1704 consistorialiter,
1275 1675 1310 1696 ac
1341 1663 1419 1697 alias
1451 1663 1698 1707 quomodolibet

958 1718 988 1751 in
1017 1718 1216 1751 contrarium
1243 1717 1495 1760 praemissorum
1521 1717 1696 1756 concessis,

958 1769 1168 1809 confirmatis,
1196 1775 1227 1801 et
1248 1768 1428 1808 innovatis,
1452 1768 1569 1811 quibus
1595 1768 1699 1800 onini-

958 1824 1017 1856 bus
1036 1829 1067 1856 et
1087 1822 1234 1865 singulis,
1260 1822 1384 1855 etiamsi
1407 1832 1465 1865 pro
1486 1821 1614 1854 illorum
1637 1821 1699 1853 sus-

959 1876 1079 1910 sicienti
1106 1876 1338 1919 derogatione,
1369 1876 1406 1908 de
1434 1875 1496 1908 illis
1522 1885 1697 1918 eorumque

961 1930 1036 1962 totis
1065 1929 1233 1962 tenoribus
1258 1928 1433 1971 specialis,
1461 1927 1613 1971 specifica
1638 1938 1695 1961 ex-

960 1994 1071 2026 pressa
1089 1988 1120 2016 et
1145 1982 1320 2018 individua.
1339 1992 1374 2014 ac
1393 1982 1431 2014 dc
1455 1982 1553 2014 verbo
1571 1982 1609 2014 ad
1628 1992 1700 2014 vcr-

960 2037 1045 2076 bum,
1065 2047 1128 2069 uon
1151 2040 1255 2068 autem
1274 2045 1333 2078 per
1351 2035 1510 2068 clausulas
1529 2035 1698 2077 generales

961 2089 1046 2122 idem
1072 2089 1305 2132 importantes,
1333 2087 1453 2121 mendo
1486 2099 1539 2121 seu
1568 2088 1699 2131 quaevis

961 2142 1022 2175 alia
1048 2141 1214 2184 expressio
1241 2141 1393 2173 habenda
1424 2146 1478 2173 aut
1503 2141 1611 2184 aliqua
1636 2141 1699 2174 alia

962 2195 1121 2238 exquisita
1149 2195 1251 2227 forma
1270 2194 1307 2226 ad
1333 2194 1396 2226 hoc
1422 2194 1580 2227 servanda
1606 2194 1697 2234 soret,

961 2248 1092 2280 illorum
1119 2247 1262 2280 omnium
1281 2251 1312 2279 et
1330 2247 1534 2289 singulorum
1554 2253 1697 2287 tenores,

963 2300 1079 2333 formas
1105 2306 1135 2333 et
1159 2300 1356 2339 occasiones,
1379 2311 1414 2333 ac
1432 2300 1493 2333 alia
1513 2300 1607 2333 etiam
1627 2311 1698 2345 spe-

963 2353 1034 2386 ciali
1053 2354 1262 2397 expressione
1278 2353 1383 2396 digna,
1398 2354 1627 2398 praesentibus
1641 2365 1699 2398 pro

962 2406 1060 2449 plene
1086 2411 1117 2439 et
1141 2406 1338 2439 sufficienter
1358 2408 1520 2450 expressis
1545 2412 1577 2440 et
1602 2408 1699 2441 inscr-

963 2459 1003 2491 tis
1028 2470 1064 2492 ac
1098 2460 1266 2492 reservatis
1302 2459 1482 2503 respective
1520 2461 1700 2500 babentes,

962 2512 1023 2545 hac
1040 2512 1106 2545 vice
1132 2513 1307 2553 dumtaxat,
1327 2513 1391 2546 illis
1410 2514 1488 2547 alias
1515 2514 1547 2547 in
1573 2525 1630 2547 suo
1649 2525 1700 2547 ro-

961 2564 1039 2598 bore
1065 2566 1294 2608 permansuris,
1310 2567 1349 2599 ad
1374 2567 1630 2610 praemissorum
1656 2568 1699 2600 es-

963 2617 1095 2658 sedum,
1121 2617 1305 2662 specialiter
1331 2624 1362 2652 et
1387 2630 1538 2663 expresse
1564 2620 1699 2663 derogaa

1581 218 1644 252 155
1691 227 1742 254 An.
1758 226 1787 254 c.
1810 226 1877 254 1725

1733 815 1884 841 [lei-agalmiae

1702 843 1829 869 [wenlines.
