2170 3147
0 183 38 207 tn.
59 179 174 207 c.1726

766 173 959 199 BENEDtC‘rUS
984 173 1039 196 xm
1064 173 1112 195 PP.

183 226 244 259 alio
271 225 376 268 capite
402 224 449 256 vel
478 225 582 259 causa,
610 223 811 264 quantumvis
838 222 917 263 legi-

184 279 259 312 tima
283 278 331 310 vel
361 277 502 313 inridit-a,
523 276 561 308 de
584 275 772 308 intentionis
791 281 919 307 nostrae

182 331 232 362 vel
258 338 463 372 quocumque
488 327 550 360 alio
578 328 704 359 dcl'ectu
725 326 838 362 notari,
866 326 920 356 im

183 382 336 426 pugnari,
363 380 550 418 retractari,
576 379 736 412 annullari
763 379 810 410 vel
837 378 921 409 ima-

184 435 295 472 lidan-i,

183 487 312 526 vocari,
339 493 390 518 aut
416 486 454 518 ad
481 486 562 517 viam
596 489 628 517 et
660 483 815 515 terminos
842 482 920 513 iuris

182 540 307 579 reduci,
333 550 389 572 seu
415 539 568 572 adversus
593 538 664 570 illas
689 536 920 578 quodcumque

184 592 263 625 iuris
288 598 319 625 et
343 592 418 624 sacti
454 590 635 623 remedium
670 588 833 630 impetrari
869 593 923 619 aut

184 645 317 678 concedi
345 646 530 677 nullatenus
566 652 659 684 posse
694 641 920 678 decernimus,

185 699 241 731 sed
268 707 398 740 semper
417 698 487 729 illas
509 696 628 728 validas
647 700 678 727 et
695 694 840 726 efficaces
860 692 923 725 exi-

185 756 293 789 stere,
327 760 468 792 suosque
508 748 674 792 plenarios
711 752 743 779 et
779 747 923 787 integros

185 803 318 837 effectus
342 803 451 835 sortiri
479 808 508 834 et
534 801 683 834 obtinere
710 801 841 838 debere,
868 809 923 830 ne-

186 867 249 900 que
274 856 332 889 sub
363 855 530 898 quibusvis
563 854 717 887 similium
749 853 796 885 vel
829 851 924 885 dissi-

185 909 310 942 milium
335 908 509 950 gratiarum
540 906 820 944 revocationibus,
856 915 924 936 sus-

185 962 426 1005 pensionibus,
452 959 714 998 limitationibus‚
741 957 925 999 derogatio-

186 1015 299 1055 nibus,
326 1020 381 1047 aut
406 1014 476 1047 aliis
505 1012 676 1046 contrariis
703 1009 925 1054 dispositioni-

185 1067 266 1105 bus,
293 1067 390 1100 etiam
416 1077 475 1110 per
500 1076 558 1098 nos
584 1071 616 1097 et
640 1074 846 1097 successores
867 1073 925 1095 no-

186 1126 272 1153 sti-os
298 1120 460 1153 Romanos
487 1118 658 1151 Pontifices
683 1127 743 1160 pro
776 1122 924 1158 tempore

186 1173 371 1212 existentes,
398 1172 581 1216 Sedemque
608 1170 838 1214 Apostolicam‚
865 1169 924 1201 sub

186 1226 445 1270 quibuscumque
471 1226 642 1258 verborum
660 1221 926 1266 expressionibus

187 1285 219 1313 et
243 1279 371 1318 formis,
400 1290 437 1312 ac
468 1289 538 1311 cum
573 1277 740 1321 quibusvis
772 1276 925 1309 clausulis

187 1337 220 1364 et
243 1332 392 1370 decretis,
420 1342 478 1374 pro
505 1337 651 1374 tempore
678 1329 927 1373 quomodolibet

187 1383 303 1424 sactis,
330 1384 566 1427 comprehendi
594 1385 641 1416 vel
666 1382 842 1421 confundi,

187 1437 227 1471 ab
245 1438 311 1470 illis
337 1447 466 1480 semper
487 1437 611 1480 excipi,
629 1441 676 1476 et,
700 1436 825 1479 quoties
851 1435 925 1467 illae

189 1491 409 1530 emanabant,
437 1490 532 1523 toties
558 1490 590 1522 in
621 1489 794 1532 pristinum
820 1494 852 1522 et
875 1498 928 1520 va-

186 1543 370 1576 lidissimun
396 1549 515 1576 statum
535 1542 699 1575 restitutas
726 1548 758 1575 et
777 1541 926 1585 plenarie

186 1596 413 1639 reintegratas,
437 1607 473 1628 ac
497 1597 536 1629 de
562 1606 664 1636 novo,
692 1601 723 1628 et
756 1596 814 1627 sub
851 1605 928 1638 qua-

189 1659 328 1692 cumque
359 1648 536 1692 posteriori
568 1649 658 1689 dani,
685 1658 742 1691 per
766 1648 801 1680 B.
828 1647 928 1679 Fran-

188 1702 265 1735 cisci
290 1703 323 1735 in
348 1708 455 1736 monte
480 1702 582 1735 Mario
608 1712 643 1734 ac
675 1702 710 1734 B.
738 1700 869 1743 Agnetis
895 1700 926 1732 in

187 1756 238 1788 via
273 1754 476 1788 Nomentana
505 1755 743 1798 parochialium
777 1753 928 1786 eeclesia-

187 1820 259 1843 rum
285 1809 468 1853 praedictos
488 1809 666 1851 respective
682 1812 825 1841 rectores
843 1816 928 1839 nunc

188 1868 220 1896 et
243 1873 303 1906 pro
328 1867 474 1905 tempore
500 1862 677 1894 existentes
708 1860 928 1904 quandocum-

188 1925 253 1959 que
278 1915 451 1957 eligenda,
480 1924 653 1947 concessas
685 1923 757 1946 esse
784 1917 816 1945 et
840 1912 927 1953 sore,

188 1968 300 2011 sicque
325 1978 383 2011 per
407 1977 629 2011 quoscumque
654 1966 776 1999 iudices
802 1965 929 1998 ordina-

189 2021 275 2060 rios,
301 2020 539 2054 commissarios
558 2024 590 2053 et
607 2020 790 2061 delegatos,
816 2019 926 2061 quavis

190 2073 382 2106 auctoritate
418 2073 610 2114 fungentes,
638 2071 733 2104 etiam
760 2080 927 2104 causarum

189 2125 301 2169 palatii
327 2125 497 2168 apostolici
523 2125 707 2164 auditores,
734 2129 765 2157 et
782 2124 813 2157 S.
834 2124 871 2156 R.
891 2123 925 2156 E.

191 2179 382 2219 cardinales,
402 2178 498 2211 etiam
517 2178 556 2211 de
574 2179 676 2211 latere
694 2179 830 2220 legatos,
853 2177 929 2210 vice-

192 2231 330 2274 legat0s‚
357 2231 528 2274 dictaeque
551 2230 643 2264 Sedis
676 2230 827 2269 nuncios,
856 2229 930 2262 sub-

191 2284 256 2317 lata
281 2283 327 2316 eis
358 2289 390 2316 et
421 2294 532 2317 eorum
565 2283 699 2316 cuilibet
731 2282 824 2315 aliter
849 2282 931 2314 iudi-

192 2337 286 2370 candi
312 2341 343 2369 et
368 2336 543 2369 definiendi
563 2336 712 2369 facultate
738 2341 770 2368 et
794 2334 932 2368 auctori-

193 2395 268 2429 tate,
285 2389 421 2422 iudicari
439 2394 471 2422 et
492 2388 621 2422 definiri
641 2389 776 2430 debere,
802 2387 931 2420 irritum

193 2453 323 2486 quoque
349 2447 381 2475 et
412 2442 507 2475 inane
531 2441 690 2485 quidquid
720 2451 810 2474 secus
834 2452 932 2485 super

192 2496 245 2529 his
261 2506 279 2528 a
299 2506 460 2540 quoquam
479 2496 591 2538 quavis
608 2495 810 2535 auctoritate,
828 2495 933 2528 scien-

193 2554 243 2584 ter
265 2550 316 2583 vel
340 2549 539 2593 ignoranter,
566 2548 739 2592 contigerit
763 2548 930 2583 attentari.

333 445 386 466 seu
422 435 452 465 in
491 432 537 464 ius
573 433 620 464 vel
661 418 944 463 controversiam*

943 536 996 580 ¹B.
1024 535 1185 567 Francisci
1214 535 1243 566 in
1277 541 1385 567 monte
1416 534 1514 566 Mario
1545 538 1575 565 et
1602 532 1635 564 P).

870 1382 925 1413 scd
947 1375 949 1380 ’

1006 221 1020 264 ἓ
1045 221 1074 252 6.
1103 219 1257 258 Quocirca
1284 218 1403 250 dilecto
1430 217 1494 249 tilio
1528 222 1638 248 nosuo
1669 215 1699 247 in

964 273 1047 306 Urbe
1074 272 1237 314 praedicta
1262 271 1393 313 eiusque
1413 269 1557 302 disnietu
1582 259 1724 323 vic-'uici‘

964 326 994 356 in
1021 325 1241 366 spiritualibus
1277 333 1378 364 genet
1381 322 1446 361 ili,
1474 322 1524 353 cui
1552 331 1610 362 per
1635 330 1701 352 cas-

964 379 1034 410 dem
1062 383 1251 419 praesentes
1278 376 1424 408 auctorit
1429 382 1468 407 ite
1488 380 1577 406 nostr
1580 378 1595 406 ·“1
1615 384 1702 415 prae

966 430 1047 461 dicta
1090 430 1271 461 facultatem
1298 429 1506 461 cont-edimus
1533 434 1563 459 et
1590 427 1703 468 impar-

966 483 1063 514 timur
1089 488 1122 514 ut
1149 482 1311 523 praediis,
1338 492 1419 524 quae
1446 482 1504 512 sub
1531 479 1702 521 praedictis

1665 534 1704 564 Α-

966 589 1071 630 guetis
1097 588 1127 620 in
1154 588 1201 620 via
1228 587 1426 619 Nomentana
1461 586 1703 628 parochialibus

966 641 1110 673 ecclesiis
1149 640 1325 682 respective
1358 639 1704 681 comprehenduntur,

967 700 1067 726 taxam
1094 693 1314 736 praedictam,
1340 703 1377 724 eo
1404 693 1500 725 modo
1527 702 1589 734 quo
1623 692 1703 724 alias

968 748 998 780 in
1019 746 1203 779 huiusmodi
1220 746 1388 778 eventibus
1407 745 1590 786 impositam
1609 744 1705 776 fuisse

966 799 1174 842 cognoverit,
1201 798 1381 841 respective
1408 798 1577 840 imponere
1603 796 1705 829 libere

967 858 999 885 et
1024 852 1109 885 licite
1135 852 1248 890 valeat,
1275 861 1334 894 per
1359 851 1489 883 easdem
1515 857 1705 892 praesentes

968 906 1062 938 etiam
1103 904 1336 938 committimus
1369 909 1400 936 et
1429 903 1618 935 mandamus
1637 929 1645 942 ,
1671 906 1705 933 ut

967 958 1047 1001 ipse,
1066 968 1124 1001 per
1142 968 1186 998 se,
1204 958 1253 990 vel
1270 957 1379 996 alium,
1394 967 1449 988 seu
1465 956 1556 994 alios,
1575 956 1706 988 easdem

967 1017 1154 1054 praesentes
1178 1017 1209 1043 et
1233 1010 1264 1042 in
1291 1010 1337 1042 eis
1363 1014 1514 1042 contenta
1535 1018 1708 1051 quaecum-

968 1075 1044 1107 que,
1064 1064 1117 1096 ubi
1144 1069 1175 1096 et
1200 1063 1329 1106 quando
1351 1073 1434 1105 opus
1454 1062 1561 1099 suerit,
1580 1067 1611 1094 et
1631 1072 1708 1104 quo-

970 1118 1028 1150 ties
1061 1127 1120 1160 pro
1147 1122 1238 1159 parte
1275 1116 1306 1148 B.
1334 1107 1495 1148 Fi'ancisci
1534 1114 1564 1146 in
1597 1120 1707 1147 monte

969 1170 1067 1203 Mario
1094 1175 1123 1202 et
1150 1170 1184 1202 B.
1213 1169 1345 1211 Agnetis
1370 1169 1403 1200 in
1435 1168 1482 1200 via
1508 1168 1708 1200 Nomentana

970 1223 1207 1266 parochialium
1230 1222 1439 1255 ecclesiarum
1466 1221 1708 1264 praedictarum

969 1277 1149 1320 respective
1176 1287 1233 1319 pro
1260 1282 1403 1318 tempore
1430 1274 1635 1308 existentium
1663 1283 1709 1306 re-

970 1336 1094 1362 ctorum
1121 1329 1307 1362 huiusmodi
1335 1328 1430 1361 suerit
1454 1328 1641 1370 requisitus,
1659 1337 1706 1360 so-

971 1383 1122 1418 lemniter
1147 1383 1330 1425 publicans,
1358 1382 1468 1424 eisque
1493 1381 1525 1413 in
1551 1380 1709 1423 praemis-

970 1437 1012 1468 sis
1037 1436 1178 1468 etiicacis
1211 1435 1409 1468 defensionis
1440 1433 1601 1477 praesidio
1634 1433 1709 1466 assi-

971 1495 1081 1529 stens,
1118 1488 1225 1527 saciatx
1254 1488 1446 1521 auctoritate
1486 1487 1596 1519 nostra
1635 1486 1710 1519 illos

971 1542 1222 1585 praemissorum
1257 1541 1403 1574 omnium
1441 1545 1472 1572 et
1504 1540 1710 1581 singulorum

970 1594 1119 1638 plenario
1139 1594 1251 1627 effectu
1270 1593 1404 1637 pacifice
1424 1593 1482 1625 frui
1503 1598 1533 1625 et
1552 1592 1708 1635 gaudere,

971 1654 1068 1692 atque
1093 1648 1140 1681 eis
1166 1648 1205 1680 de
1232 1640 1436 1690 portionibus
1463 1646 1636 1689 praedictis
1662 1645 1710 1677 in-

972 1707 1060 1745 tegre
1087 1701 1300 1744 responderi,
1328 1710 1392 1733 non
1418 1692 1609 1743 permittens
1634 1699 1709 1732 illos

971 1765 1068 1798 super
1092 1755 1143 1787 liis
1162 1765 1179 1786 a
1199 1764 1360 1797 quoquam
1383 1753 1494 1796 quavis
1519 1753 1709 1785 auctoritate

971 1807 1219 1851 quomodolibet
1245 1806 1388 1839 indebite
1419 1805 1604 1844 molestari,
1632 1816 1711 1838 con-

972 1861 1166 1893 tradictores
1204 1869 1422 1902 quoscumque
1459 1869 1518 1901 per
1554 1868 1709 1891 censuras

971 1920 1003 1947 et
1027 1924 1150 1957 poenas
1177 1912 1413 1946 ecclesiasticas
1440 1912 1568 1955 aliaque
1595 1921 1712 1954 oppor-

971 1973 1049 2000 tuna
1074 1967 1154 1999 iuris
1173 1971 1204 1999 et
1222 1965 1296 1998 facti
1317 1965 1470 2005 remedia,
1489 1964 1709 2007 appellatione

971 2020 1163 2064 postposita,
1178 2029 1214 2052 ac
1231 2029 1326 2051 manu
1346 2018 1436 2060 regia
1454 2017 1707 2060 compescendo.

1015 2074 1030 2117 ξ
1056 2073 1085 2106 7.
1113 2072 1183 2105 Non
1210 2071 1413 2104 obstantibus
1443 2072 1553 2103 nostra
1579 2075 1611 2102 et
1636 2070 1711 2103 Can-

971 2126 1122 2159 cellariae
1168 2123 1375 2167 Apostolicae
1411 2123 1523 2165 regula
1563 2122 1602 2155 de
1642 2122 1711 2155 iure

972 2178 1122 2222 quaesito
1149 2187 1213 2210 non
1247 2177 1409 2216 tollendo,
1436 2186 1472 2208 ac
1504 2174 1711 2208 constitutio—

972 2231 1067 2264 nibus
1093 2236 1123 2264 et
1146 2229 1408 2263 ordinationibus
1426 2228 1621 2271 apostolicis,
1636 2238 1713 2261 nec-

972 2294 1038 2317 non
1082 2282 1271 2316 testantium
1313 2282 1532 2315 voluntatibus
1573 2282 1712 2324 aliisque

973 2335 1257 2379 dispositionibus,
1275 2335 1446 2378 dictaeque
1468 2334 1561 2366 Urbis
1581 2344 1616 2366 ac
1634 2334 1712 2366 artis

973 2389 1119 2431 agrariae
1145 2389 1177 2420 in
1203 2388 1289 2420 Urbe
1314 2388 1489 2430 praedicta,
1510 2387 1606 2419 etiam
1627 2387 1712 2419 iura-

973 2447 1091 2481 mento,
1106 2439 1352 2473 confirmatione
1368 2439 1554 2482 apostolica,
1571 2444 1624 2471 aut
1638 2449 1712 2482 qua-

972 2495 1018 2527 vis
1044 2493 1194 2526 sirmitate
1225 2493 1287 2525 alia
1311 2493 1493 2534 roboratis,
1519 2492 1645 2526 statutis
1680 2496 1712 2524 et

973 2546 1271 2587 consuetudinibus,
1296 2545 1473 2590 privilegiis
1499 2556 1641 2589 quoquc,
1663 2544 1710 2577 ina

1590 159 1654 191 379
1703 168 1750 191 11η
1772 166 1800 191 c
1820 166 1888 192 1726

1719 226 1764 271 in
1764 227 1800 246 bis
1815 227 1895 246 vicarie

1854 258 1897 277 spt-

1735 260 1784 298 ιιιιῗιιῖι
1849 293 1851 296 1
1890 288 1897 293 -

1721 307 1782 324 1111111

1723 336 1741 349 111
1765 331 1814 350 buxu

1713 360 1790 377 sttui«
1784 363 1829 376 tius

1745 2072 1905 2094 Contrariorum

1721 2099 1842 2126 derogatio.
