2170 3147
233 201 267 224 aa
302 199 328 224 r..
352 199 414 224 ms
463 188 525 221 (328

424 248 483 280 lius
510 248 547 280 ad
575 247 707 291 capituli
728 247 891 289 generalis
912 245 1166 279 celebrationem

423 301 601 334 sariendam
629 300 660 332 in
681 300 767 332 Nova
785 299 948 342 IIispania,
968 299 1050 331 intra
1070 299 1165 331 unius

422 355 497 387 anni
525 355 714 393 terminum,
746 354 783 386 ad
820 354 954 386 sormam
981 353 1166 386 earumdem

422 408 705 447 constitutionum,
733 417 928 440 concurrere
946 409 1093 450 possint·‚
1120 412 1164 447 at,

421 462 601 495 decedente
627 461 742 494 eodem
770 460 937 504 praesecto
964 460 1111 503 generali
1133 460 1164 493 in

420 515 588 558 praedicta
603 514 689 548 Nova
704 514 870 557 Hispania,
890 519 965 546 tunc
984 519 1015 545 et
1033 523 1071 546 eo
1089 523 1165 546 casu

420 568 598 611 capitulum
636 568 791 610 gencrale
817 567 1005 600 huiusmodi
1032 566 1166 600 actualis

420 621 604 664 praefectus
643 621 681 653 de
718 620 898 653 Gnatiinala
924 626 1101 660 convocet,
1130 631 1166 653 ac

421 675 452 706 in
479 684 517 707 co
543 672 738 717 praesideat,
754 673 947 706 auctoritate
969 673 1164 716 apostolica,

421 733 533 760 tenore
560 725 802 770 praesentium,
832 725 1042 759 concedimus
1068 731 1097 759 et
1123 726 1167 758 in-

422 780 604 822 dulgemus.

465 833 480 876 g
506 833 534 865 ἓ.
561 833 794 873 Decernentcs,
821 833 949 866 easdem
978 837 1166 876 praesentes

423 892 455 919 et
478 887 699 930 pracinscrtas
734 886 857 920 litteras
879 897 1008 930 semper
1042 886 1163 926 sirmas,

423 940 543 974 validas
568 945 600 973 et
624 940 781 980 efficaces,
807 939 882 973 etc.⁴

465 995 479 1037 ξ
504 994 535 1027 3.
563 994 633 1027 Non
660 994 866 1027 obstantibus
897 993 1104 1037 praemissiS,
1130 1004 1165 1026 ac

421 1047 709 1080 constitutionibus
743 1053 775 1080 ct
804 1047 1066 1080 ordinationibus
1093 1057 1165 1089 apo·

420 1100 565 1138 stolicis.
592 1111 628 1133 ac
653 1100 728 1133 dicti
755 1100 904 1138 [ii-dinis,
933 1100 1039 1139 etiam,
1068 1101 1143 1133 ctc.²

465 1155 479 1196 ,ξ
507 1154 537 1186 si.
568 1154 719 1187 Volumus
744 1159 850 1187 autem
878 1159 912 1186 ut
944 1153 1162 1196 praesentium

421 1207 600 1240 litterarum
629 1207 862 1251 transumptis,
888 1206 964 1240 οῑιι.3

464 1261 576 1293 Datum
592 1260 726 1300 Romae,
739 1261 825 1304 apud
840 1260 870 1293 S.
885 1260 1026 1299 Petrum,
1039 1260 1100 1293 sub
1113 1270 1164 1292 an-

420 1315 498 1347 nulo
518 1314 702 1352 piscatoris,
719 1314 770 1346 die
786 1324 815 1347 ix
831 1313 943 1357 apiilis
961 1323 1162 1354 nnccxxwii,

420 1367 626 1410 pontificatus
648 1367 751 1400 nostri
779 1378 864 1400 anno
890 1377 932 1400 iv.

254 845 374 866 Clausulam

296 1004 376 1027 tim-02³
391 1011 409 1025 io

227 1034 388 1051 contrariorum.

225 1163 288 1183 fiae<
310 1164 378 1183 tuta-11
390 1165 408 1184 ta

226 1193 367 1216 tuuisuinpti„

456 1429 517 1455 Dat.
535 1428 578 1455 dic
598 1430 613 1455 0
634 1429 728 1464 aprilis
752 1429 830 1461 1728,
853 1429 951 1463 pontis.
974 1438 1046 1456 aimo
1068 1437 1101 1456 iv.

731 1572 858 1606 CCXXI.

423 1652 646 1694 Confirmatio·
690 1652 850 1685 ‹tem-etum
896 1653 1167 1696 Conqreyaliani's

466 1707 604 1739 Rz'lnmn
627 1717 687 1749 pro
716 1707 915 1739 concessione
947 1707 1108 1740 recitandi
1132 1708 1167 1739 in

465 1760 617 1792 universo
644 1759 768 1793 Ordine
787 1760 1106 1793 Praemonstratensi
1125 1762 1169 1803 os-

464 1814 541 1854 sicia
578 1813 680 1845 trium
716 1818 905 1846 sanctorum
935 1813 1080 1846 ciusdem
1112 1814 1168 1847 Oi·-

467 1866 554 1899 dinis
568 1866 587 1898 ⁴.

606 1946 786 1974 Benedictus
807 1947 886 1980 Papa
905 1947 983 1979 xm,

566 1993 601 2017 ad
624 1991 759 2018 futuram
780 1991 825 2018 rei
846 1992 1030 2019 memoriam.

231 2068 278 2093 {Criu
289 2070 337 2087 sitio
354 2068 410 2088 sacti.

467 2063 481 2106 ἓ
510 2063 540 2095 l.
568 2062 734 2096 Emanavit
759 2074 876 2107 nuper,
897 2064 936 2097 ad
955 2064 1167 2108 supplicatio-

424 2127 497 2149 nem
531 2116 640 2150 dilecti
673 2116 731 2149 lilii
756 2116 906 2150 Norberti
932 2117 1068 2150 Mattcns
1094 2128 1167 2161 pro-

424 2170 583 2203 curatoris
605 2170 770 2212 generalis
789 2170 1019 2204 canonicorum
1039 2172 1167 2213 regula-

426 2222 507 2255 rium
532 2222 661 2256 Ordinis
689 2223 1065 2264 Praemonstratensis,a
1086 2223 1167 2257 Con-

425 2276 616 2317 grcgatione
636 2276 870 2310 venerabilium
890 2276 1020 2309 fratrum
1038 2283 1168 2310 nostro-

463 2381 472 2406 1
498 2379 529 2406 tlt
551 2388 633 2415 supra
655 2389 715 2416 pag.
737 2382 782 2408 471
809 2391 826 2408 α
845 2383 882 2416 (tt.
904 2383 952 2417 Τ.),

461 2425 476 2449 2
498 2424 530 2450 tft
549 2433 631 2459 supra
653 2434 712 2460 pag.
736 2426 782 2452 471
806 2436 823 2453 a
842 2429 880 2461 (tt.
902 2428 947 2461 Τ.),

461 2469 477 2494 3
498 2469 530 2495 ut
551 2477 631 2503 supra
654 2479 713 2505 pag.
735 2471 769 2497 59
790 2472 804 2497 b
825 2475 862 2500 tn.
883 2473 932 2506 T.).

461 2513 478 2538 4
499 2512 534 2539 De
554 2514 757 2541 confirmatione
773 2515 867 2543 similis
882 2516 983 2543 decreti
1005 2525 1053 2552 pro
1073 2517 1168 2544 iisdem

426 2556 486 2583 vide
507 2557 585 2583 aliam
606 2558 688 2583 buius
705 2559 844 2586 Poutisscis
864 2560 928 2587 edit.
945 2567 1107 2596 MDccxxvttt,
1125 2561 1167 2589 die

426 2603 442 2629 8
462 2601 560 2634 martii,
583 2602 675 2636 pontis.
699 2609 734 2629 lv.

1006 197 1187 220 BL'I.l..Ul[l')l
1217 196 1371 220 tuntANt'M

1213 255 1281 277 rum
1307 244 1337 278 S.
1359 245 1396 278 R.
1417 244 1451 278 E.
1472 245 1686 278 cardinalium
1713 245 1813 278 sacris
1839 245 1955 278 ritibus

1212 299 1475 342 praepositorum
1495 299 1661 333 decretum
1683 299 1804 333 tenoris
1826 299 1879 342 qui
1906 309 1956 332 sc-

1211 351 1331 394 quitur,
1357 351 1528 386 videlicctz

1271 414 1313 444 Aa
1347 414 1527 445 humillimas
1563 424 1663 454 preces
1697 415 1789 454 patris
1818 414 1956 445 Norberti

1211 463 1344 501 Mattens,
1363 464 1563 503 procuratoris
1578 464 1723 502 generalis
1739 463 1857 494 Ordinis
1871 464 1957 494 Prae-

1211 512 1447 549 monstratcnsis,
1471 521 1571 542 sacrae
1591 512 1710 542 ltituum
1730 512 1956 551 Congregationi

1212 567 1361 601 porrectas
1380 572 1432 602 pro
1455 563 1625 592 extensione
1642 562 1806 592 officiorum
1823 562 1868 593 Ss.
1886 562 1957 593 Eve-

1212 611 1301 650 modi,
1326 611 1421 641 lssridi
1445 612 1663 651 episcoporum,
1681 621 1713 641 ac
1729 611 1874 651 Ludolplii
1895 611 1956 651 epi-

1211 659 1290 699 scopi
1313 664 1341 689 et
1363 660 1510 699 martyris,
1532 660 1662 689 eiusdem
1687 660 1818 698 Ordinis,
1837 659 1871 689 ad
1889 659 1954 689 uni-

1211 718 1328 739 versum
1361 718 1446 740 suum
1480 708 1640 747 Ordinem,
1672 709 1797 749 illasque
1829 709 1954 746 relatas,

1211 767 1293 788 sacra
1306 758 1410 788 veadem
1425 758 1544 788 Rituum
1558 758 1760 797 Congregatio.
1776 758 1957 788 inhaerendo

1210 807 1391 837 concessioni
1416 807 1470 837 sub
1492 807 1539 836 die
1562 816 1629 837 xvui
1646 806 1773 837 octobris
1786 815 1957 837 iunccxxvm

1211 866 1225 885 a
1247 856 1432 885 sanctissimo
1456 856 1574 886 domino
1598 860 1695 886 nostro
1718 856 1876 886 Benedicto
1892 855 1957 886 Xlll

1211 905 1391 934 monasterio
1414 905 1592 942 Stinagiensi
1616 905 1738 944 eiusque
1760 904 1901 935 ccclesiae
1925 904 1957 934 si-

1211 954 1269 983 liali
1294 953 1507 991 Nainburgensi
1531 954 1635 991 tactae,
1651 954 1871 993 praedictorum
1891 963 1958 983 san-

1210 1007 1321 1033 ctornm
1347 1002 1441 1032 officia
1465 1011 1531 1032 cum
1556 1002 1731 1032 lectionibus
1761 1002 1882 1032 secundi
1905 1012 1957 1032 no-

1210 1052 1307 1081 cturni
1332 1051 1458 1090 propriis
1482 1051 1510 1080 in
1536 1051 1672 1081 universo
1696 1052 1826 1090 praefato
1848 1050 1957 1081 Ordine

1211 1101 1239 1131 in
1264 1106 1411 1140 posterum
1436 1100 1552 1130 recitari
1577 1110 1662 1140 posse
1685 1100 1810 1138 benigne
1833 1100 1957 1132 indulsit

1209 1155 1297 1189 atque
1314 1149 1471 1180 concessit.
1489 1150 1540 1180 Die
1557 1159 1593 1180 xx
1610 1150 1709 1180 martii
1726 1158 1907 1180 ›mccxxww
1920 1168 1958 1173 —

1209 1199 1241 1228 N.
1267 1198 1345 1228 card.
1368 1200 1490 1229 Coscm.
1514 1217 1552 1222 -—
1575 1199 1608 1229 N.
1634 1199 1670 1228 M.
1694 1198 1841 1229 Tenescni
1864 1198 1958 1229 archi-

1209 1248 1363 1288 episcopus
1387 1248 1566 1288 Apamenas,
1589 1248 1619 1279 S.
1637 1249 1671 1278 R.
1690 1247 1720 1278 C.
1737 1249 1925 1279 secretarius.

1255 1313 1269 1355 ξ
1291 1311 1319 1344 02.
1346 1311 1423 1345 Cum
1449 1317 1568 1353 autem,
1587 1312 1672 1345 sicut
1697 1312 1801 1345 dictus
1818 1311 1957 1346 Norbcr-

1211 1372 1261 1398 tus
1286 1370 1481 1410 procurator
1515 1365 1681 1408 generalis
1716 1365 1813 1399 nobis
1849 1377 1958 1410 nuper

1211 1419 1328 1463 exponi
1355 1419 1439 1459 fecit,
1466 1419 1536 1462 ipse
1562 1419 1729 1453 decretum
1757 1419 1956 1461 huiusmodi,

1211 1485 1275 1517 quo
1306 1473 1429 1506 firmius
1455 1474 1623 1514 subsistat,
1649 1475 1848 1518 apostolicae
1881 1485 1958 1508 con-

1212 1526 1399 1560 firmationis
1414 1532 1546 1560 nostrae
1562 1527 1744 1570 patrocinio
1762 1527 1956 1561 communiri

1211 1590 1419 1624 summopere
1446 1579 1631 1613 desideret:
1651 1591 1726 1621 nos,
1745 1580 1853 1624 ipsum
1878 1580 1958 1614 Nor·

1212 1634 1339 1667 bertum
1358 1638 1607 1676 procuratorem
1627 1634 1814 1677 generalem
1834 1634 1958 1678 specia-

1212 1687 1296 1720 libus
1322 1687 1486 1720 favoribus
1519 1692 1550 1720 et
1581 1687 1694 1730 gratiis
1728 1687 1882 1732 prosequi
1907 1698 1959 1721 vo-

1212 1742 1325 1781 lentes,
1339 1745 1370 1773 ct
1387 1751 1404 1772 a
1421 1740 1588 1783 quibusvis
1605 1740 1959 1781 excommunicationis,

1212 1793 1437 1837 suspensionis
1456 1798 1488 1826 et
1505 1793 1680 1835 interdicti,
1699 1793 1837 1837 aliisque
1855 1794 1958 1828 ecclc-

1212 1847 1352 1880 siasticis
1389 1846 1570 1887 sententiis,
1596 1846 1744 1880 censuris
1770 1852 1801 1881 et
1824 1847 1958 1891 poenis,

1213 1913 1229 1934 a
1250 1901 1320 1934 iure
1348 1901 1394 1933 rel
1421 1901 1460 1933 ab
1486 1900 1631 1941 bomine,
1646 1900 1759 1944 quavis
1784 1900 1957 1934 occasione

1212 1956 1261 1988 vel
1287 1955 1381 1987 causa
1407 1954 1492 1995 latis,
1515 1954 1540 1987 si
1567 1954 1684 1997 quibus
1709 1954 1959 1998 quomodolibet

1213 2009 1385 2042 innodatus
1408 2007 1524 2049 existit,
1550 2007 1588 2040 ad
1617 2007 1765 2041 effectum
1795 2018 1954 2052 praesen-

1213 2062 1290 2095 tium
1322 2061 1488 2094 dumtaxat
1520 2061 1804 2104 consequendum,
1842 2061 1957 2095 harum

1212 2115 1296 2149 serie
1319 2115 1526 2148 absolventes
1545 2120 1576 2147 et
1593 2114 1779 2148 absolutum
1800 2115 1869 2148 sore
1888 2126 1959 2149 cen-

1211 2175 1330 2210 sentes,
1351 2168 1647 2212 supplicationibus
1664 2169 1732 2202 eius
1749 2169 1883 2202 nomine
1901 2180 1959 2203 no-

1212 2224 1298 2257 mine
1324 2223 1420 2256 nobis
1446 2233 1545 2266 super
1563 2223 1627 2256 hoc
1652 2222 1822 2257 humiliter
1846 2234 1958 2267 porre-

1212 2277 1270 2309 ctis
1290 2276 1446 2316 inclinati,
1458 2276 1626 2309 decretum
1639 2276 1890 2320 praeinsertum,
1903 2287 1958 2310 au-

1213 2330 1341 2363 toritate
1365 2329 1560 2372 apostolica,
1580 2335 1694 2363 tenore
1718 2330 1955 2373 praesentium,

1211 2383 1434 2426 approbamus
1460 2387 1491 2415 et
1516 2382 1755 2423 confirmamus,
1775 2382 1889 2427 illique
1910 2383 1958 2416 in-

1213 2435 1375 2469 violabilis
1415 2435 1614 2478 apostolicae
1655 2435 1818 2468 firmitatis
1858 2436 1958 2469 robur

1212 2490 1401 2529 adiicimus;
1428 2490 1516 2522 salva
1543 2495 1649 2522 tamen
1668 2500 1799 2533 semper
1816 2490 1848 2522 in
1866 2500 1959 2533 prae-

1212 2544 1319 2576 missis
1354 2543 1551 2576 auctoritate
1587 2549 1785 2577 memoratae
1815 2542 1957 2586 Congre-

1212 2597 1352 2641 gationis
1378 2597 1602 2631 cardinalium.

1962 198 2008 222 An.
2032 197 2059 224 C.
2078 199 2141 228 1728

2033 418 2142 448 punctum

1967 445 2104 470 praedictum.

2016 1321 2146 1343 Confirmatio

1969 1349 2031 1370 relati
2049 1349 2133 1370 decreti.
