2139 3142
178 227 225 250 An.
249 226 277 252 c.
297 224 366 252 1730
414 215 477 249 872

181 1083 285 1104 Rea-lucrio
305 1088 365 1108 pra-J-

181 1112 252 1130 iti-tae
274 1110 364 1130 atterm—

181 1140 236 1156 inas
267 1137 292 1156 ad
324 1139 365 1155 tres

181 1166 260 1183 tautum
291 1163 366 1188 Hispa-

180 1196 364 1216 utacpiuimeta„

375 280 598 318 exponentes,
641 283 704 316 quo
744 272 794 305 liis
833 272 943 305 aliisve
981 271 1116 304 «liversis

375 328 467 360 malis
494 333 521 359 et
549 325 852 369 perturbationibus
889 336 923 357 ex
963 325 1046 356 dieta
1074 324 1140 356 al-¹

376 382 530 414 ternativa
570 379 732 412 electione
766 379 975 422 proventuris
1007 387 1140 410 occur-i

375 441 485 473 ratur,
514 435 672 476 simulque
711 432 832 465 salubri
870 443 906 465 ac
940 431 1116 475 tranquillo

375 488 520 520 eiusdem
557 485 823 528 Congregationis
859 484 1008 528 regimini
1043 494 1118 527 pro-

375 546 521 584 spectum
547 540 610 580 sit,
638 539 741 583 ipsam
779 538 971 572 electionem
1008 537 1117 570 vicarii

377 593 540 637 generalis
567 593 598 625 in
624 592 816 636 pristinum,
835 602 869 625 ae
888 602 976 631 euni,
996 591 1027 623 in
1055 601 1119 634 quo

375 653 448 679 ante
472 646 635 679 decretum
661 645 838 689 supradicti
865 644 997 688 capituli
1025 654 1119 687 gene-

376 700 451 732 ralis
488 704 578 737 erat,
614 704 750 738 statum,
783 698 906 731 scilicet
939 697 1022 730 inter
1054 702 1119 729 tres

375 752 554 796 provincias
574 752 748 795 Hispaniae
777 756 899 784 tantum
921 750 1032 784 reduci
1053 750 1121 793 plu-

375 807 490 839 rimum
516 806 713 838 desiderant.
742 805 839 838 Nobis
861 809 1034 848 propterea
1061 804 1120 835 liu-

375 860 496 892 militer
520 859 696 902 supplicari
732 858 876 891 fecerunt
903 862 938 890 ut
964 857 995 889 in
1029 867 1121 900 prae-

374 914 478 946 missis
504 918 688 956 opportune
716 912 893 955 providere
924 916 955 944 et
980 916 1013 943 ut
1039 910 1121 942 iufra

375 966 545 1009 indulgere
572 966 610 998 de
644 964 843 1008 benignitate
871 963 1048 1008 apostolica
1075 962 1121 996 di-

377 1029 560 1062 gnaremur.

421 1074 435 1117 ξ
461 1073 491 1107 3
512 1074 575 1106 Nos
595 1073 699 1116 igitur,
720 1073 809 1116 ipsos
828 1075 1031 1116 exponentes
1049 1081 1120 1114 spe-

378 1127 513 1160 cialibus
557 1127 721 1158 savoribus
759 1131 791 1159 et
827 1126 939 1169 gratiis
965 1124 1119 1169 prosequi

378 1182 531 1220 volentes,
560 1191 741 1223 eorunupie
763 1180 947 1223 singulares
966 1189 1120 1223 personas

377 1246 394 1267 a
419 1233 586 1278 quibusvis
608 1233 963 1273 cxcommunicationis,
988 1242 1122 1275 suspen—

377 1288 479 1321 sionis
512 1292 543 1320 ct
577 1287 761 1326 interdicti,
796 1287 934 1330 aliisque
971 1285 1122 1318 ecclesia-

378 1341 479 1381 sticis,
506 1340 653 1373 censuris
680 1346 710 1373 et
735 1340 860 1383 poenis,
886 1351 903 1373 a
929 1340 997 1372 iure
1019 1338 1065 1371 vel
1084 1339 1122 1371 ab

379 1395 523 1435 bomine,
539 1393 649 1437 quavis
669 1394 843 1427 occasione
863 1394 912 1426 vel
927 1393 1021 1426 causa
1041 1391 1124 1431 latis,

380 1449 405 1481 si
433 1448 549 1492 quibus
577 1447 825 1491 quomodolibet
858 1445 1032 1480 innodatae
1059 1445 1125 1479 exi-

380 1509 479 1541 stant,
499 1503 537 1535 ad
558 1502 706 1535 ellectum
723 1501 944 1545 praesentium
963 1501 1123 1533 dumtaxat

380 1556 661 1598 consequendum,
681 1555 795 1587 barum
814 1555 899 1587 serie
919 1554 1126 1586 absolventes

382 1607 607 1650 etabsolutas¹
628 1608 694 1640 sore
714 1613 897 1647 censentes,
918 1604 1127 1638 liuiusi‘i‘iOt‘li2

381 1660 674 1705 supplicationibus
710 1660 874 1699 inclinati,
906 1659 1125 1703 supradictam

381 1714 604 1747 alternatiram
622 1714 815 1747 electionem
836 1713 945 1746 vicarii
964 1712 1127 1755 generalis

381 1770 466 1801 inter
486 1774 623 1812 quatuor
648 1767 828 1810 provincias
858 1766 1056 1809 Aragoniae,
1074 1766 1127 1799 Ca-

382 1822 512 1861 stellae,
535 1821 678 1854 Baeticae
704 1826 735 1854 et
759 1821 940 1853 insularum
970 1819 1127 1862 Philippi-

382 1886 495 1907 narum
522 1874 787 1917 Congregationis
816 1873 1019 1917 praedictae,
1046 1872 1129 1905 sieut

382 1929 619 1973 praemittitur,
645 1928 869 1967 constitutam,
894 1926 1127 1970 expeditasque.

383 1983 522 2025 desuper
548 1981 720 2015 Alexandri
747 1981 1012 2024 praedecessoris
1044 1980 1129 2013 litte-

383 2047 432 2068 ras
459 2035 630 2078 praefatas,
656 2035 693 2067 ad
721 2036 806 2068 solas
833 2034 934 2067 dictas
962 2039 1024 2067 tres
1051 2034 1128 2066 Ara-

384 2089 511 2132 goniae,
531 2089 687 2121 Castellae
706 2094 737 2121 et
762 2088 908 2121 Baeticae
929 2088 1126 2132 provincias,

383 2143 495 2175 eiulein
521 2142 730 2181 auctoritate,
754 2146 865 2175 tenore
886 2141 1126 2185 praesentium,

383 2196 583 2237 reducimus,
607 2196 762 2239 illamque
782 2196 936 2239 deinceps
957 2196 1041 2228 inter
1060 2205 1128 2227 eas-

384 2251 454 2282 dem
472 2255 533 2283 tres
552 2249 734 2293 provincias
754 2250 929 2290 dumtaxat,
944 2254 1038 2292 prout
1055 2253 1128 2283 ante

423 2375 431 2400 1
457 2373 526 2399 Edit.
550 2373 628 2400 Μαίη.
651 2373 715 2408 legit
735 2373 878 2400 absulutos
899 2373 997 2406 (R.T.).

962 222 1142 246 BULLARIUM
1168 221 1323 246 ROMANUM

421 2418 437 2444 2
459 2420 556 2445 vocem
578 2418 749 2446 huiusmodi
769 2417 896 2445 addimus
916 2420 953 2452 (tt.
971 2417 1020 2452 T.).

1913 222 1962 250 An.
1979 223 2006 250 C.
2029 223 2094 253 ¹7³0

1162 271 1326 303 decretum
1346 275 1376 304 et
1396 269 1519 304 litteras
1542 271 1711 311 eiusmodi,
1727 270 1848 304 serrari
1868 279 1905 303 ae

1163 323 1229 355 sieri
1253 324 1423 356 statuimus
1449 329 1479 356 et
1505 325 1703 357 ordinamus.

1206 377 1220 419 ξ
1245 377 1275 409 4.
1299 378 1541 416 Decernentes,
1564 378 1692 410 easdem
1711 384 1902 421 praesentes
1942 389 2062 411 mausum.

1163 430 1285 463 litteras
1312 441 1443 474 semper
1468 430 1595 470 sirmas,
1624 431 1742 463 validas
1775 436 1805 464 et
1841 431 1906 464 esti-

1162 494 1255 517 eaees
1274 484 1415 517 existere
1434 489 1465 517 et
1480 484 1561 523 sore,
1578 495 1721 527 suosque
1737 485 1907 527 plenarios

1164 544 1194 570 et
1215 538 1359 580 integros
1385 537 1520 570 etl'ectus
1546 538 1658 570 sortiri
1685 543 1717 569 et
1741 538 1906 577 obtinere,

1163 602 1199 623 ac
1236 591 1274 623 ab
1311 590 1401 631 illis,
1438 591 1476 623 ad
1514 601 1597 634 quos
1624 596 1752 634 spectat
1786 596 1819 624 et
1850 601 1908 634 pro

1166 649 1313 687 tempore
1339 644 1525 687 spectabit,
1553 644 1584 677 in
1618 644 1768 677 omnibus
1797 650 1827 677 et
1852 655 1910 688 per

1163 697 1272 729 omnia
1295 696 1485 740 plenissime
1511 697 1680 740 suflragari
1699 724 1706 738 ,
1739 703 1771 730 et
1796 697 1834 730 ab
1861 697 1907 731 eis

1164 750 1344 794 respective
1357 750 1588 783 inviolabiliter
1602 750 1783 792 observari,
1797 751 1909 794 sicque

1165 809 1195 836 et
1213 814 1277 837 non
1297 804 1391 837 aliter
1408 803 1439 836 in
1459 804 1645 847 praemissis
1663 815 1722 848 per
1736 815 1909 848 quoscum-

1166 868 1227 900 que
1265 856 1389 890 iudices
1427 857 1612 890 ordinarios
1649 863 1678 890 et
1717 858 1906 900 delegatos,

1166 910 1260 943 etiam
1290 920 1461 943 causarum
1486 910 1597 953 palatii
1624 909 1794 953 apostolici
1821 910 1909 943 audi-

1167 969 1264 1003 tores,
1289 974 1325 997 ae
1351 963 1455 996 dictae
1480 963 1572 997 Sedis
1599 963 1746 1003 nuncios,
1772 963 1908 996 iudicari

1167 1022 1199 1050 et
1224 1016 1352 1050 ‹lefiniri
1379 1017 1513 1057 debere,
1541 1027 1577 1049 ae
1602 1016 1730 1049 irritum
1757 1021 1788 1049 et
1813 1015 1909 1049 inane

1166 1070 1190 1103 si
1216 1081 1308 1103 secus
1333 1080 1432 1114 super
1462 1070 1512 1102 liis
1539 1081 1555 1103 a
1581 1080 1767 1113 quoquam,
1800 1068 1909 1114 quavis

1166 1123 1368 1163 auctoritate,
1387 1122 1528 1155 scienter
1549 1124 1595 1155 vel
1619 1122 1817 1165 ignoranter,
1839 1132 1910 1155 con-

1169 1177 1273 1219 tigerit
1302 1177 1468 1209 attentari.

1211 1231 1224 1273 g
1251 1230 1281 1262 5.
1309 1229 1377 1262 Non
1399 1229 1603 1262 obstantibus
1625 1229 1909 1262 constitutionibus

1167 1289 1198 1316 et
1233 1283 1494 1316 ordinationibus
1531 1282 1740 1325 apostolicis,
1783 1293 1909 1316 necnon

1167 1334 1426 1380 praedictorum¹
1453 1335 1591 1375 Ordinis,
1618 1334 1908 1378 Congregationis,

1166 1390 1302 1434 aliisque
1320 1389 1498 1433 quibusvis,
1516 1389 1611 1422 etiam
1627 1389 1819 1427 iuramento,
1835 1399 1911 1421 con-

1168 1444 1350 1477 firmatione
1365 1443 1552 1487 apostelicd,
1566 1448 1619 1475 aut
1633 1442 1744 1486 quavis
1760 1442 1911 1476 firmitate

1168 1499 1230 1531 alia
1257 1497 1436 1537 roboratis,
1463 1497 1588 1530 statutis
1613 1503 1644 1529 et
1669 1496 1912 1529 consuetudini-

1168 1552 1238 1592 bus,
1271 1550 1450 1594 privilegiis
1476 1560 1617 1593 quoque,
1644 1550 1777 1583 indultis
1804 1554 1836 1583 et
1860 1549 1911 1583 lit-

1170 1604 1246 1637 teris
1265 1604 1456 1648 apostolieis
1482 1604 1513 1636 in
1539 1603 1736 1637 contrarium
1758 1603 1929 1647 praemis?

1169 1669 1279 1691 sorum
1307 1657 1554 1701 quomodolibet
1583 1657 1763 1697 concessiS,
1797 1657 1913 1690 confir-

1170 1712 1262 1744 matis
1288 1718 1319 1744 et
1345 1711 1519 1744 innovatis:
1554 1711 1671 1754 quibus
1704 1710 1855 1744 omnibus
1881 1716 1912 1743 et

1170 1765 1325 1807 singulis,
1353 1765 1485 1798 illorum
1522 1770 1651 1797 tenores
1683 1764 1912 1807 praesentibus

1171 1829 1229 1861 pro
1262 1819 1358 1861 plene
1393 1823 1424 1850 et
1456 1817 1655 1850 sufficienter
1691 1817 1852 1860 expressis
1878 1828 1913 1850 ac

1171 1872 1208 1904 ad
1235 1872 1369 1904 verbum
1397 1871 1528 1904 insertis
1554 1871 1725 1910 habentes,
1750 1870 1814 1903 illis
1836 1868 1912 1904 alias

1172 1925 1202 1957 in
1230 1936 1289 1958 suo
1326 1926 1444 1958 robore
1482 1924 1727 1968 permansuris,
1758 1924 1797 1957 ad
1823 1935 1914 1968 prae·

1171 1979 1343 2012 missorum
1363 1977 1533 2018 etl'eetum,
1560 1978 1619 2010 liae
1637 1977 1705 2010 vice
1731 1978 1910 2017 dumtaxat,

1170 2032 1355 2076 specialiter
1381 2036 1411 2064 et
1437 2041 1588 2074 expresse
1624 2031 1839 2073 desogainus;
1865 2042 1914 2064 ce-

1172 2086 1312 2130 terisque
1339 2085 1510 2119 contrariis
1537 2085 1807 2129 quibuscumque.

1215 2139 1328 2171 Datum
1351 2138 1485 2178 Romae,
1499 2138 1583 2181 apud
1595 2138 1774 2178 §.reu-um,
1787 2138 1847 2171 sub
1862 2149 1914 2171 an-

1171 2193 1250 2225 nulo
1261 2191 1446 2232 piscatoris,
1461 2191 1513 2224 die
1526 2201 1578 2224 xlv
1591 2190 1743 2224 februarii
1755 2199 1912 2230 iimccxxx,

1172 2244 1381 2289 pontificatus
1403 2245 1508 2278 nostri
1535 2255 1620 2278 anno
1639 2255 1681 2278 vt.
1917 2242 1924 2251 “

1208 2308 1266 2335 llat.
1287 2307 1330 2334 die
1354 2308 1384 2335 14
1405 2307 1534 2334 februarii
1561 2307 1644 2341 1730,
1667 2307 1764 2343 pontif.
1785 2315 1856 2334 anuo
1877 2314 1912 2334 vt.

1987 1238 2097 1265 Derogalio

1920 1267 2080 1287 contrariorum.

1208 2418 1217 2443 1
1242 2415 1313 2444 Edit.
1337 2415 1417 2443 Main.
1442 2416 1506 2451 legit
1523 2415 1741 2451 praedictarum
1760 2416 1804 2450 (a.
1826 2416 1876 2448 τ.).
