2170 3147
0 291 41 315 ku.
55 287 84 313 C.
106 283 172 312 1727

183 328 357 373 provinciis
383 327 572 361 exercitium
607 337 644 360 ac
668 327 818 369 peritiam
850 336 925 358 can-

183 389 232 417 tus
258 382 340 415 firmi
372 381 604 419 ecclesiastici,
630 390 726 422 quem
753 379 925 422 Greyoria-

181 446 263 469 num
286 436 384 476 vulgo
410 434 589 476 appellant,
607 445 624 464 a
641 432 795 465 Romanis
821 431 926 464 Ponti-

182 489 294 521 ficibus
307 487 617 531 praedecessoribus
635 485 754 518 nostris
772 485 811 517 ad
830 495 923 516 usum

182 542 213 576 S.
231 542 267 574 R.
284 542 317 574 E.
335 541 488 580 ordinati,
505 549 698 583 promovere
719 543 870 570 curarent
890 548 925 569 ac

182 600 384 633 tenerentur,
411 599 507 636 prout
527 593 658 625 uberius
682 591 870 623 continetur
894 590 923 622 in

183 648 286 691 ipsius
306 647 456 679 Matthaei
475 645 611 678 ministri
630 643 793 687 generalis
818 643 925 675 decre·

184 706 214 733 to
240 700 382 742 desuper
407 699 495 732 edito
521 698 643 731 tenoris
669 697 723 740 qui
759 696 923 738 sequitur,

183 752 335 785 videlicet
351 763 357 784 :

0 819 174 868 ,Μᾱξζῗξξξξξξῖ
224 822 364 858 Quoniam
388 822 497 852 litteris
524 821 632 851 nostris
662 829 755 859 nuper
783 819 925 858 expeditis

0 873 173 920 §332255f”0f³¹¹⁵
187 881 238 911 pro
259 873 318 901 tota
342 872 396 900 hac
419 872 520 899 nostra
542 869 651 899 familia
669 869 866 905 Cismontana,
890 867 925 897 de

188 924 285 949 mente
307 924 335 949 et
357 918 474 948 oraculo
497 917 672 948 sanctissimi
701 917 810 946 domini
834 916 924 945 nostri
946 937 947 944 i

186 968 334 998 Benedicti
351 968 445 1006 Papae
458 966 531 1004 XIII,
546 966 710 996 executioni
728 965 924 994 mandandum

184 1017 400 1053 intimavimus,
431 1016 508 1054 quod
530 1015 559 1044 in
582 1014 719 1043 omnibus
746 1018 773 1043 et
802 1013 926 1051 singulis

187 1065 378 1095 conventibus
399 1065 609 1102 cuiuscumque
638 1063 765 1092 instituti
790 1067 845 1091 tam
869 1062 924 1092 Ob-

187 1114 365 1143 servantium
399 1121 485 1151 quam
510 1112 744 1141 Reformatorum
775 1116 803 1140 et
827 1111 926 1140 Excal-

186 1167 334 1192 ceatorurn
357 1161 410 1191 sub
427 1163 497 1190 cura
514 1162 617 1190 nostra
638 1160 767 1189 officium
787 1160 924 1189 diurnum
947 1154 949 1180 ἶ

186 1210 350 1240 celebretur
371 1209 572 1247 celebrarique
595 1208 700 1238 debeat
732 1214 819 1237 cautu
844 1208 926 1237 firmo

188 1308 313 1337 maxime
344 1306 525 1335 solemnibus
548 1309 575 1334 et
598 1305 725 1341 festivis,
750 1305 827 1334 iuxta
852 1305 925 1334 anti-

187 1364 274 1395 quam
291 1359 319 1384 et
333 1353 508 1383 laudabilem
525 1353 767 1383 consuetudinem
785 1353 926 1382 maiorum

188 1549 314 1579 iusmodi

188 1598 273 1628 nobis
295 1598 435 1636 expositis
457 1606 599 1634 annuere,
618 1607 717 1626 verum
741 1598 828 1626 etiam
847 1607 929 1635 prae-

189 1648 287 1686 cipere
319 1647 525 1683 decrevimus,
566 1647 642 1676 sicut
676 1646 777 1675 liarum
813 1650 951 1675 tenores*

189 1695 398 1734 praecipimus,
422 1700 567 1733 quatenus
590 1695 717 1724 ministri
735 1695 929 1733 provinciales

188 1744 332 1774 dictarum
367 1744 583 1782 provinciarum
620 1753 791 1782 promovere
824 1749 928 1773 curent

189 1801 223 1821 ac
245 1796 410 1829 teneantur,
436 1792 630 1821 mediantibus
657 1792 804 1829 religiosis
828 1792 930 1830 peritis

190 1843 219 1868 et
241 1840 381 1878 expertis,
405 1840 434 1869 in
458 1840 614 1869 iuvenibus
632 1840 804 1869 exercitium
827 1844 855 1869 et
877 1850 927 1870 no-

191 1887 287 1917 titiam
310 1888 453 1917 eiusmodi
475 1893 576 1917 cantus
599 1889 675 1917 sirmi
697 1898 748 1917 seu
766 1888 930 1926 Gratim-sarii

192 1945 206 1964 a
230 1936 358 1964 Summis
380 1936 572 1965 Pontificibus
604 1936 638 1965 ad
671 1946 755 1966 usum
784 1938 812 1965 S.
837 1937 870 1967 R.
897 1938 927 1966 E.

191 1984 332 2019 ordinati,
352 1988 380 2013 et
402 1993 416 2012 a
433 1984 592 2013 maioribus
614 1985 721 2013 nostris
744 1985 772 2013 in
797 1989 855 2014 toto
878 1985 930 2015 Or-

193 2031 260 2060 dine
283 2032 441 2061 introducti
463 2036 491 2061 et
513 2033 678 2070 practicati,
697 2033 777 2062 iuxta
802 2038 928 2063 mentem

194 2080 341 2118 seraphici
364 2080 452 2118 patris
475 2081 566 2109 nostri
594 2080 624 2109 S.
648 2081 808 2115 Francisei,
843 2091 928 2120 quam

194 2127 224 2157 in
240 2127 341 2165 regula
358 2128 454 2157 verbis
470 2129 664 2166 praeceptivis
679 2129 794 2158 clericis
813 2139 930 2168 expres-

194 2175 232 2205 sit
255 2180 283 2205 et
305 2176 462 2205 intimavit.
487 2176 589 2206 Datum
613 2177 732 2213 Romae,
753 2177 782 2205 in
805 2178 859 2206 hoc
881 2187 931 2207 no-

194 2229 255 2254 stro
278 2224 478 2254 Aracaelitano
501 2229 657 2261 conventu,
690 2225 737 2255 die
770 2235 805 2254 xx
834 2227 929 2256 martii

194 2282 364 2303 nnocxxvn.
380 2291 419 2296 —
433 2273 481 2303 Fr.
499 2273 677 2303 Mmmmzus
700 2283 717 2303 Α
736 2274 855 2304 mnam
879 2276 930 2305 mi-

194 2323 287 2352 nister
309 2322 466 2360 generalis.
491 2322 558 2351 Loco
579 2324 596 2358 †
617 2322 716 2360 sigilli.

0 2397 182 2444 'elafioggffipo
237 2390 252 2432 ἓ
275 2389 306 2421 2.
333 2389 410 2422 Cum
437 2394 556 2427 autem,
580 2388 664 2421 sieut
688 2389 801 2421 eadem
835 2400 931 2433 expo-

193 2443 268 2475 snio
294 2442 522 2484 subiungebat,
548 2442 624 2474 dicti
651 2446 852 2484 exponentes
877 2443 932 2475 de-

192 2500 315 2528 cretum
337 2495 532 2533 huiusmodi,
554 2505 618 2537 quo
640 2493 761 2527 firmius
778 2495 933 2528 subsistat

193 2552 226 2580 et
249 2553 401 2580 servetur
425 2547 576 2584 exactius,
592 2547 793 2590 apostolicae
813 2547 931 2580 conflr-

192 2599 343 2633 mationis
369 2605 501 2632 nostrae
526 2599 707 2642 patrocinio
739 2600 931 2633 communiri

192 2661 399 2696 summopere
431 2652 635 2685 desiderent:
660 2661 738 2693 nos,
764 2651 852 2694 ipsos
879 2663 933 2685 ex-

770 278 966 302 BENEDICTUS
993 278 1048 302 XIII
1073 279 1122 302 Pr.

1608 266 1672 300 573
1719 277 1768 302 An.
1784 275 1812 302 c.
1836 275 1903 303 ¹727

969 331 1129 369 ponentes
1155 326 1353 369 specialibus
1374 326 1538 359 favoribus
1552 331 1583 358 et
1598 324 1711 367 gratiis

968 379 1123 422 prosequi
1150 380 1367 419 volentesset
1392 389 1506 411 eorum
1526 378 1711 417 singulares

968 442 1126 474 personas
1141 443 1158 464 a
1171 432 1338 474 quibusvis
1357 430 1711 476 excomrnunicationis,

968 485 1197 527 suspensionis
1223 491 1254 517 et
1279 485 1461 523 interdicti,
1496 484 1635 526 aliisque
1660 494 1712 516 ec-

968 537 1161 569 clesiasticis
1175 538 1363 577 sententiis,
1379 537 1523 570 censuris
1539 542 1571 569 et
1584 536 1710 579 poenis,

946 604 947 607 ¹
969 601 985 622 a
1011 591 1080 623 iure
1105 591 1154 623 vel
1181 590 1220 622 ab
1239 590 1385 628 homine,
1407 590 1517 633 (inavis
1538 589 1711 622 occasione

968 644 1017 676 vel
1044 645 1140 675 causa
1164 643 1249 682 latis,
1275 644 1301 676 si
1328 644 1445 686 quibus
1463 643 1713 686 quomodolibet

968 697 1143 729 innodatae
1158 697 1307 736 existunt,
1329 698 1367 729 ad
1387 696 1536 729 effectum
1555 706 1713 738 praesen-

970 750 1047 781 tium
1079 749 1245 781 dumtaxat
1274 750 1562 792 consequendum,
1598 749 1712 782 barum

969 803 1055 835 serie
1081 802 1287 834 absolventes
1308 808 1340 834 et
1360 804 1527 835 absolutas
1549 802 1618 834 sore
1636 812 1714 834 cen-

969 860 1093 894 sentes,
1118 854 1416 897 supplicationibus
1441 865 1555 886 eorum
1582 854 1713 886 nomine

969 907 1065 939 nobis
1103 917 1201 950 super
1239 907 1302 939 boe
1339 907 1511 939 humiliter
1551 906 1712 948 porrectis

969 961 1138 1000 inclinati,
1166 961 1333 992 decretum
1364 961 1604 1002 praeinsertum
1623 985 1630 997 ,
1658 970 1714 990 au-

969 1013 1122 1046 ctoritate
1143 1012 1333 1056 apostoliea,
1350 1018 1463 1044 tenore
1479 1011 1714 1054 praesentium,

969 1067 1201 1099 confirmamus
1242 1072 1273 1098 et
1314 1065 1534 1108 approbamus
1551 1092 1558 1104 ‚
1600 1064 1715 1107 illique

971 1120 1167 1153 inviolabilis
1194 1120 1394 1162 apostolicae
1428 1117 1588 1150 firmitatis
1615 1118 1715 1150 robur

970 1174 1159 1211 adjicimus,
1193 1183 1229 1204 ac
1262 1182 1375 1205 omnes
1401 1177 1431 1204 et
1456 1171 1606 1213 singulos
1632 1170 1713 1203 iuris

284 1259 289 1263 .
342 1258 347 1263 .
527 1258 532 1262 .
735 1257 740 1261 .
781 1266 784 1267 ⁷
846 1257 850 1261 .
882 1266 885 1267 ⁷
948 1231 1002 1264 {et
1028 1225 1100 1257 sacti
1128 1225 1290 1262 defectus,
1322 1224 1349 1257 si
1375 1224 1428 1267 qui
1467 1224 1609 1266 desuper
1634 1235 1714 1266 quo-

186 1259 396 1292 ecclesiastico,
419 1257 585 1295 Gregorzano
607 1257 692 1295 vulgo
714 1257 801 1292 dicto,
824 1256 927 1286 diebus
948 1267 949 1278 2

971 1278 1156 1310 modolibet
1181 1277 1434 1314 intervenerint,
1462 1277 1666 1318 supplemus.

1015 1332 1029 1373 ἓ
1055 1330 1086 1363 3.
1114 1330 1352 1369 Deeernentes‚
1371 1330 1501 1362 easdem
1521 1334 1714 1371 praesentes

1753 1340 1872 1361 Clausulam⁸

188 1408 356 1433 nostrorum
372 1427 379 1440 ‚
414 1402 581 1432 huiusmodi
606 1402 754 1441 piissimae
778 1402 865 1431 menti
901 1406 927 1431 et
972 1386 1097 1416 mseras
1124 1382 1245 1420 firma&
1274 1383 1395 1414 V³¹l¹d³¹s
1422 1387 1454 1414 θ’·
1479 1382 1625 1414 efficaces
1650 1391 1714 1414 ‘3³4¹'

188 1452 306 1481 oraculo
329 1451 506 1481 sanctissimi
525 1451 722 1488 inhaerentes,
740 1451 847 1480 nedum
865 1460 928 1489 pre·
948 1445 950 1469 ἶ
971 1443 1056 1468 Slffl'e
1081 1441 1113 1468 el-
1139 1436 1227 1474 s02'e›
1254 1445 1395 1477 SUOSqUe
1422 1435 1586 1477 PlenaslOS
1612 1439 1643 1466 Ol
1667 1434 1714 1466 ln·

188 1500 271 1530 cibus
294 1499 454 1529 humilibus
471 1509 522 1538 pro
540 1504 619 1538 parte
636 1499 852 1538 provinciarum
876 1500 929 1528 liu·
949 1524 950 1527 ,

347 1548 465 1578 Ordinis
498 1549 533 1577 de
562 1548 744 1577 Poenitentia*
778 1549 806 1577 in
837 1548 951 1584 Gallia,

972 1495 1079 1531 tegros
1107 1487 1239 1520 effectus
1272 1487 1379 1520 sortiri
1418 1492 1451 1519 et
1484 1487 1651 1525 obtinere,
1680 1497 1716 1519 ac

971 1543 1010 1574 ab
1036 1542 1111 1580 illis,
1138 1541 1175 1573 ad
1195 1551 1276 1583 quos
1296 1546 1419 1583 spectat
1440 1546 1470 1572 et
1492 1550 1548 1582 pro
1568 1545 1715 1582 tempore

971 1597 1243 1639 quandocumque
1279 1594 1461 1636 spectabit,
1502 1593 1532 1624 in
1567 1593 1716 1624 omnihus

973 1654 1006 1681 et
1036 1659 1095 1691 per
1126 1647 1233 1680 omnia
1270 1646 1502 1679 inviolabiliter
1527 1645 1714 1685 observari,

973 1702 1084 1744 sicque
1112 1701 1144 1732 in
1173 1699 1372 1742 praemissis,
1398 1710 1457 1741 per
1486 1708 1716 1741 quoscumque

974 1755 1098 1787 iudices
1134 1753 1317 1786 ordinarios
1350 1759 1381 1785 et
1407 1753 1587 1794 delegatos,
1620 1752 1717 1784 etiam

973 1818 1141 1840 causarum
1180 1805 1498 1849 palatii‘apostolici
1532 1805 1716 1844 auditores,

974 1860 1109 1893 iudicari
1136 1865 1167 1892 et
1192 1859 1319 1891 deliniri
1348 1859 1486 1898 debere,
1524 1868 1559 1889 ac
1590 1858 1716 1890 irritum

974 1919 1006 1946 et
1030 1913 1138 1949 inane,
1159 1913 1184 1944 si
1204 1922 1296 1944 secus
1314 1921 1412 1953 super
1434 1911 1484 1943 liis
1502 1922 1519 1942 a
1537 1921 1716 1954 quoquam,

974 1965 1086 2009 quavis
1116 1965 1326 2002 auctoritate,
1361 1964 1502 1995 scienter
1538 1964 1587 1995 vel
1624 1963 1717 2005 igno-

973 2024 1091 2057 ranter,
1118 2017 1293 2058 contigerit
1316 2016 1478 2048 attentari.

1018 2072 1032 2114 ᾗ
1056 2071 1088 2103 4.
1116 2071 1185 2103 Non
1204 2070 1409 2102 obstantibus
1430 2068 1714 2103 constitutionibus
1752 2078 1912 2107 Contrariorum

974 2130 1005 2157 et
1030 2123 1294 2157 ordinationibus
1325 2122 1532 2165 apostolicis,
1559 2133 1609 2161 ae,
1636 2104 1846 2165 qua-derogatio.

976 2184 1067 2210 tenus
1093 2187 1176 2220 opus
1195 2177 1246 2215 sit,
1265 2176 1507 2218 praedictorum
1530 2174 1658 2207 Ordinis
1683 2180 1716 2207 et

974 2230 1232 2272 provinciarum,
1253 2228 1393 2271 aliisque
1411 2228 1594 2270 quibusvis,
1617 2229 1714 2261 etiam

975 2283 1180 2321 iuramento,
1205 2280 1276 2314 etc.¹

1018 2336 1130 2367 Datum
1157 2335 1290 2373 Romae,
1317 2334 1401 2376 apud
1427 2333 1458 2366 S.
1486 2333 1628 2373 Petrum,
1655 2334 1715 2366 sub

974 2388 1094 2419 annulo
1109 2387 1290 2425 piscatoris,
1310 2387 1362 2419 die
1382 2397 1421 2419 xx
1436 2386 1513 2419 iunii
1531 2396 1714 2427 unccxxvn,

974 2439 1179 2483 pontificatus
1200 2440 1303 2472 nostri
1325 2450 1411 2472 anno
1436 2450 1480 2473 lv.

1011 2501 1070 2528 Dat.
1090 2502 1134 2528 die
1154 2501 1188 2527 20
1207 2501 1274 2528 iunii
1296 2501 1375 2533 1727,
1396 2502 1493 2537 pontis.
1515 2510 1584 2529 anno
1605 2509 1641 2529 lv.

1013 2608 1022 2635 1
1047 2606 1079 2634 Ut
1099 2614 1182 2642 supra
1201 2614 1262 2641 pag.
1283 2607 1331 2635 47¹
1354 2615 1371 2634 a
1390 2610 1428 2640 (a.
1445 2609 1494 2641 τ.).
