2170 3147
234 206 282 232 An.
300 204 328 231 c.
353 204 421 231 1725
467 192 531 227 ⁶202

252 1011 376 1031 Exhivrtativ
389 1012 415 1031 aii

269 1044 325 1061 ,cupi
337 1049 344 1056 x

230 1070 250 1091 pi
257 1064 354 1085 Άυιῐιςνιῡ.

427 252 538 285 nostra
563 250 797 284 constitutione
823 249 1008 284 adiicienda
1034 255 1066 283 et
1090 250 1174 283 simi-

426 305 500 337 liter
512 303 703 346 excipienda
720 302 880 344 duximus,
897 303 1173 347 quemadmodum

426 361 458 388 ut
483 355 667 399 praefertur
693 354 871 387 adiecimus
910 360 941 387 et
977 354 1172 398 excepimus,

426 409 464 441 ad
491 408 665 452 episcopos
697 412 842 448 tantum,
876 407 1033 451 privative
1066 408 1173 452 quoad

426 471 538 495 omnes
556 461 651 502 alios,
667 466 831 505 perpetuo
850 466 974 505 spectet
992 467 1087 505 atque
1105 472 1174 505 spe-

426 521 512 548 ctare
539 514 669 555 debeat,
693 520 732 556 et,
760 515 864 548 donec
893 515 956 558 ipsi
993 514 1025 548 in
1062 525 1174 549 occur-

427 568 574 602 rentibus
599 568 727 601 casibus
754 568 992 602 declaraverint
1018 568 1172 602 delictum

427 676 476 709 bis
512 675 661 719 superius
698 675 876 709 constituta
911 675 1174 719 adimpleverint,

428 729 600 774 inquisitos
638 728 822 769 eeclesiae,
859 730 908 762 vel
944 728 1075 762 alterius
1109 730 1173 764 loci

429 784 510 816 sacri
531 783 569 816 ad
596 793 693 826 quem
713 783 950 826 confugerunt,
970 783 1174 818 immunitate

427 836 570 879 gaudere
598 841 665 869 tuto
687 835 818 876 debere,
844 846 880 869 ac
906 836 938 870 in
973 838 1009 870 ea
1042 848 1174 871 conser-

428 890 550 923 vandos
571 894 602 922 et
619 889 881 922 manutenendos
901 899 971 923 esse
990 890 1172 932 statuimus,

428 944 646 988 praecipimus
673 948 705 977 et
729 944 936 976 mandamus.

371 1044 416 1059 ''⁸''
428 1050 631 1084 venerabiles
658 1050 771 1083 fratres
796 1054 925 1083 nostros
961 1051 1173 1094 patriarchas,

426 1105 594 1149 primates,
622 1103 889 1147 archiepiscopos
927 1108 959 1137 et
991 1104 1172 1149 episcopos,

428 1169 509 1202 quos
535 1158 632 1191 liuius
667 1162 799 1190 nostrae
831 1157 1073 1191 constitutionis
1103 1169 1176 1192 exe-

418 1217 558 1246 cutores
577 1213 783 1255 deputamus,
801 1211 834 1244 in
855 1211 1034 1244 visceribus
1053 1211 1175 1245 domini
1197 1238 1198 1243 ,

425 1266 529 1299 nostri
555 1265 624 1298 lesu
643 1264 761 1298 Christi
787 1265 967 1306 hortamur,
986 1269 1018 1298 et
1038 1268 1175 1309 paterna

427 1319 586 1351 charitate
601 1318 823 1358 admonemus,
835 1323 880 1359 ut,
893 1318 1003 1362 quanti
1018 1319 1174 1352 momenti

428 1372 469 1405 sit
495 1373 559 1406 hoc
584 1372 753 1416 ‘negotium
786 1371 874 1405 serio
912 1371 1115 1415 cogitanteS,
1143 1373 1174 1405 in

428 1425 678 1459 occurrentibus
697 1424 824 1458 casibus
839 1425 1028 1468 qualitatem
1044 1425 1175 1458 testium

427 1486 459 1513 et
475 1479 707 1524 probationum
724 1479 851 1523 pondus
870 1489 996 1512 summo
1015 1479 1122 1512 studio
1141 1490 1176 1512 ac

427 1534 593 1578 vigilantia
623 1538 820 1573 scrutentur,
855 1543 1052 1576 omnemque
1090 1533 1176 1566 frau-

428 1589 515 1629 dem,
534 1588 644 1621 dolum
660 1588 773 1630 procul
788 1586 892 1619 arceri
910 1591 1057 1628 satagant
1072 1598 1079 1626 3
1097 1587 1174 1630 quin

428 1642 522 1675 etiam
535 1640 729 1675 sacerdotali
745 1645 890 1684 pectore,
903 1640 1174 1684 quotiescumque

428 1707 509 1740 opus
536 1696 648 1737 suerit,
674 1695 713 1728 iis
739 1694 890 1728 omnibus
924 1694 1094 1735 obsistant,
1120 1696 1174 1738 qui

427 1751 571 1784 eiusdem
596 1747 781 1794 praesentis
799 1747 1042 1781 constitutionis
1061 1758 1175 1781 execu-

429 1805 549 1838 tionem
562 1814 597 1837 ac
610 1802 849 1837 observantiam
866 1802 1173 1845 quomodocumque

427 1857 601 1892 temerario
628 1868 708 1890 ausu
734 1855 893 1900 impedire
909 1861 1171 1899 praesumerent.

427 1912 461 1945 In
487 1911 624 1955 reliquis
660 1920 759 1954 porro
797 1909 925 1942 casibus
959 1914 1020 1941 tam
1054 1910 1087 1941 in
1113 1909 1174 1942 hac

426 1968 538 1998 nostra
556 1976 653 2009 quam
671 1965 703 1997 in
722 1963 919 2006 Gregoriana
937 1962 1173 1996 constitutione

426 2030 490 2052 non
527 2019 682 2062 exceptis,
723 2028 885 2051 memores
922 2027 1017 2061 quam
1056 2016 1175 2049 acriter

426 2083 556 2116 semper
589 2077 622 2105 et
655 2082 716 2115 qua
742 2071 857 2104 eximia
888 2081 924 2103 ac
949 2080 1084 2114 prorsus
1109 2070 1174 2102 sin-

426 2126 531 2169 gulari
557 2125 655 2158 animi
684 2125 875 2158 fortitudine
902 2124 1045 2157 maiores
1072 2124 1172 2157 nostri

427 2190 485 2221 pro
505 2179 726 2212 ecclesiastiea
743 2179 894 2211 libertate
914 2188 950 2210 ac
971 2177 1173 2210 immunitate

428 2232 654 2276 pugnaverint,
678 2231 761 2264 nihil
787 2231 825 2264 de
849 2231 905 2264 illa
930 2230 1079 2264 imminui
1105 2241 1175 2274 per-

427 2286 565 2326 mittant,
580 2295 686 2329 neque
702 2284 800 2317 sacris
814 2284 938 2317 iuribus
952 2284 1059 2317 labem
1073 2285 1171 2317 ullam

429 2338 568 2381 irrogari
587 2339 766 2381 patiantur,
786 2338 841 2371 sed
861 2349 898 2371 ea
920 2338 991 2381 pari
1009 2348 1086 2370 sane
1101 2338 1172 2371 zelo

430 2399 525 2435 atque
552 2391 709 2425 constanti
744 2392 826 2424 tueri
860 2397 991 2424 curent:
1018 2392 1057 2424 ab
1084 2391 1171 2424 omni
1193 2416 1194 2419 η

432 2452 536 2478 tamen
564 2445 701 2477 tumultu
728 2455 764 2477 ac
788 2445 1035 2488 perturbatione
1063 2455 1172 2478 caven-

430 2505 495 2541 tes,
522 2508 574 2537 nc,
600 2497 771 2530 iactantiae
793 2500 889 2531 causa
914 2498 1044 2541 potius,
1075 2508 1171 2541 quam

430 2551 651 2585 miserationis
669 2557 700 2584 et
724 2551 868 2584 iustitiae
895 2553 1001 2593 titulo,
1023 2551 1172 2585 ecclesia-

430 2607 510 2641 stica
535 2604 703 2651 privilegia
721 2615 867 2639 asserere
885 2606 967 2639 velle
985 2605 1168 2640 videantur.

472 998 486 1041 g
513 997 543 1030 8.
582 997 760 1030 Universos
799 997 930 1029 demum
967 1002 998 1030 et
1029 997 1197 1041 singulos>

1016 200 1196 226 BULLARIUM
1220 200 1374 226 Romnum

1965 202 2013 228 Ani
2032 202 2060 229 C.
2082 198 2166 234 ¹725*

1261 251 1277 293 ξ
1303 250 1584 292 9 Dece1‘nentes,
1610 251 1740 285 easdem
1766 256 1956 295 praesentes
1993 264 2117 290 ctausutao.

1216 304 1340 337 litteras
1363 308 1394 337 et
1418 304 1449 336 in
1477 304 1522 337 eis
1550 309 1702 338 contenta
1735 314 1958 349 quaecumque

1216 368 1348 401 semper
1366 357 1481 397 valida,
1499 357 1589 390 firma
1608 362 1638 390 et
1656 357 1800 390 efficacia
1822 357 1959 391 existere

1216 421 1251 444 ac
1267 410 1342 449 sore,
1359 421 1500 454 suosque
1519 410 1664 454 integros
1682 416 1777 454 atque
1795 410 1959 454 plenarios

1217 463 1350 498 effectus
1382 465 1504 508 ubique
1540 465 1649 498 sortiri
1680 470 1712 498 et
1741 463 1901 504 obtinere,
1924 475 1959 498 ac

1217 517 1255 550 ab
1281 517 1432 550 omnibus
1451 521 1480 551 et
1498 517 1648 560 singulis,
1669 517 1706 550 ad
1726 528 1808 560 quos
1834 521 1962 561 spectat
1988 525 1992 528 ·

1194 565 1196 603 J
1218 576 1249 603 et
1267 581 1325 614 pro
1354 576 1500 614 tempore
1530 571 1691 614 spectabit
1712 569 1961 614 quomodolibet

428 633 498 656 esse
525 623 563 656 de
591 621 746 666 exceptis,
767 627 799 655 et
816 627 924 655 cetera
948 622 1057 655 omnia
1081 633 1098 655 a
1120 633 1174 656 no·
1194 625 1195 667 J

1217 623 1249 656 in
1277 624 1430 664 futurum,
1448 623 1684 657 inviolabiliter
1710 629 1740 656 et
1766 623 1960 657 inconcusse

1218 677 1404 717 observari,
1432 677 1543 721 sicque
1563 682 1595 709 et
1612 687 1678 710 non
1698 676 1793 709 aliter
1814 676 1844 709 in
1871 686 1961 720 prae·

1195 744 1197 775 ζ
1218 730 1322 763 missis
1351 741 1409 774 per
1434 741 1657 774 quoscumque
1684 730 1806 764 iudices
1831 730 1962 764 ordina-

1218 784 1282 817 rios
1301 789 1331 817 ct
1350 785 1529 827 delegatos,
1547 784 1642 817 etiam
1661 794 1832 817 causarum
1849 784 1961 828 palatii

1218 837 1402 881 apostolicis
1428 837 1604 877 auditores,
1631 848 1666 870 ac
1691 837 1722 871 S.
1742 837 1779 870 R.
1800 837 1834 871 E.
1859 838 1962 872 cardi-

1218 892 1316 931 nales,
1344 891 1441 925 etiam
1467 891 1505 924 de
1532 892 1632 924 latere
1665 892 1789 934 legatos
1821 897 1853 925 et
1877 893 1962 936 Apo-

1218 944 1349 977 stolicae
1374 944 1467 977 Sedis
1493 944 1643 983 nuncios,
1661 945 1778 978 aliosve
1800 945 1964 989 quoslibet

1218 999 1327 1041 quavis
1352 998 1612 1042 praeeminentia
1646 1003 1677 1031 et
1709 1003 1868 1041 potestate
1893 999 1964 1032 sun-

1218 1057 1330 1094 gentes
1359 1062 1394 1084 ac
1420 1052 1600 1091 suncturos,
1627 1052 1753 1085 sublata
1779 1053 1826 1085 eis
1852 1057 1883 1085 et
1907 1063 1964 1086 eo-

1217 1116 1289 1139 rum
1314 1106 1448 1139 cuilibet
1473 1106 1583 1149 quavis
1610 1106 1705 1139 aliter
1729 1106 1895 1139 iudicandi
1932 1112 1963 1139 et

1217 1159 1456 1203 interpretandi
1475 1160 1626 1194 facultate
1648 1166 1678 1193 et
1696 1160 1898 1201 auctoritate,
1917 1161 1964 1193 iu-

1219 1213 1320 1246 dicari
1347 1218 1378 1245 et
1405 1213 1532 1246 definiri
1555 1214 1697 1254 debere,
1717 1224 1754 1247 ac
1779 1214 1905 1247 irritum
1932 1219 1964 1247 ct

1219 1266 1312 1299 inane
1346 1267 1370 1298 si
1411 1277 1503 1300 secus
1536 1268 1710 1310 super‘his
1736 1278 1753 1300 a
1779 1278 1961 1311 quoquam,

1218 1319 1329 1363 quavis
1355 1319 1558 1359 auctoritate,
1585 1320 1727 1353 scienter
1745 1321 1793 1353 vel
1811 1320 1963 1364 ignoran-

1220 1379 1276 1413 ter,
1302 1374 1478 1416 contigerit
1503 1374 1666 1407 attentari.

1263 1427 1355 1471 §to
1398 1427 1466 1461 Non
1507 1427 1711 1461 obstantibus
1745 1427 1962 1462 Cancellariae

1220 1487 1351 1515 nostrae
1368 1481 1576 1525 Apostolicae
1594 1482 1867 1525 regulis,necnon
1886 1493 1963 1526 quo-

1219 1545 1430 1578 rumcumque
1452 1535 1747 1578 praedecessorum
1773 1540 1962 1569 nostrorum

1196 1607 1198 1617 κ
1219 1589 1334 1622 litteris
1355 1588 1551 1632 apostolicis,
1566 1589 1755 1633 privilegiis,
1779 1589 1914 1623 indultis
1932 1594 1963 1622 et

1219 1643 1446 1683 facultatibus,
1477 1643 1645 1686 quibusvis
1674 1643 1838 1686 personis,
1865 1642 1961 1677 etiam

1218 1696 1352 1740 speciali
1371 1697 1534 1730 mentione
1554 1696 1659 1739 dignis
1681 1703 1711 1729 et
1729 1697 1840 1740 quavis
1865 1707 1964 1740 quan-

1219 1755 1425 1794 tumcumque
1448 1750 1579 1783 sublimi
1606 1750 1762 1793 dignitate
1795 1755 1826 1783 et
1858 1756 1964 1784 aucto-

1218 1803 1312 1836 ritate
1339 1803 1550 1846 fulgentibus,
1570 1808 1602 1836 et
1619 1814 1657 1836 ex
1676 1802 1839 1847 quibusvis
1865 1803 1963 1837 etiam

1218 1857 1370 1900 gravibus
1410 1863 1440 1890 et
1474 1857 1712 1900 urgentissimis
1750 1857 1868 1897 causis,
1905 1857 1962 1891 sub

1218 1911 1477 1954 quitmscumque
1515 1909 1684 1943 tenoribus
1721 1916 1751 1943 et
1782 1909 1906 1951 formis,
1932 1915 1963 1943 et

1218 1974 1290 1996 eum
1332 1963 1496 2007 quibusvis
1537 1963 1632 1996 etiam
1680 1963 1962 2007 derogatoriarum

1218 2017 1453 2061 derogatoriis,
1482 2017 1617 2060 aliisque
1645 2017 1893 2058 efficacioribus,
1921 2017 1963 2051 es-

1218 2070 1417 2104 sicacissimis
1443 2076 1474 2104 et
1499 2071 1640 2104 insolitis
1666 2070 1836 2111 clausulis,
1862 2081 1899 2104 ae
1924 2070 1964 2103 ir-

1217 2124 1390 2157 ritantibus
1417 2129 1448 2157 et
1473 2124 1543 2157 aliis
1568 2123 1717 2164 decretis,
1743 2123 1839 2157 etiam
1863 2128 1962 2164 motu,

1218 2177 1353 2210 scientia
1379 2182 1408 2210 et
1434 2177 1603 2220 potcstatis
1624 2177 1826 2220 plenitudine
1851 2176 1963 2210 simili-

1217 2231 1286 2270 bus,
1308 2236 1338 2263 et
1365 2230 1647 2270 consistorialiter,
1668 2241 1703 2263 ae
1729 2229 1807 2263 alias
1832 2240 1963 2273 quomo-

1217 2284 1340 2317 dolibet
1358 2285 1390 2317 in
1409 2283 1607 2318 contrarium
1623 2284 1872 2327 praemissorum
1891 2293 1964 2317 con-

1217 2338 1315 2371 cessis
1341 2337 1541 2371 confirmatis
1567 2344 1598 2370 et
1632 2336 1817 2377 innovatis;
1844 2336 1962 2380 quibus

1216 2391 1367 2425 omnibus
1386 2396 1416 2424 et
1436 2391 1578 2433 singulis,
1599 2390 1722 2423 etiamsi
1744 2400 1803 2433 pro
1829 2390 1963 2423 illorum

1215 2444 1386 2478 sufficienti
1415 2444 1630 2486 derogatione
1669 2444 1707 2477 de
1745 2443 1810 2476 illis
1836 2453 1963 2477 eorum-

1215 2509 1278 2542 que
1307 2498 1380 2530 totis
1408 2498 1575 2530 tenoribus
1601 2496 1765 2540 specialis,
1801 2495 1960 2539 specifica,

1215 2562 1367 2595 expressa
1401 2557 1432 2584 ct
1464 2551 1640 2591 individua,
1672 2561 1707 2583 ac
1732 2550 1770 2582 de
1796 2550 1895 2583 verbo
1921 2550 1961 2582 ad

1214 2605 1357 2646 verbum,
1378 2614 1442 2637 non
1462 2610 1567 2638 autem
1593 2613 1653 2648 per
1677 2603 1838 2637 clausulas
1863 2611 1961 2646 gene-

1999 1439 2122 1466 Derogatio.
