2170 3147
0 198 19 218 ι.
34 189 62 217 C.
85 187 154 216 4729

0 1200 114 1223 tzur-tium.

0 1730 76 1760 sawt-u
87 1737 122 1757 pra

5 1760 19 1777 tt
34 1764 88 1778 εει-»ι
105 1759 148 1778 [ιι-ι,

740 189 934 214 BENEDICTUS
959 190 1018 214 xm
1042 190 1093 214 ΓΡ.

159 237 328 270 cretarium
347 237 548 271 sanctissimo
568 238 698 272 domino
716 244 827 272 nostro
846 239 901 272 Be-

159 289 289 322 nedicto
314 289 398 333 Papa
420 290 486 322 XIII
513 291 631 331 relatis,
657 291 812 325 Sanctitas
837 291 898 324 Sua

159 343 325 375 decretum
351 354 457 376 sacrae
484 344 750 387 Congrcgationis
776 355 896 388 appro-

158 396 255 436 bavit,
277 401 308 428 et
330 396 538 439 exequutioni
565 398 710 430 mandari
738 398 838 430 iussit.

204 448 235 480 In
277 459 413 491 quorum
455 449 549 482 sidem
590 461 684 482 manu
723 458 753 482 et
790 450 899 492 sigillo

159 501 406 533 eminentissimi
434 508 465 534 et
491 503 750 536 reverendissimi
778 503 898 536 domini

159 554 330 587 cardinalis
351 555 394 587 De
412 555 465 587 Via
490 555 643 598 praefecti
664 566 817 598 praeseus
847 556 900 588 de-

159 613 284 639 cretum
312 607 475 649 signatam
503 613 534 640 et
558 608 715 640 munitum
750 609 808 640 suit
838 609 900 641 Ro-

159 670 228 692 mae
253 660 283 691 in
311 661 432 702 palatio
458 661 634 703 apostolico
659 661 823 701 Vaticano,
848 662 899 694 dic

158 722 232 745 xviii
255 713 323 744 iulii
350 722 523 746 uuccxxu.

192 772 249 799 Dat.
273 773 315 800 die
340 775 368 800 18
389 774 445 800 iulii
470 775 544 808 1720,
566 774 655 809 pontif
685 782 753 801 anno
775 781 809 802 v1.

435 917 628 950 CCLXXXII.

157 996 322 1030 lndicae'lur
345 996 536 1039 beatificatio
560 999 643 1029 servi
661 998 719 1030 Dei
741 997 901 1030 I'lncculie‘

201 1060 222 1080 ιι
246 1050 353 1082 Paulo
380 1050 644 1092 Conqrequliom‘s
674 1050 840 1082 IIIis-sionis
871 1054 899 1082 el

202 1102 399 1135 Puellarum
426 1104 606 1137 Clmrilalis
629 1103 815 1145 fundatoris
833 1102 853 1135 ¹.

340 1183 522 1210 Benedictus
544 1183 621 1217 Papa
642 1183 723 1214 XIII,

277 1227 312 1254 ad
333 1231 512 1261 perpetuam
531 1228 578 1254 rei
598 1228 780 1255 memoriam.

203 1299 306 1332 Iustus
333 1310 368 1332 ae
394 1300 576 1333 misericors
609 1300 764 1333 Dominus
797 1311 895 1343 pecu-

160 1353 286 1386 liarium
308 1354 523 1397 quorumdam
540 1364 704 1387 servorum
723 1360 816 1397 atquc
836 1355 900 1387 elc-

159 1412 285 1440 ctorum
321 1418 465 1447 suorum,
500 1418 581 1450 quos
619 1419 635 1440 a
668 1408 898 1441 constitutione

159 1460 271 1493 nmndi
313 1460 344 1492 in
386 1471 467 1503 opus
507 1471 599 1493 suum
639 1460 899 1504 praedestinatos

159 1512 367 1545 multiformis
393 1513 515 1555 gratiae
541 1524 616 1547 suae
653 1514 899 1546 charismatibus

159 1566 324 1606 iustruxit,
362 1566 563 1599 sanctitatem
600 1567 763 1600 interdum
800 1567 899 1610 signis

160 1625 254 1662 atque
281 1619 439 1662 portentis
466 1625 611 1653 testatam
637 1621 711 1653 facit
737 1621 768 1653 in
795 1621 898 1660 terris,

160 1678 193 1704 ut
218 1672 291 1711 illis,
319 1683 399 1715 quos
434 1674 585 1716 perennis
621 1674 743 1716 gloriae
780 1675 900 1706 corona

128 1725 258 1757 e-donat
284 1725 314 1757 in
340 1725 446 1764 caelis,
472 1725 597 1759 debitae
623 1736 752 1769 quoque
772 1736 916 1759 venerab

161 1777 256 1810 tionis
280 1779 385 1811 cultus
409 1788 426 1810 a
447 1777 595 1811 fidelibus
616 1779 832 1822 impendatur.

205 1832 219 1872 ξ
245 1830 275 1862 1.
302 1831 386 1863 Inter
411 1842 499 1874 quos,
536 1843 607 1864 cum
638 1833 733 1874 longe
770 1833 898 1875 lateque

161 1883 325 1916 resulserit
349 1894 455 1916 servus
473 1884 526 1917 Dei
548 1885 734 1918 Yincentius
756 1896 773 1918 a
790 1886 898 1924 Paulo,

161 1936 314 1968 sacerdos
332 1935 450 1976 Gallus,
478 1937 748 1979 Congregationis
774 1939 900 1982 presby-

162 1994 302 2020 terorum
337 1989 552 2022 saecularium
579 1990 740 2023 Missionis
758 2017 765 2031 ,
794 1996 825 2024 et
849 2002 900 2024 so-

161 2041 284 2074 cic-tatis
316 2041 498 2075 Puellarum
533 2042 703 2075 Charitatis
733 2054 900 2088 nuncupa-

162 2099 264 2126 tarum
291 2094 459 2135 fundator,
485 2095 540 2138 qui
572 2095 711 2129 mirabili
745 2097 775 2134 in
801 2097 899 2130 Deum

161 2157 196 2179 ac
229 2147 410 2190 proximum
442 2148 599 2181 charitate
634 2148 812 2191 (dilatante
845 2160 901 2182 cor

161 2200 228 2232 eius
260 2200 379 2243 Spiritu
413 2200 548 2243 Sancto)
580 2211 769 2242 succensus,
796 2213 901 2235 verae-

161 2264 224 2297 que
250 2253 378 2296 pietatis
396 2254 560 2297 opci·ibuS‚
579 2260 609 2287 et
625 2255 816 2298 praesertim
835 2256 902 2288 ani-

160 2316 285 2339 marum
313 2308 403 2340 lucro
430 2308 548 2350 iugiter
566 2307 720 2348 intentus,
743 2319 900 2351 pauperes

160 2359 336 2401 ruricolas,
363 2371 444 2403 quos
478 2367 512 2393 ut
543 2361 718 2404 plurimum
745 2361 776 2393 in
803 2362 897 2403 igno-

160 2413 282 2447 rantiae
309 2413 448 2447 tenebris
474 2413 589 2447 misere
623 2413 728 2447 iacere
754 2414 900 2456 dolebat,

197 2494 207 2520 1
231 2493 289 2520 Atia
303 2493 383 2520 huius
399 2493 533 2521 Pontificis
552 2498 639 2521 const.
657 2494 722 2521 edit.
739 2500 900 2528 unccxxxix,

160 2537 203 2565 die
224 2538 256 2565 12
276 2538 376 2572 martii,
393 2538 489 2574 pontif.
506 2545 532 2573 v,
548 2538 648 2566 indicta
667 2539 716 2567 suit
736 2538 900 2567 beatificatio

160 2582 232 2616 ‚nervi
253 2583 298 2611 Dei
320 2582 420 2611 Fidelis
440 2592 455 2611 a
473 2583 659 2622 Sygmaringa.

1576 184 1640 218 837
1689 193 1739 219 An.
1758 194 1786 220 c.
1813 194 1877 222 ¹729

946 239 1114 272 erudiendi
1152 238 1292 284 fideique
1327 241 1508 274 catholicae
1541 241 1686 275 misteria

945 297 976 324 et
1007 299 1181 336 praecepta
1213 304 1248 326 ac
1281 295 1362 327 viam
1389 295 1501 328 salutis
1528 293 1685 328 edocendi

946 351 1017 377 voto
1044 356 1077 378 se
1103 352 1133 379 et
1160 347 1365 389 presbyteros
1404 349 1507 381 dictae
1544 348 1686 391 Congre-

944 398 1084 439 gationis
1120 400 1303 439 obstrinxit,
1341 411 1465 433 necnon
1503 402 1589 434 clero
1627 401 1686 433 rite

946 450 1142 484 instituendo
1162 453 1318 495 imprimis
1335 454 1466 493 addixit,
1486 454 1685 497 aliarumque

945 504 1087 537 omnium
1124 505 1274 538 virtutum
1310 507 1473 549 praesidio
1511 513 1542 539 et
1567 507 1684 540 robore

945 557 1106 589 accinctus
1132 568 1167 590 ex
1201 559 1285 597 alto,
1320 564 1386 591 toto
1413 560 1685 602 peregrinationis

945 619 980 640 ac
1004 610 1262 643 conversationis
1287 622 1362 644 suae
1385 617 1529 655 tempore
1557 611 1686 645 fidelem

945 672 977 694 se
1004 663 1183 696 ministrum
1210 670 1445 709 strenuumque
1482 676 1517 698 ae
1549 666 1686 698 indefes-

945 726 1013 747 sum
1034 716 1146 749 vineae
1173 717 1297 750 Domini
1324 720 1482 751 cultorem
1515 725 1547 751 et
1571 729 1686 761 opera-

945 768 1026 800 rium
1053 769 1210 809 exhihuit,
1233 775 1327 813 atque
1356 771 1531 804 Ecclesiam
1557 772 1686 804 univer-

944 831 1008 852 sam
1031 822 1148 854 nedum
1168 823 1359 856 suavissimo
1381 825 1594 867 spiritualium
1613 835 1686 857 aro-

945 879 1063 906 matum
1083 874 1183 907 odore
1211 875 1371 918 implevit,
1397 878 1451 909 scd
1472 877 1567 910 ctiam
1592 877 1686 910 uber-

945 925 1098 959 rimorum
1132 927 1291 960 fructuum
1325 928 1520 961 fecunditate
1546 930 1687 972 locuple¹⁴

921 1005 922 1009 ,
946 979 1029 1019 tavit,
1056 980 1236 1023 plenusque
1263 980 1388 1013 dicrum
1419 992 1453 1013 ac
1478 981 1683 1021 meritorum,

945 1032 1078 1064 dilectus
1098 1033 1163 1066 Deo
1190 1038 1220 1065 et
1246 1033 1441 1074 hominihus,
1460 1034 1603 1067 mortaliS
1631 1035 1686 1066 hu-

945 1085 991 1117 ius
1013 1085 1093 1118 vitae
1119 1097 1245 1118 cursum
1273 1086 1408 1120 feliciter
1433 1087 1684 1128 consummavit,

944 1139 1112 1181 apostolici
1138 1140 1292 1180 muneris,
1312 1141 1396 1184 quod
1420 1152 1478 1174 nos
1497 1152 1610 1184 gerere
1638 1151 1685 1174 vo-

944 1192 1000 1224 luit
1017 1192 1210 1234 Altissimus,
1231 1195 1311 1226 ratio
1329 1194 1483 1237 exigit,ut
1502 1200 1563 1227 tam
1581 1195 1686 1238 splen-

945 1245 1050 1278 didam
1075 1246 1239 1279 Iucernam
1267 1247 1385 1280 diutius
1417 1248 1475 1280 sub
1510 1248 1616 1280 modio
1641 1248 1685 1280 la-

946 1304 1012 1331 tere
1038 1309 1101 1331 non
1128 1299 1293 1340 sinamus,
1321 1301 1376 1333 sed
1415 1311 1511 1344 super
1539 1301 1685 1334 candela-

944 1352 1036 1384 brum
1074 1352 1255 1386 ministerio
1291 1359 1402 1386 nostro
1438 1354 1623 1394 collocetur,
1651 1358 1685 1385 ut

944 1405 1048 1438 luceat
1079 1406 1228 1438 omnihus
1255 1407 1308 1450 qui
1342 1407 1373 1439 in
1407 1408 1503 1440 domo
1535 1413 1618 1447 sunt,
1645 1407 1683 1439 ad

944 1460 1175 1503 omnipotentis
1193 1461 1247 1493 Dei
1268 1461 1414 1504 gloriam,
1432 1461 1610 1494 catholicae
1628 1461 1686 1494 Ec-

944 1513 1061 1547 clesiae
1088 1515 1193 1556 decim,
1220 1514 1451 1558 christianique
1478 1514 1588 1558 populi
1614 1525 1686 1548 con-

944 1568 1135 1600 solationem
1152 1578 1186 1600 ae
1200 1567 1399 1611 spiritualem
1415 1568 1685 1601 aedificationem.

987 1621 1001 1663 ξ
1018 1620 1049 1653 ⁶2.
1077 1620 1152 1654 Cum
1178 1620 1285 1664 itaque
1304 1626 1426 1653 mature
1446 1621 1879 1675 diligenterquegtaflfgffissffetiju

945 1673 1097 1706 discussis
1123 1679 1218 1716 atque
1244 1673 1414 1716 perpensis
1436 1684 1493 1716 per
1510 1673 1753 1727 Congrega-:pw
1771 1663 1880 1701 bviii&-

946 1728 1065 1759 tioncm
1093 1726 1324 1759 venerabilium
1345 1727 1476 1759 fratrum
1500 1715 1825 1781 nost1·0rumr¹‘'‘'iq455
1852 1715 1880 1755 ¹⁴¹¹:

944 1780 974 1812 S.
993 1780 1029 1812 lt.
1044 1779 1080 1812 E.
1097 1779 1309 1812 cardmalium
1335 1780 1434 1812 sacris
1461 1780 1575 1813 ritihus
1594 1791 1686 1824 prae·
1697 1767 1755 1808 'eiiii-rb
1772 1765 1881 1782 ‘mmmm

944 1832 1121 1874 positorum
1156 1832 1365 1874 processibus
1405 1832 1443 1864 de
1483 1833 1687 1876 Apostolicae

944 1886 1032 1918 Sedis
1053 1885 1183 1917 lieentia
1210 1885 1364 1918 consectis
1386 1896 1483 1929 super
1508 1887 1589 1920 vitae
1615 1898 1686 1920 san-

944 1938 1053 1971 ctitate
1071 1943 1102 1970 et
1118 1938 1287 1970 xvii-tutibus
1304 1938 1452 1977 heroicis,
1469 1940 1586 1982 quibus
1601 1941 1687 1974 idem

944 2002 1052 2024 servus
1077 1991 1132 2024 Dei
1158 1991 1344 2023 Vincentius
1369 2003 1386 2024 a
1413 1992 1510 2025 Paulo
1535 1993 1688 2036 multipli-

945 2045 1024 2078 eiter
1048 2045 1215 2085 claruiSse,
1248 2056 1374 2078 necnon
1409 2046 1572 2079 miraculis
1602 2057 1685 2090 quae

945 2097 982 2130 ad
1009 2098 1077 2130 eius
1103 2097 1382 2139 intercessionem,
1410 2104 1441 2131 et
1478 2099 1516 2132 ad
1553 2099 1686 2132 manife-

945 2150 1091 2183 standam
1117 2151 1301 2184 hominibus
1326 2151 1410 2184 illius
1436 2152 1639 2185 sanctitatem
1668 2163 1686 2185 a

945 2204 1009 2237 Deo
1046 2210 1170 2248 patrata
1197 2205 1292 2238 fuisse
1323 2205 1574 2246 asserebantur,
1617 2206 1686 2249 ipsa

946 2257 1160 2300 Congregatio
1197 2258 1410 2290 cardinalium
1448 2269 1556 2292 coram
1592 2258 1685 2291 nobis

946 2310 1125 2349 constituta,
1142 2310 1256 2343 auditis
1274 2312 1367 2344 etiam
1386 2312 1603 2344 consultorum
1623 2312 1688 2344 sus-

947 2363 1065 2405 sragiis,
1101 2374 1164 2396 uno
1197 2363 1324 2407 spii-itu,
1357 2366 1485 2407 unaque
1511 2375 1586 2398 voce
1612 2375 1688 2397 cen-

946 2415 1056 2456 suerit,
1081 2426 1188 2459 possc,
1218 2417 1488 2460 quandocumque
1520 2417 1614 2450 nobis
1648 2417 1688 2450 vi·

946 2468 1085 2511 deretur,
1104 2470 1304 2513 praedictum
1321 2480 1450 2502 servum
1474 2469 1528 2503 Dei
1555 2471 1687 2504 Beatum

945 2521 1104 2555 declarari
1130 2534 1200 2556 eum
1226 2523 1326 2557 solitis
1353 2523 1508 2557 indultis:

987 2575 1002 2621 ἓ
1027 2575 1058 2609 3.
1086 2576 1167 2611 Ilinc
1196 2582 1244 2611 est
1274 2577 1359 2623 quod
1391 2588 1467 2620 nos,
1492 2577 1553 2623 piis
1590 2583 1685 2625 atque

1744 2580 1879 2609 indulgentur
