2170 3147
5 243 11 250 .
26 223 54 250 C.
77 221 143 248 1728

0 649 86 670 {Musula
92 654 109 668 ε.

7 2380 70 2401 Nemo
80 2381 118 2401 lias
129 2381 162 2401 tit-

0 2412 37 2427 1135
50 2407 161 2433 infringere

1 2433 66 2454 ideal.

733 220 928 245 RENEDICTUS
957 221 1010 244 xltt
1038 221 1084 244 ΓΡ.

154 280 211 313 pro
230 275 375 312 tempore
395 280 618 302 suceessorum
638 271 770 313 propria
791 280 886 302 manu

155 333 212 366 per
235 321 375 365 speciale
402 322 594 364 rescriptum
619 323 741 364 signata
767 329 798 355 et
819 324 888 355 sub-

155 374 273 417 scripta
298 379 404 414 erunt,
430 384 490 406 nec
516 384 624 406 corum
651 374 886 414 executionem,

155 432 308 470 quantum
326 426 356 458 in
374 426 510 469 ipsomet
528 427 579 466 sit,
601 427 717 459 audeat
737 426 889 469 impedire

156 480 204 512 vel
229 479 407 528 retardare;
434 479 488 511 sed
521 478 641 511 eisdem
668 479 777 511 debita
802 489 889 511 reve-

156 531 269 571 rentia,
297 531 503 564 observantia
530 536 558 563 et
585 531 730 564 executio
758 531 889 563 omnino

156 588 347 626 praestetur.

200 637 215 679 ἓ
240 636 294 669 37.
321 636 548 676 Decernentes,
576 636 682 668 omnia
709 641 740 668 et
764 636 890 678 singula

157 689 190 722 in
226 688 449 732 superioribus
491 698 638 732 expressa
674 699 733 732 per
766 688 915 721 nullum¹

157 742 373 785 patriarcham
392 768 400 781 ,
426 741 707 784 archiepiscopum
727 768 733 779 ,
762 741 887 783 episco-

159 804 246 837 pum,
267 794 411 836 aliasque
437 793 498 826 alia
519 793 718 832 auctoritate,
738 793 892 835 dignitate

160 853 191 880 et
213 847 468 890 praeeminentia
493 847 656 889 fulgentes
673 873 680 886 ‚
710 846 891 889 impugnari

159 910 299 943 unquam
324 909 419 942 posse
445 904 499 932 aut
525 899 662 939 debere,
689 904 892 941 praesentes-

160 962 221 995 que
247 961 374 995 semper
400 955 430 985 ct
446 957 605 994 perpetuo
631 952 751 984 validas
777 956 806 983 ct
832 950 894 982 cffi-

159 1015 250 1038 caces
267 1015 337 1037 esse
364 1010 395 1037 et
419 1004 497 1045 sore,
520 1015 657 1047 suosque
676 1004 841 1047 plenarios
863 1009 894 1036 et

159 1058 302 1100 integros
328 1056 458 1090 effectus
483 1057 591 1090 sortiri
618 1063 648 1089 et
674 1057 817 1089 obtinere
844 1057 894 1089 dc-

158 1110 246 1151 bere,
271 1113 366 1152 atque
391 1109 430 1142 ab
455 1109 605 1141 omnibus
632 1114 661 1142 et
687 1108 830 1151 singulis,
855 1109 893 1141 ad

161 1172 241 1205 quos
265 1166 388 1205 spectat
411 1162 475 1194 sive
510 1161 689 1204 spectabit,
717 1172 769 1194 eus
796 1161 894 1193 sirmi-

129 1214 131 1216 ’
162 1221 207 1248 ter
232 1220 263 1248 et
286 1214 518 1248 inviolabiliter
556 1215 774 1247 observandas
800 1225 892 1254 esse,

160 1268 316 1311 nulloque
350 1278 493 1311 unquam
525 1273 671 1311 tempore
701 1268 826 1307 notari,
846 1278 894 1300 re-

164 1320 302 1360 tractari,
328 1320 515 1359 invalidari,
542 1320 640 1363 inque
674 1320 721 1352 ius
748 1321 795 1352 vel
821 1330 895 1352 con-

163 1374 351 1407 troversiam
366 1374 470 1407 vocari
489 1384 607 1417 posse,
632 1374 782 1416 ipsasque
809 1383 896 1416 prae-

161 1432 269 1460 sentes
293 1427 350 1459 sub
376 1427 633 1470 quibuscumque
652 1425 826 1469 gratiarum
853 1436 897 1458 re—

161 1479 400 1520 vocationibus,
425 1478 711 1521 suspensionibus,
738 1478 897 1511 limitatio-

162 1531 256 1565 nibus
274 1559 281 1571 ,
317 1531 451 1574 aliisque
478 1531 646 1564 contrariis
680 1530 897 1573 dispositioni»

162 1585 231 1624 bus,
251 1585 346 1618 etiam
372 1595 430 1628 per
455 1594 513 1617 nos
534 1584 620 1626 ipsos
640 1590 670 1616 et
695 1594 898 1617 successores

163 1643 291 1671 nostros
336 1637 499 1671 Romanos
538 1636 708 1669 Pontifices
746 1637 834 1668 sactis
868 1642 897 1669 et

164 1690 330 1730 faciendis,
353 1690 516 1722 concessis
541 1694 570 1722 et
595 1689 825 1730 concedendis,
846 1691 899 1722 mi-

164 1744 249 1776 nime
270 1742 503 1785 comprehendi
522 1753 529 1782 ;
545 1742 600 1774 sed
629 1742 808 1783 statuimus,
834 1753 899 1775 eas-

166 1795 237 1828 dem
262 1794 320 1827 bas
354 1794 500 1834 litteras,
537 1800 696 1836 tamquam
722 1794 759 1826 ad
796 1797 899 1828 eccle-

166 1848 284 1880 siarum
305 1846 431 1880 Siciliae
458 1847 723 1890 tranquillitatem
741 1853 772 1879 et
789 1858 899 1890 pacem

167 1911 185 1933 a
207 1899 300 1932 nobis
326 1899 447 1939 editas,
472 1910 602 1942 semper
639 1899 771 1932 omnino
810 1901 896 1933 exci-

169 1951 317 1994 piendas,
343 1957 390 1990 et,
412 1951 568 1995 quidquid
595 1962 684 1984 secus
711 1962 809 1995 super
834 1953 900 1992 his,

170 2008 202 2034 ut
216 2003 396 2045 praefertur
414 2014 472 2046 per
489 2013 548 2036 nos
566 2004 764 2047 approbatis,
786 2016 803 2036 a
824 2015 901 2047 quo-

171 2065 288 2097 quam,
314 2055 421 2098 quavis
452 2056 661 2095 auctoritate,
688 2057 829 2090 scienter
853 2058 900 2090 vel

171 2108 366 2150 ignoranter,
386 2108 557 2150 contigerit
581 2109 753 2148 attentari,
776 2109 899 2142 irritum

172 2165 203 2193 et
226 2159 322 2192 inane
355 2160 569 2193 decernimus.
599 2160 666 2195 Non
702 2161 901 2195 obstantibus

172 2212 471 2254 consuetudinibus,
496 2213 672 2256 privilegiis
699 2221 730 2247 et
756 2215 899 2255 indultis,

172 2266 473 2309 quomodocumque
491 2266 522 2298 in
541 2268 734 2300 contrarium
753 2269 904 2311 praemis-

173 2328 278 2351 sorum
306 2318 383 2351 alias
409 2319 584 2352 concessis.

217 2370 308 2414 §38
335 2370 419 2403 Nulli
456 2381 533 2413 ergo
569 2372 700 2406 omnino
736 2372 904 2406 hominum

173 2422 267 2457 liceat
291 2422 374 2455 hauc
407 2423 556 2465 paginam
594 2430 720 2456 nostrae
757 2425 906 2457 constitu-

173 2477 291 2516 tionis,
316 2475 506 2509 concordiae
531 2481 562 2508 et
594 2477 768 2509 voluntatis
793 2477 906 2510 infrin-

174 2540 251 2573 gere
276 2530 325 2562 vel
358 2529 386 2562 ei
417 2539 494 2561 ausu
525 2529 696 2562 temerario
721 2530 904 2570 contraire,

174 2582 200 2616 si
230 2582 302 2626 quis
326 2587 431 2615 autem
462 2582 524 2615 1100
553 2586 709 2615 attentare
743 2592 907 2625 praesum-

931 269 1051 311 pserit,
1072 268 1331 312 indignationem
1358 268 1592 312 omnipotentis
1610 268 1666 301 Dei

932 332 967 354 ac
990 322 1161 355 beatorum
1182 322 1266 355 Petri
1289 328 1320 354 et
1338 322 1426 354 Pauli
1442 323 1666 365 apostolorum

932 375 1009 407 eius-
1028 385 1063 407 se
1089 376 1215 407 noverit
1238 375 1453 407 incursurum.

976 427 1089 460 Datum
1112 427 1242 467 Romae,
1274 428 1357 470 apud
1383 427 1413 460 S.
1450 428 1589 467 Petrum,
1618 438 1669 459 an-

935 491 975 512 110
998 481 1231 513 Inearnationis
1257 480 1439 513 dominicae
1457 490 1643 514 mcccxxvnl
1660 508 1666 520 ‚

935 543 970 566 111
992 534 1145 566 kalendas
1162 534 1363 577 septembris,
1381 533 1593 577 pontificatus
1613 544 1671 566 110-

935 586 993 618 stri
1012 596 1097 619 ι111110
1125 598 1152 619 v.

972 638 1031 665 nat.
1054 639 1098 665 die
1119 639 1153 665 30
1173 639 1279 673 augusti
1306 639 1385 671 1728,
1408 639 1511 673 pontif.
1534 647 1607 665 anno
1628 645 1653 664 v.

1215 779 1394 813 chxxtv.

941 858 1157 899 Confirmatio·
1209 859 1464 891 instrumentum
1512 857 1675 901 quoddam

982 911 1257 954 emphyteuticum
1282 921 1376 953 super
1400 910 1531 943 abbate'ti
1554 911 1586 943 S.
1608 910 1676 944 Cle-

983 964 1099 996 mentis
1125 965 1159 997 in
1183 965 1335 997 Piscariu‘
1369 964 1498 996 nullius
1526 963 1676 996 dioecesis

979 1018 1166 1060 provinciae
1200 1017 1373 1049 Tltcalinae
1410 1017 1495 1048 111101·
1534 1017 1677 1048 0111111011-

983 1070 1144 1102 tissimum
1177 1074 1204 1101 el
1239 1069 1542 1101 reverendissimum
1575 1068 1678 1100 cardi-

983 1123 1092 1155 nalem
1120 1123 1208 1165 Finy
1240 1127 1267 1155 et
1298 1123 1581 1165 Conw‘eyalz‘onem
1607 1122 1678 1155 Cae-

985 1176 1187 1213 leslinorum,
1207 1179 1235 1207 et
1252 1185 1308 1217 pro
1334 1177 1369 1207 eci
1394 1175 1538 1207 abbatem
1563 1180 1591 1207 et
1615 1185 1678 1206 Ι1110-

984 1228 1103 1261 nachos
1120 1228 1308 1260 monasterii
1322 1228 1354 1260 S.
1380 1228 1525 1270 Spiritus
1539 1227 1576 1259 tle
1592 1228 1679 1259 Mur-

983 1291 1059 1313 ronc
1097 1281 1239 1313 ciusdem
1266 1280 1549 1323 Comyregsaliom's‚
1578 1281 1678 1322 consc-

984 1334 1105 1367 ctum¹.

1121 1413 1303 1441 Benedictus
1323 1414 1402 1446 Papa
1422 1413 1503 1444 XIII,

1059 1459 1095 1485 ad
1113 1461 1293 1491 perpetuam
1312 1458 1358 1484 rei
1379 1458 1560 1484 memoriam.

985 1530 999 1573 g
1025 1530 1054 1562 1.
1082 1529 1237 1572 Exposuit
1274 1529 1368 1562 nobis
1405 1539 1511 1571 nuper
1542 1529 1784 1567 ditectusicwmn

944 1581 1027 1615 silius
1042 1586 1155 1614 noster
1168 1581 1358 1613 Franciscus
1374 1580 1532 1613 Antonius
1549 1580 1579 1613 S.
1596 1580 1633 1614 P..
1646 1580 1680 1614 E.

942 1634 1114 1678 presbyter
1139 1633 1313 1667 cardinaIIs
1347 1633 1424 1676 Finy
1449 1639 1655 1676 nuncupatus
1672 1661 1679 1673 ,

943 1688 1029 1730 quod
1056 1687 1147 1730 ipsc,
1173 1692 1207 1718 111
1232 1697 1322 1719 suam
1349 1697 1383 1718 ac
1408 1687 1596 1719 monasterii
1626 1687 1681 1718 ab·

943 1740 1048 1773 batiae
1074 1739 1251 1782 nuncupati
1269 1739 1299 1771 S.
1320 1739 1495 1772 Clementis
1520 1738 1551 1771 in
1578 1739 1681 1771 Pisca-

980 1803 989 1827 1
1014 1801 1084 1827 llaec
1105 1800 1214 1826 abbatia
1235 1799 1433 1833 solemniis,
1456 1807 1526 1826 nono
1547 1799 1682 1826 Ecclesiae

943 1846 1051 1873 saeculo
1072 1854 1087 1872 a
1106 1845 1239 1871 Ludovico
1260 1844 1307 1871 Pio
1328 1845 1491 1879 imperatore
1507 1844 1616 1870 fundata
1629 1867 1635 1877 ,
1649 1845 1682 1870 ab

943 1890 1015 1917 omni
1035 1890 1222 1924 episcoporum
1244 1896 1478 1923 quorumcumque
1498 1888 1683 1914 iurisdictione

945 1933 1073 1960 immunis
1094 1933 1231 1959 declarata
1251 1932 1301 1958 suit
1316 1932 1349 1957 ab
1370 1931 1505 1958 Hadriano
1527 1932 1561 1958 IV
1580 1936 1606 1958 et
1623 1932 1683 1958 Ale-

944 1978 1046 2004 xandro
1068 1976 1118 2009 111;
1144 1980 1175 2002 ‘et
1201 1975 1369 2001 Caelestinus
1398 1975 1432 2001 111
1462 1976 1516 2002 soli
1536 1976 1684 2002 Romanae

946 2021 1087 2047 Ecclesiae
1107 2020 1276 2050 subiectam,
1293 2022 1374 2053 atque
1394 2019 1429 2045 ab
1448 2019 1577 2045 omnium
1599 2020 1684 2045 eccle-

944 2066 1056 2092 starum
1085 2071 1134 2090 scu
1161 2070 1357 2097 personarum
1386 2062 1452 2097 iuqo
1483 2062 1606 2089 liberam
1627 2071 1683 2089 esse

945 2108 1075 2140 decrevit,
1088 2106 1134 2133 ubi
1153 2110 1258 2140 praeter
1279 2105 1403 2131 abbatem
1421 2105 1509 2131 nullus
1524 2105 1592 2132 alius
1608 2113 1684 2132 exer-

947 2160 1007 2178 cere
1028 2151 1110 2186 possit
1137 2150 1361 2176 iurisdictionem.
1392 2149 1492 2176 Horum
1522 2150 1684 2176 Pontificum

947 2199 973 2221 et
992 2196 1108 2221 alioruin
1137 2194 1241 2220 similes
1270 2193 1476 2220 constitutiones
1496 2193 1624 2220 collectae
1643 2203 1685 2220 re-

947 2239 1088 2274 periuntur
1106 2239 1178 2264 inter
1198 2238 1306 2264 Rerum
1321 2237 1495 2264 Italicarum
1512 2237 1684 2272 Scriptores,

948 2286 1012 2309 tom.
1034 2289 1061 2313 11,
1083 2286 1155 2316 part.
1174 2288 1203 2308 11.
1222 2282 1256 2308 lte
1273 2281 1332 2308 aliis
1353 2281 1584 2308 iurisdictionibus
1603 2283 1684 2309 abba-

948 2327 999 2353 tiae
1019 2326 1045 2353 S.
1066 2326 1181 2360 Spiritus
1209 2326 1242 2352 de
1268 2325 1408 2359 Murrone,
1434 2325 1475 2352 cui
1496 2325 1562 2352 haec
1581 2327 1604 2353 S,
1625 2327 1686 2353 Cle-

948 2371 1047 2397 mentis
1066 2370 1174 2404 unitur,
1197 2373 1347 2405 tamquam
1375 2371 1399 2396 si
1418 2371 1560 2397 radicitus
1574 2371 1605 2398 in
1625 2372 1687 2399 eius

949 2415 1048 2442 abbate
1076 2414 1200 2448 fundata
1228 2414 1348 2448 fuisset,
1375 2414 1436 2440 vide
1456 2414 1482 2441 S.
1505 2414 1648 2442 Caelestini
1669 2416 1686 2441 V

949 2459 1056 2485 constit.
1078 2458 1142 2484 edit.
1160 2464 1284 2490 mccxcw,
1306 2458 1348 2485 die
1370 2458 1402 2485 13
1422 2459 1576 2486 novembris
1593 2481 1599 2493 ,
1622 2468 1686 2495 pon-

949 2503 1065 2529 tificatus
1084 2509 1113 2535 13
1136 2502 1236 2528 Urbani
1256 2503 1277 2528 V
1298 2503 1405 2529 constit.
1437 2503 1503 2529 edit.
1533 2510 1685 2537 MCCCthtt,

950 2548 992 2574 dic
1012 2553 1073 2573 xxm
1093 2546 1231 2580 februarii,
1245 2546 1341 2581 pontif.
1358 2553 1384 2580 13
1401 2546 1516 2582 Eugenii
1532 2548 1567 2575 lV
1579 2549 1686 2577 constit.

950 2591 1014 2619 edit.
1036 2597 1180 2625 ›tems-xlv,
1203 2590 1244 2618 die
1265 2591 1300 2618 28
1319 2591 1448 2626 octobris,
1470 2592 1566 2627 pontif.
1583 2601 1618 2625 IV,
1635 2597 1684 2620 etc.

1564 211 1626 243 11711
1675 221 1723 247 An.
1743 219 1770 246 C.
1796 218 1860 245 1728
1896 233 1899 237 -

1789 1548 1799 1559 o
1817 1539 1874 1559 sacti.
