2170 3147
0 231 24 250 n.
45 222 72 249 C.
91 221 158 248 1724

11 598 157 623 Transuinpto-

2 631 20 645 m
35 624 94 645 fides.

6 1070 91 1091 Sanctio
110 1076 160 1096 poe-

739 215 931 239 EBNEDICTUS
956 215 1014 239 XIII
1038 215 1086 238 PP.

167 269 199 301 in
225 277 281 301 suo
306 266 425 300 robore
443 265 679 309 permansuris,
699 265 737 296 ad
755 263 904 306 praemis-

167 332 276 355 sorum
301 319 457 359 effectum,
473 319 533 350 hac
558 318 625 350 vice
644 318 819 355 dumtaxat,
838 326 904 359 spe-

167 373 292 407 cialiter
309 378 340 405 et
355 381 519 414 expresse,
538 381 574 403 ac
592 370 780 413 plenissime
796 374 827 402 et
845 380 903 401 am·

166 426 312 470 plissime
338 426 541 467 derogamus,
561 429 592 455 et
619 423 812 464 derogatum
832 431 903 454 esse

168 480 315 512 volumus
341 483 370 511 et
396 477 602 516 mandamus,
624 475 808 518 ceterisque
830 485 904 507 con-

170 531 275 564 trariis
300 531 572 574 quibuscumque.

212 585 226 627 §
251 583 302 616 10.
334 583 487 615 Volumus
513 587 619 614 autem
651 585 686 612 ut
716 580 903 612 earumdem

167 635 389 680 praesentium
407 635 589 668 litterarum
609 633 829 675 transumptis,
848 643 904 665 seu

168 687 448 731 exemplis,etiam
476 685 657 729 impressi&
681 696 778 718 manu
807 685 905 718 alicu-

169 741 216 773 ius
243 739 360 773 notarii
378 739 500 782 publici
520 737 723 780 subscriptis,
743 743 774 770 et
794 738 904 780 sigillo

168 802 326 836 personae
351 792 383 824 in
404 791 627 824 ecclesiastica
653 790 811 832 dignitate
832 800 906 823 con-

168 846 297 879 stitutae
332 844 485 884 munitis,
519 844 633 877 eadem
666 854 800 886 prorsus
827 842 906 876 tides

169 899 202 931 in
226 897 347 930 iudicio
365 903 396 930 et
412 902 501 930 extra
524 897 604 929 illud
630 897 801 936 habeatur,
823 906 905 938 quae

169 952 345 985 haberetur
375 950 600 994 praesentibus
625 950 650 981 si
677 950 785 983 forent
809 949 903 982 exhi-

169 1005 256 1037 bitae
280 1005 330 1037 vel
355 1009 520 1037 ostensae.

215 1057 308 1101 ἓΜ.
347 1057 430 1089 Nulli
464 1066 542 1098 ergo
571 1055 703 1088 omuino
736 1056 905 1088 hominum

172 1112 267 1144 liceat
296 1110 448 1154 paginam
474 1110 558 1142 hane
589 1115 772 1142 nostrarum
796 1111 907 1142 volun-

174 1163 264 1204 tatis,
289 1163 534 1202 declarationis,
560 1163 777 1202 extensionis,
806 1164 906 1196 ret‘or-

173 1218 345 1256 inationis,
377 1216 629 1257 moderationis,
664 1216 886 1249 concessionis
901 1244 908 1257 ,

174 1270 352 1314 praecepti,
381 1268 568 1308 sanctionis,
593 1270 734 1302 mandati
761 1275 792 1302 et
817 1270 909 1303 dero-

176 1322 312 1365 gationis
336 1322 536 1364 infringere,
568 1323 616 1355 vel
643 1323 671 1354 ei
702 1333 779 1355 ausu
811 1328 909 1355 teme-

176 1375 262 1408 rario
291 1374 471 1414 contraire·,
499 1375 524 1407 si
554 1375 624 1417 quis
649 1380 754 1407 autem
779 1376 842 1408 hoc
867 1382 910 1408 at-

177 1433 301 1461 tentare
339 1428 612 1471 praesumpserit,
652 1428 908 1470 indignationem

178 1480 407 1524 omnipotentis
438 1481 493 1512 Dei
518 1491 554 1513 ac
576 1482 747 1514 beatorum
774 1481 858 1513 Petri
880 1487 909 1514 et

180 1533 268 1566 Pauli
293 1533 515 1576 apostolorum
541 1533 609 1566 eius
643 1544 676 1566 se
707 1534 833 1566 noverit
864 1534 910 1567 in-

179 1596 361 1619 cursurum.

221 1639 334 1672 Datum
358 1639 476 1671 Romae
495 1666 503 1679 ,
531 1639 614 1681 apud
641 1639 671 1672 S.
700 1640 828 1672 Mariam
851 1640 913 1672 Ma-

178 1692 297 1732 iorem,
334 1702 418 1725 anno
453 1692 693 1726 incarnationis
730 1692 912 1725 dominicae

179 1754 359 1785 nnccxxlv,
384 1755 427 1778 vii
453 1745 532 1777 idus·
548 1745 754 1788 septembris,
782 1746 912 1788 pontiti-

180 1802 269 1830 catus
294 1798 395 1830 nostri
420 1808 504 1830 anno
526 1808 547 1830 1.

215 1858 275 1886 Dat.
290 1858 334 1886 die
350 1859 363 1885 7
379 1858 541 1894 septembris
560 1859 640 1892 ¹724,
663 1860 762 1895 pontif¹
783 1868 856 1888 anno
876 1870 894 1889 1.

493 2019 601 2051 xxix.

185 2114 426 2156 Confirmanlur
440 2115 615 2157 privileyia
633 2116 671 2147 ab
688 2115 815 2148 Urbano
838 2115 917 2150 ΠΙ]

230 2166 348 2200 Ordim'
368 2166 398 2199 S.
419 2166 552 2199 Ioannis
566 2167 625 2200 Dei
643 2168 774 2208 tradita,
789 2173 816 2201 et
834 2179 915 2201 nova

228 2218 447 2252 conceduntur
456 2218 476 2252 ¹.

220 2334 231 2358 1
254 2332 308 2359 Hac
328 2332 362 2358 de
382 2339 412 2359 re
434 2331 493 2358 vide
513 2335 597 2359 const.
624 2331 682 2358 heic
710 2331 856 2365 traditam;
885 2333 918 2360 de

184 2377 387 2406 confirmatione
402 2384 465 2403 vero
483 2377 742 2404 confirmatoriarum
759 2376 857 2404 Urbani
876 2377 918 2404 VH

183 2427 210 2450 et
228 2421 374 2450 Alexandri
389 2421 435 2447 Vll
460 2429 541 2456 super
556 2422 728 2457 exemptione
748 2421 918 2456 hospitalium

183 2467 293 2495 Ordinis
311 2466 337 2493 S.
358 2465 470 2493 Ioannis
491 2465 538 2493 Dei
558 2465 592 2492 ab
613 2465 820 2493 Ordinariorum
840 2466 919 2493 iuris-

182 2512 302 2539 dictione
321 2518 369 2545 pro
386 2509 602 2545 Congregatione
623 2510 776 2546 Hispaniea,
800 2511 858 2538 vide
874 2511 918 2537 In-

182 2555 300 2583 nocentii
319 2554 377 2582 Xlll
397 2557 482 2582 const.
505 2555 573 2582 edit.
599 2561 724 2590 nnecxxr,
752 2555 795 2583 die
815 2556 830 2583 8
851 2555 919 2590 iulii,

182 2599 278 2636 pontif.
298 2605 317 2626 1.

270 2653 350 2682 Butl.
368 2653 451 2681 Rom.
472 2668 506 2673 —
531 2653 590 2680 Vol.
613 2653 704 2681 XXII.
849 2652 881 2680 13

1122 261 1302 289 Benedictus
1323 261 1404 294 Papa
1423 260 1510 291 xm,

1064 307 1100 334 ad
1121 309 1299 340 perpetuam
1320 306 1365 333 rei
1387 304 1567 332 memoriam.

991 369 1129 401 iniuncti
1155 368 1248 400 nobis
1273 367 1447 410 apostolici
1468 365 1613 399 muneris
1640 375 1686 397 ra·
1726 377 1855 396 ium-„zum

949 423 991 454 tio
1016 422 1181 463 postulat,
1207 426 1237 452 ut
1271 431 1329 459 ea,
1358 430 1439 462 quae
1466 419 1503 451 ad
1542 419 1686 451 savorem

947 473 1228 511 christifidelium,
1271 472 1325 515 qui
1368 473 1552 513 regularem
1591 472 1686 503 vitam

948 526 1141 569 profitentur
1161 531 1192 558 et
1209 524 1401 568 praesertim
1425 524 1565 565 aegrotis
1587 529 1618 555 et
1636 523 1689 555 mi-

948 578 1143 611 serabilibus
1171 577 1320 620 personis
1344 577 1377 609 in
1403 586 1516 608 eorum
1542 576 1687 617 hospita-

948 632 1032 665 libus
1059 642 1131 664 cum
1157 630 1286 663 assidua
1313 629 1471 662 charitate
1497 628 1686 667 inserviunt,

949 696 985 717 ex
1011 684 1143 726 provida
1158 683 1248 716 Sedis
1267 681 1472 725 Apostolicae
1488 680 1689 722 benignitate

949 741 1192 781 provenerunt,
1220 746 1284 778 quo
1310 734 1446 768 solidius
1473 733 1689 776 perennent&

949 790 1119 834 apostolici
1138 788 1281 822 muneris
1298 787 1464 831 praesidio
1484 787 1686 819 roboremus.

993 844 1006 886 ἓ
1031 843 1062 875 1.
1089 843 1213 874 Dudum
1230 841 1390 883 siquidem
1413 839 1515 872 felicis
1541 839 1690 871 recorda-

950 897 1045 929 tionis
1069 896 1216 928 Urbanus
1233 894 1296 927 Ylll
1322 893 1557 937 praedecessor
1580 896 1692 923 noster

950 950 1056 983 onmia
1075 955 1104 982 et
1118 949 1245 990 singula
1262 947 1445 990 privilegia,
1462 945 1690 983 immunitates,

951 1004 1076 1045 gratias,
1094 1001 1313 1044 indulgentias
1327 1000 1437 1033 Ordini
1452 999 1483 1032 S.
1495 998 1624 1031 Ioannis
1637 997 1692 1031 Dei

950 1067 1116 1094 concessa,
1142 1057 1202 1087 una
1235 1064 1306 1087 cum
1343 1052 1537 1095 elargitione
1565 1056 1595 1083 et,
1619 1061 1692 1083 cum

951 1108 1240 1142 communicatione
1260 1114 1540 1150 quarumcumcpie
1559 1114 1693 1146 praero-

952 1162 1128 1205 gativarum
1148 1167 1175 1193 et
1197 1161 1398 1193 indultorum
1415 1157 1589 1190 Ordinibus
1610 1156 1694 1188 Men-

953 1215 1130 1248 dicautium
1169 1219 1200 1245 et
1236 1213 1404 1255 signanter
1440 1209 1692 1252 Congregationi

952 1268 1145 1301 elericorum
1165 1265 1363 1307 regularium
1382 1262 1631 1296 Ministrantium
1646 1262 1694 1294 In-

951 1320 1060 1361 firmis,
1080 1329 1260 1361 eorumque
1287 1317 1367 1350 locis
1390 1321 1421 1348 ct
1438 1315 1602 1358 personis.
1625 1325 1695 1347 con—

954 1384 1118 1407 cessorum
1148 1378 1180 1405 et
1208 1371 1502 1407 conccdendorum,
1531 1369 1696 1412 approba-

953 1427 995 1459 vit
1019 1437 1078 1469 per
1104 1426 1258 1469 quasdam
1283 1434 1357 1456 suas
1379 1424 1521 1464 desuper
1544 1422 1574 1453 in
1597 1421 1694 1453 simili

955 1481 1056 1512 forma
1080 1478 1189 1511 Brevis
1215 1476 1382 1519 expeditas
1419 1475 1544 1508 litteras
1571 1473 1694 1506 tenoris

955 1532 1006 1575 qui
1034 1531 1190 1574 sequitur,
1217 1529 1385 1561 videlicet:

1001 1584 1148 1617 Urbanus
1164 1584 1258 1626 Papa
1280 1581 1371 1620 VIII,
1391 1580 1432 1612 ad
1444 1584 1633 1623 perpetuam
1648 1579 1696 1611 rei

954 1638 1154 1671 memoriam.
1181 1635 1382 1669 Sacrosaneti
1402 1635 1604 1677 apostolatus
1629 1632 1696 1665 offi-

955 1692 1052 1731 cium,
1080 1689 1175 1723 etc.³.

990 1753 1084 1779 Itatum
1101 1752 1214 1780 Romae.
1230 1750 1302 1785 apud
1318 1750 1343 1777 S.
1361 1749 1470 1776 Mariam
1487 1748 1625 1780 Maiorem,
1645 1748 1697 1774 sub

955 1797 1053 1824 annulo
1070 1795 1227 1827 Piscator-is,
1244 1795 1287 1821 dio
1302 1803 1333 1820 xx
1350 1793 1416 1820 iunii
1434 1799 1563 1825 iinmxlv,
1585 1792 1697 1827 pontisi-

954 1845 1029 1868 catus
1049 1840 1135 1867 nostri
1155 1847 1227 1866 anno
1248 1845 1255 1865 1
1275 1848 1301 1864 ».

1000 1905 1014 1947 ξ
1039 1903 1070 1936 2.
1098 1903 1174 1936 Cum
1192 1906 1311 1939 autom,
1330 1900 1413 1933 sicut
1432 1910 1490 1943 pro
1509 1903 1600 1942 parte
1621 1898 1699 1931 dile-

956 2007 1085 2041 Ordinis
1104 2007 1198 2040 nobis
1217 2015 1322 2048 nuper
1339 2004 1522 2048 expositum
1538 2004 1606 2043 suit,
1628 2003 1698 2045 ipse

958 2061 1148 2104 praemissa,
1164 2070 1227 2102 quo
1246 2058 1368 2091 firmius
1387 2057 1565 2090 subsistant
1582 2061 1613 2089 et.
1631 2066 1698 2089 ser-

957 2119 1073 2147 ventur
1090 2113 1242 2152 exactius,
1260 2111 1459 2154 apostolieae
1482 2109 1699 2142 confirmatio-

958 2168 1007 2199 nis
1030 2171 1162 2199 nostrae
1195 2164 1377 2208 patrocinio
1411 2162 1602 2195 communiri
1628 2163 1700 2205 plu-

960 2219 1076 2251 rimum
1114 2218 1299 2251 desideret:
1327 2226 1404 2256 nos,
1430 2215 1607 2258 specialem
1638 2214 1698 2257 ipsi

960 2271 1063 2315 priori
1087 2270 1232 2314 generali
1258 2269 1393 2312 gratiam
1418 2268 1524 2301 facere
1543 2268 1698 2307 volentes,

960 2335 1098 2368 eumque
1122 2335 1139 2356 a
1157 2322 1326 2366 quibusvis
1353 2321 1699 2354 excommunicationis

961 2377 1184 2421 suspensionis
1222 2381 1253 2409 et
1278 2373 1453 2414 interdicti,
1491 2374 1625 2417 aliisque
1651 2384 1701 2407 ec-

997 2467 1006 2492 1
1030 2465 1100 2492 Edit.
1116 2465 1196 2491 Main.
1212 2463 1276 2498 legit
1289 2465 1428 2498 perennet
1448 2463 1485 2494 (n.
1503 2462 1550 2494 Τ.).

995 2510 1012 2536 2
1032 2509 1138 2543 Integra
1164 2508 1268 2536 Urbani
1288 2507 1346 2534 Vlll
1375 2507 1529 2534 constitutio
1555 2506 1654 2540 legitur
1674 2506 1700 2531 in

962 2559 1025 2581 tom.
1043 2560 1084 2580 xtu
1104 2561 1164 2588 pag.
1184 2553 1233 2580 169
1248 2561 1266 2579 a
1286 2555 1311 2579 et
1330 2559 1400 2587 seq.;
1421 2551 1466 2578 ubi
1486 2550 1578 2585 incipit
1597 2550 1701 2577 Sacro-

961 2600 1094 2626 sanctum
1108 2597 1282 2632 apostolatus
1301 2596 1434 2631 officium·
1453 2595 1490 2631 (a.
1505 2596 1554 2629 r.).

1610 199 1651 233 97
1697 209 1748 235 An.
1767 208 1796 235 e.
1815 208 1880 236 1724

1749 1586 1826 1606 [iliani
1845 1585 1889 1606 Vll]

1707 1616 1837 1633 continuio.

1711 1902 1845 1923 Confirmatio
1860 1907 1892 1922 re-

1710 1931 1765 1949 lata-¹
1792 1932 1892 1949 cunstitu-

957 1956 996 1989 cti
1024 1955 1080 1987 tilii
1105 1954 1256 1987 moderni
1282 1952 1402 1996 prloris
1436 1951 1598 1994 generalis
1622 1950 1697 1983 dicti
1722 1962 1782 1976 mns-
