2170 3147
0 277 33 298 tn.
48 268 76 297 C.
99 267 165 295 ¹727

13 908 89 929 Preces
105 912 167 933 supe-

0 935 47 957 toris
56 934 168 961 generatis.

0 1449 14 1461 ν
35 1433 170 1454 Confirmatio

0 1460 51 1482 elati
65 1461 152 1482 decreti.

750 261 944 287 BENEDICTUS
969 260 1027 286 xtlt
1052 261 1089 285 PP
1096 277 1102 285 .

172 323 305 351 uncxcu,
329 313 342 353 ξ
367 314 424 351 12;
448 318 497 343 aut
512 336 519 349 ,
543 313 567 342 si
589 322 636 343 res
659 312 830 342 dilationem
853 321 911 341 non

174 367 333 403 pateretur,
351 362 385 392 ad
410 362 492 401 plura
521 361 657 399 suffragia
681 360 842 400 superioris
865 369 911 397 ge-

174 411 293 448 neralis,
317 410 529 447 assistentium,
548 409 709 439 visitatoris
731 408 910 447 provinciae,

173 458 357 498 superiorum
381 458 512 497 quinque
541 457 716 487 viciniorum
747 456 910 491 domorum,

174 507 346 537 secretarii¹
365 511 393 536 et
423 506 619 546 procuratoris
648 504 910 543 Congregationis,

174 555 337 585 assistentis
353 556 466 592 domus,
485 555 508 584 si
524 564 581 583 non
598 554 635 583 sit
656 562 690 583 ex
710 551 913 581 assistentibus

174 603 425 642 Congregationis‚
438 608 466 633 et
482 613 531 633 sex
544 602 738 638 sacerdotum,
753 609 913 639 eorumque

175 652 289 682 ratione
306 652 487 682 νοοεηίοηίε2
510 651 717 690 antiquorum,
738 649 857 683 domus,
882 648 911 677 iu

176 710 232 740 qua
260 706 456 731 commoratur
485 700 618 739 superior
646 697 812 738 generalis:
837 696 913 736 quod

176 749 294 779 nomine
322 749 452 779 eiusdem
474 747 635 788 superioris
658 746 802 786 generalis
825 750 853 775 et
873 750 914 775 to-

177 798 235 828 tius
262 803 423 828 conventus
453 808 467 828 a
498 799 527 828 S.
551 797 624 827 Sede
650 795 842 827 conflrmari³
871 798 914 824 cst

177 847 262 877 enixe
285 847 503 886 postulandum.

221 896 284 939 5⁶2.
305 896 380 929 Cum
396 901 511 935 autem,
527 895 608 927 sicut
626 894 738 928 eadem
754 891 912 936 expositio

178 949 401 992 subiungebat,
418 948 522 981 dictus
541 948 676 980 Ioannes
695 946 846 990 superior
863 955 915 987 gc-

179 1003 298 1036 neralis
326 1007 479 1035 statutum
513 1012 568 1033 seu
607 1001 771 1033 decretum
806 999 916 1031 liuius-

178 1056 275 1096 modi,
302 1066 366 1098 quo
393 1054 515 1087 firmius
541 1053 691 1086 subsistat
718 1057 748 1085 et
772 1057 916 1084 servetur

179 1108 331 1147 exactius,
357 1106 555 1150 apostolicae
581 1104 838 1139 confirmationis
862 1114 916 1136 no-

178 1166 265 1194 strae
283 1159 466 1204 patrocinio
481 1157 692 1191 commnniri⁴
711 1166 916 1198 summopere

179 1213 368 1246 desideret:
408 1212 502 1245 nobis
539 1216 715 1254 propterea
753 1209 918 1242 humiliter

180 1266 355 1310 supplicari
393 1266 467 1298 fecit
503 1271 537 1297 ut
573 1265 601 1297 in
640 1263 824 1307 praemissis
861 1273 917 1305 op-

180 1325 319 1364 portune
346 1319 519 1363 providere
546 1318 585 1351 de
612 1317 811 1360 benignitate
838 1327 916 1359 apo-

180 1373 292 1406 stolica
317 1374 537 1416 dignaremur.

225 1428 239 1471 ἓ
264 1427 296 1461 3.
324 1427 386 1460 Nos
406 1426 518 1469 igitur,
535 1425 684 1459 eumdem
703 1425 853 1457 loannem
871 1434 919 1455 su—

181 1481 347 1525 periorem
372 1480 557 1522 generalem
583 1478 778 1521 specialibus
808 1477 921 1509 favori-

181 1533 241 1566 bus
256 1541 286 1567 et
300 1532 411 1576 gratiis
426 1531 577 1575 prosequi
595 1532 750 1570 volentes,
770 1535 830 1562 eta
849 1529 921 1572 qui-

182 1586 292 1620 busvis
319 1584 674 1623 excommunicationis,
694 1582 920 1626 suspensionis

184 1645 215 1673 et
239 1639 415 1678 interdicti,
434 1638 569 1681 aliisque
597 1636 825 1670 ecclesiasticis
850 1645 920 1667 sen-

186 1692 306 1731 tentiis,
330 1691 474 1725 censuris
493 1697 523 1723 et
540 1690 664 1734 poenis,
684 1700 700 1721 a
720 1689 788 1721 iure
811 1689 860 1721 vel
883 1688 920 1720 ab

184 1745 328 1784 homine,
348 1744 459 1788 quavis
476 1743 645 1776 occasione
662 1743 709 1774 rel
726 1742 819 1774 causa
838 1741 920 1780 latis,

186 1799 212 1830 si
227 1798 344 1841 quibus
359 1796 601 1840 quomodolibet
615 1795 789 1828 innodatus
805 1793 920 1833 existit,

187 1851 224 1884 ad
240 1850 385 1883 effectum
398 1849 615 1893 praesentium
631 1849 793 1881 dumtaxat
807 1858 920 1879 conse-

187 1903 371 1946 quendum,
400 1903 513 1934 harum
540 1903 624 1934 serie
655 1901 859 1934 absolventes
892 1905 923 1931 ct

188 1956 367 1988 absolutum
380 1955 444 1987 sore
456 1960 635 1993 censenteS,
647 1953 832 1986 huiusmodi
848 1963 923 1995 sup-

188 2007 413 2051 plicationibus
437 2007 592 2045 inclinati,
610 2006 849 2049 praeinsertum
871 2006 924 2037 de-

190 2065 313 2093 cretum
332 2071 387 2092 seu
407 2065 569 2099 statutum,
588 2059 779 2091 auctoritate
797 2064 924 2100 aposto-

190 2113 264 2152 lica,
285 2119 395 2145 tenore
411 2112 642 2156 praesentium,
657 2111 884 2144 confirmamus
895 2116 926 2143 et

191 2165 417 2208 approbamus,
441 2164 552 2206 illique
578 2163 773 2196 inviolabilis
800 2169 926 2206 aposto-

192 2218 271 2251 licae
290 2216 449 2250 firmitatis
462 2216 561 2249 robur
573 2217 753 2255 adiiciinus,
767 2226 802 2247 ac
815 2226 925 2248 omnes

193 2276 224 2302 ct.
241 2271 386 2312 singulos
408 2269 484 2301 iuris
502 2274 533 2301 et
554 2269 626 2301 sacti
646 2269 806 2307 desectus,
824 2268 847 2300 si
874 2268 926 2310 qui

197 2324 337 2366 desuper
377 2322 623 2366 quomodolibet
666 2321 901 2354 intervenerint
919 2348 925 2360 ‚

194 2377 406 2419 supplemus3
442 2374 532 2407 firmo
565 2378 668 2407 tamen
694 2381 725 2406 et
749 2374 780 2406 in
807 2384 863 2406 suo
887 2374 928 2406 vi-

194 2439 271 2471 gore
297 2424 507 2472 permanente
533 2428 678 2467 decreto,
705 2438 769 2470 quo
795 2437 853 2460 nos
878 2427 928 2458 du-

230 2522 239 2545 t
263 2518 331 2545 Edit.
352 2518 431 2544 Maiu.
453 2517 518 2551 legit
536 2517 703 2544 secretariis
722 2517 821 2550 (n.‘r.l.

228 2564 244 2589 Ζ).
264 2561 333 2589 Edit.
355 2561 433 2588 Μαίη,
456 2561 520 2595 legit
539 2561 685 2587 vocatione
705 2561 746 2594 (n.
763 2563 813 2591 τ.).

228 2607 243 2633 3
263 2605 335 2632 Edit.
356 2605 435 2631 Main.
457 2604 522 2639 legit
540 2604 706 2638 confirmati
726 2604 766 2638 (n.
787 2604 834 2638 τ.).

231 2650 246 2677 4
266 2649 336 2677 Edit.
357 2649 437 2678 llain.
460 2649 524 2684 legit
543 2648 692 2677 communi
711 2650 748 2683 (a.
761 2649 808 2683 T.).

1589 247 1652 282 587
1699 256 1796 283 Aac.
1820 255 1885 284 1727

955 311 1030 343 dum
1069 309 1289 343 dimissionem
1331 308 1492 352 quondam
1528 306 1615 340 Petri
1655 306 1692 338 de

955 364 1109 406 llymbcrt
1127 368 1202 396 tunc
1221 362 1404 405 praedictae
1424 359 1694 403 Congregationis

955 416 1138 448 assistentis
1165 415 1460 458 approbaveramus
1480 419 1511 446 et
1529 411 1694 445 confirma-

957 479 1115 504 veramus,
1142 468 1227 511 quod
1255 468 1361 500 denuo
1387 466 1576 499 auctoritate
1603 469 1629 496 et
1654 469 1693 496 te-

956 532 1036 553 nore
1063 521 1215 564 praefatis
1240 521 1437 553 innovamus,

999 574 1013 616 ἓ
1038 573 1068 605 4.
1097 573 1327 613 Decerneutes,
1353 572 1480 605 easdem
1507 576 1694 614 praesentes
1734 581 1854 601 unumne.

955 626 1080 660 litteras
1107 636 1235 669 semper
1268 625 1394 664 firmas,
1424 624 1545 657 validas
1572 627 1604 656 et
1629 622 1695 655 effi-

956 689 1050 712 caces
1078 679 1216 712 existere
1249 683 1280 711 et
1314 678 1397 718 sore,
1423 687 1562 720 suosque
1589 676 1696 719 plena-

957 732 1023 765 rios
1050 736 1082 764 et
1106 732 1252 774 integros
1278 730 1409 764 ell’ectus
1441 729 1551 763 sortiri
1585 734 1617 762 et
1641 728 1697 761 ob-

958 785 1079 825 tinere,
1107 795 1142 817 ac
1168 784 1207 817 ab
1233 784 1315 824 illis,
1340 784 1379 817 ad
1405 794 1487 827 quos
1514 786 1641 826 spectat
1666 786 1698 813 et

957 849 1017 881 pro
1044 843 1190 881 tempore
1217 838 1487 881 quandocumque
1513 834 1694 879 spectabit,

957 891 1189 925 inviolabiliter
1215 890 1399 931 observari,
1426 890 1537 933 sicque
1556 889 1587 921 iu
1606 897 1696 931 prae-

959 945 1063 978 missis
1098 943 1193 978 etc.¹.

1003 999 1017 1042 ἓ
1043 999 1071 1031 5.
1098 998 1167 1032 Non
1198 997 1401 1031 obstantibus
1434 994 1638 1040 praemissis,
1663 1004 1698 1026 ac

959 1050 1245 1084 constitutionibus
1257 1048 1556 1084 etordinationibus
1570 1052 1698 1091 aposto-

960 1105 1047 1145 licis,
1066 1116 1211 1146 necnon,
1230 1110 1391 1148 quatenus
1419 1113 1501 1146 opus
1527 1101 1580 1143 sit,
1596 1100 1699 1133 dictae

960 1159 1249 1202 Congregationis,
1276 1158 1370 1190 etiam
1398 1157 1599 1195 iuramento,
1624 1153 1700 1187 etr.Y

1004 1213 1116 1245 Datum
1136 1212 1268 1250 Romae,
1297 1210 1384 1253 apud
1411 1208 1442 1242 S.
1469 1208 1621 1246 Petrum,
1641 1207 1700 1238 sul>

961 1267 1081 1299 annulo
1095 1264 1278 1304 piscatoris,
1297 1263 1347 1296 die
1364 1273 1402 1295 xv
1425 1261 1492 1294 iulii
1512 1269 1699 1297 Muccxxvu,

961 1319 1167 1364 pontificatus
1192 1316 1295 1351 nostri
1325 1327 1410 1350 auno
1437 1326 1480 1349 tv.

1778 1003 1894 1027 Dt·s·¹gallo

1709 1033 1764 1050 conti
1771 1037 1824 1050 artui
1831 1036 1873 1050 utu.

999 1383 1058 1409 liat.
1081 1383 1127 1408 die
1151 1382 1181 1408 15
1202 1380 1257 1408 iulii
1282 1380 1360 1412 1727,
1383 1378 1483 1414 pontis.
1507 1386 1578 1403 anno
1599 1383 1633 1403 tv.

1268 1566 1395 1599 CXClll.

964 1668 1115 1710 Erz'qitur
1154 1666 1301 1698 custodia
1337 1665 1369 1698 S.
1408 1663 1539 1697 Nicolai
1575 1663 1610 1694 in
1647 1661 1704 1693 Lo-

1010 1721 1176 1762 tlmrinyid
1201 1719 1367 1751 Msuormn
1393 1716 1643 1750 Recolleclorum
1669 1714 1705 1746 de

1010 1772 1219 1805 observantia
1247 1772 1283 1804 <in
1306 1769 1544 1814 provinciauffl.

1142 1868 1323 1896 Benedictus
1345 1868 1424 1900 Papa
1445 1865 1529 1898 xm,

1107 1915 1143 1941 ad
1163 1915 1299 1941 futuram
1314 1913 1358 1939 rei
1374 1911 1561 1938 memoriam.

1010 2003 1200 2036 Sollicitudo
1226 2000 1399 2045 pastoralis
1422 1999 1533 2037 officii,
1559 2008 1622 2041 quo
1648 1997 1703 2030 Ec·
1740 2007 1864 2027 uxoratum.

967 2057 1086 2089 clesiac
1105 2055 1283 2089 catholicae
1299 2052 1447 2096 regimini
1470 2051 1575 2084 divina
1594 2050 1703 2093 dispo<

967 2110 1082 2142 sitione
1110 2108 1350 2152 praesidemus,
1378 2116 1435 2139 uos
1461 2106 1631 2143 admonet,
1653 2109 1703 2142 ut¹

968 2169 1135 2205 paternam
1172 2161 1400 2203 religiosorum
1434 2159 1572 2191 virorum
1614 2157 1707 2190 Altis-

968 2215 1038 2247 simi
1072 2215 1240 2257 obsequiis
1277 2213 1333 2245 sub
1370 2211 1513 2245 arctioris
1548 2210 1628 2242 vitae
1662 2209 1702 2241 iu-

969 2268 1083 2300 stituto
1108 2267 1361 2309 mancipatorum
1397 2276 1505 2297 curam
1537 2268 1704 2306 get'enteS‚

972 2319 1056 2351 felici
1084 2320 1213 2352 illorum
1245 2318 1340 2351 statui
1373 2328 1409 2350 ac
1445 2316 1650 2360 progressui,
1676 2320 1706 2347 et

970 2372 1139 2414 religionis
1175 2373 1389 2411 incremento,
1421 2375 1577 2414 quantum
1613 2368 1707 2401 nobis

1008 2471 1016 2495 1
1042 2469 1154 2503 Reliqua
1175 2471 1202 2495 ut
1223 2476 1303 2503 supra
1330 2476 1392 2502 pag.
1415 2468 1460 2493 471
1484 2475 1500 2494 a
1519 2468 1559 2500 (a.
1576 2473 1625 2495 T.).

1006 2514 1021 2539 2
1043 2513 1154 2547 Reliqua
1174 2516 1202 2539 ut
1222 2520 1303 2548 supra
1322 2520 1382 2547 pag.
1405 2513 1450 2538 671
1475 2521 1492 2538 α
1513 2512 1550 2545 (n.
1568 2512 1615 2542 τ.).

1006 2558 1021 2584 3
1043 2558 1098 2584 Alia
1119 2557 1198 2583 liuius
1228 2556 1364 2583 Pontificis
1392 2560 1477 2583 const.
1499 2555 1541 2582 ed.
1564 2562 1705 2587 Moccxxvt,

971 2602 1014 2629 die
1034 2609 1115 2629 xxvtn
1143 2601 1275 2635 ianuarii,
1305 2601 1399 2636 pontif.
1425 2607 1463 2636 11,
1493 2605 1583 2627 actum
1604 2601 1653 2627 fuit
1674 2601 1706 2627 de

971 2647 1109 2675 erectione
1129 2645 1251 2675 coenobii
1267 2645 1294 2672 in
1313 2645 1452 2681 provincia
1471 2644 1620 2673 Valentiae.
