2170 3147
204 211 239 237 An
273 208 300 235 C.
327 208 393 235 ¹728

203 859 291 880 [lubin-n
307 858 342 879 nt.
354 858 383 879 Do

214 886 366 912 approbatione

201 913 287 932 fratrum
297 916 323 932 au
335 918 384 931 con-

201 939 303 959 sessione«
310 944 374 958 saecu

201 966 276 1012 {iurum
296 965 384 985 audieu-

216 998 247 1012 as.

205 1736 335 1759 Dubturan.
342 1737 363 1758 Νι
361 1743 392 1758 nm

207 1765 236 1784 siri
240 1773 264 1784 ικι
281 1770 363 1785 minaret
355 1771 388 1783 ιιιι

207 1792 268 1811 dent·
270 1795 314 1814 ιΠῑ,
335 1797 375 1816 qu

208 1824 232 1836 ei
230 1818 264 1837 d
270 1825 286 1837 ιι
320 1818 366 1837 ttali
374 1824 388 1836 ι-

208 1844 246 1864 bu
289 1850 333 1863 ιἰιιιι

208 1877 223 1890 ι
234 1873 254 1890 nt
265 1876 301 1896 pru
312 1870 337 1891 ha
341 1871 364 1889 b
361 1877 389 1890 n·

208 1898 240 1916 dis
282 1903 349 1917 cnonci
346 1905 378 1917 nni

209 1923 253 1943 bus

440 199 503 232 7:3⁶2

397 256 537 286 fratribus
561 256 688 294 congrua
711 254 866 284 delationis
895 253 978 291 liora,
1003 257 1137 293 portare,

396 305 500 334 missas
522 310 651 337 cantare,
670 304 728 340 vel,
746 303 837 333 libere
860 312 918 332 non
941 301 1139 332 annuentibus

396 354 536 383 fratribus
559 354 641 392 ipsis,
666 352 835 387 celebrare,
870 351 1007 390 exequias
1030 350 1141 389 quasli-

396 402 454 439 bet,
479 403 604 432 exclusis
627 401 767 431 fratribus
797 401 840 430 vel
865 400 967 430 iisdem
991 400 1136 436 admissis,

395 451 540 480 solemnes
563 460 628 479 cum
653 450 870 480 thurificatione
898 453 948 479 aut
970 449 1139 488 aspersione

395 508 486 537 aquae
513 499 702 537 benedictae,
733 503 783 529 aut
807 499 892 528 aliter
914 507 1001 538 quam
1029 507 1045 527 a
1067 499 1138 527 San-

395 548 495 576 ctitate
519 548 621 577 Vestra
644 548 818 587 permissum
842 551 885 576 est
916 547 945 576 in
973 546 1139 586 saepedicta

395 596 615 634 constitutione,
639 598 652 635 ξ
677 597 724 634 74,
754 597 814 626 sive
847 605 904 625 non
936 595 1039 632 libere,
1063 595 1140 625 ultra

396 653 486 674 unum
509 645 659 675 dumtaxat
682 645 854 684 parochum,
878 655 892 674 a
916 645 1052 674 defuncto
1075 648 1140 673 ante
1161 657 1163 671 ι

395 697 536 729 mortem,
566 694 609 723 vel
643 698 707 732 post
740 697 863 723 mortem
896 692 931 722 ab
965 691 1141 722 haeredibus

395 744 482 774 electi
511 748 561 773 aut
594 742 710 780 vocati,
746 751 779 771 ac
811 742 896 771 aliam
925 750 1140 781 quamcumque

396 793 574 822 functionem
599 800 739 831 peragere
762 791 875 830 possint
898 794 926 820 et
944 789 1086 820 valeant?

435 850 476 871 ui.
492 841 548 879 An,
562 840 639 870 circa
653 839 893 879 approbationem
909 840 1043 875 fratrum,
1058 847 1141 878 prae-

395 890 441 920 vio
460 890 606 926 examine,
631 893 658 918 et
676 888 709 918 ad
726 888 923 918 consessiones
946 886 1139 916 saecularium

395 938 567 975 audiendas,
587 937 717 976 episcopi
743 941 908 971 teneantur,
926 937 1005 966 iuxta
1029 936 1138 965 sancita

395 996 410 1016 a
426 991 544 1016 sanctae
563 986 720 1016 memoriae
739 986 886 1015 Clemente
902 985 924 1014 X
940 986 969 1015 in
988 984 1070 1014 Bulla
1088 983 1140 1014 Su-

392 1045 505 1074 perna,
540 1034 646 1064 fratres
679 1034 847 1071 generaliter
879 1037 998 1072 repertos
1032 1033 1139 1061 idoneos

392 1083 560 1121 generaliter
582 1092 685 1121 quoque
713 1086 737 1112 et
766 1083 824 1112 sine
853 1082 1017 1111 limitatione
1038 1086 1139 1120 tempo-

394 1142 467 1169 rum,
487 1132 607 1160 locorum
629 1136 676 1160 aut
695 1141 879 1170 personarum
900 1130 1081 1170 approbare,
1106 1139 1138 1159 ac

394 1181 497 1210 saltem
514 1181 616 1210 fratres
631 1180 798 1218 graduatos,
812 1180 873 1209 sive
889 1183 982 1209 aetate
996 1183 1136 1215 maturos,

395 1229 425 1259 in
445 1230 539 1268 primo
561 1229 694 1258 examine
710 1229 885 1268 simpliciter
906 1237 938 1258 ac
960 1228 1139 1266 generaliter

396 1278 498 1307 eodem
522 1277 606 1307 modo
628 1276 792 1316 approbare
814 1277 858 1307 vel
875 1276 1045 1316 reprobare,
1062 1275 1139 1315 quod

396 1325 470 1356 alias
491 1335 506 1355 a
522 1325 753 1363 Congregatione
771 1325 893 1355 Concilii
908 1325 1058 1355 decretum
1074 1324 1140 1354 uni-

397 1375 550 1405 versaliter
564 1375 705 1412 refertur,
719 1374 913 1414 subindeque,
930 1384 987 1404 non
1004 1374 1139 1404 obstante

396 1424 468 1454 alias
496 1425 637 1453 consueta
663 1423 692 1452 in
716 1423 883 1462 patentibus
905 1424 1012 1453 litteris
1035 1423 1070 1453 ad
1092 1432 1140 1453 eas

397 1481 449 1512 pro
471 1471 594 1502 arbitrio
621 1472 825 1511 episcoporum
855 1472 1038 1502 renovandas
1067 1476 1141 1502 tem-

397 1521 478 1560 poris
500 1520 694 1561 praefixione,
711 1521 800 1550 semel
817 1521 859 1551 sic
875 1521 1063 1561 approbatos,
1083 1521 1139 1551 nisi

397 1570 494 1608 gravis
516 1570 704 1610 superveniat
726 1579 813 1599 causa
837 1571 1036 1600 confessiones
1061 1571 1141 1610 ipsas

398 1622 550 1658 spectans,
574 1629 589 1648 a
612 1618 846 1649 confessionibus
872 1619 1068 1658 suscipiendis
1095 1628 1141 1649 ar-

399 1669 459 1698 ceri
483 1673 532 1698 aut
554 1669 692 1708 suspendi
715 1678 773 1698 non
797 1668 937 1709 possint?

440 1724 477 1747 iv
502 1717 557 1753 An,
582 1721 613 1747 ut
636 1717 719 1746 firma
752 1722 780 1747 et
808 1717 919 1747 illibata
948 1721 1141 1758 permaneant

379 1776 474 1810 quae
502 1772 565 1807 post
586 1766 750 1797 tridentini
780 1767 940 1797 sessionem
963 1776 995 1805 v,
1019 1777 1082 1807 cap
1104 1776 1139 1806 11,

401 1821 534 1846 sanctum
558 1815 641 1845 Pium
658 1815 680 1845 V
696 1820 724 1846 et
740 1815 918 1847 Clementem
934 1815 972 1853 X,
991 1817 1142 1856 praedica-

401 1864 512 1895 toribus
527 1864 644 1895 Ordinis
659 1865 804 1895 Sanctitas
821 1864 921 1895 Vestra
938 1875 1076 1896 concessa
1096 1876 1143 1896 vo-

400 1914 466 1952 luit,
490 1914 593 1943 fratres
617 1923 668 1953 pro
691 1913 834 1944 habendis
856 1914 1047 1944 concionibus
1074 1924 1144 1954 qna-

402 1961 644 2000 dragesimalibus
674 1966 722 1992 aut
751 1962 928 1993 annualibus
959 1963 989 1993 in
1012 1963 1143 1993 eeclesiis

402 2016 450 2041 aut
472 2011 607 2041 oratoriis
629 2011 760 2041 eiusdem
790 2012 920 2051 ipsorum
943 2011 1070 2049 Ordinis,
1098 2021 1144 2041 so-

402 2059 548 2089 lummodo
570 2063 598 2089 et
625 2059 742 2099 quidem
773 2060 807 2089 ad
835 2061 977 2090 terminos
1003 2061 1143 2090 constitu·
1164 2067 1166 2075 ¹

402 2107 489 2137 tionis
512 2108 678 2147 praedictae
700 2108 807 2138 laudati
823 2108 986 2138 Clementis
1002 2107 1034 2146 X,
1058 2108 1145 2138 bene-

403 2155 560 2185 dictionem
577 2155 613 2185 ab
629 2157 765 2195 episcopo
782 2161 890 2195 petere,
907 2157 1056 2187 licentiam
1075 2166 1144 2187 vero

403 2213 435 2234 ac
451 2205 564 2234 litteras
582 2209 725 2244 patenteS,
745 2214 859 2235 necnon
875 2214 928 2244 pro
943 2205 1144 2244 singularibus

404 2253 593 2283 concionibus
615 2253 785 2290 moralibus,
803 2254 864 2283 sive
889 2254 1087 2293 panegyricis,
1103 2258 1145 2284 at-

404 2310 459 2339 que
487 2311 538 2341 pro
564 2303 767 2341 promovendis
794 2302 985 2332 societatibus
1013 2303 1145 2342 supradi-

404 2351 469 2387 ctis,
494 2351 726 2381 benedictionem
749 2361 762 2381 a
785 2352 846 2381 solo
869 2361 969 2382 eorum
994 2352 1144 2391 superiore

405 2399 554 2428 dumtaxat
571 2404 668 2438 petere
684 2404 711 2430 et
726 2401 859 2430 obtinere
876 2404 1047 2437 teneantur3
1060 2401 1144 2430 haec-

405 2456 460 2486 que
482 2448 568 2477 etiam
593 2449 685 2478 locum
715 2449 822 2478 habere
849 2448 976 2478 debeant
1004 2459 1037 2479 ex
1060 2449 1144 2479 Bulla

405 2495 554 2530 Pretiosns,
579 2496 627 2525 ubi
650 2497 738 2526 iidem
762 2498 864 2527 fratres
887 2498 916 2527 in
939 2497 1072 2527 ecclesiis
1095 2502 1144 2527 aut

406 2545 539 2575 oratoriis
562 2545 718 2584 praedictis
733 2546 786 2576 soli
803 2547 832 2576 in
849 2546 1075 2586 Quadragesima
1098 2548 1142 2577 vel

405 2602 456 2632 per
479 2602 588 2624 anuum
606 2594 760 2625 conciones
775 2593 883 2625 habere
905 2595 999 2627 solent
1022 2605 1054 2627 ac
1076 2605 1143 2628 con-

986 202 1168 228 BULLARlUM
1193 202 1350 228 ROMANUM

1935 203 1984 231 An.
2000 203 2031 232 G.
2051 204 2117 235 1728

1181 256 1360 286 sueverunt,
1384 262 1417 282 ac
1440 252 1554 282 etiamsi
1577 252 1769 290 electionem,
1794 251 1928 282 nomina-

1182 300 1302 338 tionem,
1328 305 1376 331 aut
1399 301 1486 331 etiam
1504 302 1717 340 eleemosynam
1734 310 1748 331 a
1765 301 1929 332 communi-

1181 353 1239 379 tate
1261 359 1446 389 quacumque
1469 352 1621 388 extranea,
1639 354 1725 389 atque
1741 350 1862 390 insuper
1884 350 1929 380 in-

1183 401 1224 427 tra
1244 398 1390 437 praedicta
1415 403 1546 438 tempora
1570 399 1727 428 conciones
1750 403 1799 429 aut
1822 407 1930 429 sermo.

1182 456 1233 475 nes
1252 447 1416 484 singulares
1445 447 1474 476 in
1504 447 1649 485 eeclesiis,
1679 456 1753 486 quae
1780 456 1838 477 uon
1862 448 1930 477 sunt

1182 495 1274 535 ipsius
1290 495 1418 531 Ordinis,
1437 506 1471 526 ex
1498 496 1653 526 devotione
1669 496 1741 526 cleri
1764 496 1810 526 vel
1829 496 1929 535 populi

1183 544 1406 582 consuetudine,
1428 549 1478 575 aut
1502 545 1592 574 etiam
1616 545 1810 574 conventione
1831 544 1929 584 aliqua

1183 593 1243 623 sint
1265 592 1424 623 habituri?
1447 593 1542 628 Quum
1565 593 1660 623 obstet
1682 593 1832 623 decretum
1857 593 1931 623 Con-

1183 643 1363 681 gregationis
1386 643 1506 673 Concilii
1533 643 1563 673 in
1586 645 1646 673 una
1672 643 1843 681 Theanensi,
1865 646 1927 681 post

1183 696 1348 721 emanatam
1372 692 1612 722 constitutionem
1646 691 1740 732 ipsam
1769 691 1926 730 Pretiosus,

1184 741 1274 770 latum
1298 749 1346 769 xix
1369 741 1445 770 iunii
1466 749 1647 770 MDCCXXYHI.

1224 798 1250 818 v.
1275 788 1356 819 Circa
1379 789 1556 819 ordinariam
1574 788 1829 819 iurisdictionem
1822 798 1851 818 in
1868 797 1928 818 mo-
1993 794 2046 817 nub·
2049 800 2081 816 nm
2095 794 2119 818 v.

1184 837 1277 867 niales
1298 837 1355 867 sibi
1378 837 1525 867 subiectas
1541 847 1628 877 quam
1647 838 1814 867 restitutam
1836 820 2018 869 νοΙιιίἱιιίοΓιςιῗηι
2033 822 2120 870 ‘ili'ffii'il

1183 885 1327 916 Sanctitas
1360 887 1460 917 Vestra
1500 887 1601 917 Ordini
1633 896 1686 917 suo
1719 886 1755 916 ad
1787 877 2120 924 ῐθΐωίηοςξῖζῖἓξῗιέῗῗέῧῖ

1182 935 1348 966 Tridentini
1371 941 1399 966 et
1422 937 1665 966 constitutionum
1695 938 1724 966 S.
1750 935 1803 973 Pii,
1829 944 1865 965 an
1892 935 1928 965 ad
1941 928 2016 950 ¹⁰⁰²³⁵

1182 985 1353 1024 episcopum
1390 987 1545 1024 pertineat,
1582 985 1658 1015 ultra
1695 984 1929 1024 explorationem

1182 1033 1341 1063 voluntatis
1378 1034 1492 1073 puellae
1525 1034 1604 1064 iuxta
1641 1033 1718 1063 idem
1755 1033 1928 1071 Concilium,

1181 1091 1253 1111 sess.
1279 1076 1362 1118 xxv,‘
1385 1092 1448 1122 cap.
1474 1091 1548 1117 xvu,
1587 1082 1656 1112 dare
1688 1081 1856 1112 facultatem
1893 1082 1930 1111 ad

1181 1131 1420 1169 congregandum
1444 1131 1605 1170 capitulum
1626 1140 1678 1170 pro
1701 1130 1857 1160 vestitione
1880 1133 1930 1160 aut

1181 1179 1374 1218 professione,
1408 1181 1469 1210 sive
1497 1180 1532 1209 ad
1561 1180 1689 1210 dandum
1717 1179 1852 1210 habitum
1878 1176 1929 1210 aut

1181 1229 1372 1258 emittendam
1396 1229 1622 1269 professionem,
1645 1233 1695 1259 aut
1717 1228 1836 1266 exigere
1858 1232 1930 1259 atte-

1181 1278 1337 1308 stationem
1356 1278 1390 1308 de
1407 1278 1532 1318 peractis
1548 1278 1698 1308 exercitiis
1714 1277 1929 1324 spiritualibus,

1182 1326 1337 1366 disponere
1365 1326 1453 1356 etiam
1474 1327 1611 1365 privative
1639 1327 1733 1366 quoad
1763 1327 1930 1367 superiores

1182 1373 1299 1404 Ordinis
1322 1374 1356 1404 de
1378 1374 1444 1404 dote
1467 1374 1560 1414 ipsius
1583 1378 1646 1414 post
1665 1374 1803 1404 emissam
1819 1375 1931 1414 profes-

1183 1422 1314 1460 sionem,
1349 1424 1489 1463 privative
1519 1432 1651 1462 quoque,
1685 1427 1735 1453 aut
1762 1423 1932 1454 cumulatim:

1183 1480 1249 1501 cum
1272 1471 1356 1510 ipsis,
1381 1471 1451 1502 dare
1472 1471 1623 1502 licentiam
1646 1480 1698 1511 pro
1720 1475 1930 1503 extraneorum

1183 1528 1302 1549 accessu
1334 1519 1370 1549 ad
1403 1519 1631 1560 colloquendum
1664 1520 1852 1558 monialibus,
1880 1524 1931 1552 aut

1183 1567 1373 1599 subscribere
1396 1569 1531 1599 licentias
1555 1578 1606 1609 pro
1628 1569 1764 1608 ingressu
1786 1575 1931 1601 monaste-

1183 1618 1293 1648 riorum
1316 1618 1346 1648 in
1371 1617 1488 1652 casibus
1505 1618 1701 1658 necessitatis,
1718 1628 1776 1650 non
1796 1618 1932 1651 obstante

1184 1668 1334 1698 contraria
1366 1668 1497 1698 eiusdem
1531 1668 1694 1698 Tridentini
1726 1669 1930 1709 dispositione,

1184 1718 1266 1748 iuxta
1299 1717 1527 1748 declarationem
1551 1719 1580 1747 S.
1606 1717 1650 1747 Pii
1671 1716 1694 1747 V
1726 1717 1756 1748 in
1789 1718 1932 1750 constitu·

1185 1766 1264 1795 tione
1285 1765 1346 1796 Etsi
1368 1765 1598 1804 Μεηάἱοαιιιὶαιη,
1618 1775 1633 1796 a
1651 1765 1811 1797 Sanctitate
1826 1766 1932 1797 Vestra

1185 1814 1401 1851 confirmatam,
1425 1815 1454 1844 in
1484 1814 1651 1845 visitatione
1679 1824 1798 1855 quoque
1825 1825 1858 1846 ac
1885 1815 1930 1847 in·

1185 1872 1289 1902 gressu
1321 1864 1493 1902 clausurae,
1517 1864 1673 1904 episcopo,
1698 1864 1784 1894 toties
1817 1865 1932 1905 quoties

1185 1921 1258 1951 opus
1280 1912 1346 1949 erit,
1369 1913 1508 1943 facultate
1540 1912 1576 1942 ab
1609 1913 1671 1952 ipso
1693 1912 1865 1944 Tridentino
1897 1922 1932 1945 ac

1187 1962 1295 1990 Sancte
1317 1961 1391 1991 Sede
1412 1961 1553 2000 delegata,
1577 1961 1828 2001 competentibus,
1852 1962 1931 1994 aliud

1187 2010 1401 2050 quodcumque,
1419 2014 1535 2049 praeter
1550 2010 1717 2040 clausuram
1734 2010 1827 2051 ipsam
1842 2016 1933 2042 mate-

1187 2059 1302 2096 rialem,
1326 2064 1375 2089 aut
1399 2068 1457 2089 non
1485 2060 1649 2090 associante
1676 2060 1840 2100 superiore,
1864 2060 1933 2091 visi-

1189 2112 1261 2142 tare,
1285 2117 1319 2137 ac
1341 2108 1428 2137 etiam
1451 2108 1644 2146 ingrediendo
1672 2117 1737 2138 cum
1761 2108 1882 2148 pluviali
1904 2112 1933 2140 et

1187 2157 1271 2193 stola,
1289 2161 1391 2187 contra
1407 2157 1559 2187 decretum
1575 2157 1816 2196 Congregationis
1831 2157 1934 2188 Conci-

1188 2206 1219 2235 lii
1240 2206 1270 2236 in
1293 2207 1352 2236 une
1374 2206 1546 2241 Florentino,
1571 2215 1637 2236 xxuz
1656 2207 1730 2236 iunii
1752 2214 1930 2246 mcccxxxrv,

1187 2258 1236 2284 aut
1258 2263 1325 2284 cum
1348 2255 1571 2295 praeparatione
1594 2264 1651 2284 non
1674 2255 1758 2285 strati
1780 2255 1831 2285 sed
1853 2254 1931 2285 sedis

1187 2312 1253 2333 cum
1275 2302 1450 2333 baldachino
1472 2303 1501 2333 in
1524 2303 1678 2340 alterutra,
1695 2306 1744 2332 aut
1760 2302 1790 2333 in
1805 2304 1932 2343 utraque

1187 2352 1323 2388 ecclesia,
1346 2356 1395 2382 aut
1420 2356 1555 2391 receptus
1577 2361 1592 2381 a
1615 2351 1793 2382 monialibus
1814 2360 1932 2391 proces-

1187 2401 1351 2437 sionaliter,
1374 2401 1435 2431 sive
1458 2409 1524 2431 curn
1546 2409 1633 2430 cruce
1661 2401 1770 2438 erecte,
1794 2404 1844 2430 aut
1864 2409 1931 2430 cum

1186 2450 1299 2479 cantico
1323 2449 1497 2487 Benedictus,
1520 2453 1570 2479 aut
1600 2448 1634 2479 ab
1662 2448 1734 2488 ipsis
1760 2448 1931 2488 accipiendo

1186 2507 1302 2528 crucem
1325 2497 1563 2534 deosculandam,
1587 2501 1688 2527 contra
1710 2496 1825 2528 decreta
1849 2505 1931 2537 prae-

1186 2547 1281 2577 dictae
1303 2547 1551 2586 Congregationis,
1576 2546 1611 2576 ad
1638 2545 1727 2576 dubia
1760 2545 1930 2576 visitationis

1186 2595 1340 2632 clausurae,
1366 2604 1416 2627 xix
1436 2595 1564 2627 ianuarii
1586 2594 1782 2629 Moetxxxvi?
