2170 3147
0 197 42 225 An.
62 196 90 224 C.
109 196 176 224 1726

149 1007 155 1011 -
183 984 442 1017 antecessoribus
478 985 596 1017 nostris
631 985 730 1018 Paulo
756 985 791 1024 V,
829 985 946 1018 inno-¹

14 1466 99 1487 Polonis
110 1468 129 1486 et
139 1466 172 1487 Li-

0 1494 58 1513 uanis
85 1495 171 1512 ati-onim

0 1521 58 1543 latur,
81 1525 135 1545 eque
146 1525 170 1539 eo

0 1552 8 1567 u
52 1548 170 1566 sanctoruni

8 1572 151 1593 consessorum

2 1604 91 1620 anonam
119 1599 172 1619 relc-

1 1626 54 1646 endo
63 1625 170 1647 decretum

3 1653 92 1678 eluatur.

788 199 980 223 BENEDlCTL'S
1007 200 1061 223 xtn
1087 200 1135 224 ΓΡ.

186 247 256 279 alea
276 245 397 278 viribus
425 246 518 286 aucti,
541 246 789 280 immanissimos
815 247 925 279 hostes

186 299 346 339 fuderunt,
365 310 427 342 quo
454 304 601 342 tempore
627 300 713 332 beati
740 300 926 333 adolescen-

185 352 224 384 tis
250 357 361 395 caput,
380 363 397 384 a
416 352 518 384 felicis
538 352 713 384 memoriae
731 353 925 394 praedeces-

183 415 257 438 sore
282 412 395 438 nostro
421 404 577 447 Gregorio
607 404 664 436 PP.
694 405 742 436 XV
772 406 802 437 in
831 405 924 438 Polo-

182 457 267 489 niam
293 457 437 496 missum,
457 457 595 490 adventu
622 467 679 489 sno
705 457 843 490 victores
869 468 925 500 po-

182 510 277 552 pulos
302 520 385 543 novo
411 510 527 552 gaudio
549 510 734 542 cumulavit.
755 510 810 542 llis
829 516 923 553 atque

183 554 265 602 aliis,
294 562 438 595 omnium
464 562 722 596 christifidelium
748 563 924 595 veneratio-

183 626 223 648 ne
242 615 452 658 dignissimis,
467 626 525 658 per
538 615 688 648 Stanislai
707 626 821 658 preces
839 615 922 658 apud

182 668 281 700 Deum
300 668 394 700 editis
412 669 533 711 signis,
552 668 730 701 sanctitatis
752 669 820 701 eius
841 669 924 701 fama
944 674 946 680 ¹

182 720 302 764 ubique
321 720 444 761 diffusa,
463 722 548 764 apud
567 721 786 764 Apostolicam
806 721 922 754 Sedem

183 773 390 805 exorantibus
416 773 571 806 Poloniae
597 773 728 815 regibus
747 773 923 816 Sigismun-

183 826 224 858 do
249 826 412 859 Vladislao
438 832 469 859 et
493 827 612 859 Ioanne
631 826 800 866 casimiro,
821 827 858 859 dc
885 838 922 860 eo

182 884 367 912 sanctorum
408 879 524 912 canoni
562 879 780 912 adscribendo
817 884 922 912 actum

183 938 249 971 est,
274 932 446 974 praecipue
465 931 524 964 sub
542 931 695 964 Romanis
715 931 923 965 Pontificibus

182 1036 290 1070 centio
308 1037 332 1069 X
358 1042 390 1070 et
405 1037 567 1070 Clemente
586 1038 621 1076 X,
644 1048 781 1080 quorum
800 1043 924 1081 postre-

181 1100 251 1122 mus
284 1100 413 1122 sacrum
441 1090 582 1123 officium
607 1101 623 1123 a
647 1091 806 1124 Societate
839 1091 921 1131 Iesu,
945 1124 946 1135 γ

945 1137 946 1144 ’
967 1139 997 1173 S.
1019 1140 1054 1172 R.
1079 1140 1110 1172 E.
1137 1140 1366 1181 cardinalibus,
1386 1141 1587 1185 patriarchis,
1608 1141 1710 1174 archi-

182 1143 327 1186 itemque
352 1154 370 1175 a
394 1144 482 1176 clero
509 1144 666 1177 saeculari
700 1144 797 1177 totius
830 1144 924 1178 Polo-

181 1195 254 1228 niae
279 1195 452 1238 magnique
484 1196 619 1229 ducatus
645 1197 810 1229 Lituaniae
837 1199 923 1229 certa

183 1248 234 1281 die
261 1248 299 1281 de
325 1259 362 1281 eo
387 1249 517 1281 recitari
537 1250 728 1282 anctoritate
747 1250 924 1293 apostolica

183 1300 338 1334 indulsit:
365 1302 464 1344 quod,
483 1303 613 1345 propria
639 1303 777 1335 subinde
803 1303 923 1336 oratio-

181 1364 222 1387 ne
247 1354 367 1394 addita,
396 1354 595 1389 confirmavit
620 1356 702 1388 alius
719 1357 922 1389 venerandae

183 1407 358 1440 memoriae
385 1413 570 1441 antecessor
594 1408 801 1442 Innocentius
826 1409 876 1442 xl.

226 1460 241 1503 g
266 1459 296 1492 lt.
324 1461 469 1504 Denique
496 1461 644 1495 Stanislai
672 1462 840 1495 virtutibus
867 1474 923 1506 pei·
945 1463 946 1501 ]

183 1513 379 1546 Clementem
405 1514 428 1545 X
462 1513 516 1556 qui
549 1525 620 1546 eum
648 1515 777 1548 Polonis
812 1521 842 1548 et
867 1515 920 1547 Lir-

184 1566 288 1598 tuanis
306 1566 493 1608 primarium
522 1568 606 1610 apud
625 1568 725 1600 Deum
750 1574 922 1611 patronum

184 1619 380 1662 adsignavit,
400 1620 616 1663 undequaque
635 1621 832 1663 adprobatis,
852 1622 923 1664 piae

182 1682 311 1715 quoque
332 1672 568 1705 recordationis
594 1673 741 1706 Clemens
763 1674 800 1706 Xl
838 1675 923 1707 cius-

183 1725 255 1758 dem
273 1725 439 1763 miracula,
457 1735 565 1758 corani
584 1737 617 1758 se
636 1737 694 1769 per
720 1727 923 1760 venerabiles

181 1779 296 1811 fratres
330 1777 361 1810 S.
382 1777 418 1810 R.
438 1777 473 1811 Ε.
503 1779 685 1811 cardinales
722 1780 754 1812 in
787 1791 921 1813 examen

181 1831 330 1870 adducta,
358 1830 522 1874 pontificia
548 1832 737 1865 auctoritate
762 1834 923 1876 adproba-

180 1883 234 1924 vit,
253 1884 384 1917 decreto
411 1884 496 1917 edito
523 1884 561 1917 de
581 1885 674 1917 beato
693 1886 748 1918 Dei
775 1897 864 1919 servo
890 1887 921 1919 in

181 1942 365 1970 sanctorum
385 1937 608 1970 confessorum
627 1938 633 1954 ¹
659 1949 815 1972 canonem
840 1940 923 1973 refe-

182 1990 297 2023 rendo.
324 1990 514 2024 Clemente²
538 2001 632 2031 vero,
661 1992 846 2035 priusquam
874 2002 944 2027 so-]

183 2043 283 2076 lemni
309 2044 371 2076 ritu
397 2054 465 2076 rem
491 2048 610 2076 tantam
627 2045 821 2085 absolveret,
840 2046 921 2078 viam

183 2096 352 2130 universae
372 2097 477 2129 carnis
498 2096 657 2139 ingresso,
676 2108 746 2138 nos,
766 2099 829 2142 qui,
857 2110 922 2132 nie-

184 2150 253 2184 ritis
278 2150 355 2183 licet
374 2149 560 2193 imparibus,
580 2150 685 2183 eidem
711 2151 743 2183 in
769 2152 923 2185 cathedra

184 2204 219 2237 B.
247 2202 330 2236 Petri
356 2202 581 2242 successimus,
608 2203 640 2235 in
675 2203 777 2236 tribus
811 2205 920 2237 eonsi-

184 2258 290 2292 storiis
316 2263 347 2290 et
370 2257 517 2300 plenario
543 2263 701 2290 conventu
737 2259 923 2291 eorumdem

183 2310 420 2345 venerabilium
439 2309 570 2342 fratrum
589 2316 774 2342 nostrorum
793 2311 823 2343 S.
838 2311 873 2343 R.
887 2311 920 2343 Ε.

183 2363 409 2401 cardinalium,
427 2367 522 2405 atque
541 2362 636 2395 etiam
654 2364 922 2405 patriarcharum,

182 2416 508 2460 archiepiscoporum
534 2420 566 2447 et
590 2415 815 2459 episcoporum
834 2417 925 2450 nobi-

182 2480 272 2504 scum
291 2469 410 2502 Romae
432 2467 660 2511 praesentium,
679 2469 776 2510 gestis
802 2469 836 2502 B.
856 2470 924 2503 Sta-

221 2542 230 2567 i
255 2539 325 2567 Edit.
346 2539 430 2566 Main.
452 2539 520 2573 legit
538 2539 726 2572 consessorem
745 2542 787 2573 (R.
804 2539 851 2575 Tu).

218 2584 235 2612 2
254 2583 325 2611 Edit.
343 2583 423 2610 Main.
439 2583 505 2618 legit
526 2583 693 2611 Clementem
713 2585 751 2618 (a.
771 2584 820 2619 T.).

282 2638 361 2666 Bull.
383 2638 470 2667 Rom.
488 2653 521 2659 -
542 2639 602 2666 Vol.
628 2637 722 2669 XXII,
866 2637 900 2665 62

1607 190 1670 223 2189

968 248 1061 281 nislai
1087 248 1147 281 rite
1174 249 1355 292 perpensis,
1394 247 1538 281 unanimi
1566 247 1709 280 omnium

945 342 947 349 y
969 301 1129 334 sententia
1150 312 1208 344 per
1225 301 1316 335 Sedis
1335 301 1541 344 Apostolicae
1568 301 1710 333 notarios

970 364 1078 386 coram
1096 354 1190 386 nobis
1209 356 1352 397 excepta,
1370 365 1549 397 regumque
1568 365 1603 386 ac
1622 354 1710 397 prin-

969 406 1077 448 cipum
1105 407 1358 440 christianorum
1384 413 1414 439 et
1439 406 1608 440 Societatis
1640 406 1709 439 Iesu

967 469 1026 500 pro
1066 459 1120 491 illo
1146 459 1177 491 in
1204 465 1387 492 sanctorum
1425 470 1584 492 canonem
1622 460 1707 492 refe-

968 511 1069 543 rendo
1089 512 1240 554 precihus
1266 513 1473 555 Apostolicae
1492 513 1565 545 Sedi
1594 517 1625 545 et
1652 523 1709 545 no-

966 562 1016 594 bis
1048 564 1162 596 exinde
1196 566 1377 607 porrectis,
1410 567 1456 598 rei
1492 565 1708 609 perficiendae

967 618 1146 649 soleinnem
1173 618 1211 650 de
1238 628 1326 651 more
1353 619 1436 651 diem
1462 619 1648 652 indiximus.

1011 667 1083 710 gb.
1110 667 1180 700 Mox
1216 678 1276 711 per
1312 670 1487 708 orationes,
1524 670 1643 702 ieiunia
1680 675 1706 702 et

968 720 1189 763 eleemosynas
1216 721 1450 765 omnipotentis
1475 723 1530 754 Dei
1556 733 1617 765 ope
1648 723 1708 754 fer—

967 773 1151 805 ventissime
1171 773 1360 816 implorata,
1380 785 1415 807 ac
1433 774 1609 814 universis,
1627 785 1710 817 quae

968 836 1003 858 cx
1031 826 1059 858 S.
1081 826 1116 858 [l.
1137 826 1171 858 E.
1200 825 1373 868 disciplina
1400 827 1607 870 receptisque
1633 838 1708 860 con-

967 878 1188 911 stitutionibus
1225 879 1349 921 agenda
1386 885 1488 919 crant,
1514 880 1601 912 omni
1636 880 1709 913 reli-

969 929 1066 971 gione
1088 929 1241 972 peractis,
1260 930 1320 962 hac
1340 929 1407 972 ipsa
1425 930 1477 962 die
1499 930 1530 962 in
1549 930 1709 963 honorem

967 983 1181 1015 antecessoris
1214 982 1316 1015 nostri
1342 982 1484 1015 Silvestri
1512 984 1708 1015 confessoris

967 1040 1063 1077 atque
1078 1034 1240 1078 pontificis
1258 1035 1323 1068 Deo
1350 1037 1452 1076 sacra,
1467 1039 1530 1068 una
1548 1047 1618 1069 cnm
1637 1036 1710 1068 iam-

967 1086 1060 1119 dictis
1108 1086 1346 1120 venerabilibus
1393 1088 1542 1121 Fratribus
1589 1088 1709 1121 nostris

967 1192 1130 1235 episcopis
1157 1203 1192 1225 ac
1219 1193 1388 1236 utriusque
1419 1194 1499 1227 cleri
1533 1199 1564 1227 et
1593 1194 1707 1237 populi

969 1244 1148 1287 frequentia
1190 1245 1221 1278 in
1264 1252 1502 1279 sacrosanctam
1540 1247 1706 1280 basilicam

967 1298 1127 1341 Principis
1146 1299 1369 1341 apostolorum
1393 1299 1458 1332 Deo
1485 1300 1708 1343 snpplIcantes

967 1352 1198 1392 convenimus,
1217 1352 1281 1391 ubi,
1299 1353 1409 1392 semel,
1431 1353 1543 1385 iteruin
1560 1359 1587 1385 et
1610 1353 1704 1386 tertio

967 1416 1026 1448 pro
1045 1405 1100 1438 Dei
1126 1416 1217 1438 servo
1235 1406 1395 1439 Stanislao
1422 1412 1608 1439 sanctorum
1636 1417 1708 1440 con-

969 1460 1127 1501 fessorum
1154 1460 1269 1492 canoni
1297 1460 1544 1493 adnuincrando
1578 1471 1636 1503 per
1662 1461 1709 1493 di-

968 1513 1085 1545 lectum
1112 1512 1212 1544 filiurn
1238 1519 1387 1546 nostrum
1407 1513 1556 1546 Alrarum
1575 1513 1606 1545 S.
1621 1514 1657 1546 P..
1672 1514 1705 1546 E.

968 1565 1050 1598 tituli
1077 1566 1107 1598 S.
1129 1566 1368 1599 Bartlioloniaci
1395 1568 1425 1598 in
1446 1567 1552 1599 Insula
1578 1567 1709 1610 presby-

968 1624 1070 1651 terum
1097 1619 1294 1652 cardinalem
1323 1620 1517 1662 Cienfucgos
1542 1630 1708 1663 nuncupa-

969 1679 1034 1705 tum
1059 1672 1209 1715 precibus
1234 1673 1396 1715 repetitis,
1422 1682 1497 1715 post
1523 1673 1707 1706 decantatas

967 1736 1074 1759 sacras
1101 1726 1266 1758 orationes
1293 1731 1323 1758 et
1348 1725 1487 1768 Spiritus
1506 1726 1611 1758 Sancti
1638 1737 1709 1768 gra-

969 1778 1042 1810 tiam
1068 1777 1248 1811 humillime
1271 1778 1462 1818 invocatam,
1483 1779 1520 1811 ad
1549 1779 1707 1811 honorem

967 1839 1096 1864 sanctae
1135 1837 1166 1864 ct
1203 1831 1385 1864 individuae
1423 1831 1596 1871 Trinitatis,
1634 1832 1707 1865 fidei

967 1885 1144 1918 catholicae
1160 1884 1400 1923 exaltationem,
1419 1889 1450 1917 et
1467 1884 1634 1917 christiani
1653 1895 1709 1917 no·

966 1938 1062 1971 minis
1096 1939 1347 1976 incrementum,
1374 1937 1563 1970 auctoritate
1597 1938 1705 1971 omni-

966 1991 1107 2034 potentis
1145 1990 1199 2023 Dei
1237 1990 1360 2030 Patris,
1398 1990 1468 2022 Filii
1502 1996 1532 2023 et
1568 1990 1708 2033 Spiritus

965 2044 1082 2084 Sancti,
1109 2049 1140 2077 et
1164 2044 1334 2077 beatorum
1371 2044 1596 2086 apostolorum
1623 2044 1707 2077 Petri

967 2103 997 2130 et
1014 2097 1120 2137 Pauli,
1139 2107 1173 2129 ac
1199 2099 1324 2136 nostra,
1345 2097 1385 2129 de
1403 2097 1596 2130 eorumdem
1614 2108 1710 2131 vene-

967 2150 1116 2183 rabilium
1156 2150 1289 2182 fratrum
1327 2154 1509 2182 nostrorum
1543 2150 1575 2183 S.
1603 2150 1640 2183 R.
1671 2150 1705 2183 E.

967 2203 1190 2243 cardinalium,
1227 2202 1506 2246 patriarcharum,
1544 2203 1709 2246 archiepi-

967 2266 1143 2300 scoporum
1170 2261 1201 2288 et
1229 2255 1457 2299 episcoporum
1483 2256 1652 2290 nobiscum
1675 2257 1708 2290 in

967 2309 1114 2353 plenario
1151 2314 1311 2342 conventu
1348 2309 1500 2343 basilicae
1536 2310 1708 2343 Vaticanae

968 2362 1188 2406 praesentium
1221 2361 1357 2395 consilio
1395 2367 1427 2395 et
1462 2362 1607 2396 unanimi
1634 2374 1708 2397 con-

967 2426 1077 2455 sensu,
1105 2415 1139 2448 B.
1156 2414 1351 2448 Stanislaum
1365 2415 1516 2448 Kostkam
1535 2416 1705 2457 Polonum,

967 2468 1135 2502 Societatis
1160 2468 1230 2502 Iesu
1255 2468 1430 2509 novitium,
1458 2469 1496 2502 de
1523 2470 1612 2503 cuius
1636 2481 1708 2504 san-

967 2523 1091 2561 ctitate,
1122 2520 1196 2554 fidei
1219 2526 1251 2554 et
1285 2527 1467 2555 ceterarum
1498 2523 1649 2556 virtutum
1677 2529 1708 2557 et

966 2575 1196 2609 miraculorum
1215 2575 1408 2609 excellentia
1424 2577 1519 2620 plene
1538 2576 1708 2610 constabat

1719 202 1764 225 An.
1788 200 1814 226 C.
1834 200 1901 227 1726

1755 682 1831 701 Beatu-
1855 682 1904 702 Sta·

1720 707 1799 727 nislaus
1814 708 1902 728 solemni

1721 736 1761 753 ritu
1779 737 1831 754 nnm-
1855 740 1902 753 sau-

1720 763 1764 779 ‹zlox
1791 766 1902 780 connume-

1721 788 1786 807 initur.
