2170 3147
15 190 66 215 An.
84 189 113 214 C.
135 187 200 214 ¹725

794 188 850 210 Bm
856 187 986 211 emc'rtJS

206 235 291 274 vatis,
317 244 471 279 personas
498 234 528 266 in
555 244 711 266 concursu
743 236 864 267 electas
886 245 944 268 no-

205 286 254 320 bis
281 292 311 319 et
337 286 439 319 dictae
465 285 537 318 Sedi
564 296 624 329 pro
659 286 830 319 collatione
859 287 942 319 obti-

205 339 311 371 nenda
335 337 528 380 significare,
553 348 677 370 necnon
704 344 941 370 sacramentum

205 390 401 430 chrismatis,
428 390 603 423 dummodo
622 390 701 423 illud
721 390 810 433 prius
828 390 866 423 sit
884 401 944 434 per

205 442 377 476 antistitem
415 442 615 486 praedictum
648 448 882 482 consecratum,
911 447 944 473 ut

205 495 393 539 praefertur,
412 495 570 533 conterre,
594 505 630 527 ac
652 504 873 537 quascumque
892 494 944 526 lit-

205 553 289 580 teras
323 547 518 591 apostolicas
557 552 618 579 tam
654 546 808 579 iustitiam
847 556 942 589 quam

205 600 337 642 gratiam
361 600 455 632 etiam
474 600 579 643 quoad
601 599 859 642 dispensationes
883 609 943 631 ma-

205 652 406 685 trimoniales
430 662 644 695 personarum
677 652 780 684 dictae
813 651 942 683 iurisdi-

205 704 319 737 ctionis
344 709 590 743 concernentes,
610 704 669 737 sibi
690 710 794 736 tamen
813 709 841 736 et
863 703 942 735 nulli

204 755 296 789 alteri
337 756 541 798 dirigendas,
584 756 712 789 debitae
760 755 940 788 executioni

205 809 401 841 demandare
428 808 530 841 libere
557 814 587 840 et
612 809 699 841 licite
718 809 832 848 valeat,
858 808 942 840 iuxta

1012 188 1066 211 xm
1092 188 1140 211 rt>-
1616 176 1678 210 *2:3⁴3

987 241 1107 276 noster,
1128 234 1271 267 decrevit
1296 239 1327 267 et
1352 235 1473 274 statuit,
1493 240 1526 266 ut
1552 244 1724 277 quaecum-

987 298 1048 329 que
1096 288 1221 320 litterae
1264 286 1460 330 apostolicae
1502 286 1635 329 gratiam
1675 287 1723 319 vel

987 338 1142 372 iustitiam
1181 345 1413 372 concernentes
1447 345 1477 372 et
1502 341 1583 372 aliae
1618 339 1724 371 consi-

988 391 1078 424 miles
1119 392 1341 435 expeditiones
1381 393 1419 424 ab
1463 392 1654 425 officialibus
1689 402 1724 425 ac

987 443 1187 475 administris
1213 444 1386 486 pontificiis
1405 444 1498 487 dirigi
1526 455 1655 488 semper
1671 445 1725 477 de-

986 496 1102 528 berent
1143 496 1250 528 abbati
1291 507 1350 539 pro
1387 503 1534 541 tempore
1576 497 1724 530 existenti

988 547 1145 590 praedicti
1168 549 1355 581 monasterii
1374 548 1585 590 Cassinensis,
1608 550 1672 582 sive
1694 560 1725 583 e·

987 600 1036 632 ius
1062 600 1180 633 vicario
1207 601 1238 632 in
1264 602 1487 644 spiritualibus
1512 602 1667 644 generali,
1694 608 1725 636 et

987 663 1051 684 non
1078 653 1180 692 alteri,
1218 659 1313 696 prout
1349 654 1380 686 in
1418 654 1562 686 eiusdem
1605 654 1723 686 Urbani

986 705 1246 747 praedecessoris
1272 705 1388 739 litteris
1421 706 1453 738 in
1488 707 1591 738 forma
1617 707 1723 739 Brevis

987 757 1145 799 expeditis
1179 758 1309 790 uberius
1347 758 1543 797 continetur,
1585 769 1721 801 quorum

987 814 1079 841 tenor
1104 814 1152 841 est
1177 810 1231 852 qui
1258 810 1414 853 sequitur,
1441 810 1607 843 videlicet:

1727 187 1776 212 An.
1796 187 1823 212 ⁴2.
1850 186 1918 213 1725

205 861 336 894 decreta
361 860 507 893 ciusdem
534 860 689 901 Concilii,
716 860 799 893 dicta
835 866 942 893 aucto-

205 913 309 953 ritate,
332 919 444 947 tenore
469 914 700 957 praesentium,
721 914 939 946 concedimus.

206 966 426 999 Decernentes
455 977 489 999 ex
521 977 607 999 nunc
633 966 759 998 irritum
791 972 820 999 et
846 967 940 1000 inane

206 1019 230 1051 si
257 1010 349 1052 secus
382 1030 482 1062 super
511 1019 561 1051 his
585 1030 601 1051 a
627 1030 803 1063 quoquam,
831 1020 941 1062 quavis

1791 875 1917 895 Constitutio

1033 859 1179 893 Urbanus
1193 862 1287 905 Papa
1309 861 1397 902 t'JIJ,
1413 862 1454 894 cul
1468 867 1659 905 perpetuam
1677 863 1725 895 rei
1864 903 1867 906 ἢ

987 914 1185 946 memoriam.
1213 914 1335 957 Exponi
1356 915 1448 948 nobis
1467 926 1569 958 nuper
1595 901 1918 953 fecitdi-Rl‘llli‘lffssklij

987 967 1091 998 lectus
1108 966 1191 999 silius
1219 967 1317 999 abbas
1343 968 1530 1000 monasterii
1557 954 1917 1004 Cassinen-lsslfulpsllifllii-'ss's

986 1019 1028 1051 sis
1048 1046 1055 1059 ,
1095 1019 1213 1052 nullius
1247 1020 1422 1060 dioecesis,
1457 1020 1640 1064 provinciae
1668 1006 1918 1078 Ca-iiihffigilgi‘issii‘tiiil

1735 1064 1773 1083 rigi
1805 1064 1815 1078 e
1833 1064 1900 1080 oren.

50 2401 145 2428 Epitome
158 2407 193 2423 ¹0-

11 2429 94 2454 quentis
117 2430 192 2450 comti-

11 2455 98 2474 tutionis
126 2456 190 2478 Urba-

11 2480 32 2502 ni
49 2480 99 2503 vttl.

205 1071 397 1104 auctoritate
418 1098 425 1111 ‚
462 1072 605 1104 scienter
643 1072 691 1104 vel
724 1073 939 1114 ignoranter,

204 1123 378 1166 contigerit
394 1124 555 1156 attentari.
571 1123 638 1156 Non
654 1124 858 1157 obstantibus
875 1124 941 1168 qui-

203 1176 313 1209 busvis
349 1176 633 1209 constitutionibus
670 1182 702 1209 et
730 1177 941 1210 ordinationi-

203 1230 263 1263 bus
284 1229 485 1273 apostolicis,
506 1229 683 1272 privilegiis
714 1241 867 1273 quoque,
893 1230 941 1263 in-

205 1282 302 1316 dultis
337 1286 367 1316 et
398 1282 512 1315 litteris
544 1283 753 1326 apostolicis,
780 1284 837 1316 sub
863 1284 937 1326 qui-

204 1337 404 1379 buscumque
420 1335 586 1368 tenoribus
607 1341 637 1368 et
657 1336 780 1374 formis,
801 1341 832 1368 et
850 1335 939 1368 aliis¹

204 1388 235 1421 in
262 1387 457 1421 contrarium
489 1388 738 1431 quomodolibet
769 1389 939 1429 concessis,

205 1440 392 1485 approbatis
418 1446 450 1473 et
476 1440 656 1481 innovatis;
691 1441 809 1484 quibus
840 1441 941 1473 omni-

205 1495 273 1535 bus,
300 1494 425 1527 etiamsi
462 1495 501 1526 de
533 1494 596 1527 illis
632 1495 782 1538 specialis
818 1494 939 1527 mentio

204 1547 354 1580 habenda
381 1548 473 1588 soret,
502 1548 565 1580 illis
590 1548 668 1580 alias
694 1548 724 1580 in
746 1559 804 1581 suo
824 1549 939 1581 robore

203 1600 433 1643 permansuris,
453 1600 513 1634 hae
539 1601 607 1633 vice
630 1601 802 1641 dumtaxat,
820 1602 940 1645 specia-

203 1653 278 1687 liter
302 1659 332 1686 et
357 1664 507 1697 expresse
529 1655 733 1697 derogamus;
756 1655 939 1699 ceterisque

204 1706 375 1740 contrariis
419 1706 691 1750 quibuscumque.
737 1707 821 1742 Nulli
861 1719 940 1751 ergo

203 1759 339 1793 omnino
364 1759 532 1792 hominum
558 1760 655 1793 liceat
680 1761 764 1793 hanc
790 1761 940 1804 paginam

203 1818 335 1845 nostrae
350 1812 570 1852 absolutionis,
589 1814 846 1856 approbationis,
866 1825 940 1847 con·

204 1865 416 1905 firmationis,
456 1865 668 1907 adiectionis,
714 1867 940 1911 suppletionis,

204 1918 436 1957 concessionis,
463 1918 584 1951 decreti
606 1924 636 1951 et
657 1919 875 1962 derogationis
894 1921 940 1953 in-

205 1971 366 2013 fringere,
403 1972 453 2004 vel
487 1971 515 2004 ei
549 1983 628 2004 ausu
661 1972 833 2005 temerario
865 1984 940 2006 con-

205 2024 320 2064 traire;
337 2024 361 2057 si
376 2024 447 2067 quis
470 2030 577 2057 autem
596 2025 658 2057 boc
675 2031 835 2058 attentare
851 2037 942 2069 prae-

203 2077 394 2121 sumpserit,
426 2078 683 2120 indignationem
708 2079 942 2122 omnipotentis

203 2130 259 2163 Dei
285 2141 321 2163 ac
346 2130 513 2163 beatorum
540 2132 623 2164 Petri
650 2137 681 2164 et
706 2132 794 2165 Pauli
813 2138 942 2175 aposto-

203 2184 310 2216 lorum
339 2183 406 2216 eius
431 2194 465 2218 se
491 2185 619 2218 noverit
644 2185 866 2219 incursurum.

238 2245 335 2272 Datum
356 2245 470 2280 Romae,
491 2246 561 2281 apud
582 2246 609 2272 S.
628 2246 745 2280 Petrum,
763 2255 833 2273 auno
850 2248 941 2274 Incar-

203 2290 318 2317 nationis
333 2290 482 2316 dominicae
498 2296 642 2324 MDLxxxlx,
660 2299 674 2316 x
691 2290 820 2317 kalendas
841 2291 939 2323 martii,

203 2334 376 2370 pontificatus
395 2333 480 2361 nostri
501 2342 571 2361 anno
591 2342 617 2361 κ’,

247 2397 301 2437 Ac,
322 2396 480 2429 eiusmodi
505 2396 734 2429 iurisdictionis
756 2396 847 2438 quasi
873 2396 940 2439 epi-

203 2449 340 2492 scopalis
371 2448 510 2488 intuitu,
542 2449 735 2481 recolendae
765 2449 939 2481 memoriae

203 2501 351 2535 Urbanus
375 2502 460 2545 Papa
484 2501 556 2541 Vlll,
582 2501 819 2544 praedecessor
844 2501 939 2534 etiam

239 2564 250 2590 1
274 2562 366 2590 Potius
385 2561 445 2597 lege
465 2562 538 2589 alias
558 2570 606 2597 pro
627 2562 696 2588 aliis
716 2564 754 2605 (a.
770 2561 818 2596 τ.).

291 2615 372 2643 Bull.
392 2616 475 2643 Rom.
503 2632 521 2634 —
554 2615 612 2643 1⁷01.
634 2614 726 2643 XXII.
870 2614 904 2642 30

986 1082 1127 1114 puanae,
1153 1072 1281 1105 Ordinis
1302 1073 1402 1105 sancti
1429 1073 1592 1106 Benedicti
1622 1074 1723 1116 (quod

986 1123 1085 1157 alias¹
1104 1125 1205 1157 felicis
1226 1126 1462 1158 recordationis
1477 1125 1564 1159 Sixto
1582 1126 1686 1169 Papae
1702 1126 1723 1158 V

986 1177 1230 1220 praedecessori
1250 1185 1360 1211 nostro
1378 1189 1436 1222 pro
1453 1185 1544 1222 parte
1564 1184 1638 1212 tunc
1659 1180 1723 1212 exi-

986 1230 1098 1262 stentis
1111 1230 1120 1246 ²
1138 1231 1263 1264 abbatis
1282 1237 1313 1264 et
1333 1238 1508 1264 conventus
1536 1233 1723 1265 monasterii

987 1283 1171 1315 huiusmodi
1198 1284 1379 1327 expositum
1407 1285 1464 1316 suit
1491 1285 1576 1328 quod
1604 1285 1723 1318 dictum

987 1336 1222 1368 monasterium
1238 1347 1295 1379 per
1307 1337 1449 1369 diversos
1465 1337 1627 1370 Romanos
1646 1337 1723 1369 Pou-

987 1388 1087 1420 titices
1113 1389 1208 1421 etiam
1234 1395 1363 1422 nostros
1390 1395 1464 1422 tunc
1490 1401 1563 1423 suos
1589 1391 1724 1433 praede-

986 1451 1132 1474 cessores
1157 1442 1266 1475 multis
1292 1448 1323 1475 et
1349 1443 1443 1475 variis
1470 1442 1600 1485 gratiis,
1627 1443 1724 1475 sacul-

987 1494 1123 1534 tatibus‚
1148 1494 1371 1535 libertatibus,
1410 1495 1668 1528 immunitatibus
1694 1501 1725 1528 et

986 1546 1117 1579 indultis
1135 1548 1330 1579 cumulatum
1349 1553 1377 1579 et
1395 1548 1581 1580 decoratum
1611 1547 1721 1585 suerat,

985 1599 1138 1643 illiusque
1175 1601 1274 1633 abbas
1312 1611 1371 1643 pro
1398 1606 1543 1643 tempore
1583 1600 1724 1634 existens

985 1653 1106 1685 nemini
1133 1653 1274 1692 suberat,
1301 1654 1355 1685 sed
1383 1654 1601 1686 omnimodam
1629 1654 1724 1686 iuris<

985 1705 1157 1738 dictionem
1183 1706 1403 1749 episcopalem
1424 1717 1458 1739 ac
1479 1707 1645 1750 proprium
1666 1712 1724 1740 ter-

986 1759 1131 1792 ritorium
1158 1764 1187 1792 et
1221 1759 1267 1792 ius
1304 1759 1523 1802 congregandi
1563 1760 1723 1803 synodum

986 1811 1134 1851 babebat,
1160 1817 1255 1854 prout
1276 1812 1362 1844 illam
1390 1822 1607 1854 congregasse
1634 1817 1665 1844 et
1690 1811 1721 1843 iu

986 1865 1022 1896 ea
1049 1865 1283 1897 examinatores
1309 1865 1457 1907 elegisse,
1479 1875 1513 1896 ac
1532 1875 1628 1908 posse
1648 1876 1722 1897 con-

986 1927 1112 1949 cursum
1131 1917 1307 1956 instituere,
1327 1917 1524 1957 examinare,
1542 1917 1721 1960 approbare

985 1981 1181 2003 oeconomos
1207 1971 1374 2014 deputare,
1401 1981 1527 2003 necnon
1546 1980 1722 2003 sacramen-

987 2028 1052 2055 tum
1078 2023 1270 2057 Cbrismatis
1300 2022 1486 2063 contulisse,
1513 2034 1549 2055 ac
1574 2023 1721 2055 commis-

985 2076 1092 2109 siones
1127 2076 1302 2119 gratiarum
1328 2076 1580 2118 apostolicarum
1607 2086 1723 2108 execu-

986 2130 1064 2162 tioni
1091 2130 1304 2162 demandasse
1336 2130 1520 2169 constabat,
1553 2129 1639 2161 iuxta
1667 2129 1722 2162 dc-

985 2184 1195 2216 claratiouem
1229 2188 1302 2215 tunc
1326 2182 1534 2215 existentium
1562 2181 1592 2214 S.
1617 2182 1654 2214 R.
1684 2182 1717 2214 Ε.

985 2235 1195 2268 cardinalium
1230 2235 1372 2268 Concilio
1399 2234 1586 2268 Tridentino
1623 2235 1722 2267 inter-

985 2289 1142 2331 pretando
1168 2288 1406 2331 praefectorum
1433 2287 1571 2330 desuper
1593 2287 1720 2330 saetam)

985 2342 1069 2374 idem
1101 2340 1207 2373 Sixtus
1243 2340 1486 2384 praedecessor,
1513 2340 1719 2383 supplicatio-

985 2394 1077 2426 nibus
1113 2393 1238 2425 abbatis
1265 2398 1295 2426 et
1331 2398 1511 2425 conventus
1538 2393 1721 2436 praedicto-

985 2457 1056 2479 rum
1082 2446 1265 2486 inclinatus,
1283 2446 1390 2478 omnia
1416 2451 1448 2478 et
1472 2445 1600 2488 singula
1627 2446 1721 2488 privi-

1020 2518 1028 2542 l
1044 2515 1137 2550 Potius
1148 2524 1213 2541 cum
1224 2516 1333 2543 alitis...
1343 2515 1506 2550 expositum
1516 2517 1656 2550 fueritin.
1671 2515 1720 2550 T.).

1017 2560 1032 2587 2
1052 2560 1122 2588 Male
1143 2559 1207 2587 edit.
1230 2559 1307 2587 tttain.
1329 2559 1394 2595 legit
1412 2559 1549 2588 existenti
1566 2560 1604 2594 (a,
1628 2558 1676 2593 T.).
