2170 3147
227 224 275 250 An.
291 223 319 250 c.
344 223 411 250 1726
456 214 521 249 398

233 1619 344 1641 clausulae
356 1620 379 1641 iri
386 1620 403 1641 i-

219 1647 296 1667 tames.

244 2363 328 2384 (lantrat
336 2364 401 2384 inrum

219 2390 337 2415 derogatio.

424 274 613 316 quendum,
642 275 755 308 harum
789 275 874 307 serie
900 276 1107 309 absolventes
1133 281 1165 308 et

422 326 590 360 absolutas
636 327 703 360 sore
752 334 924 361 censentes
945 356 952 369 ‚
993 329 1163 372 supplica—

423 380 568 413 tionibus
597 381 784 414 buiusmodi
812 382 981 422 inclinati,
1005 383 1043 415 de
1069 393 1164 416 vene-

421 433 575 465 rabilium
612 434 746 467 fratrum
785 441 970 468 nostrorum
1002 436 1033 469 S.
1062 436 1097 469 R.
1125 436 1159 468 E.

421 485 636 519 cardinalium
656 487 795 530 negotiis
815 493 846 521 et
866 488 1163 522 consultationibus

421 539 653 583 episcoporum
676 547 707 573 et
732 542 930 583 regularium
956 542 1163 586 praeposito—

420 602 501 632 rum,
518 592 572 635 qui
588 593 782 627 relationem
799 594 909 627 dilecti
936 595 992 628 tilii
1012 595 1160 628 moderni
1182 603 1184 616 ³

418 646 647 688 procuratoris
666 647 828 689 generalis
856 648 961 681 dictae
980 648 1163 691 congrega-

419 699 516 733 tionis
548 699 800 734 Vallisoletanae
835 712 934 744 super
970 702 1161 745 praemissis

419 752 541 785 eisdem
561 753 782 786 cardinalibus
802 754 917 787 saetam
937 755 1159 795 attenderunt⁷

418 806 574 845 consilio,
601 808 793 840 eorumdem
827 808 1061 851 exponentium
1088 820 1161 851 pre-

418 859 509 893 cibus
535 860 723 893 enunciatas
759 861 839 893 duas
873 861 1078 894 visitationes
1107 873 1161 904 ge-

418 914 546 946 nerales
564 924 624 956 per
639 914 892 947 constitutiones
917 914 1047 947 Ordinis
1070 925 1161 957 prae-

417 967 566 1010 scriptas
592 973 622 1000 et
648 978 664 999 a
690 968 902 1010 generalibus
941 968 1160 1011 personaliter

417 1020 501 1053 int'ra
516 1020 768 1064 quadriennium
781 1022 995 1064 peragendas,
1007 1022 1045 1054 ad
1062 1032 1158 1054 uuam

417 1074 583 1107 dumtaxat
608 1075 817 1117 generalem,
853 1075 1027 1108 dummodo
1054 1086 1155 1117 gene-

417 1128 494 1160 ralis
516 1127 694 1170 impeditus
720 1137 784 1160 non
811 1127 860 1168 sit,
887 1132 918 1160 et
944 1128 1078 1160 alteram
1109 1129 1157 1161 vel

416 1182 536 1214 alteras
575 1181 852 1214 extraordinarias
890 1181 929 1214 ad
968 1181 1036 1214 eius
1073 1182 1158 1214 arbi-

418 1235 514 1268 trium
541 1246 657 1279 perse
695 1236 744 1268 vel
782 1246 857 1268 suos
892 1235 1157 1275 commissarios,

415 1288 440 1322 si
467 1287 641 1322 necessitas
676 1288 804 1331 exigat,
832 1288 1043 1328 reducendo,
1070 1289 1157 1320 iuxta

414 1342 541 1386 petita,
580 1343 774 1375 auctoritate
806 1342 1008 1385 apostolica,
1045 1348 1157 1375 tenore

415 1397 652 1440 praesentium,
679 1397 899 1439 indulgemus,
927 1402 959 1429 et
984 1396 1028 1430 sic
1054 1396 1158 1439 impo—

414 1455 535 1483 sterum
563 1451 687 1484 servari
714 1452 918 1493 mandamus,
945 1453 1157 1485 salvatamen

414 1514 544 1547 semper
570 1504 601 1537 in
629 1505 818 1547 praemissis
854 1506 1049 1538 auctoritate.
1076 1505 1158 1538 Con-

415 1558 616 1600 gregatiouis
645 1558 836 1591 eorumdem
862 1559 1090 1592 cardinalium.

458 1610 473 1653 ξ
497 1610 528 1643 6.
553 1610 787 1650 Decernentes‚
810 1611 939 1644 easdem
967 1619 1157 1654 praesentes
1179 1611 1181 1632 ³

413 1663 536 1697 litteras
574 1675 706 1708 semper
738 1663 858 1705 sirmas,
892 1665 1012 1698 validas
1038 1670 1070 1698 et
1094 1666 1181 1699 effi-·

413 1728 504 1751 caces
531 1717 670 1751 existere
689 1724 720 1750 et
738 1719 817 1759 sore,
833 1729 975 1762 suosque
993 1719 1160 1762 plenarios

413 1775 444 1803 et
468 1770 614 1813 integros
639 1771 771 1804 ell'eetus
797 1772 907 1804 sortiri
933 1777 965 1805 et
989 1772 1157 1813 obtinere,

413 1834 449 1857 ae
475 1824 551 1863 illis,
571 1824 609 1857 ad
630 1835 710 1868 quos
732 1829 857 1868 spectat
880 1831 910 1858 et
930 1837 990 1869 pro
1011 1831 1158 1870 tempore

414 1878 596 1921 spectabit,
634 1879 826 1922 plenissime
852 1879 1020 1922 suffragari
1056 1885 1087 1913 et
1118 1881 1157 1913 ab

414 1931 460 1964 eis
484 1933 666 1975 respective
704 1932 941 1966 iuviolabiliter
966 1934 1156 1974 observari,

414 1985 526 2028 sicque
553 1987 585 2018 in
612 1986 804 2029 praemissis
841 1997 898 2030 per
935 1997 1158 2031 quoscumque

414 2038 539 2072 iudices
567 2040 751 2073 ordinarios
778 2045 810 2073 ct
835 2040 1022 2083 delegatos,
1061 2041 1157 2074 etiam

411 2102 581 2125 causarum
617 2093 730 2136 palatii
763 2094 937 2136 apostolici
969 2095 1156 2135 auditores,

414 2146 551 2179 iudicari
578 2152 609 2179 et
635 2146 765 2180 definiri
792 2147 931 2187 debere,
960 2159 995 2181 ac
1026 2148 1156 2182 irritum

414 2204 445 2231 ct
470 2199 564 2232 inane
587 2200 612 2232 si
639 2210 730 2233 secus
751 2210 852 2243 super
870 2201 920 2234 his
939 2212 955 2233 a
974 2212 1156 2245 quoquam,

414 2253 526 2296 quavis
552 2253 770 2293 auctoritate,
806 2254 949 2288 scienter
985 2256 1032 2288 rel
1067 2256 1179 2299 igno-¹

413 2311 535 2346 muter,
562 2306 735 2349 contigerit
760 2308 924 2341 attentari.

497 2358 526 2393 7.
555 2360 624 2393 Non
651 2361 858 2394 obstantibus
908 2362 1070 2395 raemissis
1121 2372 1179 2396 ac*

456 2360 471 2404 ἓ
884 2372 903 2405 p
1081 2390 1087 2404 ³
1176 2401 1178 2425 s
1199 2414 1360 2441 electionem
1381 2413 1488 2441 abbatis
1517 2414 1574 2441 lieri
1595 2422 1610 2441 a
1630 2415 1773 2442 monacbis
1796 2414 1860 2442 dicti
1881 2423 1940 2442 mo-

413 2412 702 2446 eonstitutiouibus
737 2420 768 2447 et
792 2414 1056 2448 ordinationibus
1082 2427 1156 2459 apo-

414 2465 548 2505 stolicis,
562 2475 597 2497 ac
616 2465 720 2498 dictae
735 2466 1005 2509 Congregationis
1021 2467 1156 2501 Valliso-

413 2517 553 2557 letanae,
579 2517 674 2550 etiam
689 2518 883 2558 iuramento,
906 2520 1154 2554 confirmatione

414 2571 601 2614 apostolica,
629 2572 677 2603 vel
704 2571 814 2614 quavis
840 2571 991 2605 firmitate
1017 2573 1080 2606 alia
1105 2585 1156 2607 ro-

412 2623 557 2666 boratis,
598 2623 725 2656 statutis
768 2629 799 2656 et
835 2626 1151 2669 consuetudinibus,

1009 227 1191 251 eumanum
1218 227 1374 252 Romnum
1953 232 2003 258 An.
2024 231 2054 259 C.
2072 233 2138 261 1726

1208 277 1387 319 privilegiis
1414 289 1567 322 queque,
1593 279 1729 313 indultis
1763 285 1794 313 et
1829 279 1948 314 litteris

1207 331 1394 374 apostolicis
1413 332 1443 364 in
1464 334 1665 366 contrarium
1688 334 1946 376 praemissorum

1207 384 1451 425 quomodolibet
1477 386 1656 426 concessis,
1693 387 1890 420 confirmatis
1917 392 1949 420 et

1208 435 1386 477 innovatis3
1412 438 1528 481 quibus
1566 440 1716 472 omnibus
1742 446 1772 472 et
1796 439 1954 482 singuliss

1206 488 1336 522 illorum
1365 496 1496 524 tenores
1523 493 1752 534 praesentibus
1775 503 1833 535 pro
1852 493 1950 536 plene

1206 549 1235 576 et
1261 544 1459 578 sufficienter
1485 546 1646 589 expressis
1680 557 1716 578 ae
1746 547 1786 579 ad
1812 547 1948 579 verbum

1207 597 1334 630 insertis
1361 598 1537 639 habentes,
1564 599 1627 632 illis
1654 599 1733 632 alias
1758 599 1790 632 in
1817 609 1874 633 suo
1901 610 1949 634 ro-

1206 650 1284 683 bore
1327 652 1546 694 permansuris
1565 679 1572 693 ,
1613 653 1653 685 ad
1693 652 1948 695 praemissorum

1205 703 1363 744 effectum,
1384 705 1445 737 bac
1466 705 1535 738 vice
1562 705 1738 746 dumtaxat,
1759 705 1949 750 specialiter

1205 762 1236 789 et
1255 768 1409 800 expresse
1436 758 1646 800 derogamus;
1667 759 1852 802 ceterisque
1870 770 1950 793 con-

1206 809 1314 842 trariis
1340 810 1614 854 quibuscumque.

1247 862 1362 895 Datum
1397 863 1539 903 Romae,
1568 864 1652 906 apud
1679 864 1710 897 S.
1733 865 1865 898 Mariam
1887 865 1950 898 Ma-

1203 915 1317 956 iorem,
1348 916 1409 948 sub
1444 917 1568 950 annulo
1606 917 1795 958 piscatoris,
1822 917 1874 951 die
1897 928 1948 951 xix

1203 969 1332 1011 augusti
1376 979 1554 1010 MMCXXVI,
1596 969 1804 1013 pontificatus
1845 970 1947 1004 nostri

1203 1033 1287 1056 anno
1313 1033 1362 1057 111.

1240 1085 1298 1112 bat.
1321 1085 1364 1113 die
1388 1087 1418 1114 19
1440 1086 1546 1121 augusti
1571 1087 1648 1120 ¹796,
1671 1087 1765 1122 pontif.
1789 1095 1868 1114 anno.
1890 1095 1929 1116 ιιι.

1513 1231 1638 1264 CXLIV.

1201 1310 1369 1343 Statuitur
1393 1315 1429 1343 ut
1457 1310 1568 1344 electio
1601 1310 1727 1343 abbatis
1761 1311 1950 1344 monasterii

1246 1363 1283 1395 de
1307 1363 1414 1396 Monte
1438 1363 1567 1396 Serrato
1592 1365 1826 1397 monachorum
1853 1364 1949 1398 Ordi-

1246 1418 1298 1448 πίε
1322 1417 1355 1450 S.
1383 1416 1551 1450 Benedicti
1578 1417 1849 1460 Conqreyatianis
1873 1417 1948 1450 Vat-

1247 1470 1439 1503 tz'soletanae
1463 1472 1499 1503 in
1521 1476 1686 1514 posterum
1709 1474 1889 1514 peragatur
1912 1471 1948 1504 in

1247 1524 1390 1567 capitulo
1415 1525 1565 1567 (fenerati
1590 1524 1731 1557 eiusdem
1765 1527 1948 1567 (¹0nyre9a-

1248 1578 1346 1611 tionis
1360 1576 1380 1611 ¹.

1378 1657 1561 1685 Benedictus
1583 1659 1662 1692 Papa
1682 1659 1767 1691 xm,

1316 1703 1352 1730 ad
1373 1705 1551 1736 perpetuam
1573 1703 1619 1730 rei
1639 1703 1826 1730 memoriam.

1246 1773 1260 1816 ξ
1279 1772 1310 1805 1.
1332 1774 1418 1806 Alias
1436 1774 1593 1806 carissimi
1613 1774 1644 1806 iu
1663 1774 1790 1808 Christo
1812 1774 1868 1808 filii
1891 1784 1945 1809 no·
1981 1785 2138 1817 ritas-eiectio

1203 1827 1260 1860 stri
1279 1827 1423 1870 Philippi
1444 1827 1671 1871 Hispaniarum
1690 1828 1775 1871 regis
1789 1828 1943 1862 catholici
1954 1813 2058 1870 iiiatigffli
2070 1814 2140 1861 {¹⁶:322

1204 1880 1335 1914 uomiue
1373 1880 1476 1926 felicis
1515 1881 1753 1918 recordationis
1785 1881 1942 1915 Clementi
1954 1866 2139 1941 ΞιΞεΞιίἶῦἶῶῐῖΞῗίἓ

1203 1933 1261 1966 ΡΡ.
1291 1933 1329 1966 XI
1355 1934 1600 1976 praedecessori
1638 1941 1750 1968 nostro
1776 1935 1987 1978 expositum.

1203 1987 1290 2031 quod
1316 1998 1375 2030 per
1393 1988 1567 2030 quamdam
1585 1989 1793 2022 concordiam
1820 1989 1944 2022 dudum

1202 2042 1288 2074 inter
1307 2047 1382 2074 tunc
1404 2042 1578 2075 existentes
1601 2044 1790 2086 generalem
1809 2048 1839 2076 et
1860 2041 1942 2076 alios

1202 2095 1336 2128 abbates
1374 2106 1409 2128 ac
1447 2097 1634 2138 superiores
1671 2096 1943 2140 Congregationis

1201 2147 1232 2180 S.
1250 2148 1418 2181 Benedicti
1438 2148 1476 2181 de
1491 2147 1701 2182 Observantia
1715 2147 1943 2192 nuncupatae²

1202 2201 1232 2233 in
1261 2200 1370 2244 regnis
1389 2201 1620 2245 Hispaniarum
1634 2201 1666 2235 in
1684 2203 1826 2245 capitulo
1843 2212 1942 2246 gene-

1202 2254 1259 2287 rali
1286 2254 1390 2287 dictae
1406 2254 1676 2298 Congregationis
1702 2266 1787 2289 anno
1807 2265 1941 2290 MDvan

1237 2327 1246 2352 1
1271 2325 1308 2351 Ad
1331 2329 1454 2352 tenorem
1482 2326 1594 2359 regulae
1619 2326 1770 2360 Gregorius
1789 2325 1830 2353 XV
1851 2329 1941 2354 const.

1200 2369 1243 2396 ed.
1265 2376 1364 2396 atocxxt
1378 2391 1384 2403 ,
1406 2369 1448 2396 die
1469 2376 1486 2396 tt
1508 2370 1618 2405 aprilis,
1641 2370 1734 2405 pontif.
1766 2378 1793 2405 1,
1821 2370 1941 2398 decrevit

1199 2459 1329 2492 nasterii;
1351 2459 1475 2486 Clemens
1495 2467 1559 2486 vero
1580 2459 1624 2491 XI,
1646 2459 1678 2486 ad
1699 2459 1893 2486 monachorum
1913 2463 1940 2487 et

1198 2503 1314 2538 Philippi
1325 2503 1396 2538 regis
1409 2511 1515 2539 preces⁷
1525 2503 1637 2530 indulsit
1648 2507 1736 2531 const.
1748 2503 1792 2531 ed.
1804 2509 1938 2538 MDchvu,

1197 2547 1240 2574 die
1260 2554 1285 2574 tx
1306 2548 1415 2582 martii,
1446 2548 1544 2583 pontif.
1575 2555 1648 2581 xvu,
1678 2551 1706 2575 ut
1735 2547 1776 2575 bis
1805 2548 1881 2576 fieret
1911 2549 1938 2575 in

1197 2593 1315 2628 capitulo
1334 2593 1465 2627 generali.

1231 2638 1246 2664 ⁰2.
1267 2636 1339 2665 Edit.
1361 2636 1441 2666 Maia.
1464 2637 1530 2672 legit
1549 2638 1713 2673 nuncupati
1732 2644 1771 2673 tu.
1787 2640 1835 2673 T.).
