2170 3147
253 256 302 283 An.
324 258 352 283 n.
375 256 440 283 1728
487 248 550 280 0⁴]ss
1035 257 1213 280 unctantem

633 305 813 333 Benedictus
833 305 1008 338 episcopus,

626 358 735 377 servus
765 357 921 377 servorum
950 350 1014 384 Dei,

568 396 603 422 ad
626 397 801 428 perpetuam
823 394 868 421 rei
888 394 1069 421 memoriam.

496 467 651 498 Libenter
676 476 712 498 ea
739 465 850 507 largiri
874 470 1116 498 consueverunt
1132 466 1194 498 Ro-

451 519 535 552 mani
571 519 744 552 Pontifices
783 528 864 561 quac
896 529 1008 561 pacem
1035 524 1066 551 et
1102 530 1194 561 regu-

451 575 550 606 larem
577 572 818 605 observantiam
845 572 877 605 in
912 572 1074 615 religiosis
1102 572 1193 605 Ordi-

451 627 544 659 nibus
572 636 691 668 augere
718 631 882 668 possunt,
910 636 1060 669 quaeque
1082 625 1193 658 immu-

450 679 567 712 nitates
593 685 623 711 et
649 678 829 721 privilegia,
852 678 1043 711 eorumdem
1070 678 1193 711 meritis

450 739 479 766 et
516 733 688 765 virtutibus
715 732 758 765 ita
784 732 1008 775 exigentibus,
1037 742 1193 764 concessa

450 786 648 829 respiciunt,
670 790 703 817 ut
724 786 785 818 boc
804 792 898 829 pacto
917 785 1105 828 apostolicis
1123 795 1193 827 gra·

449 839 501 872 tiis
527 839 633 871 ornati
659 839 799 871 alacrius
826 839 856 871 iu
883 838 1015 871 assiduo
1031 838 1085 871 Dei
1105 840 1191 872 cultu

450 898 482 925 et
508 892 594 925 fideli
622 892 786 925 Ecclesiae
813 892 978 932 famulatu,
998 892 1061 924 Deo
1085 892 1191 933 dmin,

449 946 662 990 imposterum
689 951 918 989 perseverent.

494 1000 508 1041 g
534 999 564 1031 1.
592 999 702 1042 ltaque
728 998 805 1032 olim
830 1000 1016 1042 complures
1056 999 1190 1031 Romani

451 1052 625 1086 Pontifices
641 1052 913 1096 praedecessores
927 1053 1039 1091 nostri,
1055 1058 1191 1095 paterno

405 1095 631 1150 &apostolico
669 1106 879 1149 benignitatis
912 1106 1066 1139 instinctu
1100 1106 1192 1138 Ordi-

451 1170 525 1192 nem
552 1160 687 1191 fratrum
713 1159 930 1191 Eremitarum
956 1159 1056 1191 saneti
1091 1159 1193 1201 Augu-

450 1213 524 1245 stini
551 1213 772 1256 llipponensis
798 1211 941 1256 episcopi
974 1217 1006 1245 et
1030 1212 1191 1245 Ecclesiae

451 1265 608 1305 doctoris,
636 1265 786 1308 illiusque
802 1265 1009 1304 monasteria,
1028 1265 1191 1306 ecclesias,

451 1319 650 1362 provincias,
659 1318 773 1351 domus
785 1319 961 1361 regulares,
970 1318 1193 1361 congregatio-

449 1383 516 1410 nes,
536 1372 698 1414 grangias,
724 1372 880 1414 capellas,
893 1371 1031 1414 priores,
1046 1370 1192 1414 aliosque

450 1426 639 1469 superiores
666 1431 697 1458 et
724 1426 837 1458 fratres
862 1426 901 1457 ab
932 1426 1048 1458 eodem
1073 1425 1192 1458 Ordine

450 1480 702 1522 quomodolibet
717 1479 941 1521 dependentes
957 1478 1192 1521 multiplicibus

451 1533 658 1575 privilegiis,
685 1532 829 1571 indultis,
857 1532 983 1574 gratiis,
1012 1532 1193 1576 exen‘iptio-

450 1586 546 1618 nibus
564 1613 571 1626 ,
599 1585 867 1624 immunitatibus,
895 1585 1117 1627 indulgentiis,
1140 1586 1193 1618 ali-

450 1639 542 1682 isque
568 1639 836 1672 concessionibus
874 1649 933 1682 per
965 1639 1108 1672 diversas
1146 1640 1193 1672 in-

451 1693 636 1738 frascriptas
661 1704 734 1727 suas
760 1693 886 1726 litteras
911 1698 1070 1736 perpetuo
1097 1694 1193 1726 dcco-

450 1752 570 1786 rantes‚
592 1746 841 1780 beneficientiae
859 1757 935 1779 suae
963 1746 1057 1779 donis
1084 1757 1193 1779 cuniu-

450 1799 610 1832 laverunt.

495 1851 667 1884 Pontifices
692 1862 768 1884 vero
795 1851 983 1884 earumdem
1009 1851 1190 1885 litterarum

424 1893 603 1938 ¹'auctores
628 1905 661 1938 lii
695 1910 788 1946 sunt,
817 1915 955 1948 quorum
986 1904 1105 1937 seriem
1140 1904 1192 1937 liic

451 1958 585 1991 damus:

282 478 402 498 Exordium.

268 1009 280 1027 A
294 1008 438 1033 cumpluribus

264 1035 277 1051 ἰ
339 1041 354 1054 is
384 1036 439 1054 Ιίιιι-

281 2017 293 2033 s
377 2017 438 2037 MN·
494 2009 1192 2054 FelicisrecordationisGregoriusPapalX

451 2077 509 2109 per
547 2076 620 2098 suas
654 2065 850 2109 incipientes
885 2064 1100 2097 Sacroscmua
1135 2065 1193 2098 Ro-

451 2129 547 2150 mana
564 2118 724 2158 Ecclesia,
744 2117 902 2158 Laterani,
922 2122 985 2150 ete.
998 2143 1005 2157 ,
1030 2127 1058 2149 νι
1086 2118 1193 2150 kalen-

452 2171 508 2203 das
529 2171 729 2210 decembris,
752 2171 958 2214 pontificatus
984 2170 1032 2202 sui
1056 2181 1142 2204 anno
1162 2181 1191 2211 13

258 2228 297 2248 'tr-¹
322 2235 377 2249 00..
405 2223 659 2257 llllnnocentius
695 2224 779 2267 Papa
804 2224 839 2256 lv
872 2234 932 2267 per
967 2224 1123 2267 quasdam
1151 2224 1195 2256 in-

451 2277 612 2320 cipientes
648 2277 813 2317 Quoniam
845 2278 893 2309 ait
926 2277 1123 2320 Apostolus,
1158 2288 1194 2310 ac

451 2330 530 2362 alias
557 2330 752 2373 incipientes
776 2330 979 2373 Reli'gsiosam
1004 2330 1106 2362 vitam
1138 2329 1195 2362 eli-

450 2383 607 2423 (sentibus,
624 2383 783 2423 Laterani,
798 2393 826 2416 vt
842 2383 998 2416 kalendas
1013 2383 1097 2423 maii,
1112 2393 1195 2426 pon-

453 2435 586 2466 tificatus
612 2435 659 2467 sui
686 2445 771 2468 {inno
798 2446 830 2476 1,
857 2446 893 2468 ac
918 2446 976 2479 per
1001 2436 1080 2468 alias
1114 2435 1194 2468 inei-

452 2487 577 2530 pientes
595 2488 664 2526 Quu
680 2489 904 2531 eampostolied
921 2490 1010 2529 curti,
1028 2489 1192 2531 Lugduni,

452 2550 506 2573 xiu
534 2540 688 2573 kalendas
711 2541 795 2580 maii,
814 2541 959 2574 eiusdem
981 2542 1193 2584 pontificatus

451 2593 500 2625 sui
528 2603 613 2625 anno
641 2602 716 2632 vui,
743 2604 779 2625 ac
805 2604 863 2636 per
888 2595 967 2627 alias
993 2595 1115 2637 pariter
1145 2595 1193 2627 in-

451 2645 609 2689 cipientes
635 2644 797 2678 Admonet
821 2655 878 2678 uos
914 2657 1015 2685 cura,
1042 2647 1168 2680 Perusii
1185 2675 1192 2689 ,

1241 258 1395 281 licit-meu

1239 316 1300 339 xvii
1319 307 1474 339 kalendas
1490 307 1574 346 maii,
1594 306 1799 349 pontificatus
1815 306 1910 339 etiam
1927 306 1975 338 sui

1238 370 1323 393 anno
1347 370 1398 397 xm
1426 360 1607 392 Alexander
1632 360 1718 402 Papa
1743 359 1778 392 tv
1803 369 1862 402 per
1885 369 1977 403 quas-
2007 372 2165 398 Alexandnrtv.

1238 413 1310 445 dam
1335 412 1530 455 incipientes
1565 412 1762 455 Reliqi'osnm
1790 413 1889 445 vitam
1920 413 1978 446 eli-

1237 466 1397 507 {leiztz'ltzt8,
1414 465 1590 507 Anagniae,
1611 476 1645 498 ιιι
1666 466 1819 498 kalendas
1837 466 1978 508 augusti,

1238 524 1270 551 ct
1294 519 1371 551 alias
1397 518 1592 562 incipientes
1618 518 1747 557 Ouunlo
1777 519 1976 559 studiosius,

1237 571 1390 615 Neapoli,
1419 583 1474 605 xiu
1502 572 1656 604 kalendas
1681 571 1813 614 aprilis,
1839 582 1876 604 ac
1899 572 1978 605 alias

1239 625 1433 667 incipientes
1472 627 1551 656 sum
1588 635 1627 656 ea:
1662 625 1838 667 apostolica
1870 626 1975 665 curci,

1238 678 1413 719 Anagniae,
1437 688 1477 710 vu
1499 678 1653 710 kalendas
1672 677 1750 715 iulii,
1770 677 1977 720 pontificatus

1237 731 1284 763 sui
1311 742 1396 763 anno
1423 742 1456 769 ι,
1483 732 1630 774 aliasque
1658 731 1853 773 incipientes
1880 730 1919 764 Ut
1943 742 1978 763 eo

1235 784 1365 825 sortiti&
1387 784 1544 823 Laterani,
1561 784 1668 816 idibus
1686 784 1807 826 aprilis,
1827 795 1862 816 ac
1881 783 1978 817 ctiam

1236 837 1314 870 alias
1342 837 1536 880 incipientes
1575 837 1667 869 Vobis
1700 837 1852 877 assidue,
1880 837 1978 870 etiam

1236 891 1398 931 Laterani,
1426 902 1441 921 v
1468 890 1623 923 kalendas
1650 890 1737 931 maii,
1764 902 1801 923 ac
1827 891 1905 924 alias
1930 891 1979 924 in-

1236 943 1395 986 cipientes
1422 944 1575 977 Caelestis
1600 954 1694 976 amm·
1715 944 1856 987 patriae,
1880 945 1978 977 etiam

1237 997 1396 1037 Laterani,
1422 1008 1457 1030 ιιι
1485 997 1639 1030 kalendas
1665 997 1752 1037 niaii,
1774 997 1978 1040 pontificatus

1236 1051 1284 1082 sui
1312 1061 1397 1083 anno
1424 1061 1457 1090 ιι,
1485 1051 1629 1094 aliasque
1647 1050 1843 1093 incipientes
1860 1050 1979 1085 Oblata

1236 1102 1326 1135 nobis
1358 1113 1396 1135 eie
1430 1108 1523 1147 purte
1558 1103 1661 1135 vestivi
1693 1104 1830 1146 petitio,
1858 1103 1979 1147 pariter

1236 1156 1396 1195 Laterani,
1414 1166 1435 1190 ιι
1455 1156 1611 1189 kalendas
1633 1157 1719 1196 inaii,
1740 1167 1776 1189 ae
1800 1157 1878 1190 alias
1897 1158 1977 1191 inci-

1235 1210 1363 1252 pientes
1382 1210 1508 1242 Merilz's
1526 1214 1648 1243 cestrae
1671 1210 1854 1254 reliqionis,
1874 1211 1978 1244 Viter-

1236 1264 1303 1302 bii,
1330 1274 1363 1297 ιιι
1391 1263 1461 1296 idus
1487 1263 1583 1305 iunii,
1617 1262 1823 1307 pontificatus
1849 1265 1895 1297 sui
1922 1275 1978 1298 an-

1236 1328 1278 1350 no
1304 1328 1361 1356 ui,
1387 1317 1464 1350 item
1491 1317 1569 1350 alias
1596 1317 1788 1360 incipientes
1813 1318 1978 1351 inducunt

1236 1382 1309 1411 vos,
1339 1371 1434 1403 etiam
1463 1371 1607 1412 Viterbii,
1628 1372 1722 1404 nonis
1749 1371 1828 1410 iulii,
1847 1372 1978 1416 pontifi-

1236 1431 1325 1457 catus
1341 1425 1389 1457 sui
1409 1436 1493 1458 auno
1509 1435 1549 1465 iv,
1567 1435 1639 1457 cum
1656 1425 1727 1458 aliis
1745 1425 1978 1469 incipientibus

1241 1477 1332 1510 Vilue
1346 1479 1498 1521 perennis
1525 1479 1644 1521 yloria,
1671 1479 1850 1522 Anagniae,
1869 1479 1977 1513 idibus

1237 1532 1316 1573 iulii,
1344 1531 1551 1574 pontificatus
1577 1533 1625 1565 sui
1652 1543 1736 1566 anno
1762 1544 1802 1573 v;
1829 1525 1978 1567 Clemens

1237 1585 1322 1628 Papa
1344 1585 1378 1617 lv
1404 1585 1499 1618 etiam
1527 1597 1584 1629 per
1608 1587 1765 1630 (piasdam
1785 1586 1980 1630 incipientes

1236 1638 1422 1671 Det-olienis
1447 1644 1632 1682 augmento,
1659 1640 1800 1681 Perusii,
1823 1652 1840 1674 x
1865 1641 1979 1673 kalen-

1237 1692 1292 1725 das
1315 1692 1394 1734 iulii,
1422 1692 1631 1736 pontificatus
1653 1693 1700 1726 sui
1719 1704 1806 1727 anno
1833 1705 1862 1735 1,
1890 1693 1980 1727 alias-

1237 1756 1300 1789 que
1326 1745 1523 1789 incipientes
1549 1747 1646 1779 Pacis
1670 1750 1794 1779 vestrae
1817 1757 1980 1791 quaeren-

1238 1803 1290 1838 tes,
1316 1798 1465 1839 Viterbii,
1484 1799 1589 1832 vidus
1616 1799 1708 1839 iulii,
1730 1800 1875 1844 aliasque
1900 1800 1981 1833 inci-

1237 1851 1363 1894 pientes
1391 1851 1558 1891 Ouusdam
1584 1852 1728 1891 litteras,
1757 1852 1853 1885 etiam
1881 1853 1981 1886 Vitcr-

1237 1904 1289 1944 bii,
1309 1905 1415 1937 idibus
1434 1905 1512 1944 iulii,
1532 1905 1740 1948 pontificatus
1766 1906 1814 1938 sui
1836 1917 1920 1940 anno
1940 1918 1979 1947 u;

1238 1957 1399 1990 Honorius
1425 1958 1511 2000 l’apa
1536 1958 1572 1989 lv
1602 1958 1698 1991 etiam
1729 1969 1787 2002 per
1820 1960 1980 2003 quasdam

1237 2010 1431 2054 incipientes
1445 2011 1512 2043 Pro
1528 2013 1708 2044 rei-eremiti
1726 2012 1765 2045 B.
1786 2012 1980 2056 Auyuslim‘,

1238 2064 1359 2098 Romae
1393 2064 1479 2107 apud
1516 2064 1548 2097 S.
1575 2064 1749 2105 Sabinam,
1774 2076 1791 2099 x
1824 2066 1980 2100 kalendas

1238 2117 1329 2157 iunii,
1356 2116 1562 2160 pontificatus
1582 2117 1629 2150 sui
1649 2128 1736 2151 anno
1763 2128 1805 2157 ιι;
1832 2118 1982 2152 Caelesti·

1238 2181 1298 2202 nus
1325 2170 1411 2212 Papa
1435 2169 1457 2201 V
1483 2170 1579 2203 etiarn
1617 2181 1677 2213 per
1709 2171 1864 2214 quasdam
1897 2171 1981 2204 inci-

1239 2223 1366 2266 pientes
1392 2223 1473 2256 Cum
1497 2223 1658 2256 sollicitae
1687 2223 1979 2264 considerationis,

1238 2276 1382 2320 Neapoli,
1404 2286 1421 2309 v
1440 2276 1595 2309 kalendas
1622 2276 1815 2318 decembris,
1835 2277 1981 2321 aliasque

1238 2330 1433 2373 incipientes
1448 2330 1498 2363 Er
1509 2333 1603 2373 parte
1617 2329 1810 2362 dilectorum
1823 2329 1980 2372 filiorum,

1239 2384 1316 2415 item
1341 2382 1490 2425 Neapoli,
1516 2382 1612 2415 nonis
1632 2381 1827 2423 decembris,
1853 2381 1982 2426 pontifi-

1239 2441 1328 2469 catus
1353 2435 1401 2468 sui
1429 2446 1514 2469 anno
1539 2445 1571 2475 ι;
1610 2435 1784 2469 tonisacius
1802 2435 1887 2478 Papa
1903 2435 2170 2476 Vlanonisaeiust'tll

1239 2489 1334 2522 etiam
1368 2500 1428 2533 per
1463 2490 1620 2532 quasdam
1661 2488 1857 2533 incipientes
1887 2488 1984 2522 Sacer

1240 2542 1325 2575 Ordo
1351 2547 1468 2583 vester,
1496 2541 1665 2582 Laterani,
1691 2552 1736 2576 xii
1762 2540 1918 2574 kalendas
1938 2541 1983 2574 fe-

1238 2596 1377 2636 bruarii,
1403 2594 1609 2639 pontificatus
1630 2595 1677 2628 sai
1706 2604 1791 2627 anno
1816 2604 1862 2634 ιν,
1888 2594 1982 2627 alias-

1238 2658 1299 2691 que
1325 2648 1522 2692 incipientes
1546 2647 1638 2681 Inter
1661 2645 1901 2680 sollicitudines
1928 2656 1981 2680 uo·

1985 258 2033 284 An.
2050 258 2077 285 C.
2100 259 2165 289 ¹728

2017 1539 2112 1561 Clemens
2126 1539 2159 1561 IV.

2018 1963 2123 1985 lli—nerins
2137 1962 2169 1985 lv.

2005 2124 2134 2146 Caelestinus
2149 2123 2170 2144 V.
