2170 3147
0 284 42 312 tn.
61 283 90 311 C.
110 282 174 311 1727

51 660 172 681 Examuniur

0 687 94 707 ›faed-cu
132 686 172 706 sra-

1 720 32 734 res
41 714 103 733 etiam
111 719 123 732 a
138 719 171 732 ca·

0 741 67 760 ionica
110 744 171 764 quatu

0 767 62 787 licuut
70 767 172 792 portione.

789 281 983 307 BENEDIC'I'US
1009 283 1066 308 XIII
1090 284 1138 308 Pr.

183 332 334 370 fratrum,
360 342 496 375 quorum
527 331 715 365 omnimoda
741 331 779 365 de
805 336 916 365 cetero

183 384 363 417 iurisdictio
390 385 421 416 in
447 384 589 428 propriis
616 385 764 417 ecclesiis
783 386 869 417 salva
889 391 920 417 et

183 438 293 470 illaesa
312 443 517 477 remaneant,
536 437 649 480 eique¹
670 438 794 469 nullum
814 438 920 479 imagi-

182 491 287 524 nabile
306 491 540 534 praeiudicium
559 501 617 533 per
635 490 824 523 huiusmodi
847 502 921 534 par-

182 544 330 577 ticulares
350 549 380 576 et
399 544 529 576 sratrum
549 544 749 576 voluntarios
777 549 865 576 actus
882 545 921 576 ir-

182 602 330 639 rogatnm
356 598 422 629 ullo
450 603 595 640 tempore
621 602 803 629 censeatur.

226 650 241 693 ἓ
265 649 319 682 46.
347 649 489 682 Ulterius
515 649 601 682 circa
635 649 878 692 exemptionem
905 659 921 681 a

184 702 340 735 canonica
366 702 516 745 portione
542 702 608 736 sive
634 713 651 734 a
683 702 818 735 decimis
852 702 922 745 qui-

183 757 386 798 buscumque
404 755 643 794 ecclesiasticis,
659 755 726 787 sive
741 755 918 795 canonicis,

182 809 445 853 parochialibus,
478 808 733 851 episcopalibus,
762 818 798 840 ac
823 808 919 841 etiam

183 862 372 905 papalibus,
393 868 456 894 tam
481 862 711 905 personalibus
737 872 833 904 quam
851 871 920 893 rea-

182 915 282 953 libus,
301 926 365 948 non
392 916 497 947 solum
524 915 563 947 de
588 915 771 953 novalibus,
800 913 919 954 hortis,

183 969 369 1001 animalium
395 968 612 1007 nutrimentis,
638 967 786 1009 virgultis
812 967 920 1000 bonis-

184 1031 245 1064 que
270 1020 403 1064 propria
428 1030 523 1052 manu
551 1020 704 1059 excultis,
729 1020 785 1052 sed
823 1020 919 1052 etiarn

183 1074 288 1116 quoad
308 1073 415 1106 omnia
432 1073 565 1106 omnino
584 1074 679 1112 bona,
700 1073 921 1116 quandocum-

183 1137 245 1169 que
281 1131 312 1160 et
351 1127 658 1170 quomodocumque
695 1126 918 1169 acquirenda,

184 1180 278 1212 etiam
315 1190 374 1223 per
404 1180 527 1212 alienas
566 1190 678 1212 manus
719 1179 917 1219 excolenda,

184 1233 281 1267 immo
307 1234 403 1267 etiam
431 1234 537 1277 quoad
564 1233 654 1276 ipsos
689 1234 845 1273 colonos,
872 1243 919 1265 ar-

183 1287 385 1320 rendatarios
411 1292 441 1318 et
467 1287 590 1320 similes
611 1296 845 1329 quoscumque,
865 1286 919 1328 qui

183 1339 316 1372 fratrum
344 1339 589 1382 praedictorum
616 1350 651 1371 ac
683 1349 852 1378 sororum,
877 1338 921 1371 in-

184 1392 337 1434 digentiis
364 1392 403 1425 de
424 1392 600 1434 praedictis
620 1402 732 1424 eorum
747 1392 842 1424 bonis
862 1392 920 1423 liac

183 1444 245 1477 vita
269 1444 441 1477 subvenire
476 1450 663 1485 teneantur,
699 1454 852 1487 expresse
885 1455 920 1477 ac

183 1497 333 1540 specifice
367 1497 598 1530 confirmamus
623 1497 794 1541 privilegia
817 1497 921 1540 ipsis³

184 1550 250 1584 sive
277 1551 399 1584 directe
425 1561 495 1584 cum
521 1551 715 1584 necessariis
745 1557 776 1584 et
801 1562 920 1594 oppor-

184 1604 267 1637 tunis
288 1604 552 1647 derogationibus
571 1610 602 1638 et
623 1604 804 1648 respective
826 1605 920 1637 etiam

183 1656 315 1691 Concilii
348 1657 577 1690 Lateranensis
614 1668 669 1690 seu
704 1668 775 1700 cap.
809 1657 922 1700 Nuper

184 1709 222 1742 de
245 1709 358 1743 decim.
386 1711 483 1752 (utin
502 1710 789 1743 constitutionibus
812 1711 920 1744 Hono-

184 1763 223 1796 rii
247 1763 285 1797 III
320 1763 519 1806 Reliyiosam
554 1764 674 1805 vitam,
701 1774 734 1797 Χι
765 1765 921 1798 kalendas

185 1816 321 1849 ianuarii
340 1826 465 1857 mcxvi,
485 1817 664 1850 Innocentii
684 1818 719 1850 lV
739 1817 804 1857 Qui
817 1818 921 1851 Deum

187 1874 271 1909 tota,
298 1880 334 1904 ιιι
360 1880 463 1903 nonas
491 1870 642 1903 februarii
668 1880 822 1911 mccxmv,
847 1872 921 1904 Ale-

186 1923 298 1955 xandri
328 1922 364 1955 IV
389 1923 435 1956 De
455 1924 515 1967 piei
540 1927 568 1956 et
593 1924 725 1964 sancta,
750 1934 789 1957 xv
815 1925 921 1957 kalen·

188 1976 244 2008 das
264 1976 416 2009 februarii
437 1986 576 2016 meavit,
591 1977 747 2010 Bonisacii
760 1977 823 2010 VIII
836 1978 923 2010 Lau-

188 2026 327 2066 dabilis,
354 2037 394 2061 xv
419 2028 571 2061 kalendas
598 2029 725 2071 augusti
751 2039 921 2070 MCCXCVII,

189 2078 353 2113 Benedicti
379 2080 416 2112 xl
452 2080 552 2113 Sacra
584 2085 687 2113 vestra
723 2081 860 2124 reliyio,
886 2093 923 2115 111

189 2131 344 2165 kalendas
384 2133 489 2165 martii
528 2142 662 2174 mcccxv,
701 2133 847 2176 Gregorii
884 2135 923 2167 xl

193 2183 319 2218 Virtute
359 2185 544 2228 conspicuos
560 2211 567 2224 ‚
611 2196 634 2219 ιι
673 2196 776 2219 nonas
815 2187 923 2219 martii

188 2247 383 2279 ucccmuuv,
411 2238 566 2271 Boniracii
592 2239 631 2271 IX
655 2239 726 2272 Etsi
754 2250 814 2282 pro
849 2251 925 2273 cun-

189 2295 312 2323 ciorum
328 2317 335 2331 ,
359 2301 377 2323 v
404 2291 556 2324 kalendas
587 2291 662 2324 maii
686 2301 784 2332 Mcui,
811 2292 921 2324 Marti-

189 2343 221 2376 ni
246 2343 268 2375 V
292 2343 346 2376 Ad
369 2344 505 2383 summi,
532 2344 678 2377 kalendis
703 2344 779 2377 maii
803 2354 923 2385 Mcmx,

188 2397 322 2439 Eugenii
348 2398 383 2430 IV
407 2397 460 2430 Act
484 2402 624 2438 statum,
656 2408 691 2431 111
716 2398 787 2431 idus
812 2398 924 2441 aprilis

189 2459 313 2491 MCDxL,
340 2450 462 2483 Nicolai
487 2450 509 2482 V
534 2451 623 2483 Licet
647 2461 685 2483 σω
708 2450 832 2491 debito,
857 2451 924 2494 pri-

190 2503 241 2536 die
266 2513 368 2536 nonas
395 2503 577 2536 decembris
595 2513 772 2546 ucuuwu,
791 2509 820 2537 et
837 2504 924 2536 Licet

190 2566 234 2597 ea,
260 2566 315 2590 v111
340 2556 409 2589 idus
435 2557 562 2599 augusti
586 2567 705 2597 mcum,
732 2557 807 2590 sixti
827 2557 862 2590 IV
888 2558 924 2591 in

225 2628 236 2652 1
259 2625 370 2653 Videtur
390 2626 532 2662 legendum
552 2627 649 2661 eisque
669 2627 768 2661 (rur).

223 2670 241 2696 2
259 2670 329 2698 Edit.
350 2671 429 2700 Main.
452 2672 517 2707 legit
538 2672 594 2707 ipsi
615 2672 656 2708 (n.
670 2673 718 2706 T.).

965 1235 1164 1277 buscumque
1209 1245 1274 1267 non
1316 1234 1544 1274 obstantibus,

1598 271 1662 306 549

963 332 1051 365 Mari
1077 343 1194 376 maeno
1219 332 1510 372 Praecli'cacoiwn,
1539 337 1570 365 et
1601 331 1701 364 sancti

964 386 1009 418 Pii
1035 387 1057 418 V
1086 387 1157 419 Etsi
1193 387 1468 427 mendicantium,
1491 391 1521 419 et
1557 386 1609 419 Ad
1647 385 1703 418 hoc

965 449 1021 471 nos
1047 440 1140 479 Deus,
1161 445 1191 472 et
1215 440 1409 472 Im'mzctum
1434 440 1538 477 nobis,
1564 439 1654 471 Pauli
1679 438 1702 469 V

964 492 1013 523 Ex
1037 493 1241 535 Apostolicae
1265 493 1356 525 Sedis
1372 519 1379 532 ,
1413 491 1611 525 Clementis¹
1639 491 1701 523 vtll

965 545 1123 584 Iniuncli',
1141 552 1171 577 et
1190 545 1351 588 Earposeil,
1371 556 1426 579 xxv
1445 545 1550 577 martii
1576 554 1700 584 MDxcu,

965 603 993 629 ct
1012 598 1196 630 Paslorczlis
1217 598 1337 640 officiii,
1359 598 1426 631 iulii
1451 608 1567 637 mmcv,
1589 603 1620 630 et
1643 597 1702 630 Ur-

965 649 1039 682 bani
1066 650 1177 682 itidem
1203 651 1265 682 vill
1284 651 1324 683 In
1348 651 1616 695 plenitudinem),
1635 650 1701 681 sive

965 703 1122 735 indirecte
1159 710 1190 736 et
1226 704 1407 736 virtualiter
1444 704 1523 746 ipsis
1560 703 1702 746 desuper

965 767 1127 796 concessa,
1146 757 1299 789 nimirum
1317 768 1376 800 per
1389 757 1603 800 amplissimas
1618 766 1702 788 coui-

965 809 1202 842 municationes
1236 810 1484 852 privilegiorum
1519 815 1550 842 et
1575 809 1702 852 praeci-

965 872 1025 904 pue
1043 863 1243 896 indultorum
1258 862 1490 901 carthusianis,
1512 862 1702 895 Cistercieu-

964 915 1051 947 sibus
1077 922 1108 948 et
1132 915 1283 948 Societati
1311 916 1401 955 Iesu,
1429 916 1700 959 quemadmodum

964 968 1066 1011 liquet
1102 979 1137 1001 ex
1175 968 1359 1012 praecitatis
1397 969 1699 1002 constitutionibus.

964 1021 1007 1054 Ne
1033 1027 1139 1054 tamen
1164 1022 1231 1054 ullo
1257 1032 1399 1064 uuquam
1420 1028 1565 1065 tempore
1587 1022 1626 1054 de
1646 1021 1701 1053 hu-

964 1074 1101 1108 iusmodi
1127 1075 1275 1118 plenaria
1311 1076 1520 1118 exemptione
1559 1075 1700 1121 dubitari

965 1133 1078 1171 queat,
1105 1134 1287 1171 praeterea,
1314 1134 1401 1161 motu
1429 1128 1565 1172 proprio
1592 1134 1623 1161 et
1648 1139 1701 1161 au-

964 1181 1123 1214 ctoritatis
1159 1181 1379 1224 plenitudine,
1421 1181 1592 1214 contrariis
1629 1182 1701 1224 qui-

1588 1233 1699 1266 Ordiui

965 1287 1226 1319 Praedicatorum
1265 1287 1433 1330 utriusque
1465 1297 1560 1319 sexus
1598 1292 1629 1319 et
1662 1286 1700 1318 ab

965 1351 1003 1373 eo
1030 1340 1303 1383 dependentibus,
1323 1350 1501 1383 eorumque
1527 1340 1700 1383 praedictis

965 1394 1057 1426 bonis
1085 1394 1354 1437 quibuscumque,
1378 1393 1494 1426 dictam
1521 1394 1701 1437 exemptio-

964 1457 1037 1480 nem
1058 1458 1094 1479 cx
1121 1447 1248 1489 integro
1275 1453 1306 1479 et
1330 1447 1437 1480 denuo
1459 1458 1529 1480 cum
1550 1450 1701 1490 expressa

964 1507 994 1534 ct
1008 1500 1198 1533 individuali
1218 1500 1430 1543 derogatione
1446 1500 1521 1534 dicti
1540 1511 1612 1543 cap.
1632 1500 1701 1532 Nu-

960 1565 1019 1597 per
1050 1554 1087 1587 cle
1118 1554 1231 1587 decim.
1257 1553 1459 1597 amplissime
1492 1553 1700 1586 concedimus

941 1650 942 1656 ἵ
965 1615 995 1640 et
1021 1608 1207 1651 elargimur.

1007 1661 1021 1703 ξ,
1047 1661 1100 1694 47.
1129 1661 1259 1701 Itidem,
1287 1662 1391 1704 quoad
1418 1662 1588 1705 privilegia
1613 1662 1700 1694 Men-

965 1715 1141 1748 dicantium
1159 1715 1272 1748 Ordiui
1287 1715 1548 1748 Praedicatorum
1567 1725 1701 1748 conces-

964 1780 1015 1809 sa,
1042 1769 1169 1812 praevia
1195 1768 1406 1811 derogatione
1432 1768 1657 1801 constitutioni
1684 1778 1700 1800 a

966 1822 1124 1865 Gregorio
1152 1822 1216 1854 XIII
1239 1822 1280 1855 In
1307 1825 1417 1862 lanta,
1454 1822 1558 1854 editae
1584 1832 1593 1854 1
1617 1832 1701 1854 mar-

966 1875 999 1907 tii
1026 1885 1189 1915 MDLxxtu,
1223 1875 1415 1908 innovamus
1448 1875 1699 1908 constitutiones

964 1929 995 1962 S.
1029 1929 1075 1962 Pii
1109 1930 1130 1961 V
1165 1930 1235 1962 Etsi
1268 1928 1553 1969 Mendicanlium,
1588 1935 1620 1962 et
1649 1929 1701 1962 Ad

965 1983 1021 2015 hoc
1046 1993 1102 2016 nos
1128 1983 1224 2022 Deus,
1244 1982 1465 2025 &squammis
1493 1993 1573 2026 opus
1599 1983 1649 2022 sit,
1669 1982 1700 2015 iu

966 2035 1015 2068 liis
1041 2041 1194 2068 contenta
1231 2036 1269 2068 de
1305 2046 1389 2068 novo
1430 2035 1633 2078 disponimus
1670 2041 1702 2069 et

966 2088 1144 2131 respective
1169 2087 1393 2127 concedimus,
1418 2094 1515 2131 atque
1541 2094 1700 2132 perpetuo

966 2142 1166 2175 observanda
1192 2151 1261 2173 esse
1287 2141 1494 2174 decernimus
1514 2147 1545 2174 et
1569 2142 1702 2175 manda-

966 2205 1053 2234 mus,
1091 2195 1267 2227 dummodo
1293 2194 1434 2227 decretis
1469 2194 1604 2228 Concilii
1636 2194 1703 2227 Tri—

967 2247 1091 2280 dentini
1115 2253 1146 2280 et
1171 2247 1338 2290 dispositis
1364 2247 1395 2280 in
1422 2248 1483 2280 liae
1515 2250 1626 2280 nostra
1648 2259 1700 2291 pe-

967 2301 1078 2333 culiari
1104 2301 1334 2333 constitutione
1356 2310 1420 2332 uon
1440 2300 1506 2332 sint
1529 2300 1700 2341 contraria,

968 2360 1000 2386 ut
1026 2354 1121 2387 etiam
1148 2353 1386 2387 demandarunt
1409 2353 1557 2387 Clemens
1582 2354 1644 2387 vul
1669 2354 1702 2387 in

968 2406 1203 2439 constitutione
1216 2406 1375 2446 Iniuncti,
1394 2417 1412 2440 v
1429 2407 1571 2440 octobris
1592 2417 1699 2448 Muelv,

968 2465 998 2492 et
1022 2459 1168 2492 Urbanus
1186 2459 1249 2491 VIII
1275 2460 1307 2492 in
1325 2460 1556 2493 constitutione
1582 2461 1622 2493 In
1636 2461 1702 2504 ple-

967 2512 1163 2553 nitudinem,
1181 2523 1252 2546 xxx1
1277 2512 1352 2545 maii
1370 2522 1512 2546 uncxxv:
1540 2514 1703 2547 declaran-

968 2571 1027 2607 tes,
1043 2566 1127 2609 quod
1147 2566 1228 2599 haec
1245 2566 1417 2607 restrictio,
1433 2572 1586 2600 contenta
1606 2567 1702 2600 etiam

967 2619 998 2651 in
1024 2629 1096 2652 mox
1122 2619 1216 2652 dictis
1242 2619 1358 2653 litteris
1383 2619 1558 2653 Clementis
1583 2626 1614 2653 et
1637 2619 1698 2653 Ur-

1003 2674 1013 2699 1
1037 2672 1107 2700 Edit.
1128 2672 1208 2701 Main.
1229 2673 1293 2709 legit
1315 2673 1444 2702 Clemens
1462 2675 1500 2709 (n.
1517 2675 1564 2709 τ.).

1709 280 1759 308 Au.
1780 280 1810 308 C.
1828 281 1894 308 1797

1768 1668 1895 1688 innovantur

1711 1695 1790 1720 pariter
1819 1698 1897 1715 cunsti-

1712 1724 1803 1741 tutionos
1812 1724 1896 1746 aposlo-

1712 1748 1764 1768 {icae
1775 1749 1844 1773 quoad
1854 1749 1897 1773 pri·

1713 1774 1791 1799 vilegia
1815 1774 1896 1794 Mami..

1712 1805 1804 1820 cautium
1814 1801 1895 1825 praesn-

1713 1829 1733 1847 lo
1749 1828 1821 1847 Ordiui
1847 1832 1897 1847 cun-

1713 1858 1780 1874 cuis&
