2170 3147
0 216 38 242 in.
59 214 87 240 Gi
107 212 175 240 1728

787 212 981 237 exinanimus
1009 213 1063 237 xm
1088 214 1136 236 rr.
1596 204 1655 237 (571
1706 214 1755 240 An.
1777 214 1890 240 (21728

182 261 261 293 licae
288 261 459 303 legationis
485 261 516 293 in
542 262 656 294 eodem
683 271 806 303 regno,
832 261 915 301 sibi,

182 313 327 346 eiusdem
354 313 488 347 haeredi
506 313 651 356 legitimo
671 319 701 346 et
721 313 915 356 possessori,

183 376 218 398 ex
244 365 414 409 privilegio
440 366 606 408 signanter
633 365 750 398 Urbani
774 367 877 409 Papae
896 366 919 398 ll

182 419 448 461 praedecessoris
472 419 593 458 nostri,
614 424 818 461 competere,
837 429 919 462 quae

183 471 315 514 quidem
342 472 414 505 iura
439 473 501 505 iam
527 472 604 504 olim
635 472 775 514 Rogerio
813 472 920 505 comiti

184 534 201 556 e
233 524 493 558 Norinannorum
530 529 647 567 gente,
683 524 820 567 eiusque
852 535 923 556 suc-

185 577 378 617 cessoribus,
399 578 440 610 ob
462 577 660 610 eliminatam
686 577 921 609 Saracenorum

186 629 413 672 tyrannidem,
446 629 637 663 catholicam
662 629 757 662 fidem
792 629 922 662 restitu-

187 687 259 722 tam,
275 682 510 726 ecclesiasque,
524 681 757 725 patriarchatui
772 681 923 714 Constan-

188 732 403 777 tinopolitano
421 739 498 767 tune
519 734 674 777 temporis
693 734 920 770 adliaei‘ente÷‚

186 786 349 819 Romanae
374 786 448 819 Sedi
474 787 590 819 iterum
626 787 786 819 subiectas
804 814 811 827 ‚
847 796 923 819 con-

185 849 293 879 cessa,
319 844 542 872 anteactorum
567 850 619 872 sex
646 841 850 873 saeculorum
870 839 924 871 de-

187 902 296 932 cursu,
318 903 420 935 usque
439 893 476 925 ad
495 892 599 926 Caroli
619 892 641 925 ll
661 893 795 931 obitum,
815 892 845 925 in
864 903 922 925 suo

188 946 307 978 robore
333 951 429 989 atque
458 956 516 978 usu
551 946 813 988 permanserint:
847 946 923 978 hine

187 1009 246 1031 nos
264 1025 271 1039 ,
304 999 361 1031 etsi
395 1004 597 1041 compertum
621 999 809 1031 'babeamus
829 1026 836 1038 ‚
865 999 924 1031 liu-

187 1051 326 1084 iusmodi
352 1051 533 1084 rationibus
559 1051 706 1084 eumdem
737 1051 924 1094 praedeces-

189 1114 295 1137 sorem
321 1109 491 1145 noslrum,
516 1104 705 1147 praesertim
731 1108 866 1146 propter
892 1115 924 1136 a-

188 1156 288 1189 busus
326 1166 406 1199 quos
439 1156 611 1200 irrepsisse
644 1156 834 1196 constabat,
869 1157 925 1188 mi-

189 1209 275 1243 nime
301 1210 527 1252 acquievisse,
561 1220 687 1252 nosque
724 1209 810 1252 ipsi,
849 1209 925 1242 dum

189 1263 407 1296 cardinalatus
427 1263 554 1296 honore
575 1262 800 1305 fungebamur,
821 1263 924 1295 eidem

189 1316 414 1349 constitutioni
429 1321 616 1349 reverenter
627 1315 925 1358 subscripserimus,

190 1369 400 1412 omniumque
418 1368 732 1402 circumstantiarum
744 1374 927 1411 opportune

191 1422 458 1462 reminiscamur,
473 1426 624 1460 attamen,
638 1431 710 1453 cum
724 1430 838 1463 graves
854 1421 928 1454 inde

192 1479 322 1507 exortae
340 1474 460 1506 luerint
477 1473 705 1506 contentiones
724 1477 818 1516 atque
837 1473 929 1513 mala,

192 1537 256 1560 non
281 1526 350 1559 siue
382 1526 562 1559 animarum
594 1525 737 1568 pernicie
771 1526 930 1568 publicae-

192 1591 253 1623 que
293 1579 539 1623 tranquillitatis
581 1578 802 1618 detrimento,
843 1578 929 1611 serio

192 1638 368 1677 propterea
393 1631 612 1671 confidentes,
641 1637 795 1674 quantum
823 1636 931 1674 pasto-

193 1686 267 1718 ralis
293 1684 523 1718 sollicitudinis
549 1684 686 1723 intersit,
706 1693 814 1716 causas
833 1684 929 1716 etiam

191 1739 303 1772 talium
328 1737 575 1771 contentionum
601 1742 748 1770 avertere
775 1747 811 1770 ac
836 1747 929 1780 pror-

192 1802 245 1825 sus
272 1791 455 1830 eliminare,
484 1791 580 1831 itaut,
607 1790 760 1823 abusibus
785 1790 927 1823 emedio

194 1844 348 1883 sublatis,
373 1844 420 1876 ius
445 1854 481 1877 ex
508 1854 615 1887 aequo
640 1843 798 1876 universis
818 1843 932 1876 redda-

197 1902 263 1936 tur,
289 1907 325 1930 ex
352 1902 424 1930 voto
450 1896 723 1939 Congregationis
756 1895 931 1928 venerabi-

197 1949 275 1982 lium
302 1949 436 1982 fratrum
462 1954 648 1982 nostrorum
678 1948 709 1981 S.
736 1948 773 1980 R.
800 1948 834 1980 E.
863 1959 932 1981 car-

199 2001 354 2034 dinalium
390 2012 449 2045 pro
485 2001 582 2034 huius
619 2001 747 2044 negocii
786 2001 932 2034 examine

201 2054 385 2097 specialiter
415 2054 606 2097 deputatae,
643 2064 679 2087 ae
712 2054 808 2087 etiam
845 2059 930 2087 motu

200 2106 347 2149 proprio,
372 2111 404 2138 et
429 2116 468 2139 ex
486 2108 571 2139 certa
596 2106 729 2139 scientia
755 2112 786 2139 et
811 2107 933 2139 matura

204 2158 442 2192 deliberatione
485 2159 624 2200 nostris,
664 2160 770 2203 deque
806 2164 934 2202 aposto-

202 2211 284 2244 licae
309 2211 483 2254 potestatis
508 2211 722 2254 plenitudine,
745 2212 841 2244 finem
859 2212 935 2244 liuie

202 2274 343 2306 operoso
368 2263 624 2308 gravissimoque
657 2265 792 2308 negocio
826 2265 932 2308 impo-

202 2322 344 2355 nentes,
370 2318 480 2349 nostra
513 2317 573 2350 liae
606 2323 765 2361 perpetuo
800 2317 936 2350 valitura

202 2369 452 2409 constitutione,
477 2369 539 2402 vim
566 2375 598 2403 et
622 2369 771 2403 effectum
804 2380 936 2403 concor-

200 2422 271 2455 diae
295 2422 450 2462 liabente,
474 2423 563 2462 haec,
582 2433 663 2466 quae
678 2429 867 2465 sequuntur,
883 2423 935 2455 dc-

199 2475 361 2508 cernimus
388 2480 418 2507 et
446 2474 626 2514 sancimus,
660 2485 695 2507 ac
730 2475 936 2508 inviolabiter

199 2528 239 2560 ab
267 2527 332 2568 liis,
361 2528 399 2560 ad
425 2538 506 2570 quos
533 2533 656 2570 spectat
680 2533 711 2560 et
737 2528 768 2560 in
795 2528 934 2560 futurum

198 2579 379 2624 spectabit,
406 2579 572 2614 observari
598 2580 802 2614 mandamus.

1004 262 1018 304 ἓ
1044 260 1073 293 ⁶2.
1099 261 1219 295 Causae
1245 272 1373 303 omnes,
1401 262 1439 294 ad
1467 262 1572 295 sorum
1598 263 1698 295 eccle·
1737 275 1793 294 onio
1817 280 1893 297 mgni,-

962 314 1123 347 siasticum
1150 315 1397 357 quomodolibet
1423 315 1633 358 pertinentes,
1661 315 1698 347 iis
1710 302 1804 347 ⁵333«.
1835 307 1892 347 ,ἵζ’

963 367 1108 410 exceptis
1133 378 1214 410 quae
1240 378 1315 400 vere
1340 368 1479 401 maiores
1501 373 1583 408 sunt,
1603 360 1730 411 quae-iii
1786 353 1821 373 '¹¹³
1845 355 1893 378 'm

963 429 1027 461 que
1064 419 1149 452 iuxta
1185 421 1359 454 canonicas
1395 421 1579 454 sanctiones
1616 407 1893 463 apudtl....„{l{¹3¹0lil'.'.;

965 472 1181 514 apostolicam
1195 472 1312 506 Sedcm
1328 474 1465 513 tractari,
1481 479 1513 506 et
1525 485 1542 506 a
1557 474 1700 507 Romano
1712 465 1810 506 13'.'-²{'.'1¹3'⁵”¹
1858 458 1893 477 ‘¹⁰‘

964 524 1131 565 Pontifice,
1159 526 1207 558 vel
1226 537 1242 557 a
1261 525 1421 559 iudicibus
1441 536 1523 569 quos
1540 526 1609 568 ipse
1628 537 1701 569 spe-

965 576 1090 609 cialiter
1116 578 1342 620 deputaverit,
1377 579 1530 621 cognosci
1565 579 1700 618 debent,

966 639 1030 661 non
1056 629 1134 661 alibi
1162 640 1258 672 quam
1291 631 1322 662 in
1355 630 1428 673 ipso
1460 630 1589 663 Siciliae
1619 631 1702 663 ultra

966 682 1107 714 Pharum
1126 692 1227 724 regno
1249 688 1496 725 cognoscantur,
1522 689 1554 715 et
1571 682 1631 715 [ine
1651 684 1702 716 de-

1781 387 1802 399 es
1811 395 1816 402 ‚
1838 385 1892 404 quui:

943 763 944 773 ,
965 734 1043 775 bito,
1070 746 1167 777 quem
1193 735 1312 768 iustitia
1338 736 1560 778 postulaverit,
1588 736 1703 768 termi—

967 793 1102 828 nentur,
1128 788 1171 820 ita
1197 789 1347 821 videlicet
1379 794 1413 820 ut
1443 799 1509 821 non
1541 794 1704 831 exempto-

967 850 1036 872 rum
1063 851 1180 873 causae
1207 841 1238 873 in
1269 842 1372 884 prima
1406 841 1559 874 instantia
1595 852 1704 874 coram

966 892 1146 926 Ordinariis
1167 894 1314 926 locorum
1329 893 1494 926 dumtaxat
1508 904 1706 935 cognoscan-

968 952 1018 978 tur
1057 956 1117 979 nec
1157 947 1196 979 ab
1237 957 1350 979 eorum
1392 946 1491 979 curiis
1529 952 1706 979 avocentur

967 998 1028 1030 nisi
1054 1009 1113 1041 per
1138 999 1220 1032 viam
1246 999 1408 1041 legitimae
1434 998 1664 1042 appellationis
1689 1010 1706 1031 a

968 1052 1130 1084 sententia
1155 1051 1340 1091 definitiva,
1376 1057 1429 1084 aut
1461 1052 1500 1084 ab
1533 1052 1706 1084 interlocu-

969 1104 1052 1136 toria
1078 1104 1139 1136 vim
1165 1103 1349 1137 definitivae
1376 1104 1519 1136 habente
1536 1131 1543 1143 ,
1581 1105 1630 1136 vel
1667 1104 1706 1135 ab

969 1163 1060 1196 actu,
1088 1157 1180 1189 cuius
1214 1166 1386 1198 gravamen
1423 1167 1480 1199 per
1516 1155 1707 1199 appellatio-

970 1220 1044 1241 nem
1069 1220 1086 1241 a
1113 1209 1277 1241 definitiva
1302 1209 1446 1252 reparari
1473 1214 1631 1251 nequeat,
1658 1209 1706 1242 vel

970 1261 1203 1304 praeiudiciale
1223 1261 1263 1294 sit
1280 1262 1472 1294 invertendo
1491 1262 1610 1294 iustum
1630 1261 1707 1294 iuris

970 1320 1001 1346 ct
1026 1314 1222 1347 iudiciorum
1249 1314 1407 1354 ordinem,
1434 1313 1564 1347 autnisi
1580 1313 1708 1356 integro

971 1367 1118 1407 biennio,
1145 1377 1162 1398 a
1187 1366 1238 1399 die
1264 1371 1370 1399 motae
1394 1365 1458 1398 litis
1477 1367 1706 1409 computando,

972 1430 1077 1452 coram
1104 1419 1184 1464 ipsis
1210 1419 1388 1452 Ordinariis
1414 1419 1629 1452 remanseriut
1665 1419 1709 1451 in-

973 1473 1100 1506 decisae
1114 1499 1121 1511 ,
1148 1472 1421 1515 quemadmodum
1447 1483 1463 1505 a
1480 1471 1625 1505 Concilio
1644 1471 1709 1504 Tri-

973 1525 1106 1559 dentino
1133 1525 1164 1557 in
1191 1536 1261 1568 cap.
1288 1536 1325 1558 xx
1352 1525 1476 1559 Causae
1500 1535 1617 1565 omnes,
1644 1535 1710 1557 ses-

973 1578 1065 1611 sione
1090 1589 1160 1612 xx1v
1185 1578 1230 1610 De
1253 1578 1483 1620 reforiitalz‘one
1499 1605 1506 1618 ‚
1545 1578 1709 1610 decretum

974 1637 1041 1671 est3
1069 1631 1163 1674 sique
1189 1641 1281 1664 secus
1308 1630 1376 1670 fiat,
1404 1641 1625 1674 quaecumque
1657 1641 1712 1673 ap-

974 1684 1109 1726 pellatio
1130 1711 1137 1724 ,
1164 1683 1316 1717 inhibitio
1333 1711 1340 1724 ,
1368 1690 1424 1716 aut
1448 1684 1608 1716 sententia
1629 1711 1634 1720 .
1673 1694 1710 1716 eo

974 1737 1044 1780 ipso
1071 1738 1157 1770 nulla
1193 1743 1225 1770 et
1250 1737 1340 1769 irrita
1367 1737 1424 1777 sit,
1450 1737 1535 1769 iuxta
1566 1737 1711 1770 eiusdem

974 1790 1109 1824 Concilii
1147 1790 1408 1833 praescriptum,
1450 1795 1600 1833 respectu
1638 1801 1711 1823 vero

975 1849 1200 1886 exemplorum
1226 1844 1265 1875 ab
1291 1842 1478 1881 Ordinariis‚
1498 1843 1592 1875 iudex
1611 1844 1713 1876 eccle-

975 1896 1145 1936 siasticus,
1171 1907 1187 1928 a
1214 1906 1290 1938 rege
1317 1895 1402 1928 illius
1428 1895 1519 1937 regui
1537 1922 1544 1935 ,
1571 1901 1605 1927 ut
1630 1895 1713 1928 infra

976 1949 1167 1989 dicendum,
1196 1949 1382 1981 nominatus
1410 1954 1441 1981 et
1465 1949 1634 1991 delegatus
1650 1976 1657 1988 ,
1682 1955 1713 1982 et

975 2012 1034 2045 pro
1060 2007 1205 2044 tempore
1231 2001 1300 2034 eius
1327 2000 1460 2034 arbitrio
1497 2001 1712 2034 nominandus

976 2060 1008 2087 et
1031 2054 1248 2097 delegandus,
1271 2060 1432 2096 tamquam
1452 2053 1657 2094 Ordinarius‚
1674 2055 1713 2088 de

976 2108 1080 2140 causis
1106 2106 1253 2140 civilibus
1279 2112 1311 2139 et
1332 2107 1555 2139 criminalibus
1574 2107 1713 2146 illorum,

978 2166 1010 2193 ut
1035 2165 1148 2203 postea
1173 2159 1318 2199 dicetur,
1345 2164 1532 2203 cognoseat,
1558 2170 1598 2192 ne
1623 2160 1715 2193 aliter

978 2213 1162 2246 huiusmodi
1188 2223 1348 2255 personae
1374 2217 1405 2245 et
1430 2211 1500 2245 iura
1523 2212 1591 2245 sine
1612 2213 1716 2255 provi-

978 2267 1086 2299 dentia
1110 2271 1309 2298 remaneant.
1337 2266 1360 2297 A
1377 2265 1715 2298 sententiaOrdinarii

978 2319 1016 2351 ad
1043 2318 1334 2360 metropolitanum
1360 2317 1566 2360 appelletur,
1591 2321 1717 2351 servata

978 2371 1090 2404 itidem
1114 2371 1147 2402 in
1172 2370 1322 2403 omnibus
1355 2370 1458 2403 forma
1494 2370 1527 2403 in
1563 2371 1714 2404 antedicti

977 2421 1115 2454 Concilii
1140 2421 1280 2454 decretis
1306 2421 1492 2454 constituta.

1022 2475 1036 2518 ξ
1060 2473 1092 2507 3.
1120 2473 1292 2516 Postquam
1330 2484 1407 2506 vero
1444 2473 1715 2517 metropolitanus
1742 2494 1914 2518 Qu„„,1„„.„„.

978 2528 1009 2560 in
1036 2529 1132 2560 causa
1157 2527 1437 2571 pronunciaverit,
1462 2528 1509 2560 vel
1526 2527 1556 2559 in
1571 2528 1716 2561 secunda
1729 2527 1763 2541 ³⁴¹³
1787 2522 1913 2547 ²¹¹'s’0''“¹¹¹⁰'

1729 2553 1776 2567 num
1797 2553 1809 2567 a
1830 2550 1913 2567 semell-

979 2581 1129 2614 instantia
1154 2580 1261 2624 quoad
1287 2580 1464 2614 sententias
1490 2591 1622 2615 suorum
1653 2574 1762 2615 sus-¹¹¹S
1792 2573 1913 2599 '¹³⁰¹‘⁰¹'⁰¹¹'
