2170 3147
244 178 292 204 An.
314 176 342 203 e.
361 176 427 202 1725
473 167 536 201 ⁶286

272 240 353 259 Causae
369 245 429 263 prae-

244 270 308 285 sentis
320 267 429 285 conii-nm·

263 1669 378 1691 Abolentur
392 1676 435 1691 mn·

250 1699 271 1717 tu
286 1698 372 1723 proprio
386 1703 435 1717 con·

250 1724 367 1744 floreffiae
395 1725 435 1744 bac

250 1756 313 1776 anper
333 1757 355 1771 re
379 1751 435 1771 exci-

252 1780 315 1797 tatae.

485 227 499 269 ξ
524 226 554 258 1.
583 226 658 258 Cum
675 230 793 264 autem,
811 226 891 257 sieut
907 225 1103 267 accepiu‘ius,
1125 235 1183 267 per

442 278 628 311 liuiusmoili
661 278 912 316 concessiones,
940 277 1179 320 anipli.⁴1ti0ues,

442 332 694 369 declaration-ns,
722 331 940 369 extensiones,
966 331 1184 363 communica—

441 385 543 416 tiones
564 390 594 415 et
614 383 885 422 confirmationes,
901 385 1007 416 adbuc
1024 384 1184 416 omnimo-

441 438 501 469 dae
524 436 667 468 eiusdem
694 436 823 469 Ordinis
849 442 876 469 et
904 437 990 469 illius
1020 438 1184 480 professo-

441 500 512 522 rum
541 489 769 533 tranquillitati
798 491 907 533 plene,
928 496 961 522 ut
989 491 1100 529 decet,
1120 501 1182 522 non

441 543 651 582 consulatur,
679 543 900 575 asserentibus
923 543 1092 575 nonnullis
1113 553 1183 585 gra·
1205 557 1206 569 t

440 596 500 628 tias
526 601 557 628 et
583 595 707 628 indulta
734 596 919 628 huiusmodi
956 606 1020 628 non
1054 606 1125 628 esse
1152 595 1182 627 in

441 660 498 681 usu
517 650 566 682 vel
586 655 734 682 revocata
756 655 809 682 aut
827 649 973 682 restricta
997 649 1106 689 fuisse,
1126 659 1185 681 nee

442 705 479 736 ea
505 710 596 746 parte
623 702 802 736 subsistere
829 713 911 746 quae
947 702 1183 741 directionem,

442 767 551 788 curam
571 762 601 788 et
628 756 774 798 regimen
797 756 984 788 eorumdem
1011 755 1186 787 Tertiario-

442 819 511 841 rum
538 809 715 848 concernit,
751 809 815 841 sive
848 808 1022 841 Tertiarios
1059 813 1183 839 tantum

442 863 632 905 regulares,
664 873 720 895 seu
748 863 807 894 sub
832 863 1000 901 clausura,
1039 862 1087 894 vel
1119 861 1183 893 col-

443 916 604 958 legialiter
636 917 797 950 dumtaxat
827 916 972 949 viventes
1005 915 1183 958 respicere,

443 980 505 1002 non
526 976 630 1002 autem
650 970 731 1002 alios
751 969 781 1001 in
801 970 929 1001 saeculo
949 973 1184 1001 commorantes

442 1023 525 1065 (cum
554 1028 659 1055 tamen
686 1023 771 1055 idem
797 1022 900 1061 Ordo,
927 1033 987 1065 pro
1015 1021 1185 1063 utriusque

442 1085 535 1109 sexus
561 1075 831 1108 christifidelibus
857 1075 889 1107 in
918 1075 986 1118 ipso
1009 1076 1137 1107 saeculo
1157 1081 1187 1107 et

442 1130 474 1162 in
512 1129 666 1170 coniugio
703 1128 911 1172 propriisque
948 1128 1096 1160 domibus
1121 1139 1187 1160 ma-

443 1182 596 1215 nentibus
622 1193 638 1214 a
664 1183 760 1214 beato
794 1181 965 1214 Francisco
1004 1181 1184 1219 institutus,

443 1235 574 1268 nonnisi
600 1235 844 1278 quartodecimo
863 1235 992 1267 labente
1009 1235 1139 1266 saeculo
1154 1234 1185 1266 in

442 1289 533 1322 ltalia
557 1288 751 1333 praesertim
789 1289 826 1321 ad
862 1294 979 1320 statum
1017 1287 1186 1329 religionis

443 1342 538 1375 fuerit
563 1342 706 1384 evectus)
733 1348 764 1374 et
800 1346 976 1385 propterea
1012 1339 1187 1373 Tertiarios

444 1395 629 1428 huiusmodi
650 1395 688 1427 ab
705 1395 886 1428 Ordinariis
907 1395 1050 1427 locorum
1070 1392 1187 1426 alicubi

444 1448 675 1481 controversiis
709 1454 740 1480 et
774 1448 884 1480 litibus
916 1447 946 1479 in
981 1446 1051 1479 dies
1086 1447 1188 1478 molc-

444 1501 522 1534 stari
550 1512 585 1533 ac
612 1500 797 1544 perturbari
826 1500 995 1541 contingat
1028 1509 1091 1532 non
1118 1498 1189 1531 sine

446 1555 594 1587 eiusdem
627 1554 763 1586 instituti
804 1559 835 1587 et
871 1554 1005 1586 fratrum
1045 1553 1211 1596 ipsorum*

446 1609 643 1641 detrimento
663 1614 695 1641 et
716 1608 833 1651 quietis
857 1608 998 1640 iactura:

490 1662 504 1704 ἓ
530 1661 560 1694 9..
588 1661 664 1695 Ideo
691 1672 759 1701 nos,
787 1663 907 1694 attenta
930 1660 1212 1693 considerationes

446 1721 623 1758 pensantes
649 1720 804 1758 quantum
833 1713 982 1747 utilitatis
1009 1714 1190 1747 catholicae

447 1769 599 1810 religioni
639 1778 832 1811 morumque
869 1767 1098 1800 instaurationi
1132 1777 1191 1810 per

448 1822 638 1855 humilitatis
664 1822 782 1864 suique
809 1821 1003 1853 abiectionis
1029 1822 1188 1863 exempla,

446 1929 624 1967 attulerint,
654 1934 684 1961 ct
711 1928 743 1960 in
769 1933 951 1971 posterum,
977 1927 1106 1959 iuvante
1132 1926 1192 1959 Do-

446 1983 545 2021 mino,
571 1981 685 2014 all'erre
711 1982 849 2021 valeant,
872 1993 907 2013 ac
929 1981 1067 2024 proinde
1087 1981 1191 2013 volen-
1212 1994 1213 1998 ¹

448 2042 508 2077 tes,
537 2040 571 2068 ut
597 2036 699 2075 decet,
727 2046 840 2068 eorum
867 2034 1122 2072 conservationi,
1146 2034 1213 2066 in-'

447 2094 615 2122 cremento
641 2094 672 2121 et
698 2087 924 2131 tranquillitati
960 2088 1092 2120 uberius
1118 2077 1214 2130 pro-l

449 2143 582 2176 videre:
601 2149 689 2176 motu
717 2142 866 2185 proprio,
890 2152 953 2175 non
981 2142 1018 2174 ad
1046 2142 1191 2184 ipsorum
1212 2146 1214 2179 ἱ

449 2197 585 2229 fratrum
611 2202 664 2229 aut
689 2207 837 2229 sororum
875 2206 935 2230 nec
966 2196 1100 2228 alterius
1134 2206 1192 2238 pro

449 2250 500 2283 his
526 2251 620 2284 nobis
646 2261 744 2294 super
771 2250 833 2284 boc
864 2250 992 2283 oblatae
1024 2249 1192 2293 petitionis

450 2303 650 2343 instantiam,
677 2304 733 2336 sed
760 2303 798 2336 de
826 2305 934 2336 nostra
960 2305 1049 2335 mera
1075 2302 1193 2335 libera-

449 2356 537 2389 litate
559 2361 590 2388 et
611 2367 646 2389 ex
667 2359 753 2390 certa
772 2358 880 2389 nostra
900 2356 1034 2389 scientia
1054 2356 1192 2399 (ratione

451 2419 588 2449 eorum,
628 2420 721 2452 quam
763 2409 976 2453 profitemur,
1014 2409 1192 2442 altissimae

451 2462 692 2505 paupertatis⁴)
715 2473 827 2496 omnes
847 2468 879 2495 et.
895 2463 1039 2505 singulas
1059 2462 1133 2496 lites
1157 2474 1193 2495 ac

489 2534 499 2558 ¹
519 2532 662 2567 pericopes
679 2533 727 2559 ista
745 2533 897 2567 parenthesi
919 2533 1033 2567 inclusa,
1055 2541 1107 2560 non
1129 2532 1193 2559 satis

453 2576 524 2603 clara
539 2577 577 2612 (a.
594 2577 642 2609 τ.>.

1020 177 1199 200 BULLARJUM
1225 176 1381 200 ROMANL'M
1977 175 2026 202 An.
2048 166 2157 206 (λ17ῥ5

1227 223 1464 257 controversias
1490 230 1555 257 tum
1590 224 1621 257 in
1652 225 1756 268 prima
1783 229 1847 257 tum
1873 223 1968 258 etiam

1229 277 1258 308 in
1286 278 1426 309 secunda
1452 283 1482 309 et
1501 278 1611 310 ultima
1633 277 1786 310 instantia
1805 284 1875 310 actu
1896 287 1971 320 pen·

1228 330 1350 369 dentes,
1377 341 1412 362 ac
1439 341 1544 363 coram
1572 330 1831 373 quilmscumque
1859 329 1971 362 iudici-

1229 383 1285 414 bus
1312 389 1341 414 et
1375 383 1599 422 tribunalibus,
1635 383 1839 426 quantumvis
1866 392 1971 415 exem-

1228 435 1289 479 ptis
1316 441 1345 468 et
1372 436 1596 479 privilegiatis,
1624 437 1718 468 etiam
1740 435 1868 479 praevia
1888 446 1971 468 com-

1229 489 1382 522 missione
1397 501 1493 522 mauu
1513 492 1624 522 nostra
1642 488 1775 531 signata,
1794 490 1842 522 vel
1862 499 1969 522 coram

1229 544 1339 585 palatii
1368 543 1538 586 apostolici
1565 553 1732 574 causarum
1755 541 1968 581 auditoribus,

1229 604 1283 629 ant
1301 598 1402 630 sacris
1422 597 1751 639 congregationilms,
1770 606 1898 629 necnon
1918 605 1971 628 no-

1229 651 1302 682 stris
1329 656 1360 683 et
1385 650 1520 683 Sanctae
1545 650 1638 682 Sedis
1665 650 1703 682 de
1730 650 1831 682 latere
1857 648 1971 691 legatis

1229 710 1328 743 actas,
1358 705 1519 747 ipsasque,
1549 702 1742 746 eorumque*
1773 708 1893 742 status,
1916 712 1972 735 no-

1230 757 1315 788 mina
1341 763 1372 789 et
1397 756 1592 799 cognomina
1618 756 1762 788 iudicum
1792 761 1824 787 et
1848 754 1973 788 conliti·

1230 810 1385 852 gantium,
1413 811 1615 853 aliorumque
1650 808 1835 842 necessario
1871 807 1973 851 expri-

1206 900 1208 905 ,
1230 864 1422 896 mendorum
1450 864 1620 906 qualitates
1647 868 1678 895 et
1703 861 1970 902 circumstantias,

1230 917 1454 960 praesentibus
1478 916 1595 949 litteris
1622 927 1682 960 pro
1709 915 1905 948 sufficienter
1922 926 1971 948 ex-

1230 970 1351 1013 pressis
1377 970 1537 1002 babentes
1563 975 1593 1001 et
1617 969 1654 1001 ad
1681 979 1740 1001 nos
1765 969 1968 1008 advocanteS,

1231 1024 1345 1056 barum
1373 1023 1458 1055 serie.
1489 1022 1726 1065 extinguimus,
1751 1032 1916 1054 cassamus
1941 1025 1972 1054 et

1231 1077 1418 1115 abolemus,
1454 1081 1714 1119 perpetuumque
1741 1074 1906 1108 silentium
1932 1074 1971 1107 de

1231 1135 1339 1162 cetero
1359 1130 1404 1161 eis
1423 1130 1544 1172 imponi
1562 1129 1707 1161 volumus
1723 1134 1753 1160 et
1768 1127 1969 1160 mandamus.

1275 1184 1289 1224 ,ξ’
1314 1182 1345 1215 3.
1373 1182 1598 1225 Quascumspie
1624 1182 1759 1224 insuper
1784 1181 1908 1214 litteras
1941 1187 1972 1214 et
2009 1184 2162 1236 a‘iii''i¹aim³²³⁰

1231 1236 1349 1278 gratias
1368 1242 1429 1268 tam
1445 1236 1628 1279 spirituales
1647 1246 1741 1278 quam
1765 1221 2164 1290 tcmp01*ale5‚li}rl³¹⁰e9¹.¹3¹lll.¹x

1231 1290 1484 1329 concessiones,
1515 1289 1757 1332 indulgentias,
1788 1274 2166 1332 exemptio-iumvprmqm'

1232 1353 1300 1382 nes,
1323 1342 1459 1382 indulta,
1494 1341 1673 1385 privilegia,
1708 1341 1973 1376 communicatio-

1232 1406 1302 1434 nes,
1333 1394 1562 1433 extensiones,
1590 1394 1770 1434 libertates,
1797 1404 1975 1437 praeroga-

1233 1448 1325 1488 tivas,
1353 1448 1491 1487 favores,
1522 1453 1730 1490 peccatorum
1756 1446 1976 1485 remissiones,

1233 1507 1264 1533 et
1279 1501 1405 1541 similia,
1427 1506 1487 1533 tarn
1504 1500 1534 1532 in
1554 1511 1675 1543 genere
1695 1510 1789 1543 quam
1809 1499 1840 1532 in
1859 1498 1974 1543 specie,

1234 1554 1387 1586 fratribus
1407 1559 1438 1586 et
1456 1554 1625 1587 sororibus
1643 1552 1819 1596 praedictis
1838 1552 1877 1585 de
1894 1551 1976 1586 Poe-

1233 1607 1392 1647 nitentia,
1413 1617 1593 1650 eorumque
1626 1605 1851 1646 monasteriis,
1878 1605 1975 1638 domi-

1233 1661 1318 1700 bus,
1355 1660 1633 1699 conservatoriis,
1664 1665 1718 1692 aut
1754 1659 1824 1692 aliis
1863 1658 1974 1702 quovis

1235 1715 1366 1747 nomine
1404 1713 1597 1757 nuncupatis
1622 1712 1899 1753 habitationibus,
1924 1723 1975 1746 ec-

1234 1768 1341 1800 clesiis
1369 1767 1488 1807 etiam,
1523 1767 1671 1800 oratoriis
1698 1773 1729 1800 et
1754 1766 1899 1810 capellis,
1924 1767 1975 1799 vel

1211 1821 1420 1863 ,immediate
1458 1826 1486 1852 et
1522 1821 1671 1861 directe,
1704 1827 1758 1853 aut
1789 1821 1884 1853 etiam
1918 1830 1976 1863 per

446 1875 574 1908 Ordinis
600 1874 760 1918 praedicti
796 1874 997 1918 professores
1033 1874 1213 1926 bactenus',

1235 1875 1566 1908 communicationem
1601 1886 1671 1907 cum
1706 1875 1775 1907 aliis
1801 1874 1976 1908 Ordinibus

1236 1935 1266 1961 et
1292 1929 1485 1971 praesertim
1513 1928 1646 1960 fratrum
1673 1928 1844 1968 Miuorum,
1870 1939 1888 1960 a
1911 1927 1976 1961 Ro-

1236 1982 1337 2014 manis
1358 1981 1567 2015 Pontificibus
1583 1982 1842 2014 antecessoribus
1856 1980 1975 2014 nostris

1236 2035 1484 2079 quomodolibet
1524 2045 1674 2067 concessa
1702 2034 1862 2078 (quorum
1889 2040 1977 2067 teno-

1236 2100 1313 2129 rem,
1334 2100 1368 2120 ac
1387 2088 1412 2121 si
1440 2088 1478 2121 de
1504 2088 1602 2121 verbo
1625 2088 1661 2120 ad
1690 2087 1821 2120 verbum
1847 2087 1896 2120 his
1922 2098 1978 2120 no-

1236 2142 1310 2175 stris
1337 2142 1453 2175 litteris
1486 2142 1706 2181 insereretur,
1739 2141 1851 2175 baberi
1886 2141 1977 2174 volu·

1236 2206 1305 2228 mus
1332 2206 1392 2239 pro
1419 2195 1587 2238 expresso)
1611 2195 1725 2227 barum
1752 2194 1835 2227 serie
1861 2204 1977 2238 appro-

1236 2249 1349 2281 bamus
1375 2253 1407 2281 et
1428 2247 1668 2287 confirmamus,
1697 2257 1745 2287 ac,
1773 2257 1832 2290 pro
1857 2245 1976 2290 potiori

1236 2302 1361 2335 cautela
1379 2328 1386 2341 ,
1415 2300 1591 2343 apostolica
1617 2300 1813 2333 anctoritate
1849 2300 1976 2343 singula

1237 2355 1276 2388 de
1303 2365 1387 2388 novo
1414 2354 1623 2387 concedimus
1651 2359 1682 2386 et
1705 2353 1873 2396 largimur.

1280 2410 1294 2451 ξ
1319 2408 1350 2440 4.
1378 2407 1417 2440 Ut
1441 2418 1517 2440 vero
1552 2407 1769 2440 detractorum
1805 2405 1975 2439 calumniis
2046 2423 2166 2445 „mmm

1235 2462 1389 2495 adversus
1416 2461 1503 2493 bunc
1520 2460 1684 2499 Ordinem,
1703 2464 1859 2502 quantum
1880 2459 1974 2492 nobis
1986 2449 2170 2499 Rssssffifffflfjossss

1236 2525 1272 2547 ex
1292 2516 1357 2547 alto
1377 2513 1576 2553 conceditur,
1595 2523 1814 2552 occurramuS,
1832 2517 1977 2545 anteces-
1987 2509 2049 2526 'm'
2072 2505 2093 2527 ⁰²
2117 2506 2166 2531 Μ’

1273 2579 1281 2604 1
1308 2577 1398 2605 Potius
1418 2577 1477 2613 lege
1498 2585 1657 2611 earumque
1678 2576 1716 2611 (11.
1733 2576 1780 2610 1.).
