2170 3147
207 202 256 227 An.
276 199 304 224 c,
332 196 397 224 ¹737
446 186 508 222 508

447 248 461 290 g
487 247 515 278 5.
543 246 612 278 Non
645 245 854 279 obstantibus
879 243 1087 288 praemissis,
1114 252 1149 275 ac

404 300 695 333 constitutionibus
722 304 754 332 et
779 298 1045 331 ordinationibus
1071 307 1148 340 apo-

403 354 537 392 stolicis,
558 363 601 391 ac,
622 358 782 395 quatenus
798 363 880 395 opus
892 352 943 389 sit,
958 349 1148 394 provinciae

403 406 550 438 Baeticae
572 412 603 437 et
621 405 751 438 Ordinis
776 404 1034 448 praedictorum,
1053 403 1148 435 etiam

403 460 594 495 iuramento,
618 465 678 491 ete.
692 458 714 491 ¹.

447 513 561 544 Datum
590 512 724 551 llomae,
751 511 836 554 apud
860 510 892 544 S.
913 511 1066 549 Petrum,
1092 509 1150 542 sub

404 567 525 598 annulo
536 564 725 604 piscatoris,
739 564 1149 602 diemmartiinoccxxvu,
1171 587 1173 600 ,

403 617 612 661 pontificatus
647 618 751 651 nostri
779 628 865 650 anno
892 628 940 651 ni.

233 260 392 281 Contrariorum

206 288 328 313 derogatio.

441 681 497 708 Dat.
522 681 564 707 die
585 680 599 708 3
621 680 711 707 martii
734 680 819 713 1727,
841 679 938 715 pontif.
960 687 1030 706 anno
1053 685 1088 705 ut.

698 791 838 829 CLXXI.

402 869 570 902 Statuitur
593 868 634 900 ab
659 867 806 900 omnibus
831 866 1066 900 observandum
1088 876 1150 898 cae-

446 922 627 954 remoniale
667 922 887 964 cpiscoporum
932 920 972 952 ab
1016 920 1153 963 ipsomet
1174 942 1176 955 ι

449 975 609 1017 Pontifice
634 974 855 1007 emendatum.

584 1046 770 1072 Benedictus
792 1047 871 1079 Papa
890 1045 975 1077 xm,

526 1091 563 1118 ad
583 1094 763 1124 perpetuam
783 1090 829 1117 rei
849 1089 1024 1117 memoriam

213 1160 396 1209 t·2?.‘.¹1'¹.'51.”1?..”2223-¹.‘{
452 1154 466 1196 ξ
492 1153 522 1186 l.
551 1153 642 1186 Licet
667 1154 746 1186 alias
777 1152 881 1186 felicis
918 1151 1155 1185 recordationis

214 1209 556 1263 fflfbatmron-Clemens
584 1207 647 1239 &⁷111
674 1217 710 1238 ac
735 1206 872 1239 subinde
901 1205 1109 1238 Innocentius
1131 1205 1155 1237 Υ

409 1261 546 1293 Romani
584 1259 757 1292 Pontifices
792 1259 1062 1302 praedecessores
1101 1269 1156 1291 no-

410 1315 465 1346 stri
485 1313 725 1346 caeremoniale
741 1313 973 1355 episcoporum
993 1312 1156 1344 edendum
1177 1324 1178 1332 ¹

409 1375 505 1410 atquo
532 1378 547 1399 a
575 1366 702 1399 mendis
741 1365 989 1409 expurgandum
1023 1375 1156 1398 curave-

410 1422 486 1458 rint,
512 1430 665 1463 processu
693 1424 799 1452 tamen
827 1418 985 1462 temporis
1010 1428 1156 1461 comper-

411 1479 476 1505 tum
504 1479 551 1506 est
577 1483 676 1506 novos
703 1482 831 1505 errores
856 1482 921 1505 non
940 1471 1047 1504 minus
1066 1477 1157 1515 typo-

412 1528 609 1570 graphorum
622 1526 785 1569 imperitia
796 1536 891 1569 quam
905 1526 1044 1558 aliorum
1059 1526 1157 1568 ‘cirilpa

413 1587 444 1614 et
481 1580 683 1622 negligentia
719 1580 750 1612 in
787 1580 865 1612 illud
902 1580 1084 1623 irrepsisse.
1115 1580 1180 1616 Ac¹

411 1634 550 1677 proinde
577 1644 646 1673 nos,
669 1633 723 1677 qui
744 1633 774 1665 in
792 1633 973 1666 minoribus
991 1632 1156 1666 constituti

411 1697 471 1731 per
515 1698 616 1720 annos
655 1686 892 1730 quinquaginta
934 1686 1080 1730 episcopi
1122 1697 1158 1719 ac

414 1742 645 1784 metropolitae
672 1751 805 1773 munere
833 1746 864 1772 et
890 1740 1047 1783 dignitate
1089 1750 1159 1782 per-

414 1795 513 1826 iuncti
542 1805 674 1833 sumus,
702 1805 774 1826 cum
800 1794 883 1826 nibil
911 1793 1077 1836 antiquius
1104 1789 1182 1826 lia-i

414 1848 579 1879 buerimus
605 1858 701 1890 quani
727 1853 763 1879 ut
787 1857 896 1879 sacros
922 1847 1003 1879 ritus
1029 1852 1061 1878 et
1089 1856 1183 1894 cae-l>

416 1901 538 1933 remcni
615 1901 795 1933 secundum
829 1900 995 1943 antiquam
1028 1910 1063 1932 ac
1093 1900 1182 1936 lau-3

417 1954 558 1986 (labilem
582 1954 747 1986 Romanae
775 1953 936 1986 Ecclesiae
953 1953 1158 1996 disciplinam
1181 1958 1183 1996 j

417 2008 612 2040 adamussim
640 2018 894 2050 perageremus,
921 2007 1078 2039 diuturno
1106 2003 1183 2046 eo-]

418 2070 485 2092 rum
509 2072 565 2091 usu
586 2072 619 2092 ac
640 2061 746 2093 studio
767 2060 1058 2093 animadvertimus
1081 2060 1160 2092 utile
1182 2055 1183 2093 l

419 2125 454 2146 ae
480 2114 701 2145 ricc-essarium
723 2114 859 2146 maxime
879 2114 1031 2152 futurum,
1049 2113 1073 2145 si
1093 2123 1162 2145 rur·
1182 2105 1183 2123 ¹

419 2175 472 2198 sus
499 2166 582 2198 idem
608 2166 845 2199 caeremoniale
873 2165 962 2198 novis
987 2165 1073 2198 curis
1112 2176 1161 2198 re-

419 2220 584 2261 cognitum
604 2220 770 2260 ederetur,
792 2220 929 2252 obscura
950 2220 1109 2262 quaedam
1130 2219 1159 2251 in
1183 2210 1185 2238 ἶ

420 2282 457 2304 eo
484 2278 510 2304 et
540 2273 689 2314 ambigua
715 2274 979 2313 illustrarentur,
1007 2279 1162 2316 corrupta

420 2325 481 2357 alia
508 2332 539 2357 et
564 2327 737 2369 depravata
764 2327 1048 2365 emendarentur,
1080 2336 1162 2359 non-

421 2379 510 2410 nulla
537 2385 705 2421 pr:u:t‹':1·ea
732 2380 816 2413 inter
847 2391 880 2412 se
918 2379 1098 2423 pugnantia
1131 2386 1162 2412 et

422 2432 585 2463 contraria
600 2433 865 2473 conciliarentur,
881 2433 1008 2476 aliaque
1027 2433 1160 2466 demun]

421 2484 580 2516 hactenus
607 2485 837 2527 praetermissa
856 2485 923 2518 suis
941 2486 1021 2518 loeis
1045 2496 1161 2528 oppor-

421 2539 497 2567 tune
524 2536 737 2569 adderentur.

545 1913 576 1933 dt>

459 2600 468 2625 1
493 2596 525 2625 [ξι
544 2607 624 2633 supra
645 2607 704 2634 pag.
727 2600 773 2627 471
797 2610 813 2626 a
833 2601 871 2634 (n.
890 2602 938 2633 r).

991 193 1176 220 BULLARIUM
1201 193 1359 219 ROMANUM

1236 242 1306 286 §⁶2.
1337 243 1395 276 Ubi
1429 243 1570 287 primum
1608 242 1705 286 igitur
1742 241 1781 275 ad
1818 239 1935 275 summi

1193 297 1394 339 apostolatus
1423 296 1584 339 fastigium
1619 297 1695 329 licet
1728 294 1878 328 immeriti
1906 285 1961 331 etl]

1949 190 2000 219 An.
2012 191 2042 218 C.
2067 189 2132 218 172⁷

1970 251 2131 273 caeremoniale

1963 280 2082 300 raedictum
2105 277 2132 298 ab

1965 307 2040 326 nsnmet
2064 306 2134 325 Ponu-

1194 351 1398 383 obluctantes
1415 350 1518 383 eveeti
1535 350 1664 389 suinms,
1685 350 1716 382 in
1740 349 1823 382 hanc
1841 348 1937 381 etiam
1948 333 2007 383 s'l'iss,
2024 331 2135 392 §1:¹¹2ssss

1193 403 1450 436 sollicitudinem
1481 403 1697 445 cogitationes
1732 407 1857 435 nostras
1891 384 2134 439 di-{32¹{20⁵?151l325¹⁸¹¹¹¹

1170 465 1172 486 τ
1195 456 1345 497 reximus,
1373 467 1500 499 nosque
1526 456 1586 498 ipsi
1609 456 1672 488 lioc
1686 465 1768 498 opus
1782 455 1939 498 aggressi,

1195 509 1286 549 illud,
1315 510 1485 542 nonnullis
1511 509 1607 542 etiam
1634 508 1791 541 adhibitis
1817 508 1879 551 piis
1904 518 1940 540 ac

1195 562 1332 595 eruditis
1358 562 1433 594 viris
1459 572 1621 594 sacrorum
1643 561 1763 594 rituum
1792 560 1940 604 apprime

1195 616 1333 659 peritis,
1361 616 1414 659 qui
1442 626 1574 658 operam
1601 625 1691 647 suam
1715 615 1746 647 in
1775 614 1845 658 ipso
1870 625 1942 648 cae-

1196 669 1367 702 remoniali
1384 668 1592 701 emendando
1607 679 1642 700 ae
1665 667 1867 701 restituendo
1885 678 1942 700 no-

1196 723 1245 755 bis
1271 723 1483 756 contulerunt
1499 749 1506 762 ,
1532 722 1750 755 benedicente
1773 721 1913 754 Domino
1932 747 1939 760 ,

1196 776 1404 820 persecin’ius.
1438 775 1549 819 Itaque
1567 803 1574 816 ‚
1607 786 1648 809 ne
1676 781 1738 808 tam
1763 774 1854 808 utilis
1886 774 1944 807 Ec-

1197 830 1316 863 clesiae
1343 829 1526 863 catholicae
1553 829 1614 862 hac
1638 829 1670 861 in
1700 839 1734 862 re
1762 829 1856 862 labor
1882 838 1942 860 suo

1199 884 1368 916 frustretur
1394 883 1533 922 ellectu,
1561 888 1649 915 motu
1676 882 1811 926 proprio
1836 892 1872 914 ac
1905 892 1943 914 ex

1198 940 1284 970 certa
1310 937 1444 969 scientia
1478 937 1614 974 nostris,
1648 936 1754 979 dequo
1787 934 1944 979 apostoli-

1198 1001 1254 1023 cae
1273 990 1443 1033 potcstatis
1462 989 1682 1033 plenitudine,
1702 988 1943 1021 caeremoniale

1198 1043 1427 1086 episcoporum
1453 1043 1639 1075 huiusmodi
1662 1053 1679 1075 a
1696 1041 1790 1075 nobis
1805 1047 1946 1084 utprae-

1199 1097 1336 1129 mittitur
1362 1097 1569 1139 recognitum
1591 1101 1622 1129 et
1643 1095 1853 1128 emendatum
1871 1105 1944 1138 per-

1199 1157 1299 1193 petuo
1325 1149 1552 1183 confirmamus
1578 1155 1610 1182 ct
1635 1149 1854 1193 approbamus
1873 1175 1880 1187 ,
1907 1148 1946 1182 it-

1200 1204 1323 1247 ludque
1350 1203 1381 1235 in
1407 1202 1581 1235 universali
1604 1202 1748 1235 Ecclesia
1774 1201 1813 1234 ab
1839 1201 1944 1234 omni-

1200 1257 1259 1289 bus
1285 1261 1316 1288 et
1334 1255 1470 1298 singulis
1488 1254 1645 1298 personis,
1665 1254 1704 1287 ad
1723 1264 1803 1297 quas
1822 1258 1946 1298 spectat

1201 1315 1232 1342 et
1256 1309 1289 1341 in
1316 1309 1456 1341 futurum
1481 1308 1666 1352 spectabit,
1695 1312 1855 1351 perpetuo
1888 1307 1946 1340 ob-

1201 1362 1397 1395 servandum
1423 1372 1493 1395 esse
1520 1361 1551 1393 iu
1579 1361 1696 1394 virtute
1721 1365 1850 1393 sanctae
1868 1360 1944 1393 ohe-

1201 1415 1341 1448 dientiae
1368 1414 1588 1458 praecipimus
1614 1419 1647 1447 et
1673 1414 1882 1455 mandamus,
1912 1424 1947 1446 ac

1201 1468 1441 1502 caeremoniale
1469 1467 1684 1508 huiusmodi,
1720 1467 1763 1499 sic
1795 1466 1948 1500 emenda-

1203 1528 1267 1555 tum
1285 1549 1292 1563 ,
1320 1522 1410 1555 nullo
1437 1531 1580 1564 unquam
1608 1525 1772 1564 tempore,
1812 1519 1844 1552 in
1881 1524 1946 1553 toto

1203 1577 1253 1609 vel
1280 1576 1310 1608 in
1338 1581 1429 1619 parte
1456 1574 1572 1608 mutari
1599 1575 1647 1608 vel
1674 1573 1702 1607 ei
1725 1572 1845 1616 aliquid
1872 1573 1945 1607 addi

1203 1634 1256 1661 aut
1281 1629 1417 1661 omnino
1443 1628 1571 1661 detrahi
1597 1637 1702 1671 posse,
1719 1637 1755 1659 ac
1780 1636 1948 1670 quascum-

1203 1691 1265 1724 que
1292 1691 1448 1725 personas
1475 1681 1647 1724 praefatas,
1673 1690 1755 1723 quae
1777 1679 1947 1723 pontifica-

1204 1735 1245 1767 lia
1264 1742 1293 1767 et
1314 1735 1529 1767 sacerdotalia
1552 1744 1688 1767 munera
1714 1743 1869 1767 exercere
1896 1738 1948 1766 aut

1204 1789 1264 1821 alia
1291 1798 1515 1831 quaecumque
1542 1789 1572 1820 in
1610 1787 1680 1831 ipso
1717 1785 1947 1820 caeremoniali

1204 1847 1358 1875 contenta
1385 1843 1490 1874 tacere
1520 1847 1573 1874 aut
1599 1841 1716 1884 exequi
1742 1840 1875 1881 debent,
1909 1840 1948 1872 ad

1205 1906 1241 1928 ca
1266 1895 1453 1939 peragenda
1479 1901 1511 1927 et
1536 1894 1729 1938 praestanda
1747 1893 1836 1926 iuxta
1853 1893 1949 1926 huius

1205 1948 1455 1982 caeremonialis
1481 1949 1616 1981 sormam
1643 1953 1673 1980 et
1710 1947 1949 1990 praescriptum

1206 2003 1332 2044 teneri,
1360 2002 1589 2045 neminemque
1607 2029 1614 2042 ,
1642 2012 1678 2033 cx
1707 2001 1744 2033 iis
1770 2000 1885 2044 quibus
1911 2010 1949 2033 ea

1206 2056 1381 2088 exercendi
1401 2061 1432 2088 et
1450 2055 1590 2088 faciendi
1618 2064 1735 2087 munus
1761 2053 1948 2097 impositum

1206 2109 1336 2145 existit,
1364 2109 1425 2141 nisi
1454 2107 1630 2145 formulis,
1657 2117 1740 2151 quae
1779 2107 1841 2140 hoc
1878 2116 1950 2140 eae-

1206 2162 1377 2196 remoniali
1410 2162 1622 2195 continentur
1639 2189 1646 2203 ‚
1676 2160 1835 2201 servatis,
1862 2159 1949 2193 satis-

1206 2216 1313 2249 facere
1339 2226 1445 2259 posse,
1473 2220 1633 2258 perpetuo
1658 2213 1829 2247 statuimus
1847 2218 1878 2246 et
1895 2223 1947 2247 or-

1207 2269 1366 2302 dinamus.
1386 2269 1447 2301 Per
1472 2273 1662 2312 praesentes
1688 2273 1796 2301 autem
1814 2266 1948 2310 antiqua

1206 2322 1457 2355 caeremonialia
1477 2321 1508 2354 in
1528 2321 1590 2361 liis⁷
1610 2331 1690 2364 quae
1712 2320 1858 2364 praefato
1877 2330 1949 2352 cae-

1206 2377 1368 2411 rimoniali
1388 2377 1561 2410 emendato
1579 2381 1655 2409 sunt
1674 2373 1870 2414 conformia,
1889 2372 1948 2406 mi-

1206 2431 1291 2463 nime
1317 2430 1441 2463 aboleri
1468 2435 1520 2462 aut
1547 2429 1708 2472 abrogare
1735 2426 1861 2461 censeri
1895 2436 1947 2459 vo-

1205 2485 1329 2525 lumus,
1355 2484 1410 2517 sod
1438 2483 1569 2517 illorum
1597 2482 1694 2515 etiam
1720 2491 1833 2522 usum,
1859 2480 1947 2513 salva

1205 2537 1434 2571 emendatione
1460 2536 1646 2580 praedicta,
1674 2533 1901 2578 permittimus.

1248 2591 1262 2634 ἓ
1287 2589 1318 2623 3.
1347 2589 1417 2623 Νοη
1449 2588 1655 2623 obstantibus
1675 2586 1884 2631 praemissis,
1911 2596 1966 2625 ac,-

1978 2576 2094 2599 Clausutao
2104 2577 2143 2600 de·

1969 2604 2087 2629 naalol-iae.
