2139 3142
0 258 25 277 n.
45 249 76 277 C.
97 250 166 278 1730

750 252 945 277 BENEDICTUS
973 244 1644 278 xi11pp,863
1690 254 1739 280 An
1762 253 1882 281 c.1730

172 299 374 334 Tullonensis
400 300 567 341 dioecesis,
583 301 615 333 in
641 311 704 344 quo
724 301 825 334 dictus
845 311 910 333 ser-

175 364 229 385 vus
252 353 307 386 Dei
333 359 426 386 natus
459 359 526 394 est,
553 352 585 386 in
622 354 821 387 monasterio
854 364 908 386 seu

174 404 302 438 abbatia
339 406 376 438 de
403 406 626 446 Calnumiaco,
658 405 777 440 Gallice
803 406 910 439 Clu-tu-

173 457 329 497 mouseff,
361 458 414 490 ubi
451 457 598 490 habitum
622 458 756 501 praefati
783 455 933 490 Ordinis*

174 509 402 543 canonicorum
428 511 623 553 regularium
660 510 802 553 suscepit
836 520 912 553 pro-

173 562 410 606 fessionemque
428 564 609 605 regularem
629 563 744 603 emisit,
766 563 798 595 in
820 564 911 605 oppi-

175 615 223 648 dis
236 615 463 648 Mataincuriae
489 615 635 649 eiusdem
649 615 807 648 Tullensis
827 615 913 647 dioe-

175 668 276 707 cesis,
302 668 334 700 in
370 678 435 711 quo
470 678 578 700 curam
611 667 788 700 animarum
814 667 912 701 obirit

177 720 310 764 eiusque
331 721 514 754 venerabile
533 732 649 765 corpus
669 721 842 764 requiescit
856 731 910 753 seu

176 773 355 817 depositum
381 774 566 818 reperitur,
592 780 623 807 et
653 774 752 807 Gratii
791 774 822 806 in
860 784 912 807 co-

176 826 290 860 mitatu
331 827 561 870 Burgmdiae,
598 827 685 860 unde
728 827 766 859 ad
804 828 913 860 caelos

177 880 331 920 evolavit,
352 885 383 913 et
401 879 454 912 ubi
481 891 538 914 cor
556 880 641 913 illius
666 885 856 920 asservatur,
879 890 913 912 ac

177 932 353 972 Lunvillae,
371 933 426 966 ubi
444 933 546 976 prima
572 938 743 976 susceptae
761 933 914 966 reforma-

177 984 273 1019 tionis
299 985 507 1019 sundamenta
531 985 616 1026 iecit,
646 986 685 1019 ab
711 986 859 1018 omnibus
884 996 914 1017 u-

177 1039 322 1082 triusque
348 1049 443 1072 sexus
470 1039 734 1072 christifidelibus
759 1043 822 1071 tam
847 1049 914 1071 sae-

179 1090 345 1124 cularibus
370 1102 463 1134 quam
489 1091 703 1134 regularibus,
730 1091 781 1134 qui
802 1091 838 1124 ad
856 1091 914 1124 110-

178 1153 229 1176 ras
254 1143 426 1176 canonicas
450 1149 609 1182 tenentur,
636 1153 761 1176 necnon
787 1143 818 1176 in
844 1143 915 1176 uni-

178 1198 269 1229 versa
293 1195 552 1239 Congregatione
583 1197 755 1230 Salvatoris
786 1197 912 1237 nostri,

179 1259 215 1282 ac
239 1249 386 1283 ecclesiis
424 1249 489 1282 sive
516 1249 649 1292 capellis
684 1250 733 1282 vel
768 1250 915 1283 oratoriis

180 1303 448 1346 Congregationis
466 1303 655 1336 monialium
674 1304 731 1336 sub
750 1303 842 1336 titulo
861 1303 916 1336 Do·

180 1356 286 1389 minae
322 1361 473 1395 nostrae,
499 1367 578 1399 quas
615 1356 700 1389 idern
726 1356 779 1388 Dei
805 1366 915 1389 servus

180 1409 375 1448 reformavit,
397 1419 432 1441 ao
457 1409 634 1452 respective
660 1409 808 1449 instituit,
837 1409 917 1441 sicut

181 1461 413 1506 praemittitur3
433 1466 474 1501 et,
492 1467 646 1504 quantum
674 1462 710 1494 ad
736 1461 851 1494 missas
877 1467 917 1494 at-

181 1516 271 1556 tinet,
297 1514 392 1548 etiam
418 1515 456 1547 ab
483 1515 630 1547 omnibus
656 1515 851 1558 presbyteris
877 1515 916 1547 ad

181 1568 352 1608 ecclesias,
379 1568 410 1600 in
443 1568 557 1611 quibus
584 1568 697 1600 festum
724 1573 916 1611 peragetur,

182 1621 432 1654 confluentibus.
462 1622 644 1661 Praeterea,
671 1621 776 1664 primo
798 1621 917 1653 dumta-

182 1679 233 1707 xat
256 1684 341 1707 anno
367 1684 383 1706 a
409 1673 490 1707 datis
516 1673 606 1707 bisce
629 1673 756 1711 litteris,
774 1677 814 1713 et,
839 1684 918 1716 quo-

182 1726 219 1758 ad
245 1726 361 1766 lndias,
378 1736 394 1758 a
415 1726 465 1759 die
491 1736 554 1769 quo
580 1726 714 1758 eaedem
740 1726 865 1758 litterae
887 1725 918 1758 il-

181 1779 235 1812 luc
259 1779 477 1821 pervenerint,
496 1779 692 1818 inchoando,
715 1779 745 1811 in
773 1779 917 1811 ecclesiis
939 1786 941 1808 t

183 1832 378 1875 oppidorum
406 1832 591 1865 monasterii
621 1843 678 1865 scu
704 1832 851 1865 abbatiae
884 1842 941 1864 ac*

183 1885 351 1928 utriusque
369 1885 636 1927 Congregationis
663 1885 848 1918 huiusmodi
869 1895 920 1917 so-

184 1936 304 1969 lemnia
339 1937 584 1970 beatificationis
609 1938 708 1980 ipsius
735 1938 815 1971 servi
841 1938 919 1976 Dei,

186 2042 324 2081 maiori,
359 2042 409 2075 die
444 2042 483 2075 ab
509 2042 685 2075 Ordinariis
718 2044 852 2085 gratiam
890 2048 921 2076 et

186 2094 449 2128 communionem
466 2095 556 2128 Sedis
575 2096 778 2138 Apostolicae
796 2096 920 2129 haben·
941 2087 943 2110 '¹

189 2148 273 2180 tibus
291 2147 469 2189 respective
491 2148 672 2187 constituta,
688 2153 859 2192 postquam
879 2154 922 2181 ta-

180 2211 260 2245 ,men
286 2200 317 2232 in
344 2200 476 2233 basilica
506 2200 665 2243 Principis
691 2202 920 2244 Apostolorum

22 2471 142 2493 clausulae.

187 2253 225 2286 de
257 2253 342 2285 Urbe
379 2252 542 2285 celebrata
576 2254 695 2286 suerint
731 2254 841 2287 eadem
875 2265 944 2287 εο-1

187 2305 323 2345 lemnia,
340 2316 400 2349 pro
427 2316 489 2349 qua
514 2316 547 2338 re
574 2306 658 2338 diem
673 2317 742 2340 xxix
761 2307 921 2340 currentis

187 2358 303 2391 mensis
328 2358 463 2391 ianuarii
489 2359 710 2401 assignamus,
732 2359 853 2402 pariter
877 2370 923 2392 ce-

187 2410 336 2444 lebrandi
362 2410 494 2443 facimus
519 2416 722 2454 potestatem.

232 2465 247 2508 g
271 2464 303 2497 4.
329 2463 399 2497 Non
420 2465 624 2497 obstantibus
642 2464 923 2498 constitutionibus

189 2522 220 2550 et
245 2517 502 2550 ordinationibus
520 2517 714 2560 apostolicis,
732 2527 768 2550 ac
785 2518 922 2550 decretis

190 2570 229 2602 de
255 2579 320 2602 non
346 2570 435 2602 cultu
457 2569 564 2609 editis,
592 2570 774 2613 ceterisque
800 2576 925 2603 contra-

189 2622 244 2656 riis
270 2621 541 2670 quibuscumque.

940 1883 1119 1927 ¹sessorum
1154 1894 1189 1915 ac
1226 1889 1473 1925 procuratorum
1511 1883 1698 1925 provinciae

940 1936 993 1968 ÷S.
1016 1935 1125 1968 Didaci
1151 1935 1249 1968 Mexit
1253 1946 1332 1968 anae
1357 1935 1507 1968 Ordinis³
1541 1935 1700 1968 Minorum

185 1999 257 2020 curn
284 1989 388 2022 officio
420 1995 452 2022 et
476 1990 572 2023 inissa
606 1992 664 2023 sub
702 1991 762 2023 ritu
799 1964 942 2034 duplici'

996 301 1010 344 g
1035 301 1065 334 5.
1093 302 1245 335 Volumus
1279 308 1384 336 autem
1409 308 1443 336 ut
1467 303 1685 346 praesentium
1712 314 1773 334 rue
1783 315 1881 335 mansa

953 353 1129 388 littciaium
1167 356 1400 399 transiiniptiS‚
1439 367 1493 389 seu
1533 343 1764 398 emmp1is²¹³¹
1766 345 1842 367 'mm'

953 407 1049 440 etiam
1076 407 1260 450 impressis,
1283 420 1378 441 manu
1397 408 1561 441 secretarii
1582 418 1690 450 supra-

954 460 1056 493 dictae
1081 459 1347 503 Cougregationis
1379 460 1591 494 cardinalium
1616 461 1691 493 sub-

953 513 1104 555 scriptis,
1143 518 1174 546 et
1198 513 1304 556 sigillo
1336 514 1490 556 praefecti
1523 524 1579 546 scu
1617 525 1691 556 pro-

955 566 1109 609 praefecti
1136 566 1278 599 ciusdem
1304 566 1570 609 Congregationis
1587 567 1692 599 muni-

955 618 1012 658 tis,
1052 618 1164 651 eadem
1190 629 1324 661 prorsus
1353 618 1431 651 fides
1467 619 1506 651 ab
1542 619 1692 652 omuibus

956 675 985 703 et
1009 671 1131 713 ubique
1162 676 1224 703 tam
1258 671 1288 703 in
1315 671 1434 704 iudicio
1474 682 1568 714 quam
1603 676 1692 703 extra

957 723 1032 756 illud
1071 724 1247 763 habeatur,
1276 735 1357 766 quae
1397 723 1476 767 ipsis
1511 723 1692 766 praesenti-

957 777 1014 808 bus
1047 776 1223 810 haberetur
1252 776 1276 808 si
1309 777 1414 810 forent
1451 776 1616 809 exhibitae
1642 777 1690 809 vel

957 833 1117 861 ostensae.

1000 881 1112 913 Datum
1128 881 1260 920 Romae,
1277 883 1360 925 apud
1376 882 1407 914 S.
1425 882 1553 914 Petrum
1572 881 1628 914 sub
1643 892 1693 914 an·

957 935 1035 967 nulo
1052 934 1234 974 piscatoris,
1254 935 1305 967 die
1333 945 1348 967 x
1377 935 1511 967 ianuarii
1537 945 1692 974 mccxxx,

958 986 1164 1031 pontificatus
1189 986 1290 1019 nostri
1315 997 1399 1020 anno
1424 996 1467 1019 vl.

993 1049 1051 1076 Dat.
1072 1049 1114 1076 die
1136 1048 1187 1075 10¹
1205 1048 1319 1075 ianuarii
1342 1048 1418 1083 1730,
1440 1048 1537 1084 pontif.
1559 1056 1630 1074 anno
1651 1054 1686 1075 vt.

1262 1190 1394 1223 CCXCV.

961 1270 1181 1311 Confirmatio·
1227 1269 1384 1302 decretum
1433 1269 1697 1312 Cungyreqaliouis

1003 1323 1222 1366 episcoporum
1248 1327 1275 1354 et
1299 1322 1502 1365 requltzriwn
1516 1333 1612 1365 super
1632 1333 1694 1354 au-

1002 1377 1129 1415 qmento
1150 1373 1312 1405 vocalium
1325 1373 1511 1415 provinciae
1528 1372 1560 1405 S.
1581 1372 1699 1405 Didaci

1003 1427 1190 1459 Memicunac
1224 1426 1357 1459 Ordinis
1390 1426 1557 1458 Minorem
1592 1426 1698 1458 saneti

1002 1478 1174 1512 Franci'sci
1199 1478 1235 1511 cle
1258 1478 1466 1511 Obseruantia
1485 1477 1699 1511 Discalccalo-

1006 1530 1112 1564 rum?

1131 1611 1310 1639 Benedictus
1331 1611 1408 1644 Papa
1428 1611 1507 1641 ΧΙΙῙ,

1101 1655 1137 1682 ad
1157 1656 1291 1682 futuram
1309 1655 1353 1682 rei
1373 1656 1557 1682 memoriam.

1004 1726 1018 1769 ἓ
1042 1725 1074 1758 4.
1101 1725 1210 1768 Nuper
1243 1735 1301 1768 pro
1332 1730 1421 1768 parte
1448 1725 1639 1757 dilectmum
1665 1724 1699 1756 si-
1710 1733 1869 1780 s{>...¹.¹⁰‘
1865 1733 1890 1752 [ιε

961 1778 1078 1810 liotum
1103 1777 1232 1820 los-ephi
1259 1778 1296 1810 de
1322 1777 1424 1810 Messa
1449 1782 1481 1810 et
1507 1777 1660 1810 Emmanu
1667 1788 1699 1810 e·
1731 1786 1758 1805 C
1751 1765 1838 1831 [ἧι
1828 1765 1892 1805 nom

961 1831 1000 1864 lis
1027 1830 1066 1863 de
1092 1830 1251 1870 Vicunnffit
1280 1830 1412 1862 statium
1439 1840 1590 1872 expresse
1623 1840 1699 1873 pio-
1709 1817 1892 1886 {¹13⁰¹¹¹¹⁴r¹·'‚1i›n

953 1987 1062 2028 ,sancti
1088 1988 1247 2020 Francisci
1282 1988 1321 2020 de
1347 1987 1555 2020 Observantia
1580 1989 1700 2021 Discal-

963 2046 1126 2073 centorum
1153 2047 1421 2084 nuncupatorum,
1447 2040 1699 2084 Congregationi

964 2093 1198 2126 venerabilium
1213 2094 1346 2126 fratrum
1363 2099 1548 2127 nostrorum
1567 2094 1597 2126 S.
1613 2094 1649 2126 R.
1666 2094 1699 2126 E.

942 2185 943 2190 ¹
965 2146 1173 2179 cardinalium
1193 2146 1331 2189 negotiis
1358 2152 1387 2179 et
1413 2146 1700 2179 consultationibus

964 2199 1190 2242 episcoporum
1217 2204 1247 2231 et
1273 2199 1469 2241 regularium
1497 2199 1701 2242 praeposito-

965 2262 1036 2284 rum
1070 2251 1236 2295 exposito‚
1265 2253 1349 2294 quod
1376 2251 1470 2291 alias,
1497 2252 1701 2285 considerata

965 2305 1135 2348 exiguitate
1161 2304 1284 2337 numeri
1321 2305 1571 2347 guardianorum
1597 2305 1700 2338 dictae

1002 2411 1010 2436 1
1035 2409 1105 2436 Edit.
1126 2410 1206 2436 Mein.
1229 2409 1260 2436 ad
1277 2418 1361 2444 marg.
1378 2409 1459 2437 babet
1473 2410 1511 2436 24
1529 2413 1566 2441 (n.
1582 2411 1631 2442 T.).

1000 2454 1016 2480 2
1037 2454 1094 2480 Ati-a
1114 2453 1192 2480 liuius
1204 2453 1341 2480 I‘ontificis
1356 2454 1463 2481 constit.
1480 2454 1544 2481 edit.
1561 2461 1702 2487 moccxxlx,

965 2498 1008 2525 die
1027 2498 1061 2525 30
1080 2498 1252 2533 septembris,
1274 2498 1370 2532 pontis.
1391 2506 1429 2532 vi,
1446 2499 1637 2525 confirmatum
1654 2499 1704 2526 fuit

965 2542 1101 2578 quoddam
1121 2544 1259 2569 decretum
1280 2543 1306 2568 in
1327 2543 1444 2569 savorem
1467 2543 1596 2570 vocalium
1617 2543 1704 2571 India-

966 2595 1024 2614 rum
1044 2586 1266 2613 Occidentalium.

1002 2631 1017 2660 3
1038 2631 1110 2658 Edit.
1131 2631 1210 2658 Main.
1232 2631 1297 2667 legit
1318 2632 1463 2660 Orclinum
1482 2632 1522 2669 (n.
1542 2632 1588 2667 T.).
