2170 3147
258 233 305 259 Ᾰῃ,
325 233 353 258 Γ..
380 231 444 257 Ιῗῧῗι

497 222 503 253 I
522 221 554 253 to

451 278 587 318 suerint,
621 276 912 321 praetendentibus
941 276 1122 309 Ordinariis
1149 276 1190 309 Io-

450 343 561 364 corum
584 338 613 363 et
635 331 788 374 parochis
814 330 1006 374 perturbare
1024 329 1188 372 antiquam

450 385 505 425 (in
539 396 601 427 qua
634 385 748 416 fratres
786 383 973 416 earumdem
1006 383 1190 426 provincia-

449 450 517 470 rum
539 438 769 480 reperiuntur)
790 437 1028 480 possessionem
1047 436 1188 469 faciendi

449 491 566 522 dictam
588 491 834 533 processionem
860 490 929 523 sine
956 490 1091 532 parochi
1111 490 1190 522 assi-

448 544 580 581 stentia,
605 543 765 576 OrdinarIi
793 543 932 582 licentia,
959 542 1055 576 etiam
1082 543 1190 586 ingre-

449 596 559 628 diendi
593 597 710 629 limites
742 596 931 638 parochiae,
962 601 993 628 et
1021 596 1189 639 alleganti—

448 649 508 682 bus
527 649 575 682 ius
600 659 770 682 commuue
798 649 828 681 id
854 649 1036 691 prohibens
1061 659 1187 682 necnon

449 703 622 745 quamdam
656 702 891 735 resolutionem
920 701 1189 745 Congregationis

449 762 525 788 tunc
560 755 763 788 existentium
791 755 821 788 S.
850 755 886 787 R.
912 755 946 788 E.
974 756 1188 789 cardinalium

449 808 582 842 Concilii
623 808 803 842 Tridentini
846 809 1062 852 interpretum
1102 820 1188 842 anno

449 872 612 895 nioexxvni
639 868 820 895 emanatam
845 873 881 895 ac
906 873 922 895 a
953 862 1054 896 felicis
1080 873 1189 896 reeor-

401 957 406 961 .
449 916 589 949 dationis
607 916 734 949 L'rbano
753 915 839 959 Papa
856 915 920 948 vul
936 916 1189 959 praedecessore

255 1595 373 1620 praedicta.

284 2364 403 2384 Clausulam,

363 1567 437 1587 it't'SSiO

449 975 560 1002 nostro
587 968 832 1009 confirmatam,
857 979 916 1012 per
952 980 1048 1013 quam
1077 970 1191 1003 inime-

449 1023 615 1055 morabilis
641 1022 841 1056 consuetudo
867 1022 996 1056 sublata
1021 1023 1090 1064 suit,
1121 1023 1190 1067 ipse

450 1077 648 1119 Augustinus
687 1076 860 1109 cardinalis
889 1081 920 1109 et
945 1076 1191 1110 administrator

449 1131 623 1172 generalis,
649 1133 771 1163 attento
790 1130 876 1173 quod
894 1129 943 1163 id¹
970 1129 1190 1164 diversimode

449 1189 480 1216 et
506 1184 638 1216 omnino
665 1183 878 1216 insubsistens
898 1183 1095 1216 declaratum
1120 1184 1190 1225 suit,

449 1244 482 1270 ut
508 1238 720 1280 imposterum
756 1237 914 1271 eiusmodi
940 1237 1191 1272 inordinationi-

449 1290 507 1323 bus
542 1296 570 1323 et
598 1290 925 1334 perturbationibus,
951 1302 1035 1335 quae
1069 1302 1105 1325 ex
1137 1291 1192 1335 pia

451 1344 659 1387 processione
686 1344 871 1378 huiusmodi
892 1350 1100 1388 generantur,
1118 1345 1189 1379 sinis

452 1397 653 1440 imponatur,
679 1403 866 1441 opportune
891 1397 923 1430 in
960 1398 1149 1442 praemissis
1175 1410 1191 1431 a

451 1451 543 1483 uobis
575 1451 737 1494 provideri
775 1456 807 1484 et
842 1457 878 1484 ut
907 1452 990 1485 infra
1025 1452 1190 1495 indulgeri

450 1515 655 1548 summopere
682 1505 857 1539 desiderat.

494 1558 508 1601 ἓ
533 1557 562 1590 ⁶2.
590 1557 666 1599 Nos,
692 1558 791 1601 ipsius
819 1558 988 1601 Augustini
1014 1559 1192 1593 cardinalis

451 1616 481 1643 et
512 1611 785 1644 administratoris
823 1612 987 1655 generalis
1015 1612 1097 1646 votis
1130 1613 1192 1646 hac

451 1666 481 1695 iu
511 1675 557 1704 re,
585 1671 741 1708 quantum
762 1676 832 1698 eum
850 1665 984 1699 Domino
1004 1677 1189 1710 possumus,

450 1717 670 1750 favorabiliter
688 1728 832 1751 annuere
853 1720 1008 1759 volentes,
1027 1719 1096 1752 eius
1118 1730 1192 1763 sup·

450 1770 681 1812 plicationibus
706 1771 863 1812 inclinati,
887 1772 1038 1805 fratribus
1064 1773 1193 1816 provin-

450 1823 569 1855 ciarum
598 1829 625 1856 et
653 1824 782 1857 Ordinis
807 1825 1058 1869 praedictorum,
1078 1831 1113 1858 ut
1130 1826 1191 1870 ipsi

451 1877 489 1907 «Ie
534 1884 642 1910 cetero
684 1884 895 1911 memoratam
944 1879 1192 1923 processionem

451 1930 503 1962 SS.
541 1930 666 1963 Rosarii
706 1932 853 1974 qualibet
888 1932 992 1976 prima
1026 1933 1192 1967 dominica

452 1983 571 2015 mensis
591 1985 744 2027 octobris,
764 1985 981 2028 ingrediendo
1000 1987 1119 2020 limites
1141 1998 1193 2020 cu-

452 2035 640 2080 iuscumque
671 2038 1035 2080 parochiae,Ordinarii
1062 2041 1193 2073 lieentia

452 2089 582 2122 minime
610 2091 777 2134 requisita,
805 2098 836 2125 et
860 2092 984 2136 absque
1010 2094 1194 2127 assistentia

452 2144 598 2185 parochi,
617 2155 652 2176 ac
678 2156 749 2177 cum
776 2146 861 2178 omni
889 2148 1008 2190 pompa
1035 2158 1193 2190 peragere

452 2196 554 2229 libere
582 2203 613 2229 et
639 2198 723 2230 licite
751 2199 875 2241 possint
901 2205 933 2232 et
958 2201 1094 2240 valeant,
1121 2211 1195 2244 apo-

452 2250 564 2282 stolica
591 2252 795 2292 auctoritate,
824 2258 937 2286 tenore
964 2255 1192 2296 praesentium,

455 2302 638 2336 facultatem
674 2305 885 2339 concedimus
921 2312 952 2339 et
977 2307 1191 2351 impertimur.

497 2358 511 2399 g
535 2356 566 2389 3.
594 2357 830 2399 DecernenteS,
854 2360 984 2392 easdem
1006 2367 1195 2404 praesentes

453 2410 578 2442 litteras
604 2422 735 2454 semper
759 2413 878 2452 sirmas,
897 2414 1018 2447 validas
1039 2420 1070 2447 ct
1087 2416 1195 2448 offira-

453 2474 505 2496 ces
534 2464 670 2497 existere
698 2472 727 2497 rt
754 2467 834 2505 tore,
858 2478 1002 2510 suosque
1028 2469 1196 2511 plenarios

453 2523 484 2549 et
507 2517 651 2559 Integros
677 2519 812 2551 ell'ectus
834 2520 943 2552 sortiri
970 2526 1001 2553 et
1025 2522 1194 2561 obtinere,

454 2571 545 2603 acab
566 2571 647 2609 illis,
671 2572 708 2603 ad
736 2582 816 2615 quos
843 2579 969 2615 spectat
993 2579 1024 2606 et
1044 2585 1101 2617 pro
1121 2580 1196 2607 tem-

490 2634 500 2659 t
526 2633 594 2659 tidir
617 2633 698 2659 Maia.
722 2633 786 2669 legit
807 2634 835 2660 in
857 2642 904 2669 pro
926 2635 955 2661 ‘inl
973 2637 1012 2671 (n.
1031 2637 1081 2669 T.).

1030 227 1210 252 Bt'LLAntt'M
1237 227 1390 252 ROMANUM

1233 286 1312 319 pore
1338 275 1516 319 spectabit,
1536 276 1771 311 inviolabiliter
1788 277 1974 318 observari,

1233 331 1346 374 sicque
1376 330 1408 363 in
1440 331 1626 375 praemissis
1667 342 1725 375 per
1749 343 1976 376 quoscumque

1234 383 1358 416 iudices
1384 384 1566 417 ordinarios
1601 390 1632 418 et
1664 386 1854 428 delegatos,
1878 385 1976 418 etiam

1233 447 1405 470 causarum
1437 438 1549 481 palatii
1586 438 1760 482 apostolici
1791 438 1976 479 auditores,

1234 489 1371 522 iudicari
1397 495 1428 523 et
1453 491 1584 523 definiri
1611 491 1753 532 debere,
1789 502 1825 524 ac
1851 491 1977 524 irritum

1233 549 1264 576 et
1284 543 1382 577 inane
1407 544 1431 576 si
1451 555 1546 577 secus
1564 555 1664 588 super
1682 544 1731 577 liis
1758 556 1774 577 a
1800 554 1976 588 quoquam,

1233 597 1344 640 quavis
1370 598 1572 637 auctoritate,
1591 597 1734 631 scienter
1751 598 1800 631 vel
1826 598 1978 642 ignoran-

1234 655 1294 691 ter,
1323 651 1501 694 eontigerit
1525 651 1689 684 attentari.

1276 704 1291 747 g
1315 704 1347 737 4.
1374 704 1444 738 Non
1463 704 1667 738 obstantibus
1689 705 1976 738 constitutionibus

1234 763 1265 790 et
1284 758 1546 791 ordinationibus
1571 758 1769 802 apostolici-²,
1794 758 1976 802 ceterisque

1233 810 1405 844 contrariis
1431 811 1704 855 quibuscumque.

1277 864 1292 907 ἓ
1329 864 1360 897 5.
1396 864 1552 898 Volumus
1585 871 1693 898 autem
1723 870 1756 898 ut
1789 865 1976 899 earumdem

1234 917 1451 960 praesentium
1470 918 1653 951 litterarum
1680 918 1904 962 transumptis,
1920 928 1977 952 seu

1234 971 1406 1013 exemplis,
1425 971 1522 1004 etiam
1548 971 1728 1015 impressis,
1754 969 1830 1005 eto.¹

1278 1023 1393 1056 Datum
1420 1024 1550 1064 Romae,
1582 1025 1668 1067 apud
1690 1024 1721 1058 S.
1748 1025 1890 1066 Petrum,
1918 1024 1979 1057 sub

1234 1077 1356 1109 annulo
1373 1076 1556 1116 piscatoris,
1573 1077 1624 1110 die
1647 1088 1662 1109 x
1683 1076 1796 1120 aprilis
1815 1085 1977 1116 MDccxxv,

1234 1129 1443 1174 pontificatus
1470 1130 1576 1164 nostri
1594 1141 1680 1163 anno
1699 1141 1720 1164 1.

1270 1193 1332 1219 Dat.
1348 1192 1392 1219 die
1414 1193 1445 1220 to
1466 1192 1559 1228 aprilis
1581 1192 1660 1225 1725,
1682 1192 1781 1227 pontif.
1804 1200 1876 1219 auno
1897 1200 1916 1220 1.

1573 1335 1644 1368 LIV.

1234 1415 1405 1449 Statuitur
1439 1420 1530 1448 motu
1567 1416 1701 1459 proprio
1730 1419 1766 1448 ut
1802 1414 1907 1448 decem
1941 1425 1980 1448 ex

1279 1469 1363 1502 clero
1389 1469 1616 1503 Cacscnatensi
1634 1469 1669 1501 in
1685 1468 1819 1512 cotteyz'o
1844 1468 1980 1501 iurista-

1279 1533 1354 1555 rum
1392 1522 1535 1555 eiusdem
1574 1522 1718 1555 civitatis
1757 1521 1891 1555 admitti
1920 1521 1980 1555 de·-

1279 1575 1407 1609 beant&

1418 1655 1599 1682 Benedictus
1620 1655 1701 1689 Papa
1720 1655 1800 1682 xm.

1354 1702 1391 1727 ad
1406 1703 1587 1733 perpetuam
1606 1700 1652 1727 rei
1673 1699 1859 1727 memoriam.

1280 1770 1441 1804 Ecclesiae
1482 1771 1663 1804 catholicae
1702 1781 1758 1814 per
1790 1770 1977 1804 universum

1237 1830 1394 1858 terrarum
1422 1825 1533 1858 orbem
1566 1826 1664 1867 longe
1690 1824 1817 1868 lateque
1843 1822 1977 1856 diffusae

1236 1878 1385 1922 regimini
1424 1877 1581 1912 ineffabili
1619 1877 1748 1911 divinae
1796 1877 1978 1921 sapientiae

1237 1933 1436 1966 abundantia
1462 1931 1657 1976 praepositi,
1679 1932 1710 1964 in
1729 1931 1796 1972 his,
1819 1941 1878 1975 per
1896 1941 1978 1975 quae

1238 1996 1451 2029 personarum
1478 1985 1774 2019 ecclesiasticarum
1801 1984 1920 2018 honori
1947 1989 1980 2017 et

1238 2039 1419 2072 commodis
1450 2050 1485 2072 ae
1514 2038 1660 2072 uberiori
1688 2038 1719 2072 in
1744 2039 1903 2072 bonarum
1929 2037 1980 2071 Iit-

1272 2146 1284 2172 1
1309 2145 1420 2181 Reliqua
1437 2148 1464 2171 ut
1482 2153 1563 2181 supra
1578 2153 1638 2180 pag.
1657 2145 1690 2171 72
1706 2145 1720 2171 b
1734 2146 1772 2178 (R.
1789 2145 1837 2179 ¹12).

1272 2190 1288 2216 9
1309 2189 1344 2216 Ile
1366 2190 1502 2216 erectione
1523 2194 1548 2216 et
1569 2189 1716 2225 privilegiis
1736 2189 1798 2216 dicti
1818 2189 1923 2224 collegii
1938 2188 1980 2215 vi-

1237 2235 1353 2261 deantur
1373 2239 1519 2269 sequentes
1540 2235 1758 2268 constitutiones,
1777 2234 1837 2260 Iulii
1854 2234 1876 2260 u
1895 2238 1980 2261 const.

1238 2280 1302 2307 edit.
1325 2286 1400 2314 Μυιν,
1412 2281 1455 2306 die
1470 2280 1505 2306 24
1516 2280 1593 2311 iunii,
1611 2279 1705 2314 pontif.
1720 2286 1757 2311 ιι,
1773 2278 1919 2306 Clementis
1935 2277 1980 2305 vtt

1238 2326 1345 2352 constit.
1367 2324 1432 2351 edit.
1451 2331 1564 2358 itnxxtx',
1582 2324 1625 2350 die
1644 2326 1676 2350 tt)
1691 2324 1831 2357 februarii,
1849 2323 1944 2358 pontif.
1960 2329 1980 2358 1,

1240 2369 1314 2396 Pauli
1336 2369 1356 2395 V
1378 2369 1486 2396 constit.
1509 2369 1573 2395 edit.
1595 2375 1680 2404 MDCL,
1701 2368 1745 2395 die
1765 2368 1780 2395 3
1800 2368 1979 2404 septembris,

1239 2414 1332 2449 pontif⁴
1355 2421 1391 2448 vi,
1413 2413 1557 2440 Alexandri
1572 2413 1629 2440 thI
1646 2413 1753 2440 constit.
1775 2412 1839 2439 edit,
1861 2419 1979 2446 mocrvu,

1237 2459 1280 2485 die
1301 2459 1316 2485 3
1336 2459 1508 2492 decembris,
1537 2457 1632 2493 pontif.
1663 2464 1688 2484 iv
1703 2477 1709 2488 .
1739 2461 1765 2484 et
1793 2457 1940 2484 Clementis
1959 2455 1980 2483 Χ

1238 2503 1346 2529 constit⁴
1367 2503 1432 2529 edit.
1453 2509 1588 2534 unctam,
1609 2502 1652 2528 die
1672 2502 1706 2528 ⁰28
1721 2501 1895 2537 septembris,
1910 2509 1979 2537 pon·

1238 2547 1356 2574 tisicatus
1375 2554 1410 2574 vt.
1431 2547 1460 2574 In
1477 2547 1557 2574 huius
1579 2545 1715 2573 Pontificis
1729 2546 1838 2573 constit.
1854 2545 1979 2582 sequenti

1238 2592 1352 2626 erigitur
1378 2592 1523 2627 collegium
1543 2591 1732 2626 theologorum
1752 2591 1778 2617 in
1799 2591 1892 2619 eadem
1913 2590 1978 2618 civi-

1237 2639 1291 2664 tate
1305 2636 1507 2664 Caesenatensi.

1986 229 2035 257 An.
2052 230 2080 257 C.
2101 231 2167 262 1725

2014 715 2168 740 Contrariorum

1987 742 2107 768 derogatio.

2028 875 2090 896 Fides
2116 878 2169 898 tran-

1988 906 2125 929 sumptorum.

2018 1780 2134 1802 Exordium.
