2170 3147
176 250 225 277 An.
246 250 275 277 c.
295 249 361 277 4727
408 240 472 275 548

370 312 441 332 esse
460 299 579 332 similia
597 299 832 331 emolumenta.
853 297 917 330 Has
936 297 1022 330 enim
1039 297 1116 329 aba·
1136 296 1139 300 '

371 354 454 385 sivas
487 351 738 385 adinventiones
777 350 944 383 eradicare
980 350 1116 383 intendi-

371 417 442 438 mus
468 411 499 438 et
525 404 750 443 exterminare,
778 410 875 447 prout
900 403 1068 436 abolemus
1086 409 1117 436 ct

371 459 604 501 improbamus,
631 457 770 496 statutis,
793 457 1066 490 conventionibus
1086 463 1115 489 et

370 510 661 544 consuetudinibus
681 510 777 543 etiam
800 510 1114 543 immemorabilibiis

370 566 402 598 in
428 565 628 598 contrarium
654 564 839 606 vigentibus
861 565 993 597 n‘iiuime
1015 570 1116 597 atten-

371 618 430 659 tis,
458 618 575 661 quibus
612 627 769 660 expresse
810 618 1017 660 derogamus.
1057 618 1116 650 Vo-

369 671 486 711 lentes,
515 682 687 704 numerum
714 671 848 704 fratrum
875 671 1038 704 associare
1064 672 1116 704 de·

368 723 517 757 bentium
537 724 605 757 sore
625 724 729 757 libere
752 724 1036 757 determinandum
1056 735 1115 768 per

371 778 530 810 haeredes
548 777 704 817 defuncti,
723 778 812 810 nullo
831 777 945 811 habito
963 783 1113 820 respectu

369 831 407 863 ad
441 842 612 864 numerum
652 831 846 864 clericorum
883 831 1111 864 saecularium.

370 884 431 917 Per
464 885 670 917 cathedrales
708 894 784 917 vero
821 884 995 924 ecclesias,
1021 894 1114 926 paror

369 937 501 978 chiales,
529 948 584 971 seu
610 949 670 981 per
687 938 852 981 parochos
873 938 1112 977 defunctorum,

370 997 424 1023 aut
462 1002 521 1034 per
558 1002 698 1034 quorum
736 991 908 1035 parochias
944 996 1115 1024 transeunt

369 1044 542 1084 cadavera,
566 1045 751 1076 nullatenus
777 1044 850 1086 cogi
875 1054 972 1087 posse
1000 1044 1113 1076 fratres

369 1097 500 1131 Ordinis
537 1108 592 1131 seu
625 1098 853 1131 defunctorum
887 1098 1049 1131 haeredes
1074 1099 1112 1130 ad

370 1152 600 1194 exponendum
626 1152 792 1189 cadavera,
812 1152 863 1184 vel
885 1151 1006 1195 aliquid
1025 1151 1113 1184 aliud

369 1205 560 1237 solvendum
600 1216 636 1238 ex
674 1207 769 1237 causa
810 1205 994 1245 transitus·,
1034 1205 1115 1237 itaut

369 1257 580 1300 imposterum
614 1258 674 1291 soli
711 1258 847 1301 parochi
883 1258 1113 1297 morientium,

369 1311 474 1354 iisque
500 1311 729 1344 emolumentis
755 1311 917 1344 dumtaxat
946 1311 1114 1354 potiantur

369 1370 399 1397 et
424 1365 600 1406 gaudeant.
629 1364 748 1408 quibus
774 1365 813 1397 de
839 1364 908 1397 iure
945 1364 1114 1408 potiuntur

370 1424 400 1450 et
426 1418 587 1460 gaudent,
614 1416 707 1451 firma
739 1417 925 1451 omnimode
962 1424 1112 1450 manente

370 1481 405 1504 ac
421 1471 608 1514 plenissime
627 1471 844 1504 morientibus
863 1467 1032 1504 observata
1050 1471 1111 1504 sibi

370 1525 514 1568 eligendi
541 1526 740 1568 sepulturam
774 1525 937 1558 libertate.
965 1525 1112 1558 parocho

370 1578 548 1617 admonito,
568 1578 726 1621 requisito
753 1583 784 1611 et
808 1578 954 1611 intimato
981 1589 1040 1621 per
1057 1578 1113 1611 sra-

371 1637 447 1666 tres,
474 1642 511 1664 ac
534 1632 664 1664 demum
703 1638 860 1665 renuente
893 1633 1049 1665 accedere
1075 1633 1113 1665 ad

370 1684 595 1717 associandum
630 1685 768 1718 cadaver
792 1685 823 1717 in
851 1686 1020 1718 ecclesiam
1055 1685 1114 1718 sra-

371 1744 454 1770 trum
489 1738 756 1782 praedictorum,
793 1739 841 1771 vel
880 1738 997 1772 eodem
1028 1739 1114 1771 ultra

371 1796 524 1824 statutam
551 1802 610 1835 pro
630 1792 793 1825 delatione
815 1792 981 1825 cadaveris
1000 1792 1112 1824 horam

371 1855 430 1888 per
455 1846 629 1878 discretum
657 1851 803 1888 tempus,
830 1845 917 1889 quod
948 1855 1111 1888 nunquam

371 1909 467 1931 unam
494 1899 606 1932 horam
626 1900 783 1932 excedere
805 1899 917 1942 possit,
944 1905 1113 1942 expectato

372 1963 432 1985 nec
465 1954 663 1993 accedente,
699 1954 813 1989 fratres
846 1954 1032 1997 praedictos
1066 1964 1114 1986 ca-

372 2007 467 2040 daver
492 2007 589 2046 illud,
609 2007 710 2041 invito
737 2009 832 2041 etiam
859 2008 931 2051 ipso
950 2008 1111 2050 parocho,

372 2061 488 2100 levare,
515 2066 545 2094 et
572 2061 610 2093 ad
637 2061 784 2094 eamdem
818 2061 989 2094 ecclesiam
1014 2066 1115 2093 tumu-

371 2113 528 2155 landum,
568 2125 608 2147 ne
645 2114 701 2147 Dei
741 2114 910 2147 servitium
950 2114 1114 2147 minuatur

373 2171 403 2199 et
428 2167 487 2210 ipsi
515 2173 776 2209 contemnantur,
798 2174 888 2201 recto
907 2168 1036 2211 quidem
1056 2172 1114 2200 tra·

372 2220 448 2252 mite
485 2225 517 2253 et
553 2221 602 2253 via
631 2231 689 2264 per
720 2232 775 2254 eos
807 2221 960 2263 eligenda
985 2221 1114 2253 deferre

373 2283 470 2315 posse
504 2284 540 2306 ac
573 2274 714 2314 debere,
750 2275 901 2307 volumus
926 2279 1021 2318 atque
1048 2284 1114 2306 san—

374 2326 487 2358 cimus.
515 2326 551 2359 Et
570 2327 607 2359 ad
627 2328 806 2360 tollendum
833 2328 998 2371 deinceps,
1017 2338 1114 2370 quan·

376 2383 441 2411 tum
459 2379 489 2410 in
508 2379 641 2412 Domino
661 2391 843 2423 possumus,
864 2380 1009 2413 fidelium
1028 2391 1114 2413 scan-

375 2432 492 2471 dalum,
518 2433 612 2465 nimis
638 2434 854 2477 frequentium
883 2435 1115 2467 controversia-

374 2494 443 2516 rum
481 2485 659 2527 origiuem,
689 2487 748 2520 hac
785 2493 943 2531 perpetuo
979 2489 1113 2521 valitura

374 2537 446 2579 lege
472 2537 690 2579 decernimus,
718 2540 816 2573 licere
842 2541 1042 2574 cathedralis
1064 2552 1113 2574 ca-

373 2590 495 2633 pitulo,
514 2592 673 2635 parocho,
694 2592 845 2626 fratribus
871 2593 1000 2627 Ordinis
1022 2594 1114 2627 Prae-

374 2644 569 2686 dicatorum‚
591 2656 625 2678 ac
651 2647 766 2679 ceteris
792 2648 885 2681 etiam
912 2648 1110 2690 regularium

952 246 1136 272 BULLARIUM
1161 246 1319 271 ROMANUM

1160 295 1444 329 comnmnitatilms
1480 295 1518 328 ad
1551 295 1780 338 processiones
1813 295 1902 327 sune-

1159 350 1233 382 bres
1259 359 1318 392 per
1343 348 1470 392 quasvis
1488 348 1674 392 parochias,
1694 348 1901 390 singulorum

1159 402 1302 446 propriis
1327 402 1441 435 erectis
1467 402 1626 442 crucibus,
1649 402 1818 442 accedere,
1838 411 1903 435 eas·

1160 466 1221 499 que
1246 456 1342 489 etiam
1369 456 1415 488 sic
1439 466 1610 499 peragere,
1628 455 1902 499 quemadmodum

1160 509 1191 542 in
1232 509 1304 542 aliis
1343 509 1597 542 solemnioribus
1637 507 1902 552 processionibus

1160 563 1335 605 contingit,
1363 569 1393 595 et
1419 563 1461 594 ita
1487 562 1582 595 etiam
1610 562 1641 594 in
1667 562 1903 594 ceclesiamtu-

1160 618 1338 649 mulantem
1360 617 1506 659 ipsorum
1533 616 1682 656 fratrum,
1702 616 1817 648 ordine
1839 625 1902 658 quo

1160 670 1190 702 in
1217 670 1265 702 via
1291 670 1503 709 incedebant,
1530 669 1670 712 ingredi,
1697 673 1793 712 atque
1820 669 1903 702 saeta

1159 723 1351 755 adoratione
1377 723 1415 755 ad
1443 724 1555 762 altare,
1578 723 1610 755 in
1630 733 1693 766 quo
1719 727 1904 755 asservatur

1159 776 1211 808 SS.
1240 776 1509 815 Sacramentum,
1538 781 1592 808 aut
1628 776 1725 808 etiam
1757 775 1903 819 exequiis

1158 829 1356 871 persolutis,
1384 828 1558 868 recedere;
1585 828 1732 872 parocho
1771 838 1902 872 quoque

1159 882 1190 914 in
1217 882 1364 914 eamdem
1392 882 1562 915 ecclesiam
1589 882 1804 914 tumulantem
1830 892 1902 914 cum

1159 936 1239 968 stola
1276 935 1417 976 intrare,
1457 946 1492 967 ac
1528 935 1709 979 respective
1748 935 1903 968 fratribus

1159 989 1320 1023 associare
1358 989 1553 1022 debentibus
1587 988 1732 1022 defuncti
1766 989 1904 1022 cadaver

1159 1054 1231 1076 cum
1250 1043 1398 1087 parocho
1411 1069 1418 1082 ,
1435 1053 1476 1075 ne
1494 1042 1625 1076 interim
1642 1042 1811 1085 contingat
1830 1042 1903 1075 illos

1160 1097 1191 1129 in
1217 1096 1295 1128 vicis
1322 1101 1354 1129 et
1379 1096 1495 1139 plateis
1522 1097 1764 1139 supersedere,
1790 1095 1821 1128 in
1846 1106 1904 1139 pa-

1160 1150 1339 1183 rochialem
1377 1150 1547 1183 ecclesiam
1587 1150 1682 1183 etiam
1709 1159 1781 1182 cum
1806 1159 1901 1182 cruce

1159 1206 1267 1236 erecta
1293 1203 1422 1246 ingredi
1449 1203 1572 1236 licitum
1599 1204 1683 1242 sore,
1708 1203 1901 1236 auctoritate

1159 1256 1357 1300 apostolica,
1384 1263 1474 1289 motu
1500 1262 1532 1289 et
1553 1256 1688 1289 scientia
1710 1256 1900 1299 praedictis,

1159 1311 1351 1343 mandamus
1369 1316 1400 1342 et
1418 1310 1576 1342 volumus.
1596 1309 1664 1343 Non
1684 1310 1899 1350 obstantibus,

1159 1363 1283 1407 quoad¹
1303 1363 1471 1406 praedicta
1489 1364 1599 1396 omnia
1618 1369 1649 1396 et
1666 1363 1804 1405 singula,
1823 1373 1902 1396 con-

1159 1417 1386 1450 suetudinibus
1424 1417 1521 1450 etiam
1561 1417 1899 1457 immemorabilibus,

1159 1472 1277 1515 quibus
1303 1471 1456 1504 omnibus
1482 1481 1636 1514 expresse
1658 1481 1694 1504 ac
1712 1470 1902 1514 plenissime

1159 1525 1378 1567 derogamus,
1407 1525 1612 1558 declarantes
1629 1552 1636 1566 ,
1664 1529 1715 1564 et,
1742 1529 1901 1568 quatenus

1158 1589 1238 1622 opus
1264 1579 1320 1618 sit,
1347 1579 1579 1618 decernentes,
1607 1589 1643 1611 ac
1673 1580 1797 1611 matura
1823 1576 1903 1610 deli-

1157 1632 1326 1665 beratione
1354 1633 1556 1672 mandantes,
1580 1632 1684 1664 crucis
1707 1630 1900 1671 erectiones,

1158 1687 1259 1720 stolae
1294 1686 1491 1719 delationem
1528 1691 1560 1718 et
1595 1686 1760 1728 ingressus
1792 1684 1826 1717 in
1851 1694 1902 1718 ec-

1158 1739 1273 1772 clesias
1300 1739 1332 1771 in
1359 1739 1513 1772 omnibus
1540 1744 1571 1772 et
1596 1739 1734 1782 singulis
1769 1748 1902 1772 enume-

1158 1793 1255 1834 ratis,
1290 1802 1327 1825 ac
1361 1793 1477 1825 ceteris
1516 1791 1777 1836 quibuscumque
1814 1791 1901 1825 simi-

1160 1847 1242 1879 libus
1273 1846 1426 1887 casibus,
1455 1847 1578 1879 nullam
1612 1846 1739 1888 penitus
1772 1845 1902 1878 iurisdi-

1158 1902 1299 1933 ctionem
1327 1901 1516 1943 importare,
1535 1905 1588 1933 aut
1605 1900 1774 1933 minimum
1791 1899 1824 1932 in
1842 1899 1901 1932 ali-

1158 1964 1222 1996 quo
1247 1954 1484 1996 praeiudicium
1511 1953 1705 1995 cuicumque
1734 1952 1900 1995 irrogare,

1158 2013 1211 2039 aut
1237 2007 1512 2050 quandocumque
1538 2011 1570 2039 et
1596 2006 1900 2049 quamodocumque

1159 2061 1307 2103 irrogare
1348 2066 1376 2093 et
1420 2061 1541 2093 inferre
1582 2070 1690 2103 posse.
1734 2059 1901 2092 Postremo

1158 2115 1398 2158 prohibemus,
1426 2125 1523 2158 posse
1554 2124 1614 2157 per
1645 2113 1828 2158 parochos,
1852 2112 1902 2145 in-

1159 2168 1230 2200 vitis
1256 2168 1419 2207 fratribus,
1449 2168 1479 2200 in
1505 2167 1641 2200 istorum
1667 2166 1815 2200 ecclesiis
1847 2169 1902 2199 aut

1159 2221 1364 2254 coemeteriis
1390 2221 1547 2254 cadavera
1565 2220 1708 2263 sepeliri,
1737 2225 1768 2252 ct
1792 2228 1902 2262 respe-

1159 2275 1240 2307 ctive
1284 2274 1401 2307 missas
1445 2273 1627 2313 celebrari,
1669 2283 1704 2305 ac
1746 2272 1901 2315 exequias

1159 2338 1382 2371 quascumque
1408 2327 1566 2371 persolvi.
1595 2326 1653 2359 Ubi
1680 2337 1755 2359 vero
1775 2325 1901 2359 accedit

1158 2380 1293 2423 pacifica
1319 2381 1538 2421 consuetudo,
1565 2390 1622 2412 seu
1648 2379 1793 2422 legitima
1824 2388 1901 2412 con-

1158 2433 1286 2474 ventio,
1314 2439 1367 2465 aut
1392 2444 1548 2477 expressa
1575 2433 1705 2465 Fratrum
1731 2433 1898 2471 voluntas,

1156 2487 1377 2529 permittimus
1393 2487 1481 2530 quod
1498 2487 1661 2530 parochus
1680 2496 1751 2518 cum
1773 2483 1899 2518 clericis

1156 2541 1377 2573 saecularibus
1393 2541 1424 2572 in
1441 2540 1588 2573 ecclesiis
1601 2539 1730 2572 Ordinis
1746 2537 1898 2580 exequias

1156 2599 1308 2638 peragat,
1328 2594 1452 2637 absque
1471 2595 1538 2627 ullo
1566 2598 1671 2626 tamen
1697 2591 1898 2635 praeiudicio

1194 2659 1200 2682 1
1226 2656 1295 2683 Edit.
1320 2656 1397 2683 Main.
1420 2656 1484 2691 legit
1505 2656 1582 2690 quod
1602 2663 1651 2690 pro
1672 2654 1767 2688 quoad
1788 2654 1827 2688 (R.
1849 2653 1897 2687 Τ.).

1910 244 1960 274 An.
1980 244 2011 274 G.
2027 245 2108 275 ¹727
