<?xml version="1.0" encoding="UTF-8"?>
<!DOCTYPE html PUBLIC "-//W3C//DTD XHTML 1.0 Transitional//EN"
    "http://www.w3.org/TR/xhtml1/DTD/xhtml1-transitional.dtd">
<html xmlns="http://www.w3.org/1999/xhtml" xml:lang="en" lang="en">
 <head>
  <title>
</title>
<meta http-equiv="Content-Type" content="text/html;charset=utf-8" />
  <meta name='ocr-system' content='tesseract 3.04.00' />
  <meta name='ocr-capabilities' content='ocr_page ocr_carea ocr_par ocr_line ocrx_word'/>
</head>
<body>
  <div class='ocr_page' id='page_1' title='image "./bullarumdiplomat22cath_0155.png"; bbox 0 0 2170 3147; ppageno 0'>
   <div class='ocr_carea' id='block_1_1' title="bbox 1 214 159 243">
    <p class='ocr_par' dir='ltr' id='par_1_1' title="bbox 1 214 159 243">
     <span class='ocr_line' id='line_1_1' title="bbox 1 214 159 243; baseline -0.013 -1"><span class='ocrx_word' id='word_1_1' title='bbox 1 223 27 243; x_wconf 90' lang='lat' dir='ltr'>n.</span> <span class='ocrx_word' id='word_1_2' title='bbox 43 214 71 242; x_wconf 83' lang='lat' dir='ltr'>C.</span> <span class='ocrx_word' id='word_1_3' title='bbox 93 214 159 241; x_wconf 65' lang='lat'>1724</span> 
     </span>
    </p>
   </div>
   <div class='ocr_carea' id='block_1_2' title="bbox 743 212 1096 236">
    <p class='ocr_par' dir='ltr' id='par_1_2' title="bbox 743 212 1096 236">
     <span class='ocr_line' id='line_1_2' title="bbox 743 212 1096 236; baseline -0.003 0"><span class='ocrx_word' id='word_1_4' title='bbox 743 212 940 236; x_wconf 68' lang='lat' dir='ltr'>BENEDICTIJS</span> <span class='ocrx_word' id='word_1_5' title='bbox 966 213 1022 235; x_wconf 78' lang='lat' dir='ltr'>xm</span> <span class='ocrx_word' id='word_1_6' title='bbox 1049 213 1096 236; x_wconf 72' lang='grc' dir='ltr'>ΙΨ.</span> 
     </span>
    </p>
   </div>
   <div class='ocr_carea' id='block_1_3' title="bbox 171 261 911 1041">
    <p class='ocr_par' dir='ltr' id='par_1_3' title="bbox 171 261 911 1041">
     <span class='ocr_line' id='line_1_3' title="bbox 171 261 910 305; baseline -0.003 -10"><span class='ocrx_word' id='word_1_7' title='bbox 171 262 210 295; x_wconf 85' lang='lat' dir='ltr'>ad</span> <span class='ocrx_word' id='word_1_8' title='bbox 227 262 461 305; x_wconf 86' lang='lat' dir='ltr'>praescriptum</span> <span class='ocrx_word' id='word_1_9' title='bbox 487 261 755 294; x_wconf 70' lang='lat' dir='ltr'>constitutionum</span> <span class='ocrx_word' id='word_1_10' title='bbox 780 261 910 294; x_wconf 86' lang='lat' dir='ltr'>Ordinis</span> 
     </span>
     <span class='ocr_line' id='line_1_4' title="bbox 172 313 911 358; baseline -0.001 -12"><span class='ocrx_word' id='word_1_11' title='bbox 172 315 309 358; x_wconf 75' lang='lat' dir='ltr'>praefati</span> <span class='ocrx_word' id='word_1_12' title='bbox 342 314 566 347; x_wconf 82' lang='lat' dir='ltr'>connumerari</span> <span class='ocrx_word' id='word_1_13' title='bbox 600 315 719 353; x_wconf 83' lang='lat' dir='ltr'>solent,</span> <span class='ocrx_word' id='word_1_14' title='bbox 746 314 811 346; x_wconf 78' lang='lat' dir='ltr'>sive</span> <span class='ocrx_word' id='word_1_15' title='bbox 845 313 911 345; x_wconf 88' lang='lat' dir='ltr'>sint</span> 
     </span>
     <span class='ocr_line' id='line_1_5' title="bbox 173 366 909 410; baseline -0.004 -10"><span class='ocrx_word' id='word_1_16' title='bbox 173 367 391 410; x_wconf 81' lang='lat' dir='ltr'>ex-guardiani</span> <span class='ocrx_word' id='word_1_17' title='bbox 428 366 628 398; x_wconf 80' lang='lat' dir='ltr'>Hierusalem</span> <span class='ocrx_word' id='word_1_18' title='bbox 651 392 658 406; x_wconf 90' lang='lat'>,</span> <span class='ocrx_word' id='word_1_19' title='bbox 690 366 909 398; x_wconf 82' lang='lat' dir='ltr'>ex-secretarii</span> 
     </span>
     <span class='ocr_line' id='line_1_6' title="bbox 172 418 910 461; baseline -0.004 -8"><span class='ocrx_word' id='word_1_20' title='bbox 172 425 225 453; x_wconf 86' lang='lat' dir='ltr'>aut</span> <span class='ocrx_word' id='word_1_21' title='bbox 242 419 506 453; x_wconf 81' lang='lat' dir='ltr'>ex—commissarii</span> <span class='ocrx_word' id='word_1_22' title='bbox 526 420 695 461; x_wconf 76' lang='lat' dir='ltr'>generales</span> <span class='ocrx_word' id='word_1_23' title='bbox 714 418 744 450; x_wconf 91' lang='lat' dir='ltr'>in</span> <span class='ocrx_word' id='word_1_24' title='bbox 763 418 910 461; x_wconf 88' lang='lat' dir='ltr'>partibus</span> 
     </span>
     <span class='ocr_line' id='line_1_7' title="bbox 171 470 911 511; baseline -0.004 -5"><span class='ocrx_word' id='word_1_25' title='bbox 171 474 342 511; x_wconf 89' lang='lat' dir='ltr'>Indiarum‚</span> <span class='ocrx_word' id='word_1_26' title='bbox 359 474 408 506; x_wconf 87' lang='lat' dir='ltr'>vel</span> <span class='ocrx_word' id='word_1_27' title='bbox 426 474 565 505; x_wconf 85' lang='lat' dir='ltr'>lectores</span> <span class='ocrx_word' id='word_1_28' title='bbox 586 470 709 504; x_wconf 88' lang='lat' dir='ltr'>iubilati</span> <span class='ocrx_word' id='word_1_29' title='bbox 736 472 775 504; x_wconf 87' lang='lat' dir='ltr'>de</span> <span class='ocrx_word' id='word_1_30' title='bbox 800 481 911 503; x_wconf 88' lang='lat' dir='ltr'>nume-</span> 
     </span>
     <span class='ocr_line' id='line_1_8' title="bbox 171 524 910 567; baseline -0.004 -8"><span class='ocrx_word' id='word_1_31' title='bbox 171 537 219 567; x_wconf 85' lang='lat' dir='ltr'>ro,</span> <span class='ocrx_word' id='word_1_32' title='bbox 247 537 282 559; x_wconf 84' lang='lat' dir='ltr'>ac</span> <span class='ocrx_word' id='word_1_33' title='bbox 307 526 362 558; x_wconf 86' lang='lat' dir='ltr'>alii</span> <span class='ocrx_word' id='word_1_34' title='bbox 386 525 590 565; x_wconf 86' lang='lat' dir='ltr'>huiusmodi,</span> <span class='ocrx_word' id='word_1_35' title='bbox 618 525 703 557; x_wconf 86' lang='lat' dir='ltr'>inter</span> <span class='ocrx_word' id='word_1_36' title='bbox 727 534 761 557; x_wconf 85' lang='lat' dir='ltr'>se</span> <span class='ocrx_word' id='word_1_37' title='bbox 787 524 833 556; x_wconf 90' lang='lat' dir='ltr'>ita</span> <span class='ocrx_word' id='word_1_38' title='bbox 857 534 910 556; x_wconf 88' lang='lat' dir='ltr'>ae-</span> 
     </span>
     <span class='ocr_line' id='line_1_9' title="bbox 172 578 910 622; baseline -0.003 -11"><span class='ocrx_word' id='word_1_39' title='bbox 172 579 301 622; x_wconf 88' lang='lat' dir='ltr'>qualem</span> <span class='ocrx_word' id='word_1_40' title='bbox 326 578 458 611; x_wconf 88' lang='lat' dir='ltr'>omnino</span> <span class='ocrx_word' id='word_1_41' title='bbox 480 578 628 611; x_wconf 77' lang='lat' dir='ltr'>ordinem</span> <span class='ocrx_word' id='word_1_42' title='bbox 655 578 693 610; x_wconf 90' lang='lat' dir='ltr'>de</span> <span class='ocrx_word' id='word_1_43' title='bbox 712 583 822 610; x_wconf 88' lang='lat' dir='ltr'>cetero</span> <span class='ocrx_word' id='word_1_44' title='bbox 842 587 910 619; x_wconf 90' lang='lat' dir='ltr'>per·</span> 
     </span>
     <span class='ocr_line' id='line_1_10' title="bbox 171 630 908 674; baseline -0.004 -10"><span class='ocrx_word' id='word_1_45' title='bbox 171 632 276 674; x_wconf 90' lang='lat' dir='ltr'>petuis</span> <span class='ocrx_word' id='word_1_46' title='bbox 302 631 417 664; x_wconf 82' lang='lat' dir='ltr'>suturis</span> <span class='ocrx_word' id='word_1_47' title='bbox 441 630 640 673; x_wconf 91' lang='lat' dir='ltr'>temporibus</span> <span class='ocrx_word' id='word_1_48' title='bbox 658 634 786 662; x_wconf 83' lang='lat' dir='ltr'>servent</span> <span class='ocrx_word' id='word_1_49' title='bbox 804 630 908 672; x_wconf 89' lang='lat' dir='ltr'>quoad</span> 
     </span>
     <span class='ocr_line' id='line_1_11' title="bbox 171 682 908 725; baseline 0 -10"><span class='ocrx_word' id='word_1_50' title='bbox 171 683 421 717; x_wconf 73' lang='lat' dir='ltr'>substitutiones</span> <span class='ocrx_word' id='word_1_51' title='bbox 447 682 646 719; x_wconf 87' lang='lat' dir='ltr'>huiusmodi,</span> <span class='ocrx_word' id='word_1_52' title='bbox 672 688 707 715; x_wconf 92' lang='lat' dir='ltr'>ut</span> <span class='ocrx_word' id='word_1_53' title='bbox 732 682 777 715; x_wconf 95' lang='lat' dir='ltr'>illi</span> <span class='ocrx_word' id='word_1_54' title='bbox 803 682 908 725; x_wconf 91' lang='lat' dir='ltr'>primo</span> 
     </span>
     <span class='ocr_line' id='line_1_12' title="bbox 171 735 909 778; baseline -0.004 -9"><span class='ocrx_word' id='word_1_55' title='bbox 171 737 243 769; x_wconf 90' lang='lat' dir='ltr'>loco</span> <span class='ocrx_word' id='word_1_56' title='bbox 278 737 499 778; x_wconf 76' lang='lat' dir='ltr'>subrogentur</span> <span class='ocrx_word' id='word_1_57' title='bbox 528 736 581 778; x_wconf 89' lang='lat' dir='ltr'>qui</span> <span class='ocrx_word' id='word_1_58' title='bbox 609 735 697 778; x_wconf 90' lang='lat' dir='ltr'>prius</span> <span class='ocrx_word' id='word_1_59' title='bbox 727 735 813 767; x_wconf 88' lang='lat' dir='ltr'>inter</span> <span class='ocrx_word' id='word_1_60' title='bbox 838 745 909 777; x_wconf 91' lang='lat' dir='ltr'>pro-</span> 
     </span>
     <span class='ocr_line' id='line_1_13' title="bbox 171 788 908 832; baseline 0 -12"><span class='ocrx_word' id='word_1_61' title='bbox 171 789 346 822; x_wconf 88' lang='lat' dir='ltr'>vinciarum</span> <span class='ocrx_word' id='word_1_62' title='bbox 365 794 472 832; x_wconf 84' lang='lat' dir='ltr'>patres</span> <span class='ocrx_word' id='word_1_63' title='bbox 491 799 548 822; x_wconf 91' lang='lat' dir='ltr'>seu</span> <span class='ocrx_word' id='word_1_64' title='bbox 567 788 785 822; x_wconf 77' lang='lat' dir='ltr'>ex-ministros</span> <span class='ocrx_word' id='word_1_65' title='bbox 803 789 908 821; x_wconf 88' lang='lat' dir='ltr'>locum</span> 
     </span>
     <span class='ocr_line' id='line_1_14' title="bbox 173 841 909 885; baseline -0.001 -11"><span class='ocrx_word' id='word_1_66' title='bbox 173 842 303 875; x_wconf 84' lang='lat' dir='ltr'>suerunt</span> <span class='ocrx_word' id='word_1_67' title='bbox 327 842 459 885; x_wconf 80' lang='lat' dir='ltr'>adepti,</span> <span class='ocrx_word' id='word_1_68' title='bbox 492 841 637 884; x_wconf 83' lang='lat' dir='ltr'>quamvis</span> <span class='ocrx_word' id='word_1_69' title='bbox 674 841 788 874; x_wconf 78' lang='lat' dir='ltr'>exinde</span> <span class='ocrx_word' id='word_1_70' title='bbox 822 841 909 884; x_wconf 89' lang='lat' dir='ltr'>ipsos</span> 
     </span>
     <span class='ocr_line' id='line_1_15' title="bbox 171 894 911 938; baseline -0.003 -11"><span class='ocrx_word' id='word_1_71' title='bbox 171 895 410 938; x_wconf 86' lang='lat' dir='ltr'>provinciarum</span> <span class='ocrx_word' id='word_1_72' title='bbox 436 894 611 935; x_wconf 87' lang='lat' dir='ltr'>ministros,</span> <span class='ocrx_word' id='word_1_73' title='bbox 630 895 682 937; x_wconf 92' lang='lat' dir='ltr'>qui</span> <span class='ocrx_word' id='word_1_74' title='bbox 708 904 743 927; x_wconf 87' lang='lat' dir='ltr'>re</span> <span class='ocrx_word' id='word_1_75' title='bbox 768 896 842 926; x_wconf 82' lang='lat' dir='ltr'>vera</span> <span class='ocrx_word' id='word_1_76' title='bbox 868 894 911 926; x_wconf 80' lang='lat' dir='ltr'>os-</span> 
     </span>
     <span class='ocr_line' id='line_1_16' title="bbox 173 946 910 990; baseline -0.003 -10"><span class='ocrx_word' id='word_1_77' title='bbox 173 946 244 980; x_wconf 84' lang='lat' dir='ltr'>ficio</span> <span class='ocrx_word' id='word_1_78' title='bbox 270 948 370 980; x_wconf 89' lang='lat' dir='ltr'>suncti</span> <span class='ocrx_word' id='word_1_79' title='bbox 398 953 495 987; x_wconf 89' lang='lat' dir='ltr'>sunt,</span> <span class='ocrx_word' id='word_1_80' title='bbox 522 953 595 990; x_wconf 87' lang='lat' dir='ltr'>post</span> <span class='ocrx_word' id='word_1_81' title='bbox 620 946 699 980; x_wconf 89' lang='lat' dir='ltr'>alios</span> <span class='ocrx_word' id='word_1_82' title='bbox 724 957 790 979; x_wconf 89' lang='lat' dir='ltr'>non</span> <span class='ocrx_word' id='word_1_83' title='bbox 816 953 910 979; x_wconf 86' lang='lat' dir='ltr'>antea</span> 
     </span>
     <span class='ocr_line' id='line_1_17' title="bbox 171 999 911 1041; baseline -0.001 -9"><span class='ocrx_word' id='word_1_84' title='bbox 171 999 337 1033; x_wconf 86' lang='lat' dir='ltr'>ministros</span> <span class='ocrx_word' id='word_1_85' title='bbox 355 1000 521 1041; x_wconf 80' lang='lat' dir='ltr'>contingat</span> <span class='ocrx_word' id='word_1_86' title='bbox 539 999 717 1041; x_wconf 73' lang='lat' dir='ltr'>suffragari,</span> <span class='ocrx_word' id='word_1_87' title='bbox 734 1010 806 1032; x_wconf 89' lang='lat' dir='ltr'>cum</span> <span class='ocrx_word' id='word_1_88' title='bbox 825 1009 911 1032; x_wconf 86' lang='lat' dir='ltr'>men-</span> 
     </span>
    </p>
   </div>
   <div class='ocr_carea' id='block_1_4' title="bbox 174 1052 932 1085">
    <p class='ocr_par' dir='ltr' id='par_1_4' title="bbox 174 1052 932 1085">
     <span class='ocr_line' id='line_1_18' title="bbox 174 1052 932 1085; baseline -0.003 0"><span class='ocrx_word' id='word_1_89' title='bbox 174 1052 212 1085; x_wconf 89' lang='lat' dir='ltr'>tis</span> <span class='ocrx_word' id='word_1_90' title='bbox 238 1058 269 1085; x_wconf 88' lang='lat' dir='ltr'>et</span> <span class='ocrx_word' id='word_1_91' title='bbox 289 1052 478 1085; x_wconf 85' lang='lat' dir='ltr'>intentionis</span> <span class='ocrx_word' id='word_1_92' title='bbox 494 1058 623 1085; x_wconf 89' lang='lat' dir='ltr'>nostrae</span> <span class='ocrx_word' id='word_1_93' title='bbox 645 1052 684 1085; x_wconf 89' lang='lat' dir='ltr'>sit</span> <span class='ocrx_word' id='word_1_94' title='bbox 703 1057 738 1084; x_wconf 92' lang='lat' dir='ltr'>ut</span> <span class='ocrx_word' id='word_1_95' title='bbox 758 1052 820 1084; x_wconf 85' lang='lat' dir='ltr'>hoc</span> <span class='ocrx_word' id='word_1_96' title='bbox 837 1052 911 1083; x_wconf 89' lang='lat' dir='ltr'>sub·</span> <span class='ocrx_word' id='word_1_97' title='bbox 930 1052 932 1073; x_wconf 64' lang='lat' dir='ltr'>i</span> 
     </span>
    </p>
   </div>
   <div class='ocr_carea' id='block_1_5' title="bbox 173 1105 911 1148">
    <p class='ocr_par' dir='ltr' id='par_1_5' title="bbox 173 1105 911 1148">
     <span class='ocr_line' id='line_1_19' title="bbox 173 1105 911 1148; baseline -0.003 -10"><span class='ocrx_word' id='word_1_98' title='bbox 173 1106 326 1139; x_wconf 88' lang='lat' dir='ltr'>stituendi</span> <span class='ocrx_word' id='word_1_99' title='bbox 353 1112 383 1138; x_wconf 89' lang='lat' dir='ltr'>et</span> <span class='ocrx_word' id='word_1_100' title='bbox 410 1105 606 1148; x_wconf 72' lang='lat' dir='ltr'>suffragandi</span> <span class='ocrx_word' id='word_1_101' title='bbox 633 1106 691 1142; x_wconf 88' lang='lat' dir='ltr'>ius,</span> <span class='ocrx_word' id='word_1_102' title='bbox 709 1115 772 1137; x_wconf 89' lang='lat' dir='ltr'>nou</span> <span class='ocrx_word' id='word_1_103' title='bbox 800 1105 831 1136; x_wconf 91' lang='lat' dir='ltr'>in</span> <span class='ocrx_word' id='word_1_104' title='bbox 858 1105 911 1137; x_wconf 89' lang='lat' dir='ltr'>ali-</span> 
     </span>
    </p>
   </div>
   <div class='ocr_carea' id='block_1_6' title="bbox 174 1157 933 1210">
    <p class='ocr_par' dir='ltr' id='par_1_6' title="bbox 174 1157 933 1210">
     <span class='ocr_line' id='line_1_20' title="bbox 174 1157 933 1210; baseline -0.004 -19"><span class='ocrx_word' id='word_1_105' title='bbox 174 1164 252 1202; x_wconf 85' lang='lat' dir='ltr'>quot</span> <span class='ocrx_word' id='word_1_106' title='bbox 277 1164 410 1197; x_wconf 88' lang='lat' dir='ltr'>tantum,</span> <span class='ocrx_word' id='word_1_107' title='bbox 438 1159 494 1191; x_wconf 89' lang='lat' dir='ltr'>sed</span> <span class='ocrx_word' id='word_1_108' title='bbox 520 1159 550 1190; x_wconf 92' lang='lat' dir='ltr'>in</span> <span class='ocrx_word' id='word_1_109' title='bbox 578 1158 726 1191; x_wconf 89' lang='lat' dir='ltr'>omnibus</span> <span class='ocrx_word' id='word_1_110' title='bbox 752 1157 933 1210; x_wconf 53' lang='lat' dir='ltr'>pa11·ih11.&lt;‚3</span> 
     </span>
    </p>
   </div>
   <div class='ocr_carea' id='block_1_7' title="bbox 174 1210 911 1255">
    <p class='ocr_par' dir='ltr' id='par_1_7' title="bbox 174 1210 911 1255">
     <span class='ocr_line' id='line_1_21' title="bbox 174 1210 911 1255; baseline -0.001 -12"><span class='ocrx_word' id='word_1_111' title='bbox 174 1211 291 1255; x_wconf 90' lang='lat' dir='ltr'>quibus</span> <span class='ocrx_word' id='word_1_112' title='bbox 305 1211 383 1244; x_wconf 91' lang='lat' dir='ltr'>illud</span> <span class='ocrx_word' id='word_1_113' title='bbox 401 1212 566 1254; x_wconf 82' lang='lat' dir='ltr'>competit,</span> <span class='ocrx_word' id='word_1_114' title='bbox 583 1221 675 1243; x_wconf 89' lang='lat' dir='ltr'>suum</span> <span class='ocrx_word' id='word_1_115' title='bbox 694 1210 848 1244; x_wconf 86' lang='lat' dir='ltr'>sortiatur</span> <span class='ocrx_word' id='word_1_116' title='bbox 867 1210 911 1242; x_wconf 81' lang='lat' dir='ltr'>es-</span> 
     </span>
    </p>
   </div>
   <div class='ocr_carea' id='block_1_8' title="bbox 1584 199 1648 232">
    <p class='ocr_par' dir='ltr' id='par_1_8' title="bbox 1584 199 1648 232">
     <span class='ocr_line' id='line_1_22' title="bbox 1584 199 1648 232; baseline 0 0"><span class='ocrx_word' id='word_1_117' title='bbox 1584 199 1648 232; x_wconf 70' lang='lat'>417</span> 
     </span>
    </p>
   </div>
   <div class='ocr_carea' id='block_1_9' title="bbox 952 259 1697 1249">
    <p class='ocr_par' dir='ltr' id='par_1_9' title="bbox 952 259 1697 1249">
     <span class='ocr_line' id='line_1_23' title="bbox 954 259 1693 305; baseline -0.005 -11"><span class='ocrx_word' id='word_1_118' title='bbox 954 272 1090 305; x_wconf 83' lang='lat' dir='ltr'>cumque</span> <span class='ocrx_word' id='word_1_119' title='bbox 1115 266 1226 301; x_wconf 84' lang='lat' dir='ltr'>status,</span> <span class='ocrx_word' id='word_1_120' title='bbox 1253 260 1382 302; x_wconf 79' lang='lat' dir='ltr'>gradus,</span> <span class='ocrx_word' id='word_1_121' title='bbox 1415 259 1549 299; x_wconf 78' lang='lat' dir='ltr'>ordinis,</span> <span class='ocrx_word' id='word_1_122' title='bbox 1580 268 1693 301; x_wconf 85' lang='lat' dir='ltr'>praee-</span> 
     </span>
     <span class='ocr_line' id='line_1_24' title="bbox 954 312 1692 355; baseline -0.005 -9"><span class='ocrx_word' id='word_1_123' title='bbox 954 314 1127 346; x_wconf 89' lang='lat' dir='ltr'>minentiae</span> <span class='ocrx_word' id='word_1_124' title='bbox 1164 315 1213 346; x_wconf 89' lang='lat' dir='ltr'>vel</span> <span class='ocrx_word' id='word_1_125' title='bbox 1253 312 1419 355; x_wconf 85' lang='lat' dir='ltr'>dignitatis</span> <span class='ocrx_word' id='word_1_126' title='bbox 1456 312 1609 351; x_wconf 79' lang='lat' dir='ltr'>existant,</span> <span class='ocrx_word' id='word_1_127' title='bbox 1636 321 1692 343; x_wconf 88' lang='lat' dir='ltr'>seu</span> 
     </span>
     <span class='ocr_line' id='line_1_25' title="bbox 953 365 1693 409; baseline -0.003 -11"><span class='ocrx_word' id='word_1_128' title='bbox 953 367 1032 399; x_wconf 79' lang='lat' dir='ltr'>alias</span> <span class='ocrx_word' id='word_1_129' title='bbox 1058 366 1207 409; x_wconf 72' lang='lat' dir='ltr'>specifica</span> <span class='ocrx_word' id='word_1_130' title='bbox 1232 371 1264 398; x_wconf 90' lang='lat' dir='ltr'>et</span> <span class='ocrx_word' id='word_1_131' title='bbox 1289 366 1452 398; x_wconf 81' lang='lat' dir='ltr'>individua</span> <span class='ocrx_word' id='word_1_132' title='bbox 1470 365 1636 397; x_wconf 86' lang='lat' dir='ltr'>mentione</span> <span class='ocrx_word' id='word_1_133' title='bbox 1662 370 1693 396; x_wconf 86' lang='lat' dir='ltr'>et</span> 
     </span>
     <span class='ocr_line' id='line_1_26' title="bbox 954 417 1693 461; baseline -0.001 -12"><span class='ocrx_word' id='word_1_134' title='bbox 954 419 1166 460; x_wconf 80' lang='lat' dir='ltr'>expressione</span> <span class='ocrx_word' id='word_1_135' title='bbox 1185 419 1284 460; x_wconf 81' lang='lat' dir='ltr'>digni,</span> <span class='ocrx_word' id='word_1_136' title='bbox 1304 419 1336 450; x_wconf 90' lang='lat' dir='ltr'>in</span> <span class='ocrx_word' id='word_1_137' title='bbox 1354 417 1537 461; x_wconf 82' lang='lat' dir='ltr'>praemissis</span> <span class='ocrx_word' id='word_1_138' title='bbox 1554 417 1693 449; x_wconf 87' lang='lat' dir='ltr'>interes-</span> 
     </span>
     <span class='ocr_line' id='line_1_27' title="bbox 953 470 1694 513; baseline -0.001 -11"><span class='ocrx_word' id='word_1_139' title='bbox 953 481 986 503; x_wconf 91' lang='lat' dir='ltr'>se</span> <span class='ocrx_word' id='word_1_140' title='bbox 1020 471 1178 503; x_wconf 88' lang='lat' dir='ltr'>habentes</span> <span class='ocrx_word' id='word_1_141' title='bbox 1211 481 1267 503; x_wconf 90' lang='lat' dir='ltr'>seu</span> <span class='ocrx_word' id='word_1_142' title='bbox 1299 471 1421 503; x_wconf 89' lang='lat' dir='ltr'>habere</span> <span class='ocrx_word' id='word_1_143' title='bbox 1446 470 1694 513; x_wconf 78' lang='lat' dir='ltr'>quomodolibet</span> 
     </span>
     <span class='ocr_line' id='line_1_28' title="bbox 953 521 1691 565; baseline -0.003 -10"><span class='ocrx_word' id='word_1_144' title='bbox 953 523 1216 565; x_wconf 79' lang='lat' dir='ltr'>praetendentes,</span> <span class='ocrx_word' id='word_1_145' title='bbox 1252 523 1316 556; x_wconf 91' lang='lat' dir='ltr'>illis</span> <span class='ocrx_word' id='word_1_146' title='bbox 1349 533 1414 555; x_wconf 89' lang='lat' dir='ltr'>non</span> <span class='ocrx_word' id='word_1_147' title='bbox 1451 521 1691 561; x_wconf 87' lang='lat' dir='ltr'>consenserint,</span> 
     </span>
     <span class='ocr_line' id='line_1_29' title="bbox 952 575 1693 615; baseline -0.001 -7"><span class='ocrx_word' id='word_1_148' title='bbox 952 587 1009 608; x_wconf 88' lang='lat' dir='ltr'>seu</span> <span class='ocrx_word' id='word_1_149' title='bbox 1027 575 1065 608; x_wconf 91' lang='lat' dir='ltr'>ad</span> <span class='ocrx_word' id='word_1_150' title='bbox 1088 586 1124 608; x_wconf 84' lang='lat' dir='ltr'>ea</span> <span class='ocrx_word' id='word_1_151' title='bbox 1143 575 1257 615; x_wconf 88' lang='lat' dir='ltr'>vocati,</span> <span class='ocrx_word' id='word_1_152' title='bbox 1277 575 1363 608; x_wconf 91' lang='lat' dir='ltr'>citati</span> <span class='ocrx_word' id='word_1_153' title='bbox 1382 580 1413 607; x_wconf 92' lang='lat' dir='ltr'>et</span> <span class='ocrx_word' id='word_1_154' title='bbox 1437 575 1545 613; x_wconf 88' lang='lat' dir='ltr'>auditi,</span> <span class='ocrx_word' id='word_1_155' title='bbox 1565 585 1693 607; x_wconf 87' lang='lat' dir='ltr'>causae-</span> 
     </span>
     <span class='ocr_line' id='line_1_30' title="bbox 954 628 1695 672; baseline 0 -13"><span class='ocrx_word' id='word_1_156' title='bbox 954 639 1027 672; x_wconf 86' lang='lat' dir='ltr'>que,</span> <span class='ocrx_word' id='word_1_157' title='bbox 1045 633 1182 671; x_wconf 88' lang='lat' dir='ltr'>propter</span> <span class='ocrx_word' id='word_1_158' title='bbox 1200 638 1278 671; x_wconf 89' lang='lat' dir='ltr'>quas</span> <span class='ocrx_word' id='word_1_159' title='bbox 1296 628 1384 671; x_wconf 81' lang='lat' dir='ltr'>ipsae</span> <span class='ocrx_word' id='word_1_160' title='bbox 1402 632 1592 670; x_wconf 76' lang='lat' dir='ltr'>praesentes</span> <span class='ocrx_word' id='word_1_161' title='bbox 1611 637 1695 659; x_wconf 88' lang='lat' dir='ltr'>ema-</span> 
     </span>
     <span class='ocr_line' id='line_1_31' title="bbox 953 679 1693 719; baseline -0.003 -6"><span class='ocrx_word' id='word_1_162' title='bbox 953 681 1071 719; x_wconf 88' lang='lat' dir='ltr'>narint,</span> <span class='ocrx_word' id='word_1_163' title='bbox 1095 680 1291 713; x_wconf 83' lang='lat' dir='ltr'>sufficienter</span> <span class='ocrx_word' id='word_1_164' title='bbox 1315 680 1483 719; x_wconf 78' lang='lat' dir='ltr'>adductae,</span> <span class='ocrx_word' id='word_1_165' title='bbox 1514 679 1693 711; x_wconf 80' lang='lat' dir='ltr'>verificatae</span> 
     </span>
     <span class='ocr_line' id='line_1_32' title="bbox 953 730 1694 771; baseline -0.005 -5"><span class='ocrx_word' id='word_1_166' title='bbox 953 739 984 766; x_wconf 88' lang='lat' dir='ltr'>et</span> <span class='ocrx_word' id='word_1_167' title='bbox 1015 733 1205 765; x_wconf 81' lang='lat' dir='ltr'>itistilicatae</span> <span class='ocrx_word' id='word_1_168' title='bbox 1237 742 1302 764; x_wconf 90' lang='lat' dir='ltr'>nou</span> <span class='ocrx_word' id='word_1_169' title='bbox 1328 732 1458 771; x_wconf 86' lang='lat' dir='ltr'>suerint,</span> <span class='ocrx_word' id='word_1_170' title='bbox 1488 737 1540 763; x_wconf 89' lang='lat' dir='ltr'>aut</span> <span class='ocrx_word' id='word_1_171' title='bbox 1568 742 1605 763; x_wconf 85' lang='lat' dir='ltr'>ex</span> <span class='ocrx_word' id='word_1_172' title='bbox 1633 730 1694 763; x_wconf 81' lang='lat' dir='ltr'>alia</span> 
     </span>
     <span class='ocr_line' id='line_1_33' title="bbox 954 784 1693 829; baseline -0.004 -11"><span class='ocrx_word' id='word_1_173' title='bbox 954 787 1111 829; x_wconf 86' lang='lat' dir='ltr'>qnalibet,</span> <span class='ocrx_word' id='word_1_174' title='bbox 1137 785 1233 818; x_wconf 88' lang='lat' dir='ltr'>etiam</span> <span class='ocrx_word' id='word_1_175' title='bbox 1266 785 1505 827; x_wconf 87' lang='lat' dir='ltr'>quantumlibet</span> <span class='ocrx_word' id='word_1_176' title='bbox 1538 784 1693 821; x_wconf 76' lang='lat' dir='ltr'>iuridica,</span> 
     </span>
     <span class='ocr_line' id='line_1_34' title="bbox 954 837 1693 881; baseline -0.003 -11"><span class='ocrx_word' id='word_1_177' title='bbox 954 839 1098 881; x_wconf 81' lang='lat' dir='ltr'>legitima</span> <span class='ocrx_word' id='word_1_178' title='bbox 1123 844 1154 870; x_wconf 91' lang='lat' dir='ltr'>et</span> <span class='ocrx_word' id='word_1_179' title='bbox 1189 837 1394 880; x_wconf 81' lang='lat' dir='ltr'>privilegiata</span> <span class='ocrx_word' id='word_1_180' title='bbox 1418 839 1532 876; x_wconf 83' lang='lat' dir='ltr'>causa,</span> <span class='ocrx_word' id='word_1_181' title='bbox 1564 837 1693 875; x_wconf 85' lang='lat' dir='ltr'>colore,</span> 
     </span>
     <span class='ocr_line' id='line_1_35' title="bbox 954 890 1693 934; baseline -0.004 -11"><span class='ocrx_word' id='word_1_182' title='bbox 954 897 1121 934; x_wconf 83' lang='lat' dir='ltr'>praetextu</span> <span class='ocrx_word' id='word_1_183' title='bbox 1148 891 1196 923; x_wconf 93' lang='lat' dir='ltr'>vel</span> <span class='ocrx_word' id='word_1_184' title='bbox 1223 890 1343 933; x_wconf 89' lang='lat' dir='ltr'>capite,</span> <span class='ocrx_word' id='word_1_185' title='bbox 1374 890 1469 922; x_wconf 86' lang='lat' dir='ltr'>etiam</span> <span class='ocrx_word' id='word_1_186' title='bbox 1496 890 1528 922; x_wconf 90' lang='lat' dir='ltr'>in</span> <span class='ocrx_word' id='word_1_187' title='bbox 1554 899 1693 931; x_wconf 85' lang='lat' dir='ltr'>corpore</span> 
     </span>
     <span class='ocr_line' id='line_1_36' title="bbox 953 942 1695 983; baseline -0.005 -6"><span class='ocrx_word' id='word_1_188' title='bbox 953 945 1031 977; x_wconf 88' lang='lat' dir='ltr'>iuris</span> <span class='ocrx_word' id='word_1_189' title='bbox 1060 945 1182 983; x_wconf 79' lang='lat' dir='ltr'>clauso,</span> <span class='ocrx_word' id='word_1_190' title='bbox 1207 943 1303 976; x_wconf 87' lang='lat' dir='ltr'>etiam</span> <span class='ocrx_word' id='word_1_191' title='bbox 1329 943 1484 982; x_wconf 81' lang='lat' dir='ltr'>enormis,</span> <span class='ocrx_word' id='word_1_192' title='bbox 1508 942 1695 975; x_wconf 87' lang='lat' dir='ltr'>enormissi-</span> 
     </span>
     <span class='ocr_line' id='line_1_37' title="bbox 954 995 1695 1037; baseline -0.005 -7"><span class='ocrx_word' id='word_1_193' title='bbox 954 1008 1025 1030; x_wconf 85' lang='lat' dir='ltr'>mae</span> <span class='ocrx_word' id='word_1_194' title='bbox 1052 1002 1082 1030; x_wconf 89' lang='lat' dir='ltr'>et</span> <span class='ocrx_word' id='word_1_195' title='bbox 1108 996 1216 1029; x_wconf 84' lang='lat' dir='ltr'>totalis</span> <span class='ocrx_word' id='word_1_196' title='bbox 1241 995 1405 1036; x_wconf 88' lang='lat' dir='ltr'>laesionis,</span> <span class='ocrx_word' id='word_1_197' title='bbox 1440 996 1529 1028; x_wconf 88' lang='lat' dir='ltr'>nullo</span> <span class='ocrx_word' id='word_1_198' title='bbox 1553 1005 1695 1037; x_wconf 87' lang='lat' dir='ltr'>unquam</span> 
     </span>
     <span class='ocr_line' id='line_1_38' title="bbox 956 1047 1696 1093; baseline -0.007 -10"><span class='ocrx_word' id='word_1_199' title='bbox 956 1056 1100 1093; x_wconf 88' lang='lat' dir='ltr'>tempore</span> <span class='ocrx_word' id='word_1_200' title='bbox 1119 1049 1157 1082; x_wconf 92' lang='lat' dir='ltr'>de</span> <span class='ocrx_word' id='word_1_201' title='bbox 1176 1048 1395 1092; x_wconf 84' lang='lat' dir='ltr'>subreptionis</span> <span class='ocrx_word' id='word_1_202' title='bbox 1420 1048 1468 1081; x_wconf 88' lang='lat' dir='ltr'>vel</span> <span class='ocrx_word' id='word_1_203' title='bbox 1492 1047 1696 1090; x_wconf 88' lang='lat' dir='ltr'>obreptionis</span> 
     </span>
     <span class='ocr_line' id='line_1_39' title="bbox 954 1100 1697 1142; baseline -0.004 -7"><span class='ocrx_word' id='word_1_204' title='bbox 954 1109 1007 1135; x_wconf 89' lang='lat' dir='ltr'>aut</span> <span class='ocrx_word' id='word_1_205' title='bbox 1031 1103 1189 1136; x_wconf 84' lang='lat' dir='ltr'>nullitatis</span> <span class='ocrx_word' id='word_1_206' title='bbox 1215 1102 1302 1142; x_wconf 81' lang='lat' dir='ltr'>vitio,</span> <span class='ocrx_word' id='word_1_207' title='bbox 1338 1112 1392 1134; x_wconf 87' lang='lat' dir='ltr'>seu</span> <span class='ocrx_word' id='word_1_208' title='bbox 1422 1100 1612 1134; x_wconf 88' lang='lat' dir='ltr'>intentionis</span> <span class='ocrx_word' id='word_1_209' title='bbox 1639 1110 1697 1132; x_wconf 88' lang='lat' dir='ltr'>no-</span> 
     </span>
     <span class='ocr_line' id='line_1_40' title="bbox 954 1153 1697 1195; baseline -0.005 -7"><span class='ocrx_word' id='word_1_210' title='bbox 954 1161 1049 1195; x_wconf 85' lang='lat' dir='ltr'>strae,</span> <span class='ocrx_word' id='word_1_211' title='bbox 1082 1160 1137 1188; x_wconf 92' lang='lat' dir='ltr'>aut</span> <span class='ocrx_word' id='word_1_212' title='bbox 1161 1155 1318 1186; x_wconf 88' lang='lat' dir='ltr'>interesse</span> <span class='ocrx_word' id='word_1_213' title='bbox 1345 1153 1534 1186; x_wconf 71' lang='lat' dir='ltr'>habentium</span> <span class='ocrx_word' id='word_1_214' title='bbox 1561 1162 1697 1185; x_wconf 84' lang='lat' dir='ltr'>eonsen-</span> 
     </span>
     <span class='ocr_line' id='line_1_41' title="bbox 955 1204 1696 1249; baseline -0.005 -9"><span class='ocrx_word' id='word_1_215' title='bbox 955 1210 1022 1248; x_wconf 81' lang='lat' dir='ltr'>sus,</span> <span class='ocrx_word' id='word_1_216' title='bbox 1056 1207 1158 1240; x_wconf 88' lang='lat' dir='ltr'>aliove</span> <span class='ocrx_word' id='word_1_217' title='bbox 1188 1207 1335 1249; x_wconf 89' lang='lat' dir='ltr'>quolibet</span> <span class='ocrx_word' id='word_1_218' title='bbox 1368 1206 1463 1238; x_wconf 90' lang='lat' dir='ltr'>etiam</span> <span class='ocrx_word' id='word_1_219' title='bbox 1491 1204 1696 1248; x_wconf 81' lang='lat' dir='ltr'>quantumvis</span> 
     </span>
    </p>
   </div>
   <div class='ocr_carea' id='block_1_10' title="bbox 1699 207 1883 234">
    <p class='ocr_par' dir='ltr' id='par_1_10' title="bbox 1699 207 1883 234">
     <span class='ocr_line' id='line_1_42' title="bbox 1699 207 1883 234; baseline 0.005 -1"><span class='ocrx_word' id='word_1_220' title='bbox 1699 208 1746 234; x_wconf 69' lang='lat' dir='ltr'>An.</span> <span class='ocrx_word' id='word_1_221' title='bbox 1764 208 1791 233; x_wconf 78' lang='lat' dir='ltr'>C.</span> <span class='ocrx_word' id='word_1_222' title='bbox 1818 207 1883 234; x_wconf 65' lang='lat'>1724</span> 
     </span>
    </p>
   </div>
   <div class='ocr_carea' id='block_1_11' title="bbox 954 1257 1700 1516">
    <p class='ocr_par' dir='ltr' id='par_1_11' title="bbox 954 1257 1700 1516">
     <span class='ocr_line' id='line_1_43' title="bbox 954 1257 1695 1304; baseline -0.007 -10"><span class='ocrx_word' id='word_1_223' title='bbox 954 1271 1071 1304; x_wconf 84' lang='lat' dir='ltr'>magno</span> <span class='ocrx_word' id='word_1_224' title='bbox 1109 1266 1140 1293; x_wconf 90' lang='lat' dir='ltr'>et</span> <span class='ocrx_word' id='word_1_225' title='bbox 1175 1259 1395 1298; x_wconf 83' lang='lat' dir='ltr'>substantiali,</span> <span class='ocrx_word' id='word_1_226' title='bbox 1434 1268 1469 1291; x_wconf 90' lang='lat' dir='ltr'>ac</span> <span class='ocrx_word' id='word_1_227' title='bbox 1506 1257 1695 1300; x_wconf 85' lang='lat' dir='ltr'>incogitato,</span> 
     </span>
     <span class='ocr_line' id='line_1_44' title="bbox 956 1311 1698 1356; baseline -0.005 -10"><span class='ocrx_word' id='word_1_228' title='bbox 956 1313 1197 1356; x_wconf 69' lang='lat' dir='ltr'>inexcogitabili</span> <span class='ocrx_word' id='word_1_229' title='bbox 1224 1312 1488 1355; x_wconf 82' lang='lat' dir='ltr'>individuamque</span> <span class='ocrx_word' id='word_1_230' title='bbox 1517 1311 1698 1354; x_wconf 80' lang='lat' dir='ltr'>expressio-</span> 
     </span>
     <span class='ocr_line' id='line_1_45' title="bbox 955 1365 1698 1410; baseline -0.007 -10"><span class='ocrx_word' id='word_1_231' title='bbox 955 1379 1028 1401; x_wconf 89' lang='lat' dir='ltr'>nem</span> <span class='ocrx_word' id='word_1_232' title='bbox 1063 1368 1251 1410; x_wconf 84' lang='lat' dir='ltr'>requirente</span> <span class='ocrx_word' id='word_1_233' title='bbox 1288 1366 1415 1399; x_wconf 84' lang='lat' dir='ltr'>defectu</span> <span class='ocrx_word' id='word_1_234' title='bbox 1446 1365 1568 1404; x_wconf 87' lang='lat' dir='ltr'>notari,</span> <span class='ocrx_word' id='word_1_235' title='bbox 1594 1365 1698 1407; x_wconf 90' lang='lat' dir='ltr'>impu-</span> 
     </span>
     <span class='ocr_line' id='line_1_46' title="bbox 954 1417 1696 1463; baseline -0.005 -10"><span class='ocrx_word' id='word_1_236' title='bbox 954 1421 1057 1463; x_wconf 84' lang='lat' dir='ltr'>gnari,</span> <span class='ocrx_word' id='word_1_237' title='bbox 1095 1419 1246 1462; x_wconf 77' lang='lat' dir='ltr'>infringi,</span> <span class='ocrx_word' id='word_1_238' title='bbox 1281 1419 1468 1458; x_wconf 87' lang='lat' dir='ltr'>retractari,</span> <span class='ocrx_word' id='word_1_239' title='bbox 1504 1417 1696 1454; x_wconf 76' lang='lat' dir='ltr'>modificari,</span> 
     </span>
     <span class='ocr_line' id='line_1_47' title="bbox 954 1471 1700 1516; baseline -0.007 -9"><span class='ocrx_word' id='word_1_240' title='bbox 954 1474 1116 1516; x_wconf 80' lang='lat' dir='ltr'>redargui,</span> <span class='ocrx_word' id='word_1_241' title='bbox 1143 1473 1174 1505; x_wconf 91' lang='lat' dir='ltr'>in</span> <span class='ocrx_word' id='word_1_242' title='bbox 1212 1472 1465 1505; x_wconf 88' lang='lat' dir='ltr'>controversiam</span> <span class='ocrx_word' id='word_1_243' title='bbox 1495 1471 1612 1510; x_wconf 81' lang='lat' dir='ltr'>vocari,</span> <span class='ocrx_word' id='word_1_244' title='bbox 1647 1476 1700 1502; x_wconf 86' lang='lat' dir='ltr'>aut</span> 
     </span>
    </p>
   </div>
   <div class='ocr_carea' id='block_1_12' title="bbox 0 1265 912 1378">
    <p class='ocr_par' dir='ltr' id='par_1_12' title="bbox 0 1265 912 1378">
     <span class='ocr_line' id='line_1_48' title="bbox 174 1265 305 1297; baseline -0.008 0"><span class='ocrx_word' id='word_1_245' title='bbox 174 1265 305 1297; x_wconf 85' lang='lat' dir='ltr'>sectum.</span> 
     </span>
     <span class='ocr_line' id='line_1_49' title="bbox 0 1317 912 1378; baseline -0.002 -28"><span class='ocrx_word' id='word_1_246' title='bbox 0 1331 163 1378; x_wconf 55' lang='lat' dir='ltr'>ofissmniii‘ffii‘</span> <span class='ocrx_word' id='word_1_247' title='bbox 216 1318 231 1360; x_wconf 65' lang='grc' dir='ltr'>ξ</span> <span class='ocrx_word' id='word_1_248' title='bbox 255 1318 308 1350; x_wconf 83' lang='lat'>11.</span> <span class='ocrx_word' id='word_1_249' title='bbox 328 1318 483 1356; x_wconf 83' lang='lat' dir='ltr'>Quoniam</span> <span class='ocrx_word' id='word_1_250' title='bbox 502 1328 576 1350; x_wconf 83' lang='lat' dir='ltr'>vero</span> <span class='ocrx_word' id='word_1_251' title='bbox 599 1317 628 1349; x_wconf 89' lang='lat' dir='ltr'>in</span> <span class='ocrx_word' id='word_1_252' title='bbox 648 1317 842 1360; x_wconf 80' lang='lat' dir='ltr'>supradictis</span> <span class='ocrx_word' id='word_1_253' title='bbox 859 1317 912 1349; x_wconf 87' lang='lat' dir='ltr'>l&#39;r-</span> 
     </span>
     <span class='ocr_line' id='line_1_50' title="bbox 13 1363 162 1378; baseline 0 0"><span class='ocrx_word' id='word_1_254' title='bbox 13 1364 23 1378; x_wconf 74' lang='lat' dir='ltr'>e</span> <span class='ocrx_word' id='word_1_255' title='bbox 110 1363 119 1373; x_wconf 74' lang='lat'>¹·</span> <span class='ocrx_word' id='word_1_256' title='bbox 157 1368 162 1371; x_wconf 95' lang='lat'><em>-</em></span> 
     </span>
    </p>
   </div>
   <div class='ocr_carea' id='block_1_13' title="bbox 0 1370 911 1484">
    <p class='ocr_par' dir='ltr' id='par_1_13' title="bbox 0 1370 911 1484">
     <span class='ocr_line' id='line_1_51' title="bbox 0 1370 911 1431; baseline 0 -29"><span class='ocrx_word' id='word_1_257' title='bbox 0 1383 162 1431; x_wconf 43' lang='lat' dir='ltr'>:ffaiffiiigffiass</span> <span class='ocrx_word' id='word_1_258' title='bbox 172 1371 247 1404; x_wconf 87' lang='lat' dir='ltr'>bani</span> <span class='ocrx_word' id='word_1_259' title='bbox 262 1370 523 1414; x_wconf 78' lang='lat' dir='ltr'>praedecessoris</span> <span class='ocrx_word' id='word_1_260' title='bbox 537 1370 833 1409; x_wconf 72' lang='lat' dir='ltr'>constitutionilws,</span> <span class='ocrx_word' id='word_1_261' title='bbox 847 1380 911 1402; x_wconf 90' lang='lat' dir='ltr'>non</span> 
     </span>
     <span class='ocr_line' id='line_1_52' title="bbox 0 1423 908 1484; baseline -0.002 -28"><span class='ocrx_word' id='word_1_262' title='bbox 0 1441 155 1484; x_wconf 60' lang='lat' dir='ltr'>,¹ffss{}¹‘⁰³,‡;·‘5.³</span> <span class='ocrx_word' id='word_1_263' title='bbox 174 1425 280 1457; x_wconf 89' lang='lat' dir='ltr'>minus</span> <span class='ocrx_word' id='word_1_264' title='bbox 307 1429 418 1457; x_wconf 85' lang='lat' dir='ltr'>contra</span> <span class='ocrx_word' id='word_1_265' title='bbox 445 1424 556 1456; x_wconf 77' lang='lat' dir='ltr'>fratres</span> <span class='ocrx_word' id='word_1_266' title='bbox 582 1424 707 1456; x_wconf 81' lang='lat' dir='ltr'>favores</span> <span class='ocrx_word' id='word_1_267' title='bbox 737 1428 824 1455; x_wconf 78' lang='lat' dir='ltr'>extra</span> <span class='ocrx_word' id='word_1_268' title='bbox 849 1423 908 1455; x_wconf 94' lang='lat' dir='ltr'>Or-</span> 
     </span>
    </p>
   </div>
   <div class='ocr_carea' id='block_1_14' title="bbox 0 1473 912 1520">
    <p class='ocr_par' dir='ltr' id='par_1_14' title="bbox 0 1473 912 1520">
     <span class='ocr_line' id='line_1_53' title="bbox 0 1473 912 1520; baseline -0.001 -11"><span class='ocrx_word' id='word_1_269' title='bbox 0 1473 282 1515; x_wconf 52' lang='lat' dir='ltr'>..ominaomidinem</span> <span class='ocrx_word' id='word_1_270' title='bbox 307 1477 488 1520; x_wconf 76' lang='lat' dir='ltr'>praefatum</span> <span class='ocrx_word' id='word_1_271' title='bbox 515 1477 721 1509; x_wconf 86' lang='lat' dir='ltr'>attendentes</span> <span class='ocrx_word' id='word_1_272' title='bbox 755 1477 802 1509; x_wconf 88' lang='lat' dir='ltr'>vel</span> <span class='ocrx_word' id='word_1_273' title='bbox 835 1486 912 1509; x_wconf 91' lang='lat' dir='ltr'>con-</span> 
     </span>
    </p>
   </div>
   <div class='ocr_carea' id='block_1_15' title="bbox 0 2432 172 2480">
    <p class='ocr_par' dir='ltr' id='par_1_15' title="bbox 0 2432 172 2480">
     <span class='ocr_line' id='line_1_54' title="bbox 17 2432 172 2459; baseline 0 -6"><span class='ocrx_word' id='word_1_274' title='bbox 17 2432 127 2453; x_wconf 75' lang='lat' dir='ltr'>Clausulae</span> <span class='ocrx_word' id='word_1_275' title='bbox 136 2438 172 2459; x_wconf 71' lang='lat' dir='ltr'>po-</span> 
     </span>
     <span class='ocr_line' id='line_1_55' title="bbox 0 2459 87 2480; baseline 0.011 -1"><span class='ocrx_word' id='word_1_276' title='bbox 0 2459 87 2480; x_wconf 57' lang='lat' dir='ltr'>{ultan-es.</span> 
     </span>
    </p>
   </div>
   <div class='ocr_carea' id='block_1_16' title="bbox 2 1515 918 2628">
    <p class='ocr_par' dir='ltr' id='par_1_16' title="bbox 2 1515 918 2412">
     <span class='ocr_line' id='line_1_56' title="bbox 2 1515 911 1574; baseline -0.001 -12"><span class='ocrx_word' id='word_1_277' title='bbox 2 1515 106 1536; x_wconf 68' lang='lat' dir='ltr'>mmmm.</span> <span class='ocrx_word' id='word_1_278' title='bbox 175 1530 353 1574; x_wconf 89' lang='lat' dir='ltr'>quirentes,</span> <span class='ocrx_word' id='word_1_279' title='bbox 371 1540 467 1573; x_wconf 87' lang='lat' dir='ltr'>quam</span> <span class='ocrx_word' id='word_1_280' title='bbox 494 1540 593 1572; x_wconf 89' lang='lat' dir='ltr'>super</span> <span class='ocrx_word' id='word_1_281' title='bbox 617 1529 795 1562; x_wconf 86' lang='lat' dir='ltr'>abolitione</span> <span class='ocrx_word' id='word_1_282' title='bbox 819 1539 911 1571; x_wconf 85' lang='lat' dir='ltr'>prae-</span> 
     </span>
     <span class='ocr_line' id='line_1_57' title="bbox 174 1582 911 1623; baseline -0.004 -6"><span class='ocrx_word' id='word_1_283' title='bbox 174 1584 256 1617; x_wconf 81' lang='lat' dir='ltr'>tensi</span> <span class='ocrx_word' id='word_1_284' title='bbox 292 1584 385 1623; x_wconf 87' lang='lat' dir='ltr'>iuris,</span> <span class='ocrx_word' id='word_1_285' title='bbox 421 1583 665 1616; x_wconf 88' lang='lat' dir='ltr'>consuetudinis</span> <span class='ocrx_word' id='word_1_286' title='bbox 700 1584 749 1615; x_wconf 90' lang='lat' dir='ltr'>vel</span> <span class='ocrx_word' id='word_1_287' title='bbox 786 1582 911 1615; x_wconf 86' lang='lat' dir='ltr'>arbitrii</span> 
     </span>
     <span class='ocr_line' id='line_1_58' title="bbox 175 1635 912 1679; baseline -0.003 -10"><span class='ocrx_word' id='word_1_288' title='bbox 175 1642 302 1679; x_wconf 85' lang='lat' dir='ltr'>patrum</span> <span class='ocrx_word' id='word_1_289' title='bbox 342 1636 486 1669; x_wconf 87' lang='lat' dir='ltr'>eiusdem</span> <span class='ocrx_word' id='word_1_290' title='bbox 524 1635 667 1675; x_wconf 83' lang='lat' dir='ltr'>Ordinis,</span> <span class='ocrx_word' id='word_1_291' title='bbox 705 1635 758 1678; x_wconf 85' lang='lat' dir='ltr'>qui</span> <span class='ocrx_word' id='word_1_292' title='bbox 798 1635 912 1668; x_wconf 80' lang='lat' dir='ltr'>officiis</span> 
     </span>
     <span class='ocr_line' id='line_1_59' title="bbox 177 1688 913 1731; baseline -0.003 -10"><span class='ocrx_word' id='word_1_293' title='bbox 177 1689 276 1722; x_wconf 79' lang='lat' dir='ltr'>suncti</span> <span class='ocrx_word' id='word_1_294' title='bbox 302 1689 442 1729; x_wconf 84' lang='lat' dir='ltr'>fuerant,</span> <span class='ocrx_word' id='word_1_295' title='bbox 470 1688 576 1730; x_wconf 83' lang='lat' dir='ltr'>editis,</span> <span class='ocrx_word' id='word_1_296' title='bbox 600 1699 704 1731; x_wconf 90' lang='lat' dir='ltr'>poena</span> <span class='ocrx_word' id='word_1_297' title='bbox 730 1698 913 1721; x_wconf 83' lang='lat' dir='ltr'>excommu-</span> 
     </span>
     <span class='ocr_line' id='line_1_60' title="bbox 174 1741 911 1784; baseline -0.001 -9"><span class='ocrx_word' id='word_1_298' title='bbox 174 1742 344 1775; x_wconf 84' lang='lat' dir='ltr'>nicationis</span> <span class='ocrx_word' id='word_1_299' title='bbox 370 1742 523 1775; x_wconf 83' lang='lat' dir='ltr'>adversus</span> <span class='ocrx_word' id='word_1_300' title='bbox 557 1748 815 1784; x_wconf 81' lang='lat' dir='ltr'>transgressores</span> <span class='ocrx_word' id='word_1_301' title='bbox 840 1741 911 1784; x_wconf 89' lang='lat' dir='ltr'>ipso</span> 
     </span>
     <span class='ocr_line' id='line_1_61' title="bbox 175 1794 913 1837; baseline -0.001 -11"><span class='ocrx_word' id='word_1_302' title='bbox 175 1795 258 1828; x_wconf 87' lang='lat' dir='ltr'>sacto</span> <span class='ocrx_word' id='word_1_303' title='bbox 291 1795 486 1828; x_wconf 83' lang='lat' dir='ltr'>incurrenda</span> <span class='ocrx_word' id='word_1_304' title='bbox 511 1794 684 1837; x_wconf 78' lang='lat' dir='ltr'>infligitur,</span> <span class='ocrx_word' id='word_1_305' title='bbox 718 1805 757 1827; x_wconf 90' lang='lat' dir='ltr'>ne</span> <span class='ocrx_word' id='word_1_306' title='bbox 788 1805 824 1827; x_wconf 80' lang='lat' dir='ltr'>ex</span> <span class='ocrx_word' id='word_1_307' title='bbox 851 1795 913 1827; x_wconf 88' lang='lat' dir='ltr'>boc</span> 
     </span>
     <span class='ocr_line' id='line_1_62' title="bbox 176 1847 913 1890; baseline 0 -11"><span class='ocrx_word' id='word_1_308' title='bbox 176 1847 402 1890; x_wconf 87' lang='lat' dir='ltr'>religiosorum</span> <span class='ocrx_word' id='word_1_309' title='bbox 433 1847 505 1879; x_wconf 77' lang='lat' dir='ltr'>dicti</span> <span class='ocrx_word' id='word_1_310' title='bbox 532 1847 660 1880; x_wconf 82' lang='lat' dir='ltr'>Ordinis</span> <span class='ocrx_word' id='word_1_311' title='bbox 693 1847 913 1880; x_wconf 82' lang='lat' dir='ltr'>conscientiae</span> 
     </span>
     <span class='ocr_line' id='line_1_63' title="bbox 177 1900 915 1943; baseline -0.001 -11"><span class='ocrx_word' id='word_1_312' title='bbox 177 1901 321 1943; x_wconf 89' lang='lat' dir='ltr'>scrupuli</span> <span class='ocrx_word' id='word_1_313' title='bbox 341 1900 541 1943; x_wconf 77' lang='lat' dir='ltr'>ingerantur,</span> <span class='ocrx_word' id='word_1_314' title='bbox 555 1911 590 1932; x_wconf 87' lang='lat' dir='ltr'>ac</span> <span class='ocrx_word' id='word_1_315' title='bbox 608 1901 713 1943; x_wconf 86' lang='lat' dir='ltr'>laquei</span> <span class='ocrx_word' id='word_1_316' title='bbox 733 1905 915 1932; x_wconf 83' lang='lat' dir='ltr'>statuantur</span> 
     </span>
     <span class='ocr_line' id='line_1_64' title="bbox 178 1953 914 1996; baseline 0.003 -12"><span class='ocrx_word' id='word_1_317' title='bbox 178 1953 210 1985; x_wconf 91' lang='lat' dir='ltr'>in</span> <span class='ocrx_word' id='word_1_318' title='bbox 228 1964 358 1996; x_wconf 79' lang='lat' dir='ltr'>gravem</span> <span class='ocrx_word' id='word_1_319' title='bbox 377 1953 554 1985; x_wconf 86' lang='lat' dir='ltr'>animarum</span> <span class='ocrx_word' id='word_1_320' title='bbox 575 1964 704 1986; x_wconf 84' lang='lat' dir='ltr'>suarum</span> <span class='ocrx_word' id='word_1_321' title='bbox 726 1953 914 1996; x_wconf 78' lang='lat' dir='ltr'>perniciem,</span> 
     </span>
     <span class='ocr_line' id='line_1_65' title="bbox 179 2005 914 2045; baseline 0 -7"><span class='ocrx_word' id='word_1_322' title='bbox 179 2005 303 2038; x_wconf 86' lang='lat' dir='ltr'>eisdem</span> <span class='ocrx_word' id='word_1_323' title='bbox 317 2005 608 2045; x_wconf 83' lang='lat' dir='ltr'>constitutionibus,</span> <span class='ocrx_word' id='word_1_324' title='bbox 624 2006 714 2038; x_wconf 72' lang='lat' dir='ltr'>firma</span> <span class='ocrx_word' id='word_1_325' title='bbox 728 2012 914 2039; x_wconf 82' lang='lat' dir='ltr'>remanente</span> 
     </span>
     <span class='ocr_line' id='line_1_66' title="bbox 180 2056 916 2100; baseline 0.003 -12"><span class='ocrx_word' id='word_1_326' title='bbox 180 2056 213 2088; x_wconf 89' lang='lat' dir='ltr'>in</span> <span class='ocrx_word' id='word_1_327' title='bbox 237 2057 370 2099; x_wconf 90' lang='lat' dir='ltr'>reliquis</span> <span class='ocrx_word' id='word_1_328' title='bbox 396 2067 504 2089; x_wconf 89' lang='lat' dir='ltr'>earum</span> <span class='ocrx_word' id='word_1_329' title='bbox 535 2058 768 2100; x_wconf 81' lang='lat' dir='ltr'>dispositione,</span> <span class='ocrx_word' id='word_1_330' title='bbox 797 2059 828 2090; x_wconf 93' lang='lat' dir='ltr'>in</span> <span class='ocrx_word' id='word_1_331' title='bbox 855 2059 916 2091; x_wconf 85' lang='lat' dir='ltr'>liae</span> 
     </span>
     <span class='ocr_line' id='line_1_67' title="bbox 181 2111 916 2153; baseline 0.004 -12"><span class='ocrx_word' id='word_1_332' title='bbox 181 2114 273 2152; x_wconf 85' lang='lat' dir='ltr'>parte</span> <span class='ocrx_word' id='word_1_333' title='bbox 304 2115 427 2141; x_wconf 82' lang='lat' dir='ltr'>tanturn</span> <span class='ocrx_word' id='word_1_334' title='bbox 462 2111 665 2151; x_wconf 85' lang='lat' dir='ltr'>derogantes,</span> <span class='ocrx_word' id='word_1_335' title='bbox 692 2121 830 2153; x_wconf 87' lang='lat' dir='ltr'>poenam</span> <span class='ocrx_word' id='word_1_336' title='bbox 863 2122 916 2143; x_wconf 82' lang='lat' dir='ltr'>ex-</span> 
     </span>
     <span class='ocr_line' id='line_1_68' title="bbox 181 2161 917 2206; baseline 0.003 -13"><span class='ocrx_word' id='word_1_337' title='bbox 181 2161 678 2195; x_wconf 86' lang='lat' dir='ltr'>communicationishuiusmodi</span> <span class='ocrx_word' id='word_1_338' title='bbox 698 2163 730 2195; x_wconf 90' lang='lat' dir='ltr'>in</span> <span class='ocrx_word' id='word_1_339' title='bbox 749 2163 836 2195; x_wconf 91' lang='lat' dir='ltr'>illam</span> <span class='ocrx_word' id='word_1_340' title='bbox 855 2163 917 2206; x_wconf 89' lang='lat' dir='ltr'>pri-</span> 
     </span>
     <span class='ocr_line' id='line_1_69' title="bbox 181 2212 916 2258; baseline 0.003 -12"><span class='ocrx_word' id='word_1_341' title='bbox 181 2213 318 2246; x_wconf 72' lang='lat' dir='ltr'>vationis</span> <span class='ocrx_word' id='word_1_342' title='bbox 343 2212 530 2252; x_wconf 72' lang='lat' dir='ltr'>officiorum,</span> <span class='ocrx_word' id='word_1_343' title='bbox 557 2223 590 2245; x_wconf 82' lang='lat' dir='ltr'>ut</span> <span class='ocrx_word' id='word_1_344' title='bbox 614 2214 810 2256; x_wconf 80' lang='lat' dir='ltr'>praefertur,</span> <span class='ocrx_word' id='word_1_345' title='bbox 834 2227 916 2258; x_wconf 84' lang='lat' dir='ltr'>quae</span> 
     </span>
     <span class='ocr_line' id='line_1_70' title="bbox 182 2266 918 2300; baseline 0.003 -2"><span class='ocrx_word' id='word_1_346' title='bbox 182 2272 288 2299; x_wconf 80' lang='lat' dir='ltr'>tamen</span> <span class='ocrx_word' id='word_1_347' title='bbox 310 2267 438 2298; x_wconf 89' lang='lat' dir='ltr'>nonnisi</span> <span class='ocrx_word' id='word_1_348' title='bbox 458 2277 474 2299; x_wconf 86' lang='lat' dir='ltr'>a</span> <span class='ocrx_word' id='word_1_349' title='bbox 492 2266 585 2299; x_wconf 89' lang='lat' dir='ltr'>nobis</span> <span class='ocrx_word' id='word_1_350' title='bbox 604 2272 634 2299; x_wconf 92' lang='lat' dir='ltr'>et</span> <span class='ocrx_word' id='word_1_351' title='bbox 659 2267 811 2300; x_wconf 78' lang='lat' dir='ltr'>Romanis</span> <span class='ocrx_word' id='word_1_352' title='bbox 837 2268 918 2300; x_wconf 85' lang='lat' dir='ltr'>Pon-</span> 
     </span>
     <span class='ocr_line' id='line_1_71' title="bbox 182 2318 917 2353; baseline 0.003 -2"><span class='ocrx_word' id='word_1_353' title='bbox 182 2318 320 2352; x_wconf 77' lang='lat' dir='ltr'>tificibus</span> <span class='ocrx_word' id='word_1_354' title='bbox 354 2319 593 2352; x_wconf 85' lang='lat' dir='ltr'>successoribus</span> <span class='ocrx_word' id='word_1_355' title='bbox 628 2321 747 2352; x_wconf 85' lang='lat' dir='ltr'>nostris</span> <span class='ocrx_word' id='word_1_356' title='bbox 782 2321 917 2353; x_wconf 80' lang='lat' dir='ltr'>relaxari</span> 
     </span>
     <span class='ocr_line' id='line_1_72' title="bbox 182 2373 569 2412; baseline -0.005 -6"><span class='ocrx_word' id='word_1_357' title='bbox 182 2373 296 2412; x_wconf 85' lang='lat' dir='ltr'>valeat,</span> <span class='ocrx_word' id='word_1_358' title='bbox 323 2377 569 2405; x_wconf 82' lang='lat' dir='ltr'>commutamus.</span> 
     </span>
    </p>

    <p class='ocr_par' dir='ltr' id='par_1_17' title="bbox 181 2425 918 2628">
     <span class='ocr_line' id='line_1_73' title="bbox 225 2425 918 2468; baseline 0.001 -11"><span class='ocrx_word' id='word_1_359' title='bbox 225 2426 241 2468; x_wconf 63' lang='grc' dir='ltr'><strong>ἓ</strong></span> <span class='ocrx_word' id='word_1_360' title='bbox 260 2425 315 2458; x_wconf 68' lang='lat'>42.</span> <span class='ocrx_word' id='word_1_361' title='bbox 335 2425 563 2466; x_wconf 77' lang='lat' dir='ltr'>DecerncnteS,</span> <span class='ocrx_word' id='word_1_362' title='bbox 579 2425 708 2458; x_wconf 85' lang='lat' dir='ltr'>easdem</span> <span class='ocrx_word' id='word_1_363' title='bbox 728 2430 918 2468; x_wconf 83' lang='lat' dir='ltr'>praesentes</span> 
     </span>
     <span class='ocr_line' id='line_1_74' title="bbox 181 2478 917 2522; baseline 0.001 -11"><span class='ocrx_word' id='word_1_364' title='bbox 181 2479 308 2511; x_wconf 86' lang='lat' dir='ltr'>litteras</span> <span class='ocrx_word' id='word_1_365' title='bbox 327 2483 356 2511; x_wconf 93' lang='lat' dir='ltr'>et</span> <span class='ocrx_word' id='word_1_366' title='bbox 381 2478 411 2510; x_wconf 92' lang='lat' dir='ltr'>in</span> <span class='ocrx_word' id='word_1_367' title='bbox 439 2479 485 2510; x_wconf 73' lang='lat' dir='ltr'>eis</span> <span class='ocrx_word' id='word_1_368' title='bbox 511 2484 663 2511; x_wconf 87' lang='lat' dir='ltr'>contenta</span> <span class='ocrx_word' id='word_1_369' title='bbox 687 2490 917 2522; x_wconf 83' lang='lat' dir='ltr'>quaecumque,</span> 
     </span>
     <span class='ocr_line' id='line_1_75' title="bbox 182 2531 918 2575; baseline 0 -11"><span class='ocrx_word' id='word_1_370' title='bbox 182 2531 277 2564; x_wconf 87' lang='lat' dir='ltr'>etiam</span> <span class='ocrx_word' id='word_1_371' title='bbox 303 2542 338 2564; x_wconf 82' lang='lat' dir='ltr'>ex</span> <span class='ocrx_word' id='word_1_372' title='bbox 367 2542 406 2564; x_wconf 88' lang='lat' dir='ltr'>eo</span> <span class='ocrx_word' id='word_1_373' title='bbox 433 2531 518 2575; x_wconf 88' lang='lat' dir='ltr'>qued</span> <span class='ocrx_word' id='word_1_374' title='bbox 549 2532 733 2574; x_wconf 80' lang='lat' dir='ltr'>superiores</span> <span class='ocrx_word' id='word_1_375' title='bbox 759 2538 790 2565; x_wconf 85' lang='lat' dir='ltr'>et</span> <span class='ocrx_word' id='word_1_376' title='bbox 814 2537 918 2575; x_wconf 84' lang='lat' dir='ltr'>patres</span> 
     </span>
     <span class='ocr_line' id='line_1_76' title="bbox 182 2583 917 2628; baseline 0 -11"><span class='ocrx_word' id='word_1_377' title='bbox 182 2583 308 2617; x_wconf 83' lang='lat' dir='ltr'>Ordinis</span> <span class='ocrx_word' id='word_1_378' title='bbox 333 2584 480 2628; x_wconf 72' lang='lat' dir='ltr'>praefati,</span> <span class='ocrx_word' id='word_1_379' title='bbox 504 2584 623 2628; x_wconf 86' lang='lat' dir='ltr'>aliique</span> <span class='ocrx_word' id='word_1_380' title='bbox 645 2584 792 2628; x_wconf 86' lang='lat' dir='ltr'>quilibet,</span> <span class='ocrx_word' id='word_1_381' title='bbox 812 2585 917 2618; x_wconf 87' lang='lat' dir='ltr'>euius-</span> 
     </span>
    </p>
   </div>
   <div class='ocr_carea' id='block_1_17' title="bbox 929 262 943 2357">
    <p class='ocr_par' dir='ltr' id='par_1_18' title="bbox 929 262 943 2357">
     <span class='ocr_line' id='line_1_77' title="bbox 929 262 943 2357; baseline 0 0"><span class='ocrx_word' id='word_1_382' title='bbox 929 262 943 2357; x_wconf 95' lang='lat' dir='ltr'> </span> 
     </span>
    </p>
   </div>
   <div class='ocr_carea' id='block_1_18' title="bbox 954 1525 1705 2627">
    <p class='ocr_par' dir='ltr' id='par_1_19' title="bbox 954 1525 1705 2627">
     <span class='ocr_line' id='line_1_78' title="bbox 954 1525 1699 1564; baseline -0.007 -3"><span class='ocrx_word' id='word_1_383' title='bbox 954 1529 993 1561; x_wconf 89' lang='lat' dir='ltr'>ad</span> <span class='ocrx_word' id='word_1_384' title='bbox 1023 1528 1180 1560; x_wconf 87' lang='lat' dir='ltr'>terminos</span> <span class='ocrx_word' id='word_1_385' title='bbox 1206 1527 1285 1559; x_wconf 90' lang='lat' dir='ltr'>iuris</span> <span class='ocrx_word' id='word_1_386' title='bbox 1314 1526 1435 1564; x_wconf 81' lang='lat' dir='ltr'>reduci,</span> <span class='ocrx_word' id='word_1_387' title='bbox 1462 1536 1519 1558; x_wconf 83' lang='lat' dir='ltr'>seu</span> <span class='ocrx_word' id='word_1_388' title='bbox 1545 1525 1699 1558; x_wconf 84' lang='lat' dir='ltr'>adversus</span> 
     </span>
     <span class='ocr_line' id='line_1_79' title="bbox 954 1577 1699 1623; baseline -0.007 -9"><span class='ocrx_word' id='word_1_389' title='bbox 954 1582 1028 1614; x_wconf 86' lang='lat' dir='ltr'>illas</span> <span class='ocrx_word' id='word_1_390' title='bbox 1060 1580 1254 1623; x_wconf 84' lang='lat' dir='ltr'>aperitionis</span> <span class='ocrx_word' id='word_1_391' title='bbox 1292 1579 1375 1618; x_wconf 86' lang='lat' dir='ltr'>oris,</span> <span class='ocrx_word' id='word_1_392' title='bbox 1415 1578 1632 1611; x_wconf 87' lang='lat' dir='ltr'>restitutionis</span> <span class='ocrx_word' id='word_1_393' title='bbox 1666 1577 1699 1609; x_wconf 92' lang='lat' dir='ltr'>in</span> 
     </span>
     <span class='ocr_line' id='line_1_80' title="bbox 954 1631 1700 1677; baseline -0.007 -10"><span class='ocrx_word' id='word_1_394' title='bbox 954 1635 1128 1677; x_wconf 89' lang='lat' dir='ltr'>integrum,</span> <span class='ocrx_word' id='word_1_395' title='bbox 1149 1633 1276 1666; x_wconf 86' lang='lat' dir='ltr'>aliudve</span> <span class='ocrx_word' id='word_1_396' title='bbox 1295 1633 1522 1676; x_wconf 88' lang='lat' dir='ltr'>quodcumque</span> <span class='ocrx_word' id='word_1_397' title='bbox 1547 1631 1634 1669; x_wconf 88' lang='lat' dir='ltr'>iuris,</span> <span class='ocrx_word' id='word_1_398' title='bbox 1658 1631 1700 1662; x_wconf 84' lang='lat' dir='ltr'>sa-</span> 
     </span>
     <span class='ocr_line' id='line_1_81' title="bbox 955 1683 1699 1729; baseline -0.008 -8"><span class='ocrx_word' id='word_1_399' title='bbox 955 1688 997 1721; x_wconf 91' lang='lat' dir='ltr'>cti</span> <span class='ocrx_word' id='word_1_400' title='bbox 1031 1688 1079 1720; x_wconf 80' lang='lat' dir='ltr'>vel</span> <span class='ocrx_word' id='word_1_401' title='bbox 1105 1686 1230 1729; x_wconf 82' lang='lat' dir='ltr'>gratiae</span> <span class='ocrx_word' id='word_1_402' title='bbox 1256 1685 1436 1718; x_wconf 86' lang='lat' dir='ltr'>remedium</span> <span class='ocrx_word' id='word_1_403' title='bbox 1468 1683 1625 1717; x_wconf 90' lang='lat' dir='ltr'>intentari</span> <span class='ocrx_word' id='word_1_404' title='bbox 1650 1684 1699 1715; x_wconf 85' lang='lat' dir='ltr'>vel</span> 
     </span>
     <span class='ocr_line' id='line_1_82' title="bbox 955 1737 1700 1783; baseline -0.008 -10"><span class='ocrx_word' id='word_1_405' title='bbox 955 1740 1139 1783; x_wconf 88' lang='lat' dir='ltr'>impetrari,</span> <span class='ocrx_word' id='word_1_406' title='bbox 1157 1744 1210 1771; x_wconf 90' lang='lat' dir='ltr'>aut</span> <span class='ocrx_word' id='word_1_407' title='bbox 1230 1739 1416 1782; x_wconf 85' lang='lat' dir='ltr'>impetrato,</span> <span class='ocrx_word' id='word_1_408' title='bbox 1443 1748 1498 1770; x_wconf 87' lang='lat' dir='ltr'>seu</span> <span class='ocrx_word' id='word_1_409' title='bbox 1518 1737 1614 1770; x_wconf 87' lang='lat' dir='ltr'>etiam</span> <span class='ocrx_word' id='word_1_410' title='bbox 1633 1747 1700 1768; x_wconf 62' lang='lat' dir='ltr'>mon</span> 
     </span>
     <span class='ocr_line' id='line_1_83' title="bbox 958 1789 1701 1834; baseline -0.007 -9"><span class='ocrx_word' id='word_1_411' title='bbox 958 1799 1001 1832; x_wconf 90' lang='lat' dir='ltr'>tu,</span> <span class='ocrx_word' id='word_1_412' title='bbox 1029 1791 1165 1825; x_wconf 69' lang='lat' dir='ltr'>scientia</span> <span class='ocrx_word' id='word_1_413' title='bbox 1191 1797 1223 1824; x_wconf 90' lang='lat' dir='ltr'>et</span> <span class='ocrx_word' id='word_1_414' title='bbox 1240 1791 1411 1834; x_wconf 84' lang='lat' dir='ltr'>potestatis</span> <span class='ocrx_word' id='word_1_415' title='bbox 1430 1789 1633 1833; x_wconf 82' lang='lat' dir='ltr'>plenitudine</span> <span class='ocrx_word' id='word_1_416' title='bbox 1660 1789 1701 1821; x_wconf 86' lang='lat' dir='ltr'>si-</span> 
     </span>
     <span class='ocr_line' id='line_1_84' title="bbox 956 1841 1700 1885; baseline -0.007 -7"><span class='ocrx_word' id='word_1_417' title='bbox 956 1845 1086 1878; x_wconf 82' lang='lat' dir='ltr'>milibus</span> <span class='ocrx_word' id='word_1_418' title='bbox 1102 1855 1259 1877; x_wconf 81' lang='lat' dir='ltr'>concesso</span> <span class='ocrx_word' id='word_1_419' title='bbox 1277 1845 1324 1876; x_wconf 70' lang='lat' dir='ltr'>vel</span> <span class='ocrx_word' id='word_1_420' title='bbox 1341 1848 1500 1883; x_wconf 79' lang='lat' dir='ltr'>emanato,</span> <span class='ocrx_word' id='word_1_421' title='bbox 1515 1841 1700 1885; x_wconf 84' lang='lat' dir='ltr'>quempiam</span> 
     </span>
     <span class='ocr_line' id='line_1_85' title="bbox 957 1895 1700 1932; baseline -0.008 0"><span class='ocrx_word' id='word_1_422' title='bbox 957 1899 987 1932; x_wconf 87' lang='lat' dir='ltr'>in</span> <span class='ocrx_word' id='word_1_423' title='bbox 1015 1898 1134 1931; x_wconf 75' lang='lat' dir='ltr'>iudicio</span> <span class='ocrx_word' id='word_1_424' title='bbox 1171 1899 1220 1930; x_wconf 77' lang='lat' dir='ltr'>vel</span> <span class='ocrx_word' id='word_1_425' title='bbox 1257 1903 1346 1929; x_wconf 65' lang='lat' dir='ltr'>extra</span> <span class='ocrx_word' id='word_1_426' title='bbox 1379 1896 1459 1928; x_wconf 89' lang='lat' dir='ltr'>illud</span> <span class='ocrx_word' id='word_1_427' title='bbox 1497 1895 1543 1927; x_wconf 92' lang='lat' dir='ltr'>uti</span> <span class='ocrx_word' id='word_1_428' title='bbox 1579 1906 1636 1927; x_wconf 86' lang='lat' dir='ltr'>seu</span> <span class='ocrx_word' id='word_1_429' title='bbox 1667 1904 1700 1926; x_wconf 85' lang='lat' dir='ltr'>se</span> 
     </span>
     <span class='ocr_line' id='line_1_86' title="bbox 958 1948 1699 1992; baseline -0.008 -7"><span class='ocrx_word' id='word_1_430' title='bbox 958 1953 1064 1985; x_wconf 77' lang='lat' dir='ltr'>iuvare</span> <span class='ocrx_word' id='word_1_431' title='bbox 1091 1952 1158 1984; x_wconf 93' lang='lat' dir='ltr'>ullo</span> <span class='ocrx_word' id='word_1_432' title='bbox 1180 1950 1277 1983; x_wconf 85' lang='lat' dir='ltr'>modo</span> <span class='ocrx_word' id='word_1_433' title='bbox 1305 1959 1413 1992; x_wconf 87' lang='lat' dir='ltr'>posse,</span> <span class='ocrx_word' id='word_1_434' title='bbox 1441 1958 1544 1991; x_wconf 85' lang='lat' dir='ltr'>neque</span> <span class='ocrx_word' id='word_1_435' title='bbox 1571 1948 1699 1980; x_wconf 86' lang='lat' dir='ltr'>easdem</span> 
     </span>
     <span class='ocr_line' id='line_1_87' title="bbox 959 2002 1702 2049; baseline -0.009 -11"><span class='ocrx_word' id='word_1_436' title='bbox 959 2009 1148 2049; x_wconf 81' lang='lat' dir='ltr'>praesentes</span> <span class='ocrx_word' id='word_1_437' title='bbox 1185 2004 1311 2037; x_wconf 82' lang='lat' dir='ltr'>litteras</span> <span class='ocrx_word' id='word_1_438' title='bbox 1345 2008 1375 2035; x_wconf 90' lang='lat' dir='ltr'>et</span> <span class='ocrx_word' id='word_1_439' title='bbox 1412 2003 1442 2034; x_wconf 91' lang='lat' dir='ltr'>in</span> <span class='ocrx_word' id='word_1_440' title='bbox 1478 2002 1523 2033; x_wconf 89' lang='lat' dir='ltr'>eis</span> <span class='ocrx_word' id='word_1_441' title='bbox 1550 2005 1702 2033; x_wconf 80' lang='lat' dir='ltr'>contenta</span> 
     </span>
     <span class='ocr_line' id='line_1_88' title="bbox 960 2053 1700 2098; baseline -0.008 -8"><span class='ocrx_word' id='word_1_442' title='bbox 960 2058 1148 2091; x_wconf 78' lang='lat' dir='ltr'>huiusmodi</span> <span class='ocrx_word' id='word_1_443' title='bbox 1182 2056 1240 2089; x_wconf 83' lang='lat' dir='ltr'>sub</span> <span class='ocrx_word' id='word_1_444' title='bbox 1278 2055 1444 2098; x_wconf 80' lang='lat' dir='ltr'>quibusvis</span> <span class='ocrx_word' id='word_1_445' title='bbox 1471 2053 1626 2086; x_wconf 85' lang='lat' dir='ltr'>similium</span> <span class='ocrx_word' id='word_1_446' title='bbox 1652 2053 1700 2084; x_wconf 92' lang='lat' dir='ltr'>vel</span> 
     </span>
     <span class='ocr_line' id='line_1_89' title="bbox 960 2106 1699 2152; baseline -0.011 -8"><span class='ocrx_word' id='word_1_447' title='bbox 960 2111 1166 2145; x_wconf 82' lang='lat' dir='ltr'>dissimilium</span> <span class='ocrx_word' id='word_1_448' title='bbox 1207 2108 1382 2152; x_wconf 84' lang='lat' dir='ltr'>gratiarum</span> <span class='ocrx_word' id='word_1_449' title='bbox 1421 2106 1699 2143; x_wconf 82' lang='lat' dir='ltr'>revocationibus,</span> 
     </span>
     <span class='ocr_line' id='line_1_90' title="bbox 960 2158 1702 2206; baseline -0.009 -10"><span class='ocrx_word' id='word_1_450' title='bbox 960 2163 1248 2206; x_wconf 78' lang='lat' dir='ltr'>suspensionibus,</span> <span class='ocrx_word' id='word_1_451' title='bbox 1276 2159 1534 2198; x_wconf 79' lang='lat' dir='ltr'>liniitationibus,</span> <span class='ocrx_word' id='word_1_452' title='bbox 1554 2163 1608 2190; x_wconf 91' lang='lat' dir='ltr'>aut</span> <span class='ocrx_word' id='word_1_453' title='bbox 1632 2158 1702 2190; x_wconf 83' lang='lat' dir='ltr'>aliis</span> 
     </span>
     <span class='ocr_line' id='line_1_91' title="bbox 961 2210 1702 2256; baseline -0.008 -8"><span class='ocrx_word' id='word_1_454' title='bbox 961 2216 1135 2248; x_wconf 87' lang='lat' dir='ltr'>contrariis</span> <span class='ocrx_word' id='word_1_455' title='bbox 1155 2213 1434 2256; x_wconf 85' lang='lat' dir='ltr'>dispositionibus,</span> <span class='ocrx_word' id='word_1_456' title='bbox 1456 2212 1551 2244; x_wconf 84' lang='lat' dir='ltr'>etiam</span> <span class='ocrx_word' id='word_1_457' title='bbox 1574 2221 1590 2242; x_wconf 88' lang='lat' dir='ltr'>a</span> <span class='ocrx_word' id='word_1_458' title='bbox 1609 2210 1702 2244; x_wconf 86' lang='lat' dir='ltr'>nobis</span> 
     </span>
     <span class='ocr_line' id='line_1_92' title="bbox 961 2265 1700 2308; baseline -0.007 -7"><span class='ocrx_word' id='word_1_459' title='bbox 961 2274 989 2301; x_wconf 88' lang='lat' dir='ltr'>et</span> <span class='ocrx_word' id='word_1_460' title='bbox 1016 2267 1261 2300; x_wconf 86' lang='lat' dir='ltr'>successoribus</span> <span class='ocrx_word' id='word_1_461' title='bbox 1291 2265 1446 2308; x_wconf 78' lang='lat' dir='ltr'>praefatis</span> <span class='ocrx_word' id='word_1_462' title='bbox 1471 2274 1530 2307; x_wconf 91' lang='lat' dir='ltr'>pro</span> <span class='ocrx_word' id='word_1_463' title='bbox 1553 2269 1700 2306; x_wconf 88' lang='lat' dir='ltr'>tempore</span> 
     </span>
     <span class='ocr_line' id='line_1_93' title="bbox 962 2316 1700 2363; baseline -0.007 -10"><span class='ocrx_word' id='word_1_464' title='bbox 962 2321 1208 2363; x_wconf 85' lang='lat' dir='ltr'>quomodolibet</span> <span class='ocrx_word' id='word_1_465' title='bbox 1248 2318 1403 2351; x_wconf 77' lang='lat' dir='ltr'>faciendis</span> <span class='ocrx_word' id='word_1_466' title='bbox 1442 2316 1700 2360; x_wconf 80' lang='lat' dir='ltr'>comprehendi,</span> 
     </span>
     <span class='ocr_line' id='line_1_94' title="bbox 962 2370 1703 2415; baseline -0.004 -11"><span class='ocrx_word' id='word_1_467' title='bbox 962 2373 1024 2404; x_wconf 87' lang='lat' dir='ltr'>nisi</span> <span class='ocrx_word' id='word_1_468' title='bbox 1050 2373 1088 2405; x_wconf 89' lang='lat' dir='ltr'>de</span> <span class='ocrx_word' id='word_1_469' title='bbox 1115 2372 1194 2415; x_wconf 88' lang='lat' dir='ltr'>ipsis</span> <span class='ocrx_word' id='word_1_470' title='bbox 1222 2371 1337 2404; x_wconf 84' lang='lat' dir='ltr'>litteris</span> <span class='ocrx_word' id='word_1_471' title='bbox 1363 2380 1538 2413; x_wconf 84' lang='lat' dir='ltr'>earumque</span> <span class='ocrx_word' id='word_1_472' title='bbox 1564 2370 1703 2412; x_wconf 79' lang='lat' dir='ltr'>disposi-</span> 
     </span>
     <span class='ocr_line' id='line_1_95' title="bbox 963 2422 1701 2466; baseline -0.005 -9"><span class='ocrx_word' id='word_1_473' title='bbox 963 2425 1049 2458; x_wconf 87' lang='lat' dir='ltr'>tione</span> <span class='ocrx_word' id='word_1_474' title='bbox 1071 2424 1124 2457; x_wconf 76' lang='lat' dir='ltr'>fiat</span> <span class='ocrx_word' id='word_1_475' title='bbox 1144 2423 1266 2457; x_wconf 88' lang='lat' dir='ltr'>mentio</span> <span class='ocrx_word' id='word_1_476' title='bbox 1292 2423 1463 2466; x_wconf 75' lang='lat' dir='ltr'>specialis3</span> <span class='ocrx_word' id='word_1_477' title='bbox 1490 2423 1546 2456; x_wconf 86' lang='lat' dir='ltr'>sed</span> <span class='ocrx_word' id='word_1_478' title='bbox 1572 2423 1611 2455; x_wconf 83' lang='lat' dir='ltr'>ab</span> <span class='ocrx_word' id='word_1_479' title='bbox 1638 2422 1701 2455; x_wconf 89' lang='lat' dir='ltr'>illis</span> 
     </span>
     <span class='ocr_line' id='line_1_96' title="bbox 961 2476 1704 2520; baseline -0.003 -10"><span class='ocrx_word' id='word_1_480' title='bbox 961 2489 1092 2520; x_wconf 82' lang='lat' dir='ltr'>semper</span> <span class='ocrx_word' id='word_1_481' title='bbox 1116 2482 1251 2520; x_wconf 78' lang='lat' dir='ltr'>excepta</span> <span class='ocrx_word' id='word_1_482' title='bbox 1287 2483 1319 2509; x_wconf 89' lang='lat' dir='ltr'>et</span> <span class='ocrx_word' id='word_1_483' title='bbox 1350 2482 1506 2520; x_wconf 85' lang='lat' dir='ltr'>perpetuo</span> <span class='ocrx_word' id='word_1_484' title='bbox 1543 2476 1648 2509; x_wconf 83' lang='lat' dir='ltr'>valida</span> <span class='ocrx_word' id='word_1_485' title='bbox 1673 2480 1704 2508; x_wconf 88' lang='lat' dir='ltr'>et</span> 
     </span>
     <span class='ocr_line' id='line_1_97' title="bbox 961 2530 1704 2572; baseline -0.004 -9"><span class='ocrx_word' id='word_1_486' title='bbox 961 2531 1104 2563; x_wconf 79' lang='lat' dir='ltr'>etlicacia</span> <span class='ocrx_word' id='word_1_487' title='bbox 1130 2531 1269 2563; x_wconf 82' lang='lat' dir='ltr'>existere</span> <span class='ocrx_word' id='word_1_488' title='bbox 1295 2535 1328 2562; x_wconf 88' lang='lat' dir='ltr'>et</span> <span class='ocrx_word' id='word_1_489' title='bbox 1354 2530 1435 2569; x_wconf 66' lang='lat' dir='ltr'>t&#39;ore,</span> <span class='ocrx_word' id='word_1_490' title='bbox 1461 2540 1604 2572; x_wconf 87' lang='lat' dir='ltr'>suosque</span> <span class='ocrx_word' id='word_1_491' title='bbox 1636 2531 1704 2571; x_wconf 86' lang='lat' dir='ltr'>ple-</span> 
     </span>
     <span class='ocr_line' id='line_1_98' title="bbox 960 2582 1705 2627; baseline -0.001 -11"><span class='ocrx_word' id='word_1_492' title='bbox 960 2585 1069 2618; x_wconf 85' lang='lat' dir='ltr'>narios</span> <span class='ocrx_word' id='word_1_493' title='bbox 1093 2589 1125 2617; x_wconf 88' lang='lat' dir='ltr'>et</span> <span class='ocrx_word' id='word_1_494' title='bbox 1148 2584 1296 2627; x_wconf 84' lang='lat' dir='ltr'>integros</span> <span class='ocrx_word' id='word_1_495' title='bbox 1317 2584 1452 2618; x_wconf 77' lang='lat' dir='ltr'>etl&#39;ectus</span> <span class='ocrx_word' id='word_1_496' title='bbox 1477 2583 1586 2617; x_wconf 86' lang='lat' dir='ltr'>sortiri</span> <span class='ocrx_word' id='word_1_497' title='bbox 1604 2587 1635 2615; x_wconf 87' lang='lat' dir='ltr'>et</span> <span class='ocrx_word' id='word_1_498' title='bbox 1652 2582 1705 2615; x_wconf 89' lang='lat' dir='ltr'>ob-</span> 
     </span>
    </p>
   </div>
  </div>
 </body>
</html>
