2170 3147
197 178 247 206 An.
265 179 294 206 C.
317 179 384 207 1728
431 170 495 205 08AE

395 231 577 261 mendatario
596 241 648 270 pro
670 235 790 270 tempore
805 231 833 261 di
849 231 926 262 detta
942 231 1039 271 badia,
1060 237 1136 263 sotto

395 280 585 319 qualsivoglia
610 284 755 319 pretesw,
785 289 829 310 ma
853 281 872 311 il
896 281 1028 311 medemo
1052 282 1138 312 istro—

397 334 503 363 mento,
519 329 641 358 assieme
657 338 710 359 con
729 333 800 359 tutte
816 330 842 359 le
858 340 924 359 cose
941 330 970 359 in
987 340 1052 360 esso
1069 340 1139 361 con-

395 383 499 407 venute
513 381 700 417 etsespresse,
714 378 805 408 debba
820 389 934 418 sempre
949 385 977 410 et
992 380 1021 409 in
1036 390 1138 419 perpe-

396 432 443 457 tuo
457 427 708 457 inviolabilmente
723 428 899 466 osservarsi‚
914 438 929 458 e
947 438 1004 458 non
1019 434 1138 459 contro-

394 476 527 513 vertersi,
546 476 599 505 che
621 476 699 506 detto
716 477 950 507 eminentissimo
967 487 981 507 e
1002 487 1138 508 reveren-

394 524 513 554 dissimo
530 525 629 562 signer
642 525 770 554 cardinal
783 526 853 564 Finy
866 526 970 564 debba,
987 528 1137 557 conforme

395 578 553 612 promette,
579 578 620 603 tra
643 574 685 603 sei
713 574 784 604 mesi
810 575 943 614 prossimi
966 580 1097 606 ottenere
1122 586 1136 606 a

395 622 610 662 propriefspese
630 622 654 651 la
671 623 819 652 conferma
836 623 881 653 del
899 624 1032 655 medemo
1051 625 1137 655 istro-

395 675 508 708 mento,
527 671 672 701 mediante
691 671 781 701 Breve
797 682 813 701 o
832 672 907 701 altro
922 673 1048 712 diploma
1067 684 1138 713 pon-

395 719 484 749 tisscio
506 730 558 749 con
590 720 786 751 l'inserzione
816 721 860 750 del
890 727 1025 760 presente
1052 723 1138 753 istro-

395 774 503 807 mento,
523 769 611 809 peria
635 770 662 799 di
686 770 725 800 lui
744 775 883 810 perpetua
901 771 1019 801 validita
1038 772 1072 801 ed
1094 782 1137 801 os-

394 826 555 852 servanza,
579 827 632 848 con
658 822 729 848 tutte
759 819 785 848 le
813 819 941 849 clausole
970 830 984 850 e
1011 821 1137 859 deroglte

395 867 556 896 necessarie
580 867 613 897 ed
638 872 813 907 opportune,
833 869 938 908 perche
955 871 1026 908 cosi,
1045 880 1105 900 ece.
1122 882 1133 897 n

433 915 610 946 Promittens
637 917 803 947 antedictus
834 919 1085 949 eminentissimus
1108 923 1136 949 et

394 965 658 995 reverendissimus
689 966 825 997 dominus
861 968 1018 997 cardinalis
1051 968 1135 1007 Finy,

393 1013 482 1043 abbas
519 1015 784 1045 commendatarius
821 1016 1005 1054 praedictuS,
1044 1016 1134 1054 bona,

394 1062 468 1100 iura,
491 1063 657 1100 facultates,
682 1064 912 1102 iurisdietioneS,
937 1065 1136 1104 exemptiones

393 1115 421 1140 et
437 1110 592 1150 privilegia
610 1116 640 1141 ut
657 1121 743 1151 supra
761 1122 910 1151 concessa,
928 1118 956 1143 et
971 1113 1006 1143 ad
1023 1113 1135 1143 dictum

393 1159 528 1190 abbatem
560 1160 589 1191 S.
613 1160 771 1191 Clementis
804 1166 951 1201 spectasse
984 1167 1012 1192 et
1046 1163 1138 1201 perti-

393 1209 503 1245 nuisse,
528 1215 717 1249 spectareque
739 1215 767 1240 et
790 1211 949 1250 pertinere,
967 1211 1137 1251 neminique

393 1258 478 1287 alteri
502 1258 591 1288 fuisse
614 1263 641 1288 et
663 1268 729 1288 esse
752 1269 845 1297 cessa,
863 1270 1002 1290 concessa
1025 1261 1069 1290 vel
1092 1270 1137 1290 as-

393 1306 518 1344 signata,
542 1317 595 1336 nec
618 1308 695 1337 aliud
719 1308 874 1347 quicquam
898 1309 932 1339 de
954 1309 996 1339 eis
1020 1309 1062 1338 vel
1086 1309 1137 1339 ali-

393 1356 474 1395 qua¹
497 1366 598 1386 eorum
623 1361 704 1395 parte
727 1357 836 1396 fuisse,
861 1368 914 1387 nec
944 1367 1007 1388 esse
1030 1359 1136 1388 factum

393 1410 443 1435 aut
466 1406 495 1435 in
519 1406 647 1436 futurum
671 1407 779 1436 sactum
802 1407 955 1447 apparebit
976 1408 1005 1438 in
1023 1408 1137 1447 praeiu-

393 1454 502 1484 dicium
533 1455 700 1485 huiusmodi
734 1461 892 1495 perpetuae
925 1457 1135 1495 concessionis,

394 1513 480 1543 quam
505 1504 637 1544 promisit
663 1514 726 1535 esse
748 1515 780 1535 ac
803 1515 918 1545 semper
940 1510 967 1536 et
997 1511 1136 1546 perpetuo

395 1552 454 1582 sore
470 1552 587 1590 bonam,
606 1553 729 1583 validam
746 1559 775 1584 et
795 1554 967 1593 legitimam,
991 1555 1134 1594 beneque,

395 1601 488 1631 valide
518 1607 545 1631 et
575 1602 703 1640 legitime
727 1604 842 1641 t'actatn,
867 1603 982 1643 sibique
1005 1604 1135 1639 nomine,

395 1654 477 1689 paeto
500 1655 527 1680 et
551 1650 647 1689 vigore
670 1651 764 1681 dictae
793 1652 991 1691 praeinsertae
1022 1653 1138 1691 pontiti-

394 1701 455 1728 ciae
478 1699 680 1738 permissionis
704 1701 797 1730 saeere
822 1701 953 1731 licuisset
969 1706 996 1731 et
1017 1701 1135 1740 licere2,

394 1753 422 1777 et
445 1758 496 1787 pro
519 1748 567 1778 tali
591 1758 623 1778 ae
649 1754 794 1789 tamquam
818 1750 904 1780 talem
927 1751 1006 1780 omni
1039 1751 1137 1780 futuro

396 1802 524 1835 tempore
547 1797 634 1826 etiam
660 1807 710 1837 per
732 1798 851 1828 abbates
873 1799 1138 1829 commendatarios

396 1855 578 1875 successores
601 1847 763 1883 attendere,
789 1853 978 1878 manutenere
1001 1852 1028 1878 et
1047 1848 1138 1878 invio—

395 1894 522 1925 labiliter
549 1895 716 1932 observare,
745 1896 911 1936 habereque
939 1902 1045 1935 ratam,
1075 1908 1138 1936 gra—

397 1947 464 1980 tam,
489 1944 611 1973 validam
636 1949 663 1974 et
686 1946 810 1983 lirmam,
834 1950 994 1985 contraque
1017 1956 1072 1975 non
1098 1948 1137 1975 sa-

396 2002 472 2030 cere,
492 1993 600 2029 dicere,
617 1994 764 2033 excipere,
785 2004 932 2034 opponere
956 1996 1000 2025 vel
1025 1997 1136 2030 venire,

396 2043 497 2081 quovis
530 2042 583 2072 sub
619 2047 782 2082 praetextu,
817 2045 916 2079 causa,
952 2044 1069 2083 ingenio
1093 2045 1138 2074 vel

396 2092 526 2129 quaesito
549 2092 657 2129 colore,
682 2097 751 2131 ete„
770 2097 795 2121 et
821 2093 849 2122 in
867 2103 929 2123 eam
954 2094 1048 2123 facere
1071 2103 1139 2123 con-

396 2140 506 2169 sentire
529 2150 630 2170 omnes
653 2146 680 2170 et
702 2142 834 2180 singulos
857 2142 976 2172 abbates
992 2152 1139 2172 commen-

396 2188 523 2219 datarios
543 2200 725 2219 successores
742 2191 769 2220 in
787 2191 863 2220 dieta
881 2191 1008 2228 abbatia,
1025 2197 1051 2222 et
1068 2192 1139 2221 alias

397 2239 515 2276 quasvis
538 2248 676 2277 personas
708 2240 754 2269 ius
782 2245 829 2269 aut
858 2241 1000 2270 interesse
1023 2241 1138 2280 aliquod

397 2286 521 2325 desuper
545 2287 682 2316 habentes
716 2288 759 2317 vel
789 2289 895 2318 habere
924 2289 1139 2328 quomodolibet

399 2336 633 2373 praetendentes,
658 2337 691 2365 ad
716 2346 830 2367 omnem
855 2338 958 2374 solam,
976 2338 1137 2377 simplicem

398 2389 426 2412 et
459 2384 707 2414 extraimlicialem
741 2386 961 2425 requisitionem
996 2387 1138 2416 dictorum

400 2432 575 2461 venerabilis
598 2435 768 2464 monasterii
786 2440 813 2464 et
829 2436 1056 2465 reverendorum
1080 2445 1139 2465 mo-

400 2482 558 2511 nachorum
592 2482 844 2522 Murronensium,
869 2484 980 2523 libere,
1005 2489 1075 2523 etc.,
1101 2485 1138 2514 ita

433 2540 446 2565 ’1
470 2539 540 2566 Edit.
564 2540 644 2566 Maia.
668 2540 731 2575 legit
751 2542 853 2576 aliquo
875 2542 911 2577 (n.
929 2542 978 2576 Τ.).

434 2586 450 2611 :l
466 2585 511 2611 Vel
529 2585 637 2619 tit-eret,
656 2586 693 2611 vel
710 2589 770 2612 ante
788 2587 901 2614 licuisse
917 2590 954 2621 (11.
971 2588 1020 2621 τ.).

980 182 1161 207 BULLARIUM
1186 183 1342 208 ROMANUM

1180 234 1255 272 quod
1275 234 1359 273 alias,
1383 239 1452 273 etc.,
1475 235 1615 276 litemque
1646 236 1773 276 aliquam
1797 236 1924 277 desuper

1181 292 1237 312 non
1262 283 1369 314 inferre
1390 294 1443 314 nee
1465 284 1566 315 inferri
1591 286 1696 322 faeere,
1714 290 1763 316 aut
1787 285 1923 316 inserenti

1181 332 1265 361 modo
1289 332 1385 372 aliquo
1407 333 1586 370 consentire,
1622 334 1680 363 imo
1703 343 1818 363 omnem
1841 334 1923 364 litem

1180 385 1208 410 et
1231 381 1408 419 molestiam,
1425 382 1449 411 si
1470 391 1553 421 quae,
1578 387 1646 420 etc.,
1671 383 1699 412 in
1726 383 1829 422 quovis
1850 383 1925 413 iudi-

1182 429 1226 459 cio
1249 430 1396 468 petitorio,
1428 431 1620 469 possessorio,
1651 431 1823 469 summario,
1847 441 1925 461 sum-

1182 479 1367 517 mariissimo,
1384 480 1445 509 sive
1467 480 1557 509 mixto
1577 480 1713 518 articulo,
1732 481 1873 519 Salviani,
1891 491 1924 510 ae

1181 536 1282 557 eorum
1306 528 1436 567 quolibet
1458 528 1486 558 in
1510 528 1634 558 solidum
1650 529 1679 558 in
1700 529 1794 568 prima
1816 533 1845 559 et
1860 529 1924 559 aliis

1181 576 1372 606 ulterioribus
1394 577 1552 614 instantiis,
1570 578 1691 606 avocata
1714 578 1757 607 vel
1781 587 1838 607 non
1857 586 1925 607 avo-

1181 627 1245 655 cata
1269 625 1451 664 possessione
1481 626 1510 655 in
1539 635 1569 655 se
1599 626 1694 665 ipsmn
1725 627 1765 656 uti
1789 626 1924 657 abbatem

1180 675 1461 704 commendatariuin
1499 674 1677 713 praedictum
1721 679 1749 704 et
1785 675 1857 704 alias
1894 675 1924 705 in

1180 723 1279 752 eadem
1303 722 1418 752 abbatia
1442 732 1626 753 successores
1648 723 1809 762 suscipere,
1827 733 1926 754 susce-

1180 776 1315 810 ptamque
1344 772 1497 811 prosequi,
1522 771 1664 807 mediare,
1689 773 1848 802 terminare
1875 771 1926 812 pa-

1180 819 1251 849 riter
1274 823 1301 849 et
1326 820 1409 849 linire
1442 819 1577 849 omnibus
1610 820 1670 850 suis
1702 820 1865 860 sumptibus
1898 825 1925 850 et

1180 869 1335 908 expensis,
1370 869 1457 899 etiam
1491 869 1690 909 procuratoris
1722 874 1750 899 et
1781 869 1923 902 advocati.

1180 917 1291 957 absque
1315 917 1375 947 ulla
1391 919 1472 953 cura,
1491 919 1591 957 opera,
1609 918 1738 957 impensa
1763 918 1807 948 vel
1826 918 1926 948 labore

1180 966 1324 997 dictorum
1350 967 1527 997 venerabilis
1550 967 1720 997 monasterii
1738 971 1765 997 et
1789 976 1926 997 reveren-

1181 1014 1283 1044 dorum
1322 1015 1531 1045 monachorum
1568 1015 1815 1052 illm-renensium,
1853 1025 1925 1055 quos

1180 1072 1295 1103 semper
1317 1068 1343 1093 et
1369 1068 1509 1103 perpetuo
1531 1069 1721 1094 manutenere
1752 1068 1780 1093 et
1809 1073 1926 1094 conser-

1182 1122 1249 1142 vare
1280 1114 1425 1152 promisit,
1449 1117 1517 1151 etc.,
1551 1113 1578 1142 in
1613 1114 1711 1152 quieta
1744 1117 1771 1143 et
1804 1113 1924 1152 pacifica

1181 1162 1364 1200 possessione
1407 1162 1557 1201 liberaque
1604 1161 1741 1191 fruitione
1782 1161 1923 1192 bonorum

1183 1210 1291 1240 iurium
1315 1216 1341 1240 et
1366 1211 1489 1241 aliorum
1524 1216 1555 1241 ut
1585 1220 1670 1250 supra
1705 1221 1923 1249 concessorum,

1182 1269 1290 1299 easque
1324 1260 1463 1297 eximere,
1488 1260 1642 1290 defendere
1673 1264 1701 1290 et
1733 1260 1858 1290 liberare
1890 1260 1926 1290 ab

1180 1310 1317 1339 omnibus
1340 1310 1401 1345 lite,
1426 1310 1561 1339 molestia
1583 1314 1610 1340 et
1633 1310 1806 1340 molestante
1828 1319 1927 1349 perso-

1181 1359 1230 1395 na,
1255 1358 1327 1388 alias
1350 1359 1378 1388 in
1402 1362 1539 1388 eventum
1573 1358 1727 1395 contrarii,
1752 1362 1926 1388 contraven-

1181 1406 1280 1445 tionis,
1305 1407 1461 1444 nullitatis,
1486 1407 1678 1437 invaliditatis
1706 1412 1756 1437 aut
1778 1407 1926 1437 rescissio-

1181 1456 1226 1485 nis
1250 1456 1414 1495 praesentis
1437 1461 1602 1486 contractus
1619 1465 1653 1485 ex
1671 1466 1855 1496 quocumque
1877 1466 1925 1486 03-

1181 1505 1240 1544 pite
1263 1504 1434 1543 resultante,
1458 1505 1534 1534 111113
1558 1505 1718 1544 praecisam
1748 1510 1776 1535 et
1803 1505 1926 1536 inviola-

1181 1553 1267 1583 bilem
1301 1554 1517 1584 observantiam
1541 1554 1575 1584 ad
1598 1564 1683 1594 quam
1700 1579 1707 1592 ,
1727 1558 1782 1584 etc.
1797 1577 1804 1588 ,
1829 1554 1924 1584 teneri

1180 1602 1265 1632 etiam
1300 1603 1395 1641 ipsum
1429 1608 1457 1632 et
1485 1603 1557 1632 alios
1591 1612 1774 1632 successores
1804 1602 1924 1633 abbates

1181 1651 1274 1681 voluit
1297 1652 1331 1681 de
1354 1652 1433 1681 omni
1457 1657 1482 1681 et
1506 1661 1690 1691 quacumque
1713 1652 1859 1682 dictorum
1876 1652 1924 1682 bo-

1180 1709 1297 1737 norum,
1321 1701 1428 1730 iurium
1453 1705 1481 1730 et
1504 1701 1628 1731 aliorum
1652 1705 1683 1730 ut
1705 1710 1791 1740 supra
1807 1710 1927 1731 conces-

1180 1759 1291 1785 sorum,
1309 1754 1337 1779 et
1358 1750 1517 1780 cuiuslibet
1540 1760 1640 1780 eorum
1664 1750 1818 1788 evictione,
1837 1750 1927 1780 iuris-

1180 1807 1236 1836 que
1259 1803 1286 1827 et
1310 1798 1377 1828 t‘acti
1400 1798 1569 1828 defensione
1593 1798 1764 1837 universali,
1796 1799 1925 1837 generali

1181 1851 1208 1876 et
1231 1847 1413 1886 particulari,
1431 1847 1460 1876 in
1479 1847 1573 1876 format
1589 1847 1661 1876 iuris
1679 1847 1770 1877 valida
1786 1851 1874 1887 atque
1897 1848 1925 1877 in

1181 1895 1259 1925 Urbe
1281 1895 1369 1925 solita
1401 1900 1429 1925 et
1458 1897 1610 1934 consueta,
1635 1905 1750 1926 necnon
1772 1897 1807 1926 ad
1829 1897 1927 1926 omnia

1181 1948 1207 1973 et
1241 1945 1355 1983 singula
1388 1945 1505 1982 damna,
1537 1949 1606 1982 etc.,
1636 1945 1670 1975 de
1702 1945 1820 1984 quibus,
1855 1950 1925 1984 etc.,

1181 2004 1255 2032 quae
1272 1994 1380 2031 omnia,
1399 1998 1469 2032 etc.,
1485 1994 1567 2029 alias,
1586 1999 1656 2032 etc.,
1671 1994 1705 2024 de
1722 1994 1840 2034 quibus,
1855 1999 1925 2032 etc.,

1182 2043 1271 2083 quod,
1288 2048 1358 2078 etc-,3
1377 2053 1429 2082 pro
1452 2043 1571 2083 quibus,
1589 2048 1659 2081 etc.,
1678 2043 1773 2073 dietus
1796 2044 1927 2074 eminen-

1183 2092 1313 2122 tissimus
1336 2096 1363 2121 et
1386 2092 1650 2122 reverendissimus
1673 2092 1809 2123 dominus
1831 2093 1926 2122 cardi-

1183 2142 1256 2171 nalis
1279 2142 1368 2180 Finy,
1392 2151 1448 2181 quo
1471 2151 1557 2181 supra
1581 2142 1715 2179 nomine,
1746 2142 1875 2181 seipsum
1898 2146 1927 2171 et

1182 2195 1294 2220 ceteros
1310 2190 1337 2219 in
1355 2190 1433 2220 dicta,
1448 2190 1564 2220 abbatia
1580 2199 1774 2227 successoreS,
1793 2191 1927 2230 bonaque

1183 2240 1279 2269 omnia
1294 2244 1319 2269 et
1339 2240 1400 2269 iura
1415 2249 1615 2279 quaecumque
1631 2240 1761 2269 eiusdem
1774 2240 1924 2277 abbatiae3

1182 2289 1276 2318 dietus
1314 2298 1382 2318 vero
1419 2288 1682 2318 reverendissiimts
1718 2293 1800 2328 pater
1836 2288 1926 2318 abbas

1184 2342 1354 2377 procurator
1386 2338 1531 2375 generalis
1564 2338 1637 2367 bona
1674 2338 1769 2368 omnia
1804 2342 1832 2367 et
1863 2339 1926 2368 iura

1182 2386 1330 2426 quaelibet
1352 2387 1496 2416 dictorum
1514 2386 1689 2416 venerabilis
1707 2387 1875 2416 monasterii
1898 2391 1926 2416 et

1182 2435 1412 2465 reverendorum
1430 2435 1640 2465 monachorum
1655 2435 1884 2473 Murronensins,
1899 2440 1927 2466 et

1183 2485 1272 2515 totins
1296 2485 1471 2515 venerabilis
1493 2485 1732 2523 Congregationis
1749 2486 1926 2515 Caelestino-

1182 2543 1258 2572 rum,
1280 2537 1513 2573 cunctorumque
1535 2534 1599 2564 eius
1622 2535 1865 2565 monasteriorum
1894 2535 1924 2565 in

1181 2582 1330 2620 solidum,
1356 2583 1383 2613 in
1407 2583 1539 2621 ampliori
1574 2583 1751 2614 reverendae
1787 2584 1925 2614 Gamerae

1933 185 1982 215 An.
1998 186 2027 216 C.
2047 187 2115 218 ¹728
