2170 3147
236 221 284 246 Λη,
304 220 332 246 c.
360 220 427 248 Πᾶς)
476 208 540 243 800

432 270 619 300 necessario
646 264 880 310 exprimenda,
919 264 1045 305 notari,
1072 264 1178 307 inipu-

432 321 536 364 gnari,
563 319 747 359 invalidari,
775 319 812 351 ad
841 318 998 351 terminos
1026 317 1106 349 iuris
1127 327 1178 349 re-

434 374 518 414 duci,
535 380 563 406 ct
581 374 611 405 in
631 373 677 405 ius
698 383 733 405 ae
751 370 1007 405 controversiam
1023 370 1176 410 revocari,

433 434 486 460 aut
523 428 676 459 adrcrsus
710 426 781 459 illus
820 425 1050 468 quodcumque
1086 424 1175 464 iuris,

434 482 505 514 tacti
545 481 595 513 rel
634 479 756 521 gratiae
794 478 974 511 remedium
1010 477 1176 520 impetrari

433 544 539 577 posse,
555 533 666 575 sicque
684 537 714 564 ct
733 542 797 564 non
818 531 912 563 aliter
926 541 986 574 per
1005 541 1179 574 quoscum-

434 598 494 630 que
511 587 635 619 iudices
652 585 843 626 ordinarios,
858 584 1108 623 commissarios,
1128 584 1177 616 vel

435 642 602 683 delegatos
629 644 660 672 ct
687 649 857 671 cansarum
876 637 985 681 palatii
1006 636 1178 680 apostolici

434 695 611 733 auditores,
640 704 675 725 ac
701 691 732 725 S.
753 691 790 724 R.
811 691 845 724 E.
866 690 1061 731 cardinales,
1082 690 1178 723 etiam

434 759 450 779 a
477 749 577 779 latere
597 747 733 788 legatos,
755 745 959 788 nunciosqne
980 744 1178 788 apostolicos

435 800 570 833 iudicari
598 805 627 832 ct
655 798 782 832 deliniri
809 799 928 831 debere
946 825 953 838 ,
981 798 1108 831 sublata
1132 797 1178 830 cis

435 859 593 886 eteorum
613 851 746 884 cuilibet
767 851 880 894 quavis
902 851 995 883 aliter
1014 850 1177 883 iudicandi

435 913 467 941 et
492 904 729 949 interpretandi
757 904 907 937 facultate
927 909 958 936 ct
975 903 1177 943 anctoritate,

437 972 472 994 ae
498 971 533 993 ex
561 970 647 992 nnnc
666 959 794 992 irritum
814 964 846 991 et
863 958 969 997 inane,
989 958 1179 1001 nulliusque

434 1014 564 1047 roboris
603 1018 634 1046 et
667 1012 853 1053 efficaciae,
892 1011 1049 1055 quidquid
1087 1021 1179 1044 secus

435 1078 534 1111 super
560 1067 597 1099 iis
623 1072 653 1100 et
672 1067 756 1099 circa
774 1077 820 1106 eu,
841 1065 950 1109 quavis
972 1065 1177 1105 auctoritate,

436 1122 532 1155 ctiam
558 1132 575 1154 a
601 1120 695 1154 nobis
721 1126 774 1152 aut
795 1119 1038 1152 successoribus
1060 1118 1180 1152 nostris

436 1186 496 1219 pro
524 1181 668 1218 tempore
696 1173 917 1214 existentibus,
944 1173 1119 1216 eontigerit
1137 1178 1181 1205 at-

438 1229 570 1262 tentari.

482 1283 497 1325 g
523 1282 577 1315 lu.
605 1281 674 1314 Non
702 1281 905 1314 obstantibus
930 1279 1117 1324 praemissis
1148 1291 1184 1313 ac

439 1336 614 1369 novissimo
652 1335 745 1368 Breri
779 1335 980 1368 revocatorio
1012 1345 1111 1378 supra
1136 1344 1184 1368 re-

439 1390 514 1429 lato,
543 1389 775 1422 constitutione
802 1388 847 1420 Pii
866 1388 901 1420 lv
919 1387 1183 1430 praedecessoris

440 1441 541 1474 nostri
579 1442 618 1474 de
656 1440 888 1484 registrandis,
916 1441 1027 1482 regula
1056 1439 1185 1473 Cancel-

440 1495 539 1528 lariae
577 1500 708 1527 nostrae
750 1494 788 1527 de
829 1494 898 1527 inre
939 1493 1084 1537 quaesito
1120 1504 1184 1526 non

442 1549 597 1587 tollendo,
624 1547 911 1581 constitutionibus
941 1546 1182 1587 conciliaribus,

441 1601 652 1645 generalibus
680 1606 708 1634 et
735 1600 942 1644 specialibus,
962 1612 998 1633 ac
1016 1600 1184 1644 quibusvis

441 1655 512 1688 aliis
541 1654 676 1697 legIbns,
703 1653 839 1695 statutis,
867 1654 962 1687 etiam
989 1654 1183 1694 iuramento,

440 1708 689 1741 confirmatione
714 1707 903 1750 apostolica,
931 1708 979 1739 vel
1007 1708 1117 1750 quavis
1137 1707 1185 1739 fir-

442 1761 554 1794 mitate
579 1761 642 1794 alia
668 1760 847 1799 roboratis,
875 1760 1183 1800 constitutionibus,

443 1814 729 1853 ordinationilms,
769 1813 948 1857 privilegiis
985 1818 1017 1845 et
1052 1813 1185 1846 indultis

442 1867 641 1911 apostolicis,
668 1878 726 1911 per
750 1877 809 1900 nos
835 1872 866 1900 et
891 1867 1053 1899 Romanos
1080 1866 1186 1900 Ponti-

442 1921 517 1953 fices
549 1921 826 1964 praedecessores
863 1925 1009 1959 nostros,
1036 1921 1093 1953 snb
1120 1920 1187 1963 qui-

442 1975 550 2007 busvis
578 1974 746 2007 tenoribus
765 1979 795 2007 et
814 1975 939 2013 formis,
965 1984 1001 2006 ac
1026 1985 1098 2006 enm
1117 1974 1187 2017 qui-

442 2028 550 2060 busvis
575 2027 728 2060 clausulis
754 2033 785 2060 et
811 2027 961 2068 decretis,
984 2028 1078 2060 etiam
1098 2033 1185 2060 motu

443 2080 540 2113 simili
567 2080 742 2121 concessis,
766 2080 973 2121 confirmatis,
999 2080 1187 2123 approbatis

443 2145 497 2167 seu
525 2134 707 2174 innovatis3
736 2134 855 2177 quibus
889 2134 1041 2167 omnibus
1066 2140 1098 2167 et
1123 2134 1187 2167 sin-

443 2188 537 2230 gulis,
554 2198 590 2220 ac
607 2187 758 2220 omnibus
778 2187 848 2220 aliis
865 2188 916 2220 liic
934 2199 998 2221 non
1014 2188 1187 2232 expressis,

444 2252 527 2285 quae
566 2242 673 2274 forsan
712 2241 874 2284 praesenti
912 2241 1035 2284 gratiae
1073 2241 1187 2274 obesse

444 2301 592 2337 possent,
621 2295 746 2327 etiamsi
774 2294 813 2327 de
840 2294 904 2328 illis
930 2294 1093 2338 specialis,
1119 2305 1189 2339 spe-

444 2347 534 2380 cifica
567 2353 597 2380 et
631 2358 783 2391 expressa
820 2348 942 2381 mentio
980 2348 1131 2382 habenda
1157 2354 1189 2382 et

445 2406 531 2433 ceita
557 2401 660 2434 forma
686 2402 845 2434 servanda
872 2402 971 2443 soret,
990 2402 1121 2436 illorum
1145 2408 1188 2436 te-

446 2464 544 2485 nores
581 2455 809 2497 praesentibus
846 2466 903 2499 pro
941 2455 1103 2500 expressis
1129 2456 1187 2490 lia-

446 2506 579 2546 bcntes‚
614 2507 677 2540 illis
713 2508 790 2541 alias
816 2509 846 2541 in
873 2520 931 2542 suo
968 2509 1087 2543 robore
1113 2521 1188 2554 per-

446 2560 627 2599 mansuris,
666 2561 726 2594 liac
758 2561 826 2594 vice
861 2562 1046 2603 dumtaxat,
1073 2563 1188 2597 barum

446 2612 551 2653 serie,
578 2619 666 2646 motu
701 2620 732 2647 ct
761 2615 896 2649 scientia
933 2616 1092 2650 similibus
1119 2628 1188 2661 spe-

1022 215 1203 240 L'ULLARIEM
1227 215 1382 240 ROMANUM

1221 263 1346 296 cialiter
1364 268 1395 296 et
1414 274 1568 308 expresse
1588 265 1793 309 derogamus,
1813 276 1849 298 ac
1865 266 1965 309 plene

1222 322 1253 350 et
1278 316 1481 350 sufficienter
1502 318 1693 361 derogatum
1724 329 1794 352 esse
1821 318 1966 352 decerni-

1221 381 1290 403 mus
1316 375 1347 404 et
1373 370 1590 404 declaramus.

1265 425 1380 457 Datum
1407 424 1545 464 Romae,
1571 436 1607 458 ex
1641 430 1751 458 nostro
1790 426 1910 468 palatio
1936 437 1966 459 a-

1200 477 1384 522 postolico
1409 478 1576 520 Vaticano,
1603 478 1664 511 bac
1690 478 1742 511 die
1766 489 1830 512 xvu
1857 479 1965 513 martii

1221 540 1396 565 MDGCxxtx.

1258 591 1315 618 Dat·
1337 591 1380 618 die
1405 593 1432 619 Π
1455 591 1544 618 martii
1569 592 1644 625 1729,
1666 592 1761 626 pontif.
1780 600 1852 620 anno
1873 599 1899 619 v.

1541 735 1650 769 CCVII.

1224 816 1461 859 Promztlyalur
1477 816 1680 848 canonizatio
1698 816 1737 848 B.
1757 815 1891 849 Ioannis
1907 816 1970 849 Ne-

1264 870 1438 914 pommus
1476 869 1625 903 ecclesiae
1665 870 1844 913 Prwensis
1875 879 1970 902 cano-

1268 923 1336 956 nici
1350 922 1368 955 ¹.

1400 1003 1585 1031 Benedictus
1615 1003 1792 1038 episcopus,

1417 1056 1524 1075 servus
1542 1055 1698 1075 servorum
1715 1049 1778 1081 Dei,

1342 1095 1378 1120 ad
1399 1096 1580 1127 perpetuam
1599 1093 1646 1119 rei
1665 1093 1854 1120 memoriam.

1270 1174 1416 1208 Cliristus
1442 1173 1611 1214 Dominus,
1634 1174 1700 1216 qui,
1722 1174 1909 1218 priusquam
1936 1175 1967 1207 in

1227 1229 1353 1260 caelum
1382 1227 1592 1268 ascenderet,
1619 1237 1695 1260 snae
1728 1227 1890 1261 Ecclesiae
1917 1238 1969 1261 su—

1228 1291 1285 1324 pra
1311 1280 1434 1312 firmam
1461 1285 1585 1322 petram
1612 1279 1800 1313 aedificatae
1826 1291 1970 1324 spopon-

1229 1333 1292 1373 dit,
1318 1344 1352 1366 se
1378 1344 1483 1376 usque
1508 1333 1546 1366 ad
1573 1332 1671 1366 finem
1697 1333 1817 1367 saeculi
1844 1339 1970 1367 curatu-

1230 1397 1312 1427 rum,
1340 1397 1380 1419 ne
1398 1386 1465 1420 ullo
1485 1397 1627 1430 unquam
1645 1392 1790 1430 tempore
1816 1387 1970 1420 adversus

1230 1451 1298 1473 eam
1339 1445 1453 1483 portae
1494 1439 1587 1472 inseri
1625 1441 1873 1483 praevalerent,
1901 1440 1970 1473 sive

1229 1499 1381 1526 cruentae
1406 1493 1673 1537 persecutionum
1702 1494 1880 1537 procellae,
1901 1493 1969 1527 sive

1230 1548 1328 1591 impia
1353 1548 1506 1590 dogmata
1531 1548 1776 1581 baereticorum
1803 1559 1873 1581 eam
1892 1558 1969 1582 con-

1231 1607 1341 1635 cutere
1367 1601 1547 1634 identidem
1573 1607 1793 1641 conarentur,
1822 1601 1970 1645 quotidie

1230 1655 1290 1688 snb
1317 1655 1420 1689 oculis
1446 1655 1564 1688 nostris
1600 1665 1675 1688 suae
1708 1655 1805 1689 liuius
1832 1655 1971 1699 promis-

1230 1709 1329 1742 sionis
1355 1708 1492 1742 maxima
1517 1714 1729 1752 argumenta,
1757 1708 1796 1742 ad
1822 1708 1971 1742 christia-

1230 1773 1303 1795 nam
1332 1761 1555 1794 sortitudinem
1587 1762 1619 1794 in
1657 1772 1791 1795 suorum
1825 1762 1971 1796 fidelium

1230 1815 1382 1848 cordibus
1409 1814 1603 1857 augendam,
1631 1814 1728 1848 cdere
1754 1825 1820 1848 non
1851 1821 1968 1848 cessat.

1231 1868 1332 1907 Quum
1358 1868 1444 1901 enim
1469 1867 1590 1910 singuli
1617 1867 1692 1900 fidei
1714 1868 1896 1901 catholicae
1917 1879 1970 1902 ar-

1233 1921 1330 1961 ticuli,
1356 1921 1457 1965 ipsius
1482 1921 1714 1964 Redemptoris
1749 1921 1850 1954 nostri
1877 1927 1909 1955 et
1933 1923 1972 1955 A-

1231 1975 1438 2019 postolorum
1466 1984 1521 2007 ore
1547 1975 1687 2017 vulgati,
1714 1984 1850 2017 magnos
1876 1986 1972 2019 prae—

1231 2039 1331 2062 cones
1356 2033 1387 2061 et
1411 2027 1571 2070 sangnine
1597 2038 1657 2060 sno
1684 2038 1793 2061 coram
1827 2028 1972 2072 tyrannis

1231 2082 1368 2125 aliisque
1395 2080 1450 2114 Dei
1478 2080 1628 2114 hostibus
1653 2086 1851 2125 purpuratos
1872 2086 1971 2115 testes

1232 2134 1423 2175 habuerint,
1450 2134 1579 2167 tandem
1604 2140 1754 2178 repertus
1791 2139 1838 2168 est
1874 2135 1971 2168 etiam

1231 2188 1286 2232 qui
1304 2192 1543 2222 sacramentum
1562 2187 1786 2220 Poenitentiae
1803 2193 1973 2221 secretam-

1232 2253 1294 2286 que
1320 2246 1533 2286 peccatorum
1571 2241 1812 2275 consessionem
1846 2241 1972 2275 auricu-

1232 2296 1332 2329 larem
1350 2322 1357 2336 ,
1391 2294 1557 2328 ordinario
1587 2295 1656 2328 eius
1685 2294 1836 2328 ministro
1866 2305 1972 2328 saeer-

1233 2349 1299 2382 doti
1320 2349 1435 2381 saetam
1454 2351 1568 2382 contra
1585 2347 1804 2392 posteriorum
1829 2353 1970 2382 aetatum

1232 2403 1419 2437 haereticos
1444 2402 1476 2435 in
1509 2407 1711 2436 antecessum
1747 2408 1970 2446 propugnatu-

1233 2467 1309 2498 rus,
1336 2462 1461 2501 martyr
1491 2456 1628 2489 invictus
1660 2461 1850 2500 oppeteret:
1875 2466 1970 2501 quam

1268 2539 1279 2564 1
1302 2537 1361 2564 Ali-:1
1380 2536 1460 2564 huius
1485 2536 1625 2564 Pontificis
1651 2540 1737 2564 const.
1765 2536 1808 2564 ed.
1825 2543 1969 2572 mcccxxvi,

1231 2583 1275 2609 die
1295 2588 1355 2609 xxxi
1375 2581 1538 2615 decembris,
1560 2581 1655 2617 pontif.
1676 2589 1718 2616 111,
1739 2581 1907 2617 promulgata
1921 2581 1972 2610 [uit

1232 2626 1398 2656 canonizatio
1419 2626 1448 2655 B.
1469 2626 1596 2655 Stanislai
1615 2626 1745 2654 Kostkae.

1970 216 2021 244 An.
2038 217 2065 245 G.
2089 219 2155 248 1729

2005 1184 2124 1208 Exordium.
