2170 3147
0 170 47 198 Αο.
69 168 96 196 C.
119 169 186 196 ¹725

29 1123 183 1144 Praescribitur

1 1149 60 1174 dies,
75 1156 87 1169 a
103 1155 144 1176 qua
160 1155 182 1169 o-

1 1182 58 1196 mnes
96 1176 182 1198 Gom-illi

2 1202 93 1223 deci-215⁵
132 1203 183 1223 obti-

1 1232 82 1256 guntur.

31 1755 108 1776 aarum
119 1754 187 1781 puhli-

5 1783 69 1804 tatio.

771 168 962 192 BENEntCTt'S
987 168 1040 190 xttt
1066 168 1115 190 1³1³.

190 217 317 260 posita,
345 222 416 250 octo
442 217 527 249 inter
550 218 714 249 solemnes
747 218 928 255 sessiones,

190 270 356 302 mensibus
381 269 527 312 proxime
552 268 738 311 praeteritis
771 269 863 312 aprili
898 274 930 301 et

189 323 283 362 maio,
302 323 503 355 sacrosancta
532 321 562 353 iu
590 321 721 354 basilica
747 324 854 354 nostra
871 322 929 353 La-

192 374 356 407 teranensi
383 385 398 407 a
418 375 512 407 nobis
531 385 602 406 cum
621 380 762 406 vestrum
783 374 926 406 omnium
948 377 950 392 ¹

191 433 348 461 conventu
374 428 565 464 celebratas,
591 426 733 459 unanimi
767 437 950 468 consensu¹

190 481 280 519 lecta,
308 481 369 512 lata
394 485 424 512 et
449 480 653 522 promulgata
680 478 804 516 suerint,
832 469 950 521 auquel

191 533 222 566 in
249 544 346 565 unum
375 533 448 565 inde
468 534 603 565 collecta
621 533 782 571 volumen,
802 532 928 564 illarum
948 541 950 551 ι

191 586 287 618 etiam
313 585 524 629 appendicem
552 585 695 618 reserens
724 584 927 617 sanctionum

192 644 222 672 et
247 638 513 671 constitutionum
532 649 608 680 quas
630 637 773 670 eiusdem
795 636 927 669 Concilii
948 633 950 665 l

191 691 361 724 occasione
386 690 572 723 statuendas
598 690 818 728 iudicavimus,
856 700 928 721 cum

191 744 407 786 originalibus
433 743 494 776 iam
521 744 653 782 collata,
682 743 764 786 typis
789 743 870 775 alma
897 741 928 773 in

192 797 253 830 hac
287 797 368 829 Urbe
402 798 510 829 nostra
540 796 679 829 sollicite
711 795 929 838 imprimenda

192 849 432 882 curaverimus:
455 849 574 882 illamet
605 849 744 886 tandem.
763 854 835 890 post
853 858 929 891 qua-

193 908 265 934 tuor
289 902 384 944 plane
424 912 551 933 menses
580 901 608 933 in
643 901 721 943 ipsis
755 897 951 942 diligenter'

192 954 427 997 emendareque
462 954 618 986 cudendis
653 955 842 995 insumptos,
873 953 928 984 ‹le-

193 1013 344 1039 currente
382 1007 442 1039 hoc
478 1017 589 1038 meuse
628 1006 658 1037 in
685 1007 789 1038 lucem
822 1004 928 1048 publi-

194 1070 262 1093 cam
288 1059 451 1102 prodiisse
477 1059 708 1101 significamus.

237 1114 251 1157 ἓ
276 1112 307 1145 2.
334 1112 379 1144 No
405 1122 478 1144 vero
504 1112 642 1154 aliquam
669 1121 769 1154 super
793 1111 840 1150 iis,
863 1110 930 1154 qui-

195 1167 264 1206 bus,
290 1171 324 1198 ut
349 1166 509 1198 evitentur
541 1166 588 1198 vel
622 1164 802 1197 executioni
841 1175 931 1197 man-

194 1219 322 1257 dentur,
351 1224 436 1251 certa
472 1219 514 1250 ibi
550 1224 694 1261 tempora
713 1218 931 1261 praestituun-

196 1277 255 1311 tur,
271 1272 476 1315 quandonam
494 1271 614 1304 scilicet
629 1282 691 1309 eos,
708 1271 746 1303 ad
762 1281 843 1313 quos
860 1281 920 1313 per

195 1325 307 1362 tinent,
334 1325 477 1367 obligare
504 1324 680 1367 coeperint,
697 1324 931 1356 dubitationem
952 1330 954 1348 ¹

194 1378 332 1410 suboriri
370 1377 552 1419 contingat,
585 1388 696 1409 omncs
734 1382 766 1409 ct.
790 1376 933 1419 singuli,

195 1430 412 1473 praesentium
440 1431 557 1473 vigore,
584 1431 728 1463 volumus
753 1442 769 1463 a
802 1430 852 1462 die
886 1429 934 1461 in-

196 1484 294 1517 ferius
327 1484 484 1527 signanda
516 1484 654 1516 decretis
688 1483 766 1525 ipsis
800 1482 932 1515 Concilii

196 1537 419 1580 universisque
438 1537 508 1569 aliis
529 1536 750 1569 sanctionibus
767 1541 798 1568 et
823 1535 934 1568 consti—

197 1591 374 1623 tutionibus
404 1590 523 1622 ibidem
551 1590 659 1622 relatis
692 1589 829 1631 obligari
863 1599 934 1621 eoe-

196 1644 280 1687 pisse
310 1644 430 1683 sciant,
457 1648 553 1686 prout
586 1654 641 1675 eos
675 1643 836 1686 obligatos
863 1653 933 1675 csse

198 1696 438 1729 denunciamus.

241 1749 259 1792 §5
279 1749 309 1782 3.
338 1748 377 1781 Ut
403 1749 465 1781 hoc
490 1754 595 1781 autem
630 1749 667 1781 ad
703 1749 844 1781 omnium
878 1759 935 1780 no-

199 1802 298 1834 titiam
324 1803 501 1845 perveniat,
527 1808 652 1834 nostras
675 1802 732 1834 lias
751 1802 874 1834 litteras
896 1801 934 1833 de
956 1815 958 1840 3

198 1865 287 1888 more
313 1855 346 1887 in
373 1856 473 1887 almae
501 1855 643 1887 eiusdem
677 1860 806 1887 nostrae
844 1853 936 1886 Urbis

198 1907 277 1940 locis
304 1908 407 1940 solitis
433 1908 506 1949 legi,
527 1908 684 1950 publicari
716 1913 746 1940 et
778 1907 862 1949 affigi
889 1906 937 1938 iu-

198 1961 326 2000 bemus;
342 1971 376 1993 ac
395 1961 468 1993 inde
487 1960 661 2003 cuiuspiam
684 1960 936 1999 excusationem,

199 2014 285 2057 quod
313 2025 348 2047 ea
375 2014 583 2056 ignoraverit,
609 2014 768 2046 ullatenus
795 2024 859 2046 non
886 2013 938 2046 ad-

200 2067 290 2107 mitti,
313 2067 499 2100 auctoritate
521 2067 697 2110 apostolica
714 2068 882 2100 statuimus
903 2078 938 2099 ac

201 2121 421 2159 declaramus3
460 2121 714 2163 quilriscumque
747 2121 778 2152 in
811 2125 937 2153 contra-

201 2173 283 2205 rium
309 2184 373 2206 non
403 2173 619 2206 obstantibus.

245 2224 357 2256 Datum
386 2224 523 2262 Romae,
551 2224 636 2266 apud
663 2224 694 2256 S.
723 2222 852 2255 Mariam
877 2223 940 2255 Ma—

201 2282 323 2316 torem,
349 2277 410 2309 sul)
436 2277 555 2309 annulo
591 2275 781 2314 piscatoris,
808 2275 859 2307 die
882 2285 940 2307 xxv

201 2329 340 2362 octobris
373 2339 544 2368 irnecxxv,
585 2328 791 2371 pontificatus
834 2327 937 2360 nostri

201 2392 288 2415 anno
311 2392 347 2415 11.

238 2434 295 2461 Dat.
318 2435 361 2461 die
381 2436 414 2462 ⁵25
434 2434 555 2461 octobris
583 2434 662 2467 t725,
685 2433 779 2469 pontif.
802 2441 870 2459 anno
892 2438 919 2458 ιι.
960 2430 961 2443 ¹

201 2505 245 2533 die
264 2506 298 2533 24
319 2506 417 2537 martii,
439 2506 533 2541 pontif.
550 2512 568 2538 1,
586 2509 729 2541 prorogata
749 2504 800 2531 fnit
819 2503 940 2530 celebra-

201 2551 238 2578 tio
257 2551 290 2577 ad
311 2550 381 2578 diem
403 2557 435 2577 xv
455 2551 548 2586 aprilis
568 2550 689 2577 eiusdem
710 2549 774 2576 anni
794 2555 925 2575 MDchxv.
961 2563 963 2582 1

1273 214 1399 246 xijvtlt.

972 285 1217 325 Confirmanlur
1243 283 1362 317 Ordinz'
1398 283 1545 315 mziverso
1578 281 1708 314 Tertia—

1014 338 1139 369 riorum
1164 337 1195 370 S.
1216 337 1387 369 Francis-ci
1402 335 1577 378 privileyia
1598 335 1709 366 omnia

1014 389 1099 421 alnis
1124 400 1267 421 concessa
1279 401 1290 428 ‚·
1316 399 1438 421 necnon
1466 388 1550 420 idem
1571 387 1709 420 iurisdi-

1014 442 1114 473 cliom'
1137 446 1164 473 et
1192 442 1350 483 regimini
1378 441 1525 473 ministri
1549 439 1710 483 yeaeralis

1016 494 1112 526 lolius
1132 493 1263 527 Ordinis
1281 494 1445 526 Miuorum
1461 493 1565 525 denuo
1581 493 1711 525 subiici-

1015 551 1068 579 tur
1093 557 1165 579 cum
1189 546 1385 590 quibusdam
1411 545 1708 579 ordinatiom'bus¹.

1153 626 1334 653 Benedictus
1354 626 1432 658 Papa
1451 625 1532 657 XIII,

1101 670 1137 697 ad
1165 671 1299 697 futuram
1325 671 1369 696 rei
1395 670 1578 696 memoriam.

1015 740 1153 773 Paterna
1174 740 1265 773 Sedis
1284 740 1486 783 Apostolicae
1506 738 1711 782 providentia

972 803 1047 836 erga
1072 794 1144 836 pios
1171 793 1320 826 homines
1354 793 1412 825 sub
1449 792 1562 824 habitu
1598 791 1707 823 humi-

949 847 1068 896 glitatis
1105 852 1137 879 et
1168 846 1387 889 poenitentiae
1419 845 1484 878 Deo
1518 845 1709 877 famulantes

972 910 1068 941 saepe
1097 899 1257 932 Romanos
1282 898 1453 931 Pontifices
1483 903 1711 930 antecessores

973 957 1103 985 nostros
1141 952 1271 995 impulit
1303 962 1360 994 pro
1394 961 1505 984 eorum
1532 950 1646 983 solatio
1682 955 1713 982 et

973 1005 1144 1037 commodo
1177 1004 1302 1048 pridem
1340 1014 1495 1037 concessa
1532 1003 1712 1046 approbare

973 1063 1004 1090 et
1032 1068 1187 1090 renovare
1209 1084 1216 1097 ‚
1255 1058 1349 1090 etiam
1387 1057 1566 1100 approbata
1600 1065 1713 1088 rursus

973 1111 1152 1154 apostolica
1177 1110 1367 1143 auctoritate
1386 1110 1521 1148 munire,
1547 1114 1582 1141 ut
1606 1119 1644 1141 eo
1667 1107 1714 1140 fir·

951 1164 1075 1206 ¹miora
1101 1163 1321 1206 persisterent,
1349 1174 1413 1206 quo
1440 1162 1570 1205 saepius
1603 1166 1714 1194 essent

974 1216 1117 1249 ciusdem
1144 1216 1233 1249 Sedis
1258 1216 1448 1248 auctoritate
1467 1213 1604 1247 suffulta.
1623 1214 1712 1252 Hinc,

974 1275 1008 1301 ut
1032 1268 1161 1301 Ordinis
1187 1268 1420 1301 Tertiariorum
1446 1267 1530 1300 beati
1552 1266 1714 1299 Francisei

974 1323 1011 1354 de
1036 1322 1242 1355 Paenitentia
1274 1321 1470 1364 nuncupati,
1505 1320 1557 1363 qui
1593 1320 1623 1352 in
1651 1325 1714 1352 tres

976 1380 1075 1408 status
1101 1375 1219 1407 divisus
1246 1375 1470 1417 (saecularium
1496 1374 1626 1412 scilicet,
1653 1375 1715 1406 col-

976 1429 1135 1471 legialiter
1161 1428 1342 1467 viventium,
1363 1434 1394 1460 et
1420 1427 1631 1470 regularium)
1650 1437 1715 1459 ma-

977 1492 1056 1524 gnos
1093 1481 1222 1524 pietatis
1257 1487 1288 1513 et
1324 1481 1489 1514 doctrinae
1527 1480 1647 1512 fructus
1685 1480 1716 1512 iu

977 1534 1119 1567 Ecclesia
1146 1534 1201 1566 Dei
1236 1544 1365 1577 semper
1396 1533 1529 1576 protulit
1554 1538 1585 1565 et
1611 1533 1717 1575 quoti-

978 1588 1029 1620 die
1071 1587 1218 1630 proserrc
1250 1587 1376 1629 satagit,
1411 1586 1524 1629 quieti,
1568 1585 1717 1627 regimini

978 1646 1074 1683 atque
1105 1641 1309 1672 incremento
1342 1640 1444 1683 probe
1477 1640 1715 1677 consuleretur,

978 1694 1016 1726 ab
1043 1693 1155 1726 iisdem
1194 1693 1344 1726 Romanis
1383 1693 1591 1725 Pontificibus
1628 1698 1718 1724 ante-

956 1747 1164 1783 messoribus
1207 1747 1325 1779 nostris
1366 1747 1548 1788 complures
1591 1745 1719 1778 litterae

980 1799 1113 1832 dirersis
1140 1799 1339 1842 temporibus
1365 1799 1550 1831 iamdudum
1573 1799 1719 1840 vulgatae

981 1855 1117 1891 suet-ant,
1144 1853 1173 1885 iu
1200 1853 1315 1896 quibus
1342 1852 1447 1884 variae
1474 1852 1609 1893 gratiae,
1635 1851 1721 1883 savo-

981 1918 1051 1945 res,
1080 1906 1319 1944 immunitates,
1348 1905 1589 1948 exemptiones,
1615 1904 1720 1937 indul-

981 1960 1119 2002 gentiae,
1147 1958 1396 1996 declarationes,
1419 1958 1596 1997 facultates,
1624 1957 1721 2000 privi-

982 2013 1066 2055 legia
1091 2018 1123 2045 ct
1155 2012 1294 2050 indulta,
1322 2011 1443 2044 eisdem
1471 2011 1656 2043 immediate
1689 2015 1721 2043 ct

981 2065 1103 2098 directe
1130 2066 1177 2097 rel
1201 2065 1295 2097 etiam
1314 2074 1371 2106 per
1389 2063 1720 2096 communicationem

982 2129 1052 2150 cum
1079 2118 1150 2151 aliis
1171 2117 1344 2150 Ordinibus
1367 2116 1559 2160 praesertim
1590 2116 1721 2148 fratrum

982 2171 1148 2210 Minorum,
1169 2180 1330 2209 concessa,
1352 2170 1516 2212 ampliata,
1539 2173 1671 2201 extensa
1691 2173 1722 2200 et

982 2223 1168 2256 confirmata
1185 2223 1289 2261 suere,
1305 2227 1401 2265 prout
1423 2222 1453 2254 in
1476 2222 1555 2264 ipsis
1573 2220 1724 2264 apostoli·

982 2276 1025 2309 cis
1046 2276 1160 2309 litteris
1179 2276 1308 2319 plenius
1326 2281 1356 2307 et
1375 2275 1507 2307 uberius
1526 2275 1720 2307 continetur.

1018 2373 1026 2397 1
1053 2371 1111 2398 Alia
1130 2372 1212 2397 huius
1240 2370 1379 2397 Pontificis
1400 2373 1484 2397 const.
1511 2376 1651 2403 mot-mxv,
1681 2369 1724 2396 die

981 2416 997 2442 2
1018 2416 1090 2449 maii,
1112 2416 1206 2451 pontif.
1228 2423 1247 2447 1,
1269 2415 1429 2442 confirmata
1444 2415 1493 2441 fuit
1508 2414 1640 2450 quaedam
1655 2415 1724 2441 Gre-

982 2460 1048 2494 gorii
1069 2458 1108 2484 XV
1139 2459 1248 2485 constit.
1274 2459 1307 2485 de
1333 2467 1386 2485 non
1414 2458 1576 2493 recipiendis
1595 2458 1725 2485 fratribus

983 2503 1066 2530 Tertii
1086 2503 1193 2529 Ordinis
1212 2503 1240 2530 S.
1262 2503 1398 2529 Francisci
1424 2503 1579 2539 provinciae
1598 2503 1622 2530 S.
1645 2503 1725 2529 loan-

984 2548 1024 2574 nis
1044 2547 1156 2575 Galliae*

1598 153 1662 187 285
1710 162 1760 188 An.
1776 161 1804 188 c.
1826 161 1897 188 1725

1748 749 1868 770 Exordium.
