<?xml version="1.0" encoding="UTF-8"?>
<!DOCTYPE html PUBLIC "-//W3C//DTD XHTML 1.0 Transitional//EN"
    "http://www.w3.org/TR/xhtml1/DTD/xhtml1-transitional.dtd">
<html xmlns="http://www.w3.org/1999/xhtml" xml:lang="en" lang="en">
 <head>
  <title>
</title>
<meta http-equiv="Content-Type" content="text/html;charset=utf-8" />
  <meta name='ocr-system' content='tesseract 3.04.00' />
  <meta name='ocr-capabilities' content='ocr_page ocr_carea ocr_par ocr_line ocrx_word'/>
</head>
<body>
  <div class='ocr_page' id='page_1' title='image "./bullarumdiplomat22cath_0238.png"; bbox 0 0 2170 3147; ppageno 0'>
   <div class='ocr_carea' id='block_1_1' title="bbox 223 201 1953 827">
    <p class='ocr_par' dir='ltr' id='par_1_1' title="bbox 223 201 1953 746">
     <span class='ocr_line' id='line_1_1' title="bbox 223 201 1362 236; baseline 0.001 -2"><span class='ocrx_word' id='word_1_1' title='bbox 223 209 271 234; x_wconf 72' lang='lat' dir='ltr'>An.</span> <span class='ocrx_word' id='word_1_2' title='bbox 297 208 324 234; x_wconf 83' lang='lat' dir='ltr'>c.</span> <span class='ocrx_word' id='word_1_3' title='bbox 348 208 415 236; x_wconf 65' lang='lat'>¹725</span> <span class='ocrx_word' id='word_1_4' title='bbox 464 201 528 235; x_wconf 66' lang='lat'>200</span> <span class='ocrx_word' id='word_1_5' title='bbox 999 211 1181 236; x_wconf 69' lang='lat' dir='ltr'>BULLAmnM</span> <span class='ocrx_word' id='word_1_6' title='bbox 1206 211 1362 236; x_wconf 67' lang='lat' dir='ltr'>nomnen</span> 
     </span>
     <span class='ocr_line' id='line_1_2' title="bbox 422 257 1953 305; baseline 0.002 -13"><span class='ocrx_word' id='word_1_7' title='bbox 422 260 590 303; x_wconf 86' lang='lat' dir='ltr'>pellimus,</span> <span class='ocrx_word' id='word_1_8' title='bbox 609 266 638 293; x_wconf 91' lang='lat' dir='ltr'>et</span> <span class='ocrx_word' id='word_1_9' title='bbox 663 271 722 303; x_wconf 90' lang='lat' dir='ltr'>pro</span> <span class='ocrx_word' id='word_1_10' title='bbox 745 260 885 293; x_wconf 82' lang='lat' dir='ltr'>exclusis</span> <span class='ocrx_word' id='word_1_11' title='bbox 909 266 1006 304; x_wconf 87' lang='lat' dir='ltr'>atque</span> <span class='ocrx_word' id='word_1_12' title='bbox 1024 259 1165 304; x_wconf 83' lang='lat' dir='ltr'>repulsis</span> <span class='ocrx_word' id='word_1_13' title='bbox 1186 257 1188 302; x_wconf 70' lang='grc' dir='ltr'>ξ</span> <span class='ocrx_word' id='word_1_14' title='bbox 1210 259 1391 293; x_wconf 83' lang='lat' dir='ltr'>tondentes</span> <span class='ocrx_word' id='word_1_15' title='bbox 1417 271 1637 305; x_wconf 88' lang='lat' dir='ltr'>quascumque</span> <span class='ocrx_word' id='word_1_16' title='bbox 1662 267 1809 295; x_wconf 77' lang='lat' dir='ltr'>monetas</span> <span class='ocrx_word' id='word_1_17' title='bbox 1840 271 1953 295; x_wconf 84' lang='lat' dir='ltr'>aureas</span> 
     </span>
     <span class='ocr_line' id='line_1_3' title="bbox 423 311 1952 363; baseline 0.002 -18"><span class='ocrx_word' id='word_1_18' title='bbox 423 312 538 346; x_wconf 84' lang='lat' dir='ltr'>haberi</span> <span class='ocrx_word' id='word_1_19' title='bbox 565 313 735 354; x_wconf 86' lang='lat' dir='ltr'>volumus,</span> <span class='ocrx_word' id='word_1_20' title='bbox 768 314 888 346; x_wconf 89' lang='lat' dir='ltr'>nedum</span> <span class='ocrx_word' id='word_1_21' title='bbox 915 324 990 353; x_wconf 86' lang='lat' dir='ltr'>eos,</span> <span class='ocrx_word' id='word_1_22' title='bbox 1018 313 1072 356; x_wconf 84' lang='lat' dir='ltr'>qui</span> <span class='ocrx_word' id='word_1_23' title='bbox 1107 313 1166 346; x_wconf 89' lang='lat' dir='ltr'>ho·</span> <span class='ocrx_word' id='word_1_24' title='bbox 1186 311 1187 363; x_wconf 40' lang='grc' dir='ltr'>ᾗ</span> <span class='ocrx_word' id='word_1_25' title='bbox 1209 313 1256 346; x_wconf 89' lang='lat' dir='ltr'>vel</span> <span class='ocrx_word' id='word_1_26' title='bbox 1282 318 1463 355; x_wconf 58' lang='lat' dir='ltr'>argenteas</span> <span class='ocrx_word' id='word_1_27' title='bbox 1490 313 1588 347; x_wconf 87' lang='lat' dir='ltr'>etiam</span> <span class='ocrx_word' id='word_1_28' title='bbox 1617 314 1804 359; x_wconf 73' lang='lat' dir='ltr'>principum</span> <span class='ocrx_word' id='word_1_29' title='bbox 1830 320 1952 348; x_wconf 60' lang='lat' dir='ltr'>extero-</span> 
     </span>
     <span class='ocr_line' id='line_1_4' title="bbox 421 366 1952 412; baseline 0.003 -14"><span class='ocrx_word' id='word_1_30' title='bbox 421 366 550 399; x_wconf 89' lang='lat' dir='ltr'>micidia</span> <span class='ocrx_word' id='word_1_31' title='bbox 585 371 638 398; x_wconf 87' lang='lat' dir='ltr'>aut</span> <span class='ocrx_word' id='word_1_32' title='bbox 679 366 904 400; x_wconf 73' lang='lat' dir='ltr'>mutilationes</span> <span class='ocrx_word' id='word_1_33' title='bbox 941 366 1165 400; x_wconf 86' lang='lat' dir='ltr'>membrorum</span> <span class='ocrx_word' id='word_1_34' title='bbox 1186 374 1187 399; x_wconf 64' lang='lat' dir='ltr'>l</span> <span class='ocrx_word' id='word_1_35' title='bbox 1208 378 1288 407; x_wconf 90' lang='lat' dir='ltr'>rum,</span> <span class='ocrx_word' id='word_1_36' title='bbox 1313 367 1580 412; x_wconf 73' lang='lat' dir='ltr'>quotiescumque</span> <span class='ocrx_word' id='word_1_37' title='bbox 1597 369 1631 401; x_wconf 90' lang='lat' dir='ltr'>in</span> <span class='ocrx_word' id='word_1_38' title='bbox 1652 369 1724 402; x_wconf 88' lang='lat' dir='ltr'>loco</span> <span class='ocrx_word' id='word_1_39' title='bbox 1750 373 1803 401; x_wconf 88' lang='lat' dir='ltr'>aut</span> <span class='ocrx_word' id='word_1_40' title='bbox 1823 369 1952 412; x_wconf 87' lang='lat' dir='ltr'>provin-</span> 
     </span>
     <span class='ocr_line' id='line_1_5' title="bbox 420 419 1953 465; baseline 0.002 -13"><span class='ocrx_word' id='word_1_41' title='bbox 420 420 452 452; x_wconf 88' lang='lat' dir='ltr'>in</span> <span class='ocrx_word' id='word_1_42' title='bbox 480 419 626 452; x_wconf 87' lang='lat' dir='ltr'>ecclesiis</span> <span class='ocrx_word' id='word_1_43' title='bbox 667 430 818 465; x_wconf 87' lang='lat' dir='ltr'>earumve</span> <span class='ocrx_word' id='word_1_44' title='bbox 845 420 1053 453; x_wconf 89' lang='lat' dir='ltr'>coemeteriis</span> <span class='ocrx_word' id='word_1_45' title='bbox 1079 431 1166 453; x_wconf 88' lang='lat' dir='ltr'>com-</span> <span class='ocrx_word' id='word_1_46' title='bbox 1209 420 1268 460; x_wconf 75' lang='lat' dir='ltr'>cia,</span> <span class='ocrx_word' id='word_1_47' title='bbox 1294 420 1349 453; x_wconf 87' lang='lat' dir='ltr'>ubi</span> <span class='ocrx_word' id='word_1_48' title='bbox 1373 421 1496 455; x_wconf 78' lang='lat' dir='ltr'>crimen</span> <span class='ocrx_word' id='word_1_49' title='bbox 1522 421 1712 463; x_wconf 89' lang='lat' dir='ltr'>admittitur,</span> <span class='ocrx_word' id='word_1_50' title='bbox 1731 422 1870 455; x_wconf 86' lang='lat' dir='ltr'>liberum</span> <span class='ocrx_word' id='word_1_51' title='bbox 1898 422 1953 455; x_wconf 87' lang='lat' dir='ltr'>ha-</span> 
     </span>
     <span class='ocr_line' id='line_1_6' title="bbox 421 473 1953 519; baseline 0.002 -13"><span class='ocrx_word' id='word_1_52' title='bbox 421 474 549 506; x_wconf 86' lang='lat' dir='ltr'>mittere</span> <span class='ocrx_word' id='word_1_53' title='bbox 577 473 713 514; x_wconf 85' lang='lat' dir='ltr'>audent,</span> <span class='ocrx_word' id='word_1_54' title='bbox 734 474 1008 517; x_wconf 79' lang='lat' dir='ltr'>quemadmodum</span> <span class='ocrx_word' id='word_1_55' title='bbox 1034 474 1067 507; x_wconf 90' lang='lat' dir='ltr'>in</span> <span class='ocrx_word' id='word_1_56' title='bbox 1093 473 1166 507; x_wconf 84' lang='lat' dir='ltr'>Gre-</span> <span class='ocrx_word' id='word_1_57' title='bbox 1208 474 1306 507; x_wconf 87' lang='lat' dir='ltr'>beant</span> <span class='ocrx_word' id='word_1_58' title='bbox 1330 485 1425 507; x_wconf 91' lang='lat' dir='ltr'>usum</span> <span class='ocrx_word' id='word_1_59' title='bbox 1457 481 1488 508; x_wconf 89' lang='lat' dir='ltr'>et</span> <span class='ocrx_word' id='word_1_60' title='bbox 1513 475 1763 515; x_wconf 76' lang='lat' dir='ltr'>commercium,</span> <span class='ocrx_word' id='word_1_61' title='bbox 1790 477 1840 508; x_wconf 90' lang='lat' dir='ltr'>vel</span> <span class='ocrx_word' id='word_1_62' title='bbox 1866 475 1953 519; x_wconf 83' lang='lat' dir='ltr'>ipsas</span> 
     </span>
     <span class='ocr_line' id='line_1_7' title="bbox 422 527 1953 569; baseline 0.002 -10"><span class='ocrx_word' id='word_1_63' title='bbox 422 527 559 569; x_wconf 78' lang='lat' dir='ltr'>got-iana</span> <span class='ocrx_word' id='word_1_64' title='bbox 584 527 815 561; x_wconf 88' lang='lat' dir='ltr'>constitutione</span> <span class='ocrx_word' id='word_1_65' title='bbox 842 528 1001 561; x_wconf 87' lang='lat' dir='ltr'>sancitum</span> <span class='ocrx_word' id='word_1_66' title='bbox 1028 533 1093 568; x_wconf 91' lang='lat' dir='ltr'>est,</span> <span class='ocrx_word' id='word_1_67' title='bbox 1120 538 1167 560; x_wconf 89' lang='lat' dir='ltr'>vc·</span> <span class='ocrx_word' id='word_1_68' title='bbox 1209 533 1356 561; x_wconf 75' lang='lat' dir='ltr'>monetas</span> <span class='ocrx_word' id='word_1_69' title='bbox 1383 529 1551 569; x_wconf 85' lang='lat' dir='ltr'>conflatas,</span> <span class='ocrx_word' id='word_1_70' title='bbox 1587 528 1784 562; x_wconf 76' lang='lat' dir='ltr'>adulteratas</span> <span class='ocrx_word' id='word_1_71' title='bbox 1815 534 1869 561; x_wconf 86' lang='lat' dir='ltr'>aut</span> <span class='ocrx_word' id='word_1_72' title='bbox 1903 530 1953 562; x_wconf 90' lang='lat' dir='ltr'>de-</span> 
     </span>
     <span class='ocr_line' id='line_1_8' title="bbox 422 580 1949 624; baseline 0.002 -12"><span class='ocrx_word' id='word_1_73' title='bbox 422 591 493 612; x_wconf 85' lang='lat' dir='ltr'>rum</span> <span class='ocrx_word' id='word_1_74' title='bbox 520 580 616 613; x_wconf 89' lang='lat' dir='ltr'>etiam</span> <span class='ocrx_word' id='word_1_75' title='bbox 643 591 709 619; x_wconf 52' lang='lat' dir='ltr'>eos</span> <span class='ocrx_word' id='word_1_76' title='bbox 736 581 803 624; x_wconf 83' lang='lat' dir='ltr'>qui,</span> <span class='ocrx_word' id='word_1_77' title='bbox 823 586 946 614; x_wconf 78' lang='lat' dir='ltr'>stantes</span> <span class='ocrx_word' id='word_1_78' title='bbox 973 581 1004 613; x_wconf 91' lang='lat' dir='ltr'>in</span> <span class='ocrx_word' id='word_1_79' title='bbox 1032 581 1166 614; x_wconf 77' lang='lat' dir='ltr'>ecclesia</span> <span class='ocrx_word' id='word_1_80' title='bbox 1211 586 1320 614; x_wconf 88' lang='lat' dir='ltr'>tonsas</span> <span class='ocrx_word' id='word_1_81' title='bbox 1358 581 1499 615; x_wconf 82' lang='lat' dir='ltr'>scienter</span> <span class='ocrx_word' id='word_1_82' title='bbox 1531 581 1574 614; x_wconf 89' lang='lat' dir='ltr'>ita</span> <span class='ocrx_word' id='word_1_83' title='bbox 1600 582 1784 624; x_wconf 80' lang='lat' dir='ltr'>expendere</span> <span class='ocrx_word' id='word_1_84' title='bbox 1810 588 1842 615; x_wconf 88' lang='lat' dir='ltr'>et</span> <span class='ocrx_word' id='word_1_85' title='bbox 1873 593 1949 615; x_wconf 90' lang='lat' dir='ltr'>ero-</span> 
     </span>
     <span class='ocr_line' id='line_1_9' title="bbox 421 634 1951 686; baseline 0.001 -20"><span class='ocrx_word' id='word_1_86' title='bbox 421 635 470 667; x_wconf 83' lang='lat' dir='ltr'>vel</span> <span class='ocrx_word' id='word_1_87' title='bbox 489 634 698 674; x_wconf 84' lang='lat' dir='ltr'>coemeterio,</span> <span class='ocrx_word' id='word_1_88' title='bbox 720 634 918 667; x_wconf 77' lang='lat' dir='ltr'>interficiunt</span> <span class='ocrx_word' id='word_1_89' title='bbox 935 640 1056 667; x_wconf 85' lang='lat' dir='ltr'>slantes</span> <span class='ocrx_word' id='word_1_90' title='bbox 1077 640 1166 668; x_wconf 79' lang='lat' dir='ltr'>extra</span> <span class='ocrx_word' id='word_1_91' title='bbox 1186 635 1187 686; x_wconf 33' lang='grc' dir='ltr'>ᾗ</span> <span class='ocrx_word' id='word_1_92' title='bbox 1210 644 1286 677; x_wconf 79' lang='lat' dir='ltr'>gare</span> <span class='ocrx_word' id='word_1_93' title='bbox 1320 640 1565 677; x_wconf 79' lang='lat' dir='ltr'>praesumentes</span> <span class='ocrx_word' id='word_1_94' title='bbox 1603 639 1638 667; x_wconf 89' lang='lat' dir='ltr'>ut</span> <span class='ocrx_word' id='word_1_95' title='bbox 1671 634 1794 668; x_wconf 77' lang='lat' dir='ltr'>fraudis</span> <span class='ocrx_word' id='word_1_96' title='bbox 1831 634 1951 668; x_wconf 85' lang='lat' dir='ltr'>conscii</span> 
     </span>
     <span class='ocr_line' id='line_1_10' title="bbox 422 686 1950 746; baseline 0.002 -27"><span class='ocrx_word' id='word_1_97' title='bbox 422 686 590 720; x_wconf 85' lang='lat' dir='ltr'>ecclesiam</span> <span class='ocrx_word' id='word_1_98' title='bbox 624 688 673 720; x_wconf 92' lang='lat' dir='ltr'>vel</span> <span class='ocrx_word' id='word_1_99' title='bbox 711 688 953 728; x_wconf 79' lang='lat' dir='ltr'>coemeterium,</span> <span class='ocrx_word' id='word_1_100' title='bbox 996 694 1050 721; x_wconf 89' lang='lat' dir='ltr'>aut</span> <span class='ocrx_word' id='word_1_101' title='bbox 1085 688 1165 732; x_wconf 89' lang='lat' dir='ltr'>ipsis</span> <span class='ocrx_word' id='word_1_102' title='bbox 1186 687 1187 746; x_wconf 49' lang='lat' dir='ltr'>l</span> <span class='ocrx_word' id='word_1_103' title='bbox 1210 692 1307 730; x_wconf 86' lang='lat' dir='ltr'>atquc</span> <span class='ocrx_word' id='word_1_104' title='bbox 1332 687 1510 730; x_wconf 82' lang='lat' dir='ltr'>participes</span> <span class='ocrx_word' id='word_1_105' title='bbox 1542 686 1670 720; x_wconf 86' lang='lat' dir='ltr'>censeri</span> <span class='ocrx_word' id='word_1_106' title='bbox 1703 687 1849 731; x_wconf 79' lang='lat' dir='ltr'>possint3</span> <span class='ocrx_word' id='word_1_107' title='bbox 1875 687 1950 721; x_wconf 91' lang='lat' dir='ltr'>illos</span> 
     </span>
    </p>

    <p class='ocr_par' dir='ltr' id='par_1_2' title="bbox 420 739 1951 784">
     <span class='ocr_line' id='line_1_11' title="bbox 420 739 1951 784; baseline 0.001 -12"><span class='ocrx_word' id='word_1_108' title='bbox 420 741 604 773; x_wconf 84' lang='lat' dir='ltr'>membrum</span> <span class='ocrx_word' id='word_1_109' title='bbox 642 741 812 781; x_wconf 86' lang='lat' dir='ltr'>mutilant,</span> <span class='ocrx_word' id='word_1_110' title='bbox 840 752 967 774; x_wconf 82' lang='lat' dir='ltr'>necnon</span> <span class='ocrx_word' id='word_1_111' title='bbox 994 752 1065 782; x_wconf 90' lang='lat' dir='ltr'>eos,</span> <span class='ocrx_word' id='word_1_112' title='bbox 1092 740 1165 784; x_wconf 81' lang='lat' dir='ltr'>qui,</span> <span class='ocrx_word' id='word_1_113' title='bbox 1186 750 1187 780; x_wconf 63' lang='lat' dir='ltr'>l</span> <span class='ocrx_word' id='word_1_114' title='bbox 1210 740 1353 779; x_wconf 89' lang='lat' dir='ltr'>demum,</span> <span class='ocrx_word' id='word_1_115' title='bbox 1381 739 1434 782; x_wconf 88' lang='lat' dir='ltr'>qui</span> <span class='ocrx_word' id='word_1_116' title='bbox 1472 739 1530 772; x_wconf 88' lang='lat' dir='ltr'>sub</span> <span class='ocrx_word' id='word_1_117' title='bbox 1563 739 1695 773; x_wconf 88' lang='lat' dir='ltr'>nomine</span> <span class='ocrx_word' id='word_1_118' title='bbox 1732 739 1840 773; x_wconf 87' lang='lat' dir='ltr'>curiae</span> <span class='ocrx_word' id='word_1_119' title='bbox 1877 749 1951 774; x_wconf 85' lang='lat' dir='ltr'>sese</span> 
     </span>
    </p>

    <p class='ocr_par' dir='ltr' id='par_1_3' title="bbox 420 786 1951 827">
     <span class='ocr_line' id='line_1_12' title="bbox 420 786 1951 827; baseline 0 -1"><span class='ocrx_word' id='word_1_120' title='bbox 420 798 542 826; x_wconf 83' lang='lat' dir='ltr'>stantes</span> <span class='ocrx_word' id='word_1_121' title='bbox 581 799 669 826; x_wconf 78' lang='lat' dir='ltr'>extra</span> <span class='ocrx_word' id='word_1_122' title='bbox 700 794 874 827; x_wconf 86' lang='lat' dir='ltr'>ecclesiam</span> <span class='ocrx_word' id='word_1_123' title='bbox 912 800 966 827; x_wconf 87' lang='lat' dir='ltr'>aut</span> <span class='ocrx_word' id='word_1_124' title='bbox 1003 786 1187 827; x_wconf 47' lang='lat' dir='ltr'>coemetest</span> <span class='ocrx_word' id='word_1_125' title='bbox 1210 791 1423 825; x_wconf 89' lang='lat' dir='ltr'>introducunt</span> <span class='ocrx_word' id='word_1_126' title='bbox 1446 791 1481 824; x_wconf 90' lang='lat' dir='ltr'>in</span> <span class='ocrx_word' id='word_1_127' title='bbox 1506 792 1584 825; x_wconf 89' lang='lat' dir='ltr'>alias</span> <span class='ocrx_word' id='word_1_128' title='bbox 1621 792 1733 825; x_wconf 90' lang='lat' dir='ltr'>domos</span> <span class='ocrx_word' id='word_1_129' title='bbox 1760 792 1865 826; x_wconf 85' lang='lat' dir='ltr'>animo</span> <span class='ocrx_word' id='word_1_130' title='bbox 1891 793 1951 826; x_wconf 83' lang='lat' dir='ltr'>ibi-</span> 
     </span>
    </p>
   </div>
   <div class='ocr_carea' id='block_1_2' title="bbox 420 837 1951 888">
    <p class='ocr_par' dir='ltr' id='par_1_4' title="bbox 420 837 1951 888">
     <span class='ocr_line' id='line_1_13' title="bbox 420 837 1951 888; baseline -0.001 -9"><span class='ocrx_word' id='word_1_131' title='bbox 420 847 521 886; x_wconf 92' lang='lat' dir='ltr'>rium,</span> <span class='ocrx_word' id='word_1_132' title='bbox 549 847 702 880; x_wconf 86' lang='lat' dir='ltr'>occidunt</span> <span class='ocrx_word' id='word_1_133' title='bbox 728 852 849 880; x_wconf 85' lang='lat' dir='ltr'>stantes</span> <span class='ocrx_word' id='word_1_134' title='bbox 882 848 965 880; x_wconf 91' lang='lat' dir='ltr'>intra</span> <span class='ocrx_word' id='word_1_135' title='bbox 993 846 1165 880; x_wconf 83' lang='lat' dir='ltr'>ecclesiam</span> <span class='ocrx_word' id='word_1_136' title='bbox 1185 837 1187 861; x_wconf 73' lang='lat'>¹</span> <span class='ocrx_word' id='word_1_137' title='bbox 1210 845 1282 877; x_wconf 85' lang='lat' dir='ltr'>dem</span> <span class='ocrx_word' id='word_1_138' title='bbox 1307 844 1519 887; x_wconf 83' lang='lat' dir='ltr'>perpetrandi</span> <span class='ocrx_word' id='word_1_139' title='bbox 1540 843 1678 887; x_wconf 77' lang='lat' dir='ltr'>rapinaS,</span> <span class='ocrx_word' id='word_1_140' title='bbox 1698 854 1817 888; x_wconf 85' lang='lat' dir='ltr'>easque</span> <span class='ocrx_word' id='word_1_141' title='bbox 1843 845 1951 888; x_wconf 69' lang='lat' dir='ltr'>reipsa</span> 
     </span>
    </p>
   </div>
   <div class='ocr_carea' id='block_1_3' title="bbox 1960 212 2142 243">
    <p class='ocr_par' dir='ltr' id='par_1_5' title="bbox 1960 212 2142 243">
     <span class='ocr_line' id='line_1_14' title="bbox 1960 212 2142 243; baseline 0.027 -5"><span class='ocrx_word' id='word_1_142' title='bbox 1960 213 2008 239; x_wconf 80' lang='lat' dir='ltr'>An.</span> <span class='ocrx_word' id='word_1_143' title='bbox 2027 212 2054 240; x_wconf 91' lang='lat' dir='ltr'>C.</span> <span class='ocrx_word' id='word_1_144' title='bbox 2077 214 2142 243; x_wconf 74' lang='lat'>1725</span> 
     </span>
    </p>
   </div>
   <div class='ocr_carea' id='block_1_4' title="bbox 420 888 1187 940">
    <p class='ocr_par' dir='ltr' id='par_1_6' title="bbox 420 888 1187 940">
     <span class='ocr_line' id='line_1_15' title="bbox 420 888 1187 940; baseline 0 -8"><span class='ocrx_word' id='word_1_145' title='bbox 420 900 469 933; x_wconf 90' lang='lat' dir='ltr'>vel</span> <span class='ocrx_word' id='word_1_146' title='bbox 494 901 740 940; x_wconf 85' lang='lat' dir='ltr'>coemeterium,</span> <span class='ocrx_word' id='word_1_147' title='bbox 761 905 815 933; x_wconf 90' lang='lat' dir='ltr'>aut</span> <span class='ocrx_word' id='word_1_148' title='bbox 836 900 873 933; x_wconf 92' lang='lat' dir='ltr'>iis</span> <span class='ocrx_word' id='word_1_149' title='bbox 892 900 1071 933; x_wconf 83' lang='lat' dir='ltr'>membrum</span> <span class='ocrx_word' id='word_1_150' title='bbox 1098 911 1166 932; x_wconf 90' lang='lat' dir='ltr'>mu-</span> <span class='ocrx_word' id='word_1_151' title='bbox 1185 888 1187 932; x_wconf 68' lang='lat' dir='ltr'>l</span> 
     </span>
    </p>
   </div>
   <div class='ocr_carea' id='block_1_5' title="bbox 419 946 1187 2648">
    <p class='ocr_par' dir='ltr' id='par_1_7' title="bbox 419 946 1187 2648">
     <span class='ocr_line' id='line_1_16' title="bbox 419 946 1187 997; baseline 0 -12"><span class='ocrx_word' id='word_1_152' title='bbox 419 953 525 993; x_wconf 78' lang='lat' dir='ltr'>tilam,</span> <span class='ocrx_word' id='word_1_153' title='bbox 553 964 588 986; x_wconf 86' lang='lat' dir='ltr'>ac</span> <span class='ocrx_word' id='word_1_154' title='bbox 621 964 678 986; x_wconf 88' lang='lat' dir='ltr'>eos</span> <span class='ocrx_word' id='word_1_155' title='bbox 706 953 835 986; x_wconf 87' lang='lat' dir='ltr'>tandem</span> <span class='ocrx_word' id='word_1_156' title='bbox 870 953 924 997; x_wconf 92' lang='lat' dir='ltr'>qui</span> <span class='ocrx_word' id='word_1_157' title='bbox 950 946 1187 996; x_wconf 76' lang='lat' dir='ltr'>confugienti-3</span> 
     </span>
     <span class='ocr_line' id='line_1_17' title="bbox 419 1006 1187 1052; baseline 0 -12"><span class='ocrx_word' id='word_1_158' title='bbox 419 1007 478 1040; x_wconf 86' lang='lat' dir='ltr'>bus</span> <span class='ocrx_word' id='word_1_159' title='bbox 505 1006 566 1039; x_wconf 84' lang='lat' dir='ltr'>vim</span> <span class='ocrx_word' id='word_1_160' title='bbox 591 1006 746 1047; x_wconf 88' lang='lat' dir='ltr'>inserunt,</span> <span class='ocrx_word' id='word_1_161' title='bbox 772 1012 868 1050; x_wconf 88' lang='lat' dir='ltr'>atque</span> <span class='ocrx_word' id='word_1_162' title='bbox 894 1006 984 1050; x_wconf 86' lang='lat' dir='ltr'>ipsos</span> <span class='ocrx_word' id='word_1_163' title='bbox 1002 1007 1040 1039; x_wconf 89' lang='lat' dir='ltr'>ab</span> <span class='ocrx_word' id='word_1_164' title='bbox 1062 1008 1187 1052; x_wconf 70' lang='lat' dir='ltr'>eccle-j</span> 
     </span>
     <span class='ocr_line' id='line_1_18' title="bbox 421 1059 1187 1099; baseline 0.001 -8"><span class='ocrx_word' id='word_1_165' title='bbox 421 1059 467 1092; x_wconf 74' lang='lat' dir='ltr'>sia</span> <span class='ocrx_word' id='word_1_166' title='bbox 493 1060 597 1093; x_wconf 82' lang='lat' dir='ltr'>aliove</span> <span class='ocrx_word' id='word_1_167' title='bbox 622 1061 693 1093; x_wconf 90' lang='lat' dir='ltr'>loco</span> <span class='ocrx_word' id='word_1_168' title='bbox 719 1059 856 1092; x_wconf 86' lang='lat' dir='ltr'>immuni</span> <span class='ocrx_word' id='word_1_169' title='bbox 875 1060 1036 1093; x_wconf 88' lang='lat' dir='ltr'>violenter</span> <span class='ocrx_word' id='word_1_170' title='bbox 1062 1065 1187 1099; x_wconf 66' lang='lat' dir='ltr'>extra-‚</span> 
     </span>
     <span class='ocr_line' id='line_1_19' title="bbox 421 1113 1187 1157; baseline 0.001 -12"><span class='ocrx_word' id='word_1_171' title='bbox 421 1114 502 1146; x_wconf 89' lang='lat' dir='ltr'>hunt</span> <span class='ocrx_word' id='word_1_172' title='bbox 519 1119 549 1146; x_wconf 89' lang='lat' dir='ltr'>et</span> <span class='ocrx_word' id='word_1_173' title='bbox 563 1113 739 1146; x_wconf 84' lang='lat' dir='ltr'>abducunt:</span> <span class='ocrx_word' id='word_1_174' title='bbox 760 1113 961 1146; x_wconf 79' lang='lat' dir='ltr'>declarantes</span> <span class='ocrx_word' id='word_1_175' title='bbox 978 1114 1010 1146; x_wconf 90' lang='lat' dir='ltr'>in</span> <span class='ocrx_word' id='word_1_176' title='bbox 1026 1119 1166 1157; x_wconf 86' lang='lat' dir='ltr'>quatuor</span> <span class='ocrx_word' id='word_1_177' title='bbox 1185 1116 1187 1123; x_wconf 90' lang='grc'><strong>’</strong></span> 
     </span>
     <span class='ocr_line' id='line_1_20' title="bbox 421 1159 1187 1211; baseline -0.001 -11"><span class='ocrx_word' id='word_1_178' title='bbox 421 1167 608 1211; x_wconf 80' lang='lat' dir='ltr'>praemissis</span> <span class='ocrx_word' id='word_1_179' title='bbox 634 1167 763 1200; x_wconf 84' lang='lat' dir='ltr'>casibus</span> <span class='ocrx_word' id='word_1_180' title='bbox 795 1167 956 1201; x_wconf 84' lang='lat' dir='ltr'>eiusmodi</span> <span class='ocrx_word' id='word_1_181' title='bbox 992 1178 1065 1201; x_wconf 87' lang='lat' dir='ltr'>reos</span> <span class='ocrx_word' id='word_1_182' title='bbox 1098 1159 1187 1201; x_wconf 33' lang='lat' dir='ltr'>non*</span> 
     </span>
     <span class='ocr_line' id='line_1_21' title="bbox 422 1220 1187 1263; baseline 0.001 -11"><span class='ocrx_word' id='word_1_183' title='bbox 422 1220 506 1253; x_wconf 87' lang='lat' dir='ltr'>illius</span> <span class='ocrx_word' id='word_1_184' title='bbox 526 1225 649 1253; x_wconf 81' lang='lat' dir='ltr'>tantum</span> <span class='ocrx_word' id='word_1_185' title='bbox 669 1220 844 1260; x_wconf 86' lang='lat' dir='ltr'>ecclesiae,</span> <span class='ocrx_word' id='word_1_186' title='bbox 864 1231 961 1263; x_wconf 89' lang='lat' dir='ltr'>quam</span> <span class='ocrx_word' id='word_1_187' title='bbox 987 1220 1164 1261; x_wconf 86' lang='lat' dir='ltr'>violarunt,</span> <span class='ocrx_word' id='word_1_188' title='bbox 1185 1238 1187 1243; x_wconf 50' lang='lat' dir='ltr'>v</span> 
     </span>
     <span class='ocr_line' id='line_1_22' title="bbox 421 1273 1165 1316; baseline 0.001 -11"><span class='ocrx_word' id='word_1_189' title='bbox 421 1274 478 1307; x_wconf 85' lang='lat' dir='ltr'>sed</span> <span class='ocrx_word' id='word_1_190' title='bbox 505 1273 734 1316; x_wconf 85' lang='lat' dir='ltr'>cuiuscumque</span> <span class='ocrx_word' id='word_1_191' title='bbox 770 1274 866 1306; x_wconf 88' lang='lat' dir='ltr'>etiam</span> <span class='ocrx_word' id='word_1_192' title='bbox 899 1273 1031 1306; x_wconf 85' lang='lat' dir='ltr'>alterius</span> <span class='ocrx_word' id='word_1_193' title='bbox 1062 1275 1165 1307; x_wconf 85' lang='lat' dir='ltr'>ecclc-</span> 
     </span>
     <span class='ocr_line' id='line_1_23' title="bbox 421 1323 1187 1370; baseline 0.001 -11"><span class='ocrx_word' id='word_1_194' title='bbox 421 1327 486 1359; x_wconf 84' lang='lat' dir='ltr'>siae</span> <span class='ocrx_word' id='word_1_195' title='bbox 529 1326 731 1358; x_wconf 85' lang='lat' dir='ltr'>immunitate</span> <span class='ocrx_word' id='word_1_196' title='bbox 775 1326 919 1369; x_wconf 84' lang='lat' dir='ltr'>gaudere</span> <span class='ocrx_word' id='word_1_197' title='bbox 959 1323 1187 1370; x_wconf 74' lang='lat' dir='ltr'>nequaquam³</span> 
     </span>
     <span class='ocr_line' id='line_1_24' title="bbox 420 1378 1164 1422; baseline 0.001 -11"><span class='ocrx_word' id='word_1_198' title='bbox 420 1389 516 1422; x_wconf 79' lang='lat' dir='ltr'>posse</span> <span class='ocrx_word' id='word_1_199' title='bbox 542 1384 596 1411; x_wconf 87' lang='lat' dir='ltr'>aut</span> <span class='ocrx_word' id='word_1_200' title='bbox 623 1379 755 1411; x_wconf 85' lang='lat' dir='ltr'>debere.</span> <span class='ocrx_word' id='word_1_201' title='bbox 783 1378 831 1410; x_wconf 79' lang='lat' dir='ltr'>Ad</span> <span class='ocrx_word' id='word_1_202' title='bbox 859 1379 940 1411; x_wconf 87' lang='lat' dir='ltr'>baec</span> <span class='ocrx_word' id='word_1_203' title='bbox 965 1378 998 1411; x_wconf 90' lang='lat' dir='ltr'>in</span> <span class='ocrx_word' id='word_1_204' title='bbox 1029 1379 1164 1412; x_wconf 88' lang='lat' dir='ltr'>crimine</span> 
     </span>
     <span class='ocr_line' id='line_1_25' title="bbox 421 1431 1187 1476; baseline 0 -11"><span class='ocrx_word' id='word_1_205' title='bbox 421 1431 585 1465; x_wconf 69' lang='lat' dir='ltr'>assassinii</span> <span class='ocrx_word' id='word_1_206' title='bbox 604 1442 668 1465; x_wconf 88' lang='lat' dir='ltr'>non</span> <span class='ocrx_word' id='word_1_207' title='bbox 688 1432 786 1465; x_wconf 88' lang='lat' dir='ltr'>modo</span> <span class='ocrx_word' id='word_1_208' title='bbox 805 1432 1038 1473; x_wconf 81' lang='lat' dir='ltr'>mandatarios,</span> <span class='ocrx_word' id='word_1_209' title='bbox 1060 1432 1114 1476; x_wconf 89' lang='lat' dir='ltr'>qni</span> <span class='ocrx_word' id='word_1_210' title='bbox 1133 1432 1164 1465; x_wconf 93' lang='lat' dir='ltr'>in</span> <span class='ocrx_word' id='word_1_211' title='bbox 1185 1442 1187 1447; x_wconf 81' lang='grc'><strong>’</strong></span> 
     </span>
     <span class='ocr_line' id='line_1_26' title="bbox 421 1485 1165 1529; baseline 0.001 -11"><span class='ocrx_word' id='word_1_212' title='bbox 421 1487 559 1529; x_wconf 78' lang='lat' dir='ltr'>ipsamet</span> <span class='ocrx_word' id='word_1_213' title='bbox 591 1485 789 1528; x_wconf 75' lang='lat' dir='ltr'>Gregoriana</span> <span class='ocrx_word' id='word_1_214' title='bbox 815 1485 1045 1519; x_wconf 81' lang='lat' dir='ltr'>constitutione</span> <span class='ocrx_word' id='word_1_215' title='bbox 1071 1497 1165 1529; x_wconf 88' lang='lat' dir='ltr'>aper-</span> 
     </span>
     <span class='ocr_line' id='line_1_27' title="bbox 423 1539 1163 1582; baseline 0 -10"><span class='ocrx_word' id='word_1_216' title='bbox 423 1545 452 1573; x_wconf 86' lang='lat' dir='ltr'>te</span> <span class='ocrx_word' id='word_1_217' title='bbox 485 1539 712 1582; x_wconf 85' lang='lat' dir='ltr'>excipiuntur,</span> <span class='ocrx_word' id='word_1_218' title='bbox 742 1540 798 1572; x_wconf 86' lang='lat' dir='ltr'>sed</span> <span class='ocrx_word' id='word_1_219' title='bbox 834 1540 930 1572; x_wconf 87' lang='lat' dir='ltr'>etiam</span> <span class='ocrx_word' id='word_1_220' title='bbox 956 1540 1163 1580; x_wconf 83' lang='lat' dir='ltr'>mandantes,</span> 
     </span>
     <span class='ocr_line' id='line_1_28' title="bbox 422 1592 1164 1637; baseline 0.003 -13"><span class='ocrx_word' id='word_1_221' title='bbox 422 1593 475 1637; x_wconf 87' lang='lat' dir='ltr'>qui</span> <span class='ocrx_word' id='word_1_222' title='bbox 510 1598 631 1625; x_wconf 87' lang='lat' dir='ltr'>certum</span> <span class='ocrx_word' id='word_1_223' title='bbox 666 1592 845 1635; x_wconf 87' lang='lat' dir='ltr'>praemium</span> <span class='ocrx_word' id='word_1_224' title='bbox 883 1598 938 1625; x_wconf 88' lang='lat' dir='ltr'>aut</span> <span class='ocrx_word' id='word_1_225' title='bbox 977 1593 1164 1626; x_wconf 82' lang='lat' dir='ltr'>mercedem</span> 
     </span>
     <span class='ocr_line' id='line_1_29' title="bbox 423 1637 1186 1689; baseline 0.001 -10"><span class='ocrx_word' id='word_1_226' title='bbox 423 1646 490 1679; x_wconf 83' lang='lat' dir='ltr'>sive</span> <span class='ocrx_word' id='word_1_227' title='bbox 516 1646 547 1679; x_wconf 89' lang='lat' dir='ltr'>in</span> <span class='ocrx_word' id='word_1_228' title='bbox 574 1646 713 1689; x_wconf 75' lang='lat' dir='ltr'>pecunia</span> <span class='ocrx_word' id='word_1_229' title='bbox 737 1645 800 1679; x_wconf 84' lang='lat' dir='ltr'>sive</span> <span class='ocrx_word' id='word_1_230' title='bbox 827 1646 859 1679; x_wconf 95' lang='lat' dir='ltr'>in</span> <span class='ocrx_word' id='word_1_231' title='bbox 886 1646 956 1679; x_wconf 84' lang='lat' dir='ltr'>aliis</span> <span class='ocrx_word' id='word_1_232' title='bbox 982 1647 1079 1679; x_wconf 88' lang='lat' dir='ltr'>rebus</span> <span class='ocrx_word' id='word_1_233' title='bbox 1106 1637 1186 1680; x_wconf 44' lang='lat' dir='ltr'>tra-¹</span> 
     </span>
     <span class='ocr_line' id='line_1_30' title="bbox 423 1699 1164 1743; baseline 0.003 -11"><span class='ocrx_word' id='word_1_234' title='bbox 423 1699 565 1733; x_wconf 84' lang='lat' dir='ltr'>diderint</span> <span class='ocrx_word' id='word_1_235' title='bbox 591 1705 643 1732; x_wconf 88' lang='lat' dir='ltr'>aut</span> <span class='ocrx_word' id='word_1_236' title='bbox 668 1699 895 1742; x_wconf 82' lang='lat' dir='ltr'>promiserint,</span> <span class='ocrx_word' id='word_1_237' title='bbox 921 1700 1065 1743; x_wconf 85' lang='lat' dir='ltr'>quamvis</span> <span class='ocrx_word' id='word_1_238' title='bbox 1092 1711 1164 1743; x_wconf 88' lang='lat' dir='ltr'>pro-</span> 
     </span>
     <span class='ocr_line' id='line_1_31' title="bbox 421 1752 1164 1793; baseline 0.003 -8"><span class='ocrx_word' id='word_1_239' title='bbox 421 1753 535 1786; x_wconf 85' lang='lat' dir='ltr'>missio</span> <span class='ocrx_word' id='word_1_240' title='bbox 562 1753 685 1785; x_wconf 89' lang='lat' dir='ltr'>nullum</span> <span class='ocrx_word' id='word_1_241' title='bbox 713 1753 866 1786; x_wconf 85' lang='lat' dir='ltr'>habuerit</span> <span class='ocrx_word' id='word_1_242' title='bbox 891 1752 1049 1793; x_wconf 75' lang='lat' dir='ltr'>effectum,</span> <span class='ocrx_word' id='word_1_243' title='bbox 1078 1754 1164 1787; x_wconf 86' lang='lat' dir='ltr'>dum·</span> 
     </span>
     <span class='ocr_line' id='line_1_32' title="bbox 421 1806 1164 1850; baseline 0.001 -11"><span class='ocrx_word' id='word_1_244' title='bbox 421 1807 518 1839; x_wconf 91' lang='lat' dir='ltr'>modo</span> <span class='ocrx_word' id='word_1_245' title='bbox 560 1806 767 1839; x_wconf 82' lang='lat' dir='ltr'>assassinium</span> <span class='ocrx_word' id='word_1_246' title='bbox 813 1817 845 1839; x_wconf 90' lang='lat' dir='ltr'>re</span> <span class='ocrx_word' id='word_1_247' title='bbox 895 1807 964 1850; x_wconf 77' lang='lat' dir='ltr'>ipsa</span> <span class='ocrx_word' id='word_1_248' title='bbox 1004 1813 1164 1850; x_wconf 85' lang='lat' dir='ltr'>patratum</span> 
     </span>
     <span class='ocr_line' id='line_1_33' title="bbox 422 1859 1164 1899; baseline 0.003 -8"><span class='ocrx_word' id='word_1_249' title='bbox 422 1859 534 1899; x_wconf 84' lang='lat' dir='ltr'>suerit,</span> <span class='ocrx_word' id='word_1_250' title='bbox 557 1859 595 1892; x_wconf 84' lang='lat' dir='ltr'>ab</span> <span class='ocrx_word' id='word_1_251' title='bbox 615 1859 856 1893; x_wconf 82' lang='lat' dir='ltr'>ecclesiasticae</span> <span class='ocrx_word' id='word_1_252' title='bbox 877 1860 1088 1893; x_wconf 83' lang='lat' dir='ltr'>immunitatis</span> <span class='ocrx_word' id='word_1_253' title='bbox 1109 1861 1164 1893; x_wconf 80' lang='lat' dir='ltr'>be-</span> 
     </span>
     <span class='ocr_line' id='line_1_34' title="bbox 421 1912 1165 1957; baseline 0 -11"><span class='ocrx_word' id='word_1_254' title='bbox 421 1912 539 1946; x_wconf 82' lang='lat' dir='ltr'>neficio</span> <span class='ocrx_word' id='word_1_255' title='bbox 567 1913 778 1953; x_wconf 75' lang='lat' dir='ltr'>exclmlimus,</span> <span class='ocrx_word' id='word_1_256' title='bbox 805 1925 839 1946; x_wconf 71' lang='lat' dir='ltr'>ac</span> <span class='ocrx_word' id='word_1_257' title='bbox 861 1924 919 1957; x_wconf 87' lang='lat' dir='ltr'>pro</span> <span class='ocrx_word' id='word_1_258' title='bbox 939 1914 1076 1947; x_wconf 77' lang='lat' dir='ltr'>exclusis</span> <span class='ocrx_word' id='word_1_259' title='bbox 1094 1924 1165 1957; x_wconf 72' lang='lat' dir='ltr'>per-</span> 
     </span>
     <span class='ocr_line' id='line_1_35' title="bbox 421 1966 1161 2010; baseline 0.001 -11"><span class='ocrx_word' id='word_1_260' title='bbox 421 1972 520 2010; x_wconf 90' lang='lat' dir='ltr'>petuo</span> <span class='ocrx_word' id='word_1_261' title='bbox 558 1966 670 1999; x_wconf 86' lang='lat' dir='ltr'>baberi</span> <span class='ocrx_word' id='word_1_262' title='bbox 704 1967 851 1999; x_wconf 80' lang='lat' dir='ltr'>volumus</span> <span class='ocrx_word' id='word_1_263' title='bbox 886 1974 916 2000; x_wconf 88' lang='lat' dir='ltr'>et</span> <span class='ocrx_word' id='word_1_264' title='bbox 956 1967 1161 2001; x_wconf 82' lang='lat' dir='ltr'>mandamus.</span> 
     </span>
     <span class='ocr_line' id='line_1_36' title="bbox 420 2021 1163 2065; baseline 0.004 -12"><span class='ocrx_word' id='word_1_265' title='bbox 420 2021 629 2054; x_wconf 81' lang='lat' dir='ltr'>Excludimus</span> <span class='ocrx_word' id='word_1_266' title='bbox 669 2022 809 2063; x_wconf 77' lang='lat' dir='ltr'>pariter,</span> <span class='ocrx_word' id='word_1_267' title='bbox 841 2022 1032 2065; x_wconf 76' lang='lat' dir='ltr'>repellimus</span> <span class='ocrx_word' id='word_1_268' title='bbox 1067 2028 1163 2065; x_wconf 84' lang='lat' dir='ltr'>atquc</span> 
     </span>
     <span class='ocr_line' id='line_1_37' title="bbox 420 2075 1165 2119; baseline 0.004 -13"><span class='ocrx_word' id='word_1_269' title='bbox 420 2075 583 2118; x_wconf 81' lang='lat' dir='ltr'>privamus</span> <span class='ocrx_word' id='word_1_270' title='bbox 610 2075 756 2108; x_wconf 71' lang='lat' dir='ltr'>ciusdem</span> <span class='ocrx_word' id='word_1_271' title='bbox 794 2075 1005 2108; x_wconf 87' lang='lat' dir='ltr'>immunitatis</span> <span class='ocrx_word' id='word_1_272' title='bbox 1037 2076 1165 2119; x_wconf 75' lang='lat' dir='ltr'>privile-</span> 
     </span>
     <span class='ocr_line' id='line_1_38' title="bbox 421 2127 1164 2171; baseline 0.001 -10"><span class='ocrx_word' id='word_1_273' title='bbox 421 2129 472 2171; x_wconf 79' lang='lat' dir='ltr'>gio</span> <span class='ocrx_word' id='word_1_274' title='bbox 498 2127 733 2160; x_wconf 76' lang='lat' dir='ltr'>interficientes</span> <span class='ocrx_word' id='word_1_275' title='bbox 752 2128 935 2171; x_wconf 76' lang='lat' dir='ltr'>proximum</span> <span class='ocrx_word' id='word_1_276' title='bbox 949 2139 1041 2161; x_wconf 89' lang='lat' dir='ltr'>suum</span> <span class='ocrx_word' id='word_1_277' title='bbox 1057 2129 1164 2162; x_wconf 84' lang='lat' dir='ltr'>animo</span> 
     </span>
     <span class='ocr_line' id='line_1_39' title="bbox 420 2181 1163 2226; baseline 0.001 -12"><span class='ocrx_word' id='word_1_278' title='bbox 420 2181 657 2226; x_wconf 86' lang='lat' dir='ltr'>praemeditato</span> <span class='ocrx_word' id='word_1_279' title='bbox 677 2192 711 2214; x_wconf 86' lang='lat' dir='ltr'>ac</span> <span class='ocrx_word' id='word_1_280' title='bbox 731 2181 928 2222; x_wconf 85' lang='lat' dir='ltr'>deliberato;</span> <span class='ocrx_word' id='word_1_281' title='bbox 953 2182 1163 2216; x_wconf 81' lang='lat' dir='ltr'>falsificantes</span> 
     </span>
     <span class='ocr_line' id='line_1_40' title="bbox 421 2232 1186 2278; baseline 0.001 -11"><span class='ocrx_word' id='word_1_282' title='bbox 421 2235 545 2268; x_wconf 79' lang='lat' dir='ltr'>litteras</span> <span class='ocrx_word' id='word_1_283' title='bbox 582 2235 801 2278; x_wconf 65' lang='lat' dir='ltr'>apost,0licas;</span> <span class='ocrx_word' id='word_1_284' title='bbox 841 2235 1009 2268; x_wconf 84' lang='lat' dir='ltr'>ministros</span> <span class='ocrx_word' id='word_1_285' title='bbox 1046 2232 1186 2277; x_wconf 65' lang='lat' dir='ltr'>Montis}</span> 
     </span>
     <span class='ocr_line' id='line_1_41' title="bbox 422 2286 1164 2332; baseline 0 -12"><span class='ocrx_word' id='word_1_286' title='bbox 422 2286 561 2328; x_wconf 81' lang='lat' dir='ltr'>Pietatis,</span> <span class='ocrx_word' id='word_1_287' title='bbox 581 2289 628 2321; x_wconf 88' lang='lat' dir='ltr'>vel</span> <span class='ocrx_word' id='word_1_288' title='bbox 655 2288 790 2320; x_wconf 78' lang='lat' dir='ltr'>alterius</span> <span class='ocrx_word' id='word_1_289' title='bbox 817 2288 940 2332; x_wconf 84' lang='lat' dir='ltr'>publici</span> <span class='ocrx_word' id='word_1_290' title='bbox 968 2289 1091 2329; x_wconf 84' lang='lat' dir='ltr'>telonii,</span> <span class='ocrx_word' id='word_1_291' title='bbox 1110 2294 1164 2321; x_wconf 84' lang='lat' dir='ltr'>ant</span> 
     </span>
     <span class='ocr_line' id='line_1_42' title="bbox 421 2340 1163 2386; baseline 0.004 -14"><span class='ocrx_word' id='word_1_292' title='bbox 421 2340 515 2373; x_wconf 84' lang='lat' dir='ltr'>banci</span> <span class='ocrx_word' id='word_1_293' title='bbox 551 2351 609 2383; x_wconf 88' lang='lat' dir='ltr'>pro</span> <span class='ocrx_word' id='word_1_294' title='bbox 642 2341 798 2384; x_wconf 79' lang='lat' dir='ltr'>depositis</span> <span class='ocrx_word' id='word_1_295' title='bbox 831 2341 989 2385; x_wconf 87' lang='lat' dir='ltr'>principis</span> <span class='ocrx_word' id='word_1_296' title='bbox 1024 2342 1163 2386; x_wconf 88' lang='lat' dir='ltr'>privata-</span> 
     </span>
     <span class='ocr_line' id='line_1_43' title="bbox 422 2395 1163 2436; baseline 0.004 -11"><span class='ocrx_word' id='word_1_297' title='bbox 422 2404 558 2436; x_wconf 83' lang='lat' dir='ltr'>rumque</span> <span class='ocrx_word' id='word_1_298' title='bbox 596 2404 808 2436; x_wconf 81' lang='lat' dir='ltr'>personarum</span> <span class='ocrx_word' id='word_1_299' title='bbox 844 2395 1016 2435; x_wconf 86' lang='lat' dir='ltr'>destinati,</span> <span class='ocrx_word' id='word_1_300' title='bbox 1045 2396 1163 2428; x_wconf 85' lang='lat' dir='ltr'>l&#39;urtum</span> 
     </span>
     <span class='ocr_line' id='line_1_44' title="bbox 421 2447 1164 2491; baseline 0.001 -11"><span class='ocrx_word' id='word_1_301' title='bbox 421 2453 477 2480; x_wconf 87' lang='lat' dir='ltr'>aut</span> <span class='ocrx_word' id='word_1_302' title='bbox 502 2447 675 2479; x_wconf 72' lang='lat' dir='ltr'>salsitatem</span> <span class='ocrx_word' id='word_1_303' title='bbox 703 2447 733 2479; x_wconf 92' lang='lat' dir='ltr'>in</span> <span class='ocrx_word' id='word_1_304' title='bbox 765 2449 940 2491; x_wconf 79' lang='lat' dir='ltr'>praedictis</span> <span class='ocrx_word' id='word_1_305' title='bbox 974 2449 1051 2482; x_wconf 83' lang='lat' dir='ltr'>locis</span> <span class='ocrx_word' id='word_1_306' title='bbox 1078 2460 1164 2482; x_wconf 91' lang='lat' dir='ltr'>com-</span> 
     </span>
     <span class='ocr_line' id='line_1_45' title="bbox 422 2500 1164 2544; baseline 0.003 -12"><span class='ocrx_word' id='word_1_307' title='bbox 422 2500 605 2539; x_wconf 80' lang='lat' dir='ltr'>mittentes,</span> <span class='ocrx_word' id='word_1_308' title='bbox 625 2501 715 2533; x_wconf 73' lang='lat' dir='ltr'>cuius</span> <span class='ocrx_word' id='word_1_309' title='bbox 743 2501 864 2533; x_wconf 86' lang='lat' dir='ltr'>ratione</span> <span class='ocrx_word' id='word_1_310' title='bbox 885 2512 957 2534; x_wconf 83' lang='lat' dir='ltr'>arca</span> <span class='ocrx_word' id='word_1_311' title='bbox 976 2502 1164 2544; x_wconf 86' lang='lat' dir='ltr'>pecuniaria</span> 
     </span>
     <span class='ocr_line' id='line_1_46' title="bbox 422 2553 1163 2596; baseline 0.005 -12"><span class='ocrx_word' id='word_1_312' title='bbox 422 2553 465 2584; x_wconf 85' lang='lat' dir='ltr'>ita</span> <span class='ocrx_word' id='word_1_313' title='bbox 492 2553 656 2584; x_wconf 88' lang='lat' dir='ltr'>minuatur</span> <span class='ocrx_word' id='word_1_314' title='bbox 693 2559 727 2586; x_wconf 85' lang='lat' dir='ltr'>nt</span> <span class='ocrx_word' id='word_1_315' title='bbox 751 2564 876 2596; x_wconf 79' lang='lat' dir='ltr'>poenae</span> <span class='ocrx_word' id='word_1_316' title='bbox 909 2555 1094 2588; x_wconf 80' lang='lat' dir='ltr'>ordinariae</span> <span class='ocrx_word' id='word_1_317' title='bbox 1120 2556 1163 2588; x_wconf 93' lang='lat' dir='ltr'>lo-</span> 
     </span>
     <span class='ocr_line' id='line_1_47' title="bbox 423 2604 1161 2648; baseline 0.005 -11"><span class='ocrx_word' id='word_1_318' title='bbox 423 2615 476 2638; x_wconf 82' lang='lat' dir='ltr'>cus</span> <span class='ocrx_word' id='word_1_319' title='bbox 513 2604 574 2647; x_wconf 66' lang='lat' dir='ltr'>sit,</span> <span class='ocrx_word' id='word_1_320' title='bbox 613 2606 811 2648; x_wconf 78' lang='lat' dir='ltr'>conflantes,</span> <span class='ocrx_word' id='word_1_321' title='bbox 850 2607 1070 2642; x_wconf 83' lang='lat' dir='ltr'>adulterantes</span> <span class='ocrx_word' id='word_1_322' title='bbox 1115 2608 1161 2642; x_wconf 89' lang='lat' dir='ltr'>vel</span> 
     </span>
    </p>
   </div>
   <div class='ocr_carea' id='block_1_6' title="bbox 1183 2122 1187 2650">
    <p class='ocr_par' dir='ltr' id='par_1_8' title="bbox 1183 2122 1187 2650">
     <span class='ocr_line' id='line_1_48' title="bbox 1183 2122 1187 2650; baseline 0 0"><span class='ocrx_word' id='word_1_323' title='bbox 1183 2122 1187 2650; x_wconf 95' lang='lat' dir='ltr'> </span> 
     </span>
    </p>
   </div>
   <div class='ocr_carea' id='block_1_7' title="bbox 1209 898 1953 1145">
    <p class='ocr_par' dir='ltr' id='par_1_9' title="bbox 1209 898 1953 1145">
     <span class='ocr_line' id='line_1_49' title="bbox 1209 898 1953 932; baseline 0.003 -2"><span class='ocrx_word' id='word_1_324' title='bbox 1209 898 1416 931; x_wconf 88' lang='lat' dir='ltr'>committunt</span> <span class='ocrx_word' id='word_1_325' title='bbox 1440 908 1510 930; x_wconf 90' lang='lat' dir='ltr'>cum</span> <span class='ocrx_word' id='word_1_326' title='bbox 1537 898 1716 931; x_wconf 89' lang='lat' dir='ltr'>homicidio</span> <span class='ocrx_word' id='word_1_327' title='bbox 1749 903 1804 931; x_wconf 84' lang='lat' dir='ltr'>aut</span> <span class='ocrx_word' id='word_1_328' title='bbox 1829 898 1953 932; x_wconf 80' lang='lat' dir='ltr'>mutila-</span> 
     </span>
     <span class='ocr_line' id='line_1_50' title="bbox 1211 949 1952 984; baseline 0.001 -1"><span class='ocrx_word' id='word_1_329' title='bbox 1211 949 1296 983; x_wconf 82' lang='lat' dir='ltr'>tione</span> <span class='ocrx_word' id='word_1_330' title='bbox 1314 950 1533 983; x_wconf 89' lang='lat' dir='ltr'>membrorum</span> <span class='ocrx_word' id='word_1_331' title='bbox 1553 950 1688 983; x_wconf 86' lang='lat' dir='ltr'>alicuius</span> <span class='ocrx_word' id='word_1_332' title='bbox 1710 962 1747 983; x_wconf 80' lang='lat' dir='ltr'>ex</span> <span class='ocrx_word' id='word_1_333' title='bbox 1768 950 1952 984; x_wconf 82' lang='lat' dir='ltr'>domesticis</span> 
     </span>
     <span class='ocr_line' id='line_1_51' title="bbox 1210 1003 1951 1045; baseline 0.003 -10"><span class='ocrx_word' id='word_1_334' title='bbox 1210 1003 1396 1036; x_wconf 87' lang='lat' dir='ltr'>earumdem</span> <span class='ocrx_word' id='word_1_335' title='bbox 1433 1003 1580 1045; x_wconf 87' lang='lat' dir='ltr'>aedium,</span> <span class='ocrx_word' id='word_1_336' title='bbox 1607 1004 1657 1037; x_wconf 93' lang='lat' dir='ltr'>vel</span> <span class='ocrx_word' id='word_1_337' title='bbox 1683 1004 1779 1036; x_wconf 84' lang='lat' dir='ltr'>etiam</span> <span class='ocrx_word' id='word_1_338' title='bbox 1807 1004 1951 1037; x_wconf 84' lang='lat' dir='ltr'>extranei</span> 
     </span>
     <span class='ocr_line' id='line_1_52' title="bbox 1209 1057 1951 1101; baseline 0.003 -12"><span class='ocrx_word' id='word_1_339' title='bbox 1209 1067 1305 1100; x_wconf 83' lang='lat' dir='ltr'>quem</span> <span class='ocrx_word' id='word_1_340' title='bbox 1332 1057 1374 1089; x_wconf 87' lang='lat' dir='ltr'>ihi</span> <span class='ocrx_word' id='word_1_341' title='bbox 1402 1057 1484 1090; x_wconf 79' lang='lat' dir='ltr'>sorte</span> <span class='ocrx_word' id='word_1_342' title='bbox 1503 1057 1640 1101; x_wconf 85' lang='lat' dir='ltr'>reperiri</span> <span class='ocrx_word' id='word_1_343' title='bbox 1659 1057 1845 1100; x_wconf 83' lang='lat' dir='ltr'>contigerit,</span> <span class='ocrx_word' id='word_1_344' title='bbox 1867 1058 1951 1091; x_wconf 91' lang='lat' dir='ltr'>dum-</span> 
     </span>
     <span class='ocr_line' id='line_1_53' title="bbox 1209 1110 1951 1145; baseline 0.004 -3"><span class='ocrx_word' id='word_1_345' title='bbox 1209 1111 1306 1144; x_wconf 85' lang='lat' dir='ltr'>modo</span> <span class='ocrx_word' id='word_1_346' title='bbox 1332 1110 1544 1144; x_wconf 82' lang='lat' dir='ltr'>homicidium</span> <span class='ocrx_word' id='word_1_347' title='bbox 1572 1111 1620 1144; x_wconf 86' lang='lat' dir='ltr'>vel</span> <span class='ocrx_word' id='word_1_348' title='bbox 1648 1111 1869 1145; x_wconf 82' lang='lat' dir='ltr'>membrortun</span> <span class='ocrx_word' id='word_1_349' title='bbox 1886 1122 1951 1144; x_wconf 87' lang='lat' dir='ltr'>mu-</span> 
     </span>
    </p>
   </div>
   <div class='ocr_carea' id='block_1_8' title="bbox 1185 1165 1505 1208">
    <p class='ocr_par' dir='ltr' id='par_1_10' title="bbox 1185 1165 1505 1208">
     <span class='ocr_line' id='line_1_54' title="bbox 1185 1165 1505 1208; baseline 0 -11"><span class='ocrx_word' id='word_1_350' title='bbox 1185 1172 1187 1182; x_wconf 68' lang='lat'>*</span> <span class='ocrx_word' id='word_1_351' title='bbox 1210 1165 1312 1198; x_wconf 88' lang='lat' dir='ltr'>tilatio</span> <span class='ocrx_word' id='word_1_352' title='bbox 1339 1170 1505 1208; x_wconf 83' lang='lat' dir='ltr'>sequatur.</span> 
     </span>
    </p>
   </div>
   <div class='ocr_carea' id='block_1_9' title="bbox 1206 1218 1952 2651">
    <p class='ocr_par' dir='ltr' id='par_1_11' title="bbox 1206 1218 1952 2651">
     <span class='ocr_line' id='line_1_55' title="bbox 1252 1218 1948 1263; baseline 0.004 -12"><span class='ocrx_word' id='word_1_353' title='bbox 1252 1219 1267 1262; x_wconf 64' lang='grc' dir='ltr'>ξ</span> <span class='ocrx_word' id='word_1_354' title='bbox 1285 1218 1315 1251; x_wconf 77' lang='lat'>5.</span> <span class='ocrx_word' id='word_1_355' title='bbox 1336 1218 1496 1259; x_wconf 87' lang='lat' dir='ltr'>Ceterum,</span> <span class='ocrx_word' id='word_1_356' title='bbox 1516 1229 1587 1251; x_wconf 92' lang='lat' dir='ltr'>cum</span> <span class='ocrx_word' id='word_1_357' title='bbox 1607 1219 1760 1252; x_wconf 73' lang='lat' dir='ltr'>diuturna</span> <span class='ocrx_word' id='word_1_358' title='bbox 1782 1219 1948 1263; x_wconf 54' lang='lat' dir='ltr'>experien-</span> 
     </span>
     <span class='ocr_line' id='line_1_56' title="bbox 1210 1272 1950 1315; baseline 0.005 -11"><span class='ocrx_word' id='word_1_359' title='bbox 1210 1272 1252 1304; x_wconf 76' lang='lat' dir='ltr'>tia</span> <span class='ocrx_word' id='word_1_360' title='bbox 1266 1277 1469 1315; x_wconf 86' lang='lat' dir='ltr'>compertum</span> <span class='ocrx_word' id='word_1_361' title='bbox 1484 1272 1579 1305; x_wconf 86' lang='lat' dir='ltr'>suerit</span> <span class='ocrx_word' id='word_1_362' title='bbox 1592 1273 1698 1305; x_wconf 88' lang='lat' dir='ltr'>curias</span> <span class='ocrx_word' id='word_1_363' title='bbox 1713 1273 1950 1308; x_wconf 86' lang='lat' dir='ltr'>ecclesiasticas</span> 
     </span>
     <span class='ocr_line' id='line_1_57' title="bbox 1209 1325 1951 1369; baseline 0.004 -12"><span class='ocrx_word' id='word_1_364' title='bbox 1209 1325 1241 1358; x_wconf 92' lang='lat' dir='ltr'>in</span> <span class='ocrx_word' id='word_1_365' title='bbox 1267 1325 1406 1365; x_wconf 79' lang='lat' dir='ltr'>casibus,</span> <span class='ocrx_word' id='word_1_366' title='bbox 1429 1325 1482 1369; x_wconf 87' lang='lat' dir='ltr'>qui</span> <span class='ocrx_word' id='word_1_367' title='bbox 1502 1325 1660 1358; x_wconf 85' lang='lat' dir='ltr'>hactenus</span> <span class='ocrx_word' id='word_1_368' title='bbox 1686 1332 1877 1367; x_wconf 87' lang='lat' dir='ltr'>evenerunt,</span> <span class='ocrx_word' id='word_1_369' title='bbox 1896 1327 1951 1361; x_wconf 89' lang='lat' dir='ltr'>dis-</span> 
     </span>
     <span class='ocr_line' id='line_1_58' title="bbox 1209 1377 1952 1422; baseline 0.007 -13"><span class='ocrx_word' id='word_1_370' title='bbox 1209 1377 1366 1411; x_wconf 84' lang='lat' dir='ltr'>licultates</span> <span class='ocrx_word' id='word_1_371' title='bbox 1391 1378 1541 1421; x_wconf 84' lang='lat' dir='ltr'>probare,</span> <span class='ocrx_word' id='word_1_372' title='bbox 1569 1384 1600 1412; x_wconf 87' lang='lat' dir='ltr'>et</span> <span class='ocrx_word' id='word_1_373' title='bbox 1624 1385 1864 1422; x_wconf 86' lang='lat' dir='ltr'>consequenter</span> <span class='ocrx_word' id='word_1_374' title='bbox 1896 1380 1952 1414; x_wconf 90' lang='lat' dir='ltr'>de-</span> 
     </span>
     <span class='ocr_line' id='line_1_59' title="bbox 1208 1432 1951 1478; baseline 0.004 -14"><span class='ocrx_word' id='word_1_375' title='bbox 1208 1433 1334 1464; x_wconf 83' lang='lat' dir='ltr'>clarare</span> <span class='ocrx_word' id='word_1_376' title='bbox 1360 1433 1502 1475; x_wconf 83' lang='lat' dir='ltr'>potuisse</span> <span class='ocrx_word' id='word_1_377' title='bbox 1529 1432 1693 1472; x_wconf 77' lang='lat' dir='ltr'>delictum,</span> <span class='ocrx_word' id='word_1_378' title='bbox 1718 1443 1777 1476; x_wconf 86' lang='lat' dir='ltr'>pro</span> <span class='ocrx_word' id='word_1_379' title='bbox 1796 1444 1860 1477; x_wconf 86' lang='lat' dir='ltr'>quo</span> <span class='ocrx_word' id='word_1_380' title='bbox 1879 1434 1951 1478; x_wconf 88' lang='lat' dir='ltr'>quis</span> 
     </span>
     <span class='ocr_line' id='line_1_60' title="bbox 1209 1485 1950 1529; baseline 0.005 -12"><span class='ocrx_word' id='word_1_381' title='bbox 1209 1485 1247 1517; x_wconf 86' lang='lat' dir='ltr'>ad</span> <span class='ocrx_word' id='word_1_382' title='bbox 1274 1485 1447 1518; x_wconf 86' lang='lat' dir='ltr'>ecclesiam</span> <span class='ocrx_word' id='word_1_383' title='bbox 1485 1486 1698 1529; x_wconf 81' lang='lat' dir='ltr'>confugerat,</span> <span class='ocrx_word' id='word_1_384' title='bbox 1728 1486 1826 1520; x_wconf 84' lang='lat' dir='ltr'>fuisse</span> <span class='ocrx_word' id='word_1_385' title='bbox 1862 1497 1950 1521; x_wconf 86' lang='lat' dir='ltr'>com-</span> 
     </span>
     <span class='ocr_line' id='line_1_61' title="bbox 1209 1539 1952 1585; baseline 0.004 -13"><span class='ocrx_word' id='word_1_386' title='bbox 1209 1539 1410 1583; x_wconf 83' lang='lat' dir='ltr'>prehensum</span> <span class='ocrx_word' id='word_1_387' title='bbox 1430 1540 1463 1572; x_wconf 87' lang='lat' dir='ltr'>in</span> <span class='ocrx_word' id='word_1_388' title='bbox 1482 1550 1619 1573; x_wconf 88' lang='lat' dir='ltr'>numero</span> <span class='ocrx_word' id='word_1_389' title='bbox 1637 1546 1857 1583; x_wconf 79' lang='lat' dir='ltr'>exceptorum,</span> <span class='ocrx_word' id='word_1_390' title='bbox 1876 1552 1952 1585; x_wconf 88' lang='lat' dir='ltr'>pro-</span> 
     </span>
     <span class='ocr_line' id='line_1_62' title="bbox 1209 1593 1950 1638; baseline 0.004 -13"><span class='ocrx_word' id='word_1_391' title='bbox 1209 1598 1280 1636; x_wconf 86' lang='lat' dir='ltr'>pter</span> <span class='ocrx_word' id='word_1_392' title='bbox 1301 1593 1419 1625; x_wconf 89' lang='lat' dir='ltr'>variam</span> <span class='ocrx_word' id='word_1_393' title='bbox 1439 1593 1627 1626; x_wconf 87' lang='lat' dir='ltr'>earumdem</span> <span class='ocrx_word' id='word_1_394' title='bbox 1645 1594 1807 1627; x_wconf 86' lang='lat' dir='ltr'>curiarum</span> <span class='ocrx_word' id='word_1_395' title='bbox 1826 1595 1950 1638; x_wconf 89' lang='lat' dir='ltr'>praxim</span> 
     </span>
     <span class='ocr_line' id='line_1_63' title="bbox 1209 1647 1950 1690; baseline 0.004 -11"><span class='ocrx_word' id='word_1_396' title='bbox 1209 1652 1240 1680; x_wconf 89' lang='lat' dir='ltr'>et</span> <span class='ocrx_word' id='word_1_397' title='bbox 1272 1647 1374 1680; x_wconf 86' lang='lat' dir='ltr'>varias</span> <span class='ocrx_word' id='word_1_398' title='bbox 1406 1647 1529 1689; x_wconf 86' lang='lat' dir='ltr'>pariter</span> <span class='ocrx_word' id='word_1_399' title='bbox 1572 1647 1744 1690; x_wconf 84' lang='lat' dir='ltr'>opiniones</span> <span class='ocrx_word' id='word_1_400' title='bbox 1782 1648 1950 1682; x_wconf 87' lang='lat' dir='ltr'>doctorum</span> 
     </span>
     <span class='ocr_line' id='line_1_64' title="bbox 1209 1700 1950 1744; baseline 0.005 -13"><span class='ocrx_word' id='word_1_401' title='bbox 1209 1700 1262 1743; x_wconf 88' lang='lat' dir='ltr'>qni</span> <span class='ocrx_word' id='word_1_402' title='bbox 1304 1700 1455 1733; x_wconf 86' lang='lat' dir='ltr'>antedicti</span> <span class='ocrx_word' id='word_1_403' title='bbox 1501 1700 1647 1743; x_wconf 75' lang='lat' dir='ltr'>Gregorii</span> <span class='ocrx_word' id='word_1_404' title='bbox 1688 1701 1950 1744; x_wconf 82' lang='lat' dir='ltr'>praedecessoris</span> 
     </span>
     <span class='ocr_line' id='line_1_65' title="bbox 1209 1753 1950 1798; baseline 0.004 -13"><span class='ocrx_word' id='word_1_405' title='bbox 1209 1758 1370 1794; x_wconf 73' lang='lat' dir='ltr'>mentem,</span> <span class='ocrx_word' id='word_1_406' title='bbox 1399 1753 1505 1796; x_wconf 84' lang='lat' dir='ltr'>quoad</span> <span class='ocrx_word' id='word_1_407' title='bbox 1531 1764 1677 1787; x_wconf 85' lang='lat' dir='ltr'>normam</span> <span class='ocrx_word' id='word_1_408' title='bbox 1703 1754 1742 1787; x_wconf 85' lang='lat' dir='ltr'>ab</span> <span class='ocrx_word' id='word_1_409' title='bbox 1766 1754 1836 1798; x_wconf 91' lang='lat' dir='ltr'>ipso</span> <span class='ocrx_word' id='word_1_410' title='bbox 1862 1766 1950 1798; x_wconf 84' lang='lat' dir='ltr'>prae-</span> 
     </span>
     <span class='ocr_line' id='line_1_66' title="bbox 1208 1808 1951 1853; baseline 0.004 -14"><span class='ocrx_word' id='word_1_411' title='bbox 1208 1808 1359 1850; x_wconf 75' lang='lat' dir='ltr'>scriptam</span> <span class='ocrx_word' id='word_1_412' title='bbox 1386 1808 1567 1851; x_wconf 88' lang='lat' dir='ltr'>recipiendi</span> <span class='ocrx_word' id='word_1_413' title='bbox 1594 1808 1805 1851; x_wconf 86' lang='lat' dir='ltr'>probationes</span> <span class='ocrx_word' id='word_1_414' title='bbox 1832 1813 1862 1842; x_wconf 87' lang='lat' dir='ltr'>et</span> <span class='ocrx_word' id='word_1_415' title='bbox 1879 1819 1951 1853; x_wconf 92' lang='lat' dir='ltr'>pro-</span> 
     </span>
     <span class='ocr_line' id='line_1_67' title="bbox 1209 1861 1950 1896; baseline 0.004 -3"><span class='ocrx_word' id='word_1_416' title='bbox 1209 1861 1346 1894; x_wconf 84' lang='lat' dir='ltr'>cedendi</span> <span class='ocrx_word' id='word_1_417' title='bbox 1373 1861 1411 1894; x_wconf 86' lang='lat' dir='ltr'>ad</span> <span class='ocrx_word' id='word_1_418' title='bbox 1431 1861 1685 1894; x_wconf 83' lang='lat' dir='ltr'>declarationem</span> <span class='ocrx_word' id='word_1_419' title='bbox 1711 1862 1882 1895; x_wconf 84' lang='lat' dir='ltr'>criminum</span> <span class='ocrx_word' id='word_1_420' title='bbox 1901 1874 1950 1896; x_wconf 80' lang='lat' dir='ltr'>ex-</span> 
     </span>
     <span class='ocr_line' id='line_1_68' title="bbox 1209 1914 1950 1958; baseline 0.003 -11"><span class='ocrx_word' id='word_1_421' title='bbox 1209 1920 1388 1958; x_wconf 82' lang='lat' dir='ltr'>ceptorum,</span> <span class='ocrx_word' id='word_1_422' title='bbox 1409 1914 1614 1958; x_wconf 83' lang='lat' dir='ltr'>interpretari</span> <span class='ocrx_word' id='word_1_423' title='bbox 1635 1916 1822 1956; x_wconf 86' lang='lat' dir='ltr'>voluerunt,</span> <span class='ocrx_word' id='word_1_424' title='bbox 1841 1916 1950 1949; x_wconf 88' lang='lat' dir='ltr'>statui-</span> 
     </span>
     <span class='ocr_line' id='line_1_69' title="bbox 1208 1967 1949 2011; baseline 0.005 -12"><span class='ocrx_word' id='word_1_425' title='bbox 1208 1979 1289 2007; x_wconf 85' lang='lat' dir='ltr'>mus,</span> <span class='ocrx_word' id='word_1_426' title='bbox 1308 1967 1527 2011; x_wconf 84' lang='lat' dir='ltr'>praecipimus</span> <span class='ocrx_word' id='word_1_427' title='bbox 1554 1973 1584 2001; x_wconf 87' lang='lat' dir='ltr'>et</span> <span class='ocrx_word' id='word_1_428' title='bbox 1609 1969 1802 2002; x_wconf 86' lang='lat' dir='ltr'>mandamus</span> <span class='ocrx_word' id='word_1_429' title='bbox 1824 1971 1949 2004; x_wconf 87' lang='lat' dir='ltr'>nullam</span> 
     </span>
     <span class='ocr_line' id='line_1_70' title="bbox 1208 2021 1949 2057; baseline 0.004 -3"><span class='ocrx_word' id='word_1_430' title='bbox 1208 2021 1240 2054; x_wconf 90' lang='lat' dir='ltr'>in</span> <span class='ocrx_word' id='word_1_431' title='bbox 1260 2022 1320 2055; x_wconf 89' lang='lat' dir='ltr'>boc</span> <span class='ocrx_word' id='word_1_432' title='bbox 1342 2022 1380 2054; x_wconf 87' lang='lat' dir='ltr'>dc</span> <span class='ocrx_word' id='word_1_433' title='bbox 1399 2028 1507 2055; x_wconf 86' lang='lat' dir='ltr'>cetero</span> <span class='ocrx_word' id='word_1_434' title='bbox 1530 2021 1645 2055; x_wconf 84' lang='lat' dir='ltr'>haberi</span> <span class='ocrx_word' id='word_1_435' title='bbox 1665 2022 1822 2056; x_wconf 89' lang='lat' dir='ltr'>rationem</span> <span class='ocrx_word' id='word_1_436' title='bbox 1841 2023 1949 2057; x_wconf 89' lang='lat' dir='ltr'>cuius-</span> 
     </span>
     <span class='ocr_line' id='line_1_71' title="bbox 1208 2073 1950 2119; baseline 0.005 -14"><span class='ocrx_word' id='word_1_437' title='bbox 1208 2084 1345 2116; x_wconf 71' lang='lat' dir='ltr'>cumque</span> <span class='ocrx_word' id='word_1_438' title='bbox 1372 2073 1635 2117; x_wconf 79' lang='lat' dir='ltr'>intepretationis</span> <span class='ocrx_word' id='word_1_439' title='bbox 1662 2074 1810 2107; x_wconf 85' lang='lat' dir='ltr'>ciusdem</span> <span class='ocrx_word' id='word_1_440' title='bbox 1831 2074 1950 2119; x_wconf 83' lang='lat' dir='ltr'>Grego-</span> 
     </span>
     <span class='ocr_line' id='line_1_72' title="bbox 1208 2126 1949 2172; baseline 0.005 -14"><span class='ocrx_word' id='word_1_441' title='bbox 1208 2126 1317 2160; x_wconf 86' lang='lat' dir='ltr'>rianae</span> <span class='ocrx_word' id='word_1_442' title='bbox 1343 2126 1593 2167; x_wconf 82' lang='lat' dir='ltr'>constitutionis,</span> <span class='ocrx_word' id='word_1_443' title='bbox 1609 2138 1689 2170; x_wconf 86' lang='lat' dir='ltr'>quac</span> <span class='ocrx_word' id='word_1_444' title='bbox 1708 2139 1723 2161; x_wconf 86' lang='lat' dir='ltr'>a</span> <span class='ocrx_word' id='word_1_445' title='bbox 1743 2138 1949 2172; x_wconf 86' lang='lat' dir='ltr'>quocumque</span> 
     </span>
     <span class='ocr_line' id='line_1_73' title="bbox 1208 2180 1948 2225; baseline 0.001 -12"><span class='ocrx_word' id='word_1_446' title='bbox 1208 2181 1339 2213; x_wconf 84' lang='lat' dir='ltr'>doctore</span> <span class='ocrx_word' id='word_1_447' title='bbox 1366 2180 1535 2223; x_wconf 84' lang='lat' dir='ltr'>prodierit,</span> <span class='ocrx_word' id='word_1_448' title='bbox 1560 2191 1664 2224; x_wconf 87' lang='lat' dir='ltr'>neque</span> <span class='ocrx_word' id='word_1_449' title='bbox 1702 2181 1808 2224; x_wconf 86' lang='lat' dir='ltr'>praxis</span> <span class='ocrx_word' id='word_1_450' title='bbox 1834 2192 1851 2214; x_wconf 89' lang='lat' dir='ltr'>a</span> <span class='ocrx_word' id='word_1_451' title='bbox 1876 2182 1948 2225; x_wconf 88' lang='lat' dir='ltr'>qui-</span> 
     </span>
     <span class='ocr_line' id='line_1_74' title="bbox 1207 2234 1948 2276; baseline 0.003 -9"><span class='ocrx_word' id='word_1_452' title='bbox 1207 2234 1351 2267; x_wconf 87' lang='lat' dir='ltr'>buslibet</span> <span class='ocrx_word' id='word_1_453' title='bbox 1371 2234 1467 2266; x_wconf 85' lang='lat' dir='ltr'>curiis</span> <span class='ocrx_word' id='word_1_454' title='bbox 1487 2239 1540 2266; x_wconf 86' lang='lat' dir='ltr'>aut</span> <span class='ocrx_word' id='word_1_455' title='bbox 1559 2234 1774 2268; x_wconf 83' lang='lat' dir='ltr'>tribunalibus</span> <span class='ocrx_word' id='word_1_456' title='bbox 1792 2235 1948 2276; x_wconf 88' lang='lat' dir='ltr'>invectae,</span> 
     </span>
     <span class='ocr_line' id='line_1_75' title="bbox 1207 2288 1948 2331; baseline 0.001 -11"><span class='ocrx_word' id='word_1_457' title='bbox 1207 2288 1272 2320; x_wconf 92' lang='lat' dir='ltr'>imo</span> <span class='ocrx_word' id='word_1_458' title='bbox 1298 2298 1357 2320; x_wconf 83' lang='lat' dir='ltr'>nec</span> <span class='ocrx_word' id='word_1_459' title='bbox 1382 2297 1658 2331; x_wconf 82' lang='lat' dir='ltr'>quarumcumque</span> <span class='ocrx_word' id='word_1_460' title='bbox 1694 2288 1948 2322; x_wconf 83' lang='lat' dir='ltr'>declarationum</span> 
     </span>
     <span class='ocr_line' id='line_1_76' title="bbox 1208 2340 1948 2384; baseline 0.003 -11"><span class='ocrx_word' id='word_1_461' title='bbox 1208 2352 1289 2384; x_wconf 85' lang='lat' dir='ltr'>quae</span> <span class='ocrx_word' id='word_1_462' title='bbox 1316 2341 1354 2373; x_wconf 88' lang='lat' dir='ltr'>ab</span> <span class='ocrx_word' id='word_1_463' title='bbox 1381 2340 1477 2374; x_wconf 84' lang='lat' dir='ltr'>liuius</span> <span class='ocrx_word' id='word_1_464' title='bbox 1503 2341 1604 2374; x_wconf 86' lang='lat' dir='ltr'>almae</span> <span class='ocrx_word' id='word_1_465' title='bbox 1631 2341 1723 2374; x_wconf 86' lang='lat' dir='ltr'>Urbis</span> <span class='ocrx_word' id='word_1_466' title='bbox 1743 2346 1875 2375; x_wconf 88' lang='lat' dir='ltr'>nostrae</span> <span class='ocrx_word' id='word_1_467' title='bbox 1895 2342 1948 2375; x_wconf 89' lang='lat' dir='ltr'>tri-</span> 
     </span>
     <span class='ocr_line' id='line_1_77' title="bbox 1206 2394 1946 2437; baseline 0.003 -11"><span class='ocrx_word' id='word_1_468' title='bbox 1206 2394 1389 2434; x_wconf 86' lang='lat' dir='ltr'>bunalibus,</span> <span class='ocrx_word' id='word_1_469' title='bbox 1421 2394 1487 2427; x_wconf 81' lang='lat' dir='ltr'>sive</span> <span class='ocrx_word' id='word_1_470' title='bbox 1523 2394 1619 2427; x_wconf 83' lang='lat' dir='ltr'>etiam</span> <span class='ocrx_word' id='word_1_471' title='bbox 1644 2405 1661 2427; x_wconf 90' lang='lat' dir='ltr'>a</span> <span class='ocrx_word' id='word_1_472' title='bbox 1686 2394 1946 2437; x_wconf 82' lang='lat' dir='ltr'>Congregatione</span> 
     </span>
     <span class='ocr_line' id='line_1_78' title="bbox 1209 2447 1943 2481; baseline 0.001 -1"><span class='ocrx_word' id='word_1_473' title='bbox 1209 2447 1443 2480; x_wconf 83' lang='lat' dir='ltr'>venerabilium</span> <span class='ocrx_word' id='word_1_474' title='bbox 1472 2447 1603 2480; x_wconf 74' lang='lat' dir='ltr'>fratrum</span> <span class='ocrx_word' id='word_1_475' title='bbox 1630 2453 1815 2481; x_wconf 89' lang='lat' dir='ltr'>nostrorum</span> <span class='ocrx_word' id='word_1_476' title='bbox 1832 2447 1943 2481; x_wconf 83' lang='lat' dir='ltr'>S.R.E.</span> 
     </span>
     <span class='ocr_line' id='line_1_79' title="bbox 1207 2500 1946 2534; baseline 0.003 -2"><span class='ocrx_word' id='word_1_477' title='bbox 1207 2500 1423 2534; x_wconf 85' lang='lat' dir='ltr'>cardinalium</span> <span class='ocrx_word' id='word_1_478' title='bbox 1465 2501 1656 2534; x_wconf 87' lang='lat' dir='ltr'>immunitati</span> <span class='ocrx_word' id='word_1_479' title='bbox 1704 2501 1946 2534; x_wconf 86' lang='lat' dir='ltr'>ecclesiasticae</span> 
     </span>
     <span class='ocr_line' id='line_1_80' title="bbox 1206 2554 1946 2597; baseline 0.001 -12"><span class='ocrx_word' id='word_1_480' title='bbox 1206 2554 1468 2597; x_wconf 70' lang='lat' dir='ltr'>praepositorum</span> <span class='ocrx_word' id='word_1_481' title='bbox 1511 2554 1746 2593; x_wconf 82' lang='lat' dir='ltr'>emanaverint,</span> <span class='ocrx_word' id='word_1_482' title='bbox 1788 2559 1946 2597; x_wconf 81' lang='lat' dir='ltr'>quatenus</span> 
     </span>
     <span class='ocr_line' id='line_1_81' title="bbox 1206 2606 1945 2651; baseline 0.001 -12"><span class='ocrx_word' id='word_1_483' title='bbox 1206 2607 1367 2651; x_wconf 87' lang='lat' dir='ltr'>praesenti</span> <span class='ocrx_word' id='word_1_484' title='bbox 1402 2612 1530 2641; x_wconf 86' lang='lat' dir='ltr'>nostrae</span> <span class='ocrx_word' id='word_1_485' title='bbox 1568 2606 1793 2641; x_wconf 86' lang='lat' dir='ltr'>constitutioni</span> <span class='ocrx_word' id='word_1_486' title='bbox 1824 2607 1945 2641; x_wconf 86' lang='lat' dir='ltr'>adver-</span> 
     </span>
    </p>
   </div>
   <div class='ocr_carea' id='block_1_10' title="bbox 1961 1228 2144 1307">
    <p class='ocr_par' dir='ltr' id='par_1_12' title="bbox 1961 1228 2144 1307">
     <span class='ocr_line' id='line_1_82' title="bbox 1961 1228 2144 1249; baseline 0.005 -1"><span class='ocrx_word' id='word_1_487' title='bbox 1961 1228 2037 1249; x_wconf 79' lang='lat' dir='ltr'>Omnes</span> <span class='ocrx_word' id='word_1_488' title='bbox 2047 1228 2144 1249; x_wconf 65' lang='lat' dir='ltr'>allande-</span> 
     </span>
     <span class='ocr_line' id='line_1_83' title="bbox 1961 1255 2144 1277; baseline 0.011 -2"><span class='ocrx_word' id='word_1_489' title='bbox 1961 1256 2024 1275; x_wconf 69' lang='lat' dir='ltr'>clarat</span> <span class='ocrx_word' id='word_1_490' title='bbox 2031 1255 2088 1275; x_wconf 73' lang='lat' dir='ltr'>iones</span> <span class='ocrx_word' id='word_1_491' title='bbox 2107 1256 2144 1277; x_wconf 78' lang='lat' dir='ltr'>ab·</span> 
     </span>
     <span class='ocr_line' id='line_1_84' title="bbox 1961 1284 2069 1307; baseline 0 -5"><span class='ocrx_word' id='word_1_492' title='bbox 1961 1284 2069 1307; x_wconf 74' lang='lat' dir='ltr'>rogantur.</span> 
     </span>
    </p>
   </div>
  </div>
 </body>
</html>
