2170 3147
26 211 75 238 An.
93 210 123 236 C.
147 209 216 237 1725

56 690 168 720 Efxordium
193 695 205 710 a

23 717 95 790 ῗ-Ξῖἶᾶἱιο
124 722 438 765 *c'iiiiiiiriinscrutabilis
479 731 606 765 divinae
648 731 825 775 sapientiae
859 736 955 774 atque

23 776 150 792 ΒΕΠΕΟΓΠΙῙΙΛ

45 1591 126 1612 Causae
141 1596 201 1617 prae·

17 1620 83 1647 sent-s
101 1620 201 1639 coustitu-

19 1647 88 1665 tionis.

516 256 646 290 LXXVI.

218 327 409 362 Conceditur
431 327 615 369 qymnasi'is
643 336 699 358 seu
730 326 875 368 cotteqiis
900 326 955 358 So-

258 380 384 412 cietatis
408 379 482 411 Iesu
505 379 645 421 facultas
669 378 812 421 eli‘yendi
835 378 896 410 sibi
920 378 956 410 in

258 432 428 474 specialem
445 435 624 474 patronum
642 432 770 464 beatum
783 430 956 472 Aloysium

261 484 444 527 Gonzaqa&

397 564 578 591 Benedictus
598 564 677 597 Papa
697 563 778 595 XIII.

339 611 373 636 ad
395 612 569 642 perpetuam
589 608 634 635 rei
654 608 836 634 memoriam.

262 679 466 723 Apostolicae
503 679 665 712 servitutis
690 678 839 718 officium,
869 679 953 722 qued

217 785 370 819 honitatis
396 785 530 818 altitudo
553 784 728 817 humilitati
751 789 847 826 atque
872 782 956 816 infir-

217 837 317 871 mitati
345 842 476 870 nostrae
498 838 630 870 credere
662 835 813 879 dtg1iuta³
835 842 894 878 est,
915 836 954 869 ad

215 889 430 933 spiritualium
453 890 597 923 fidelium
623 888 880 922 aedificationem
907 899 955 921 sa-

216 944 360 978 lubriter
378 943 503 987 exequi,
517 942 704 986 adspirante
722 942 854 985 superni
874 942 955 975 savo-

215 997 255 1030 ris
273 997 414 1036 auxilio‚'
430 996 546 1039 iugiter
570 1000 762 1038 satagentes,
784 995 952 1028 beatorum

215 1049 333 1083 Christi
360 1059 536 1088 servorum,
562 1048 627 1092 qui,
648 1048 809 1091 despectis
831 1048 953 1081 saeculi

214 1102 437 1142 vanitatibus,
475 1103 584 1144 iugum
617 1101 742 1135 Domini
779 1102 811 1134 in
847 1103 954 1134 sancta

215 1155 396 1189 humilitate
437 1159 701 1197 assumpserunt,
736 1160 766 1187 et
801 1155 953 1187 virtutum

215 1208 357 1242 omnium
382 1209 501 1240 corona
527 1208 677 1247 redimiti,
702 1208 838 1240 decurso
858 1208 955 1241 felici-

215 1267 263 1295 ter
287 1260 432 1294 mortalis
454 1261 535 1293 vitae
561 1260 675 1301 stadio,
702 1261 954 1294 immarcescibi-

214 1316 277 1348 lem
304 1314 426 1357 gloriae
452 1324 605 1346 coronam
628 1314 657 1345 iu
685 1314 783 1347 caelis
809 1314 953 1357 accipere

213 1372 421 1407 meruerunt,
448 1367 567 1399 cultum
593 1372 623 1399 et
650 1367 894 1400 venerationem
921 1367 952 1399 in

215 1420 310 1454 terris
340 1420 483 1453 libenter
512 1430 763 1464 promovemus,
790 1420 872 1452 sicut
896 1420 952 1453 Dei

214 1474 331 1507 honori
362 1478 394 1506 et
425 1473 511 1506 laudi
546 1473 810 1516 populorumque
841 1473 952 1516 pietati

214 1526 389 1561 convenire
414 1525 643 1569 conspicimus.

257 1580 320 1624 51.
340 1579 488 1613 Gloriosa
506 1580 613 1623 itaque
630 1580 714 1614 beati
734 1579 852 1623 Aloysii
871 1579 955 1613 Gon-

213 1644 305 1677 zaga,
324 1632 493 1666 Societatis
512 1632 597 1672 lesu,
619 1632 802 1675 virginitate
829 1632 860 1664 in
888 1632 954 1676 pri-

213 1687 273 1719 mis
303 1697 337 1719 ac
365 1685 446 1719 vitae
477 1686 663 1719 innocentia
692 1691 723 1719 et
754 1686 954 1729 principatus

213 1745 400 1783 contemptu
419 1739 605 1779 clarissimi,
625 1739 740 1772 merita
752 1740 866 1772 devota
883 1750 954 1773 con-

214 1794 413 1827 sideratione
432 1791 623 1836 ingentique
643 1793 740 1825 animi
760 1793 859 1826 nostri
879 1804 954 1835 gau-

213 1848 266 1881 dio
293 1848 476 1880 recolentes
495 1873 502 1887 ‚
527 1857 563 1879 ae
601 1847 756 1888 iuvenes,
793 1847 846 1890 qui
874 1847 954 1880 dile-

212 1906 334 1934 ctorum
361 1899 500 1933 liliorum
534 1900 728 1933 clericorum
754 1899 954 1942 regularium

212 1954 312 1998 ipsius
327 1953 495 1987 Societatis
510 1953 577 1985 lesu
594 1953 722 1986 scholas
736 1953 952 1996 frequentant,

212 2006 346 2050 quique,
373 2005 457 2038 sicut
481 2005 675 2049 accepimus,
703 2006 854 2039 eumdem
879 2006 955 2039 bea-

213 2065 278 2092 tum
300 2059 462 2103 Aloysium
488 2059 531 2092 uti
558 2059 756 2102 peculiarem
783 2058 954 2103 patronum

211 2114 274 2146 iam
299 2123 316 2146 a
339 2114 470 2146 saeculo
497 2119 528 2146 et
552 2114 637 2146 ultra
662 2114 718 2146 sua
744 2118 859 2156 sponte
889 2113 955 2157 pri-

211 2169 346 2210 vataque
365 2166 554 2200 auctoritate
573 2168 680 2200 colere
707 2172 895 2210 coeperunt,
914 2167 953 2199 ad

211 2220 279 2253 eius
306 2219 441 2263 vestigia
466 2225 497 2252 et
522 2219 690 2260 virtutum,
723 2219 840 2263 quibus
866 2220 954 2253 miri-

246 2337 255 2361 1
280 2333 431 2361 Innocentii
451 2333 483 2360 xl
505 2337 591 2360 const.
614 2333 677 2360 edit.
701 2339 857 2366 ›incinxmu
879 2333 921 2360 die
939 2334 952 2360 7

208 2379 380 2415 septembris,
406 2378 558 2414 pontiti-1,
589 2378 749 2405 confirmata
778 2378 828 2404 fuit
856 2377 954 2405 electio

208 2423 234 2449 S.
256 2422 352 2457 Ignatii
372 2423 398 2448 in
420 2426 560 2457 patronum
588 2422 707 2456 regionis
726 2421 906 2455 Cantabriae3
928 2425 954 2448 et

209 2466 288 2493 huius
308 2467 449 2494 pontificis
468 2471 555 2494 const.
572 2467 636 2493 ertit.
654 2472 793 2497 unccxx1V‚
815 2466 858 2492 die
879 2467 893 2492 3
913 2465 953 2492 iu-

209 2510 256 2543 nii,
272 2510 367 2546 pontis.
389 2517 407 2545 t,
429 2510 566 2546 publicata
582 2510 631 2536 fuit
646 2509 812 2536 canonizatio
827 2509 853 2536 S.
872 2509 954 2537 Fran-

210 2555 272 2582 cisci
294 2554 398 2590 Borgia.

244 2599 259 2627 2
279 2598 349 2626 Edit.
366 2598 446 2628 Μαίη.
463 2598 529 2634 legit
549 2598 638 2633 otiqna
659 2598 697 2633 (R.
716 2598 765 2633 12).

794 209 988 233 BENEDICTUS
1014 209 1070 233 xtlt
1096 209 1145 232 1³1³.

1632 198 1696 232 207

999 256 1057 290 fiee
1075 257 1206 297 enituit,
1226 259 1373 301 exempla
1391 257 1552 296 sectanda,
1572 262 1603 290 et
1623 267 1718 300 opem
1732 283 1739 295 ,

1000 310 1122 342 crebris
1154 309 1240 343 illius
1272 310 1503 343 intercessione
1531 311 1570 342 ab
1596 310 1739 354 omnipo·

1001 361 1078 393 tenti
1097 362 1162 394 Deo
1187 362 1320 404 patratis
1347 363 1508 395 miraculis
1535 367 1692 402 testatam,
1707 362 1737 395 in

1000 424 1110 446 eorum
1147 415 1394 451 necessitatibus
1421 421 1453 448 et
1477 416 1656 449 animarum
1683 427 1740 459 pe-

1742 207 1794 234 An.
1812 207 1838 234 C.
1866 209 1933 235 57‘25

977 477 978 488 ¹
1000 466 1108 499 riculis
1135 466 1310 499 ferventius
1333 469 1582 510 exposcendam,
1601 468 1738 501 excitare

1000 518 1166 561 cupientes
1183 546 1190 559 ‚
1219 520 1367 552 omnibus
1394 526 1425 552 et
1450 520 1586 563 singulis
1610 522 1739 554 univer-

999 571 1156 609 sitatibus,
1184 573 1358 615 gymnasiis
1391 573 1439 606 vel
1469 574 1617 616 collegiis
1643 585 1740 617 gene-

999 624 1113 656 ralium
1141 625 1345 667 publicorum
1368 626 1416 658 vel
1443 626 1623 659 studiorum
1639 626 1657 666 ¹,
1677 633 1738 660 tam

999 677 1114 709 erectis
1139 688 1233 719 quam
1259 677 1430 720 erigendis,
1464 689 1545 721 quae
1572 690 1588 711 a
1613 679 1739 712 clericis

1000 730 1203 772 regularibus
1224 730 1407 773 praedictae
1426 730 1677 764 Societatislesu
1701 733 1738 764 de

999 782 1162 825 praesenti
1188 788 1347 825 reguntur
1372 788 1426 815 aut
1450 783 1481 815 in
1499 789 1664 827 posterum
1691 795 1740 818 re-

999 840 1123 877 gentur,
1133 834 1327 878 ubicumque
1344 841 1502 869 terrarum
1517 836 1738 877 existentibus,

998 898 1034 920 ac
1060 887 1268 920 scholaribus
1288 888 1407 921 ibidem
1426 889 1605 922 litterarum
1627 889 1739 922 studiis

998 952 1128 985 operam
1164 953 1251 975 nunc
1277 947 1307 975 et
1338 952 1397 985 pro
1425 947 1572 986 tempore
1598 942 1739 976 navanti-

997 995 1068 1034 bus,
1087 1000 1122 1027 ut
1140 994 1177 1028 de
1196 1000 1304 1028 cetero
1330 995 1496 1038 perpetuis
1522 995 1634 1028 suturis
1661 1001 1739 1029 tem-

998 1047 1131 1090 poribus
1158 1053 1370 1081 memoratum
1404 1048 1536 1081 beatum
1562 1049 1737 1092 Aloysium,

998 1106 1159 1144 tamquam
1187 1111 1316 1134 suorum
1343 1101 1525 1134 liberalium
1555 1102 1737 1135 studiorum

1000 1159 1095 1197 atque
1115 1154 1319 1187 innocentiae
1338 1160 1367 1187 et
1386 1154 1540 1187 castitatis
1568 1154 1598 1187 in
1616 1155 1739 1189 tubi-ica

998 1208 1186 1250 praesertim
1228 1207 1357 1240 iuvenili
1406 1213 1510 1240 aetate
1551 1208 1738 1251 diligentius

998 1261 1229 1294 custodiendae
1263 1262 1437 1304 specialem
1476 1266 1646 1304 patronum
1677 1262 1737 1295 sibi

998 1314 1155 1357 deligere,
1184 1315 1316 1353 habere,
1336 1315 1442 1347 colere
1469 1320 1500 1348 et
1526 1315 1686 1357 venerari,
1706 1316 1740 1349 il-

997 1368 1125 1411 liusque
1152 1368 1264 1400 festum
1291 1368 1462 1411 quotannis
1480 1368 1531 1401 die
1549 1379 1600 1402 xxl
1619 1370 1738 1402 mensis

998 1420 1077 1452 iunii
1096 1420 1276 1461 celebrare,
1301 1431 1427 1453 necnon
1447 1420 1483 1453 iis
1503 1431 1537 1454 ex
1561 1422 1738 1464 praedictis

997 1473 1211 1514 scholaribus,
1228 1474 1281 1517 qui
1307 1475 1345 1507 ad
1373 1474 1470 1507 horas
1497 1475 1668 1508 canonicas
1696 1480 1740 1509 te-

997 1532 1136 1568 nentur,
1174 1528 1285 1560 eadem
1321 1528 1372 1561 die
1410 1528 1441 1560 in
1479 1528 1637 1562 honorem
1663 1528 1737 1561 dicti

996 1580 1081 1612 beati
1108 1580 1227 1624 Aloysii
1254 1580 1393 1614 officium
1428 1581 1565 1614 recitare
1592 1581 1630 1614 de
1652 1592 1738 1615 com-

998 1634 1084 1666 muni
1103 1634 1300 1666 confessoris
1321 1645 1385 1667 non
1404 1634 1576 1678 pontilicis,
1596 1636 1655 1668 sub
1674 1636 1737 1668 ritu

998 1687 1117 1730 duplici
1143 1687 1279 1726 minore,
1300 1693 1339 1726 ct,
1358 1687 1381 1719 si
1404 1687 1457 1730 qui
1480 1688 1602 1730 pariter
1620 1699 1654 1721 ex
1675 1688 1738 1721 illis

999 1740 1029 1772 in
1055 1750 1148 1772 sacro
1166 1739 1407 1783 presbyteratus
1432 1741 1546 1773 ordine
1572 1741 1737 1774 constituti

998 1793 1136 1833 suerint,
1162 1792 1289 1826 missam
1316 1794 1409 1826 etiam
1436 1793 1494 1825 sub
1531 1793 1644 1826 codem
1675 1794 1737 1826 ritu

998 1852 1029 1879 et
1054 1847 1091 1879 de
1118 1846 1280 1879 communi
1307 1846 1418 1880 itidem
1450 1846 1646 1880 confessoris
1672 1857 1738 1880 non

996 1898 1170 1943 pontilicis,
1197 1899 1228 1931 in
1254 1898 1501 1931 universitatum
1529 1904 1635 1932 tamen
1652 1925 1659 1939 ‚
1683 1909 1738 1942 gy-

998 1952 1191 1985 mnasiorum
1232 1963 1288 1985 seu
1326 1951 1538 1995 collegiorum
1580 1951 1737 1985 eiusmodi

998 2005 1145 2038 ecclesiis
1172 2005 1353 2044 dumtaxat,
1387 2004 1438 2037 die
1464 2004 1628 2047 praedicta
1654 2005 1738 2038 eele-

996 2057 1091 2090 brarc
1113 2058 1200 2090 iuxta
1218 2057 1361 2090 rubricas
1376 2056 1527 2090 breviarii
1549 2067 1585 2090 ae
1602 2057 1738 2091 missalis

999 2111 1123 2144 romani
1143 2111 1245 2143 libere
1265 2115 1295 2143 ct
1313 2110 1399 2143 licite
1415 2110 1537 2153 possint
1556 2115 1587 2143 et
1602 2111 1737 2150 valeant,

997 2165 1185 2198 auctoritate
1217 2164 1405 2207 apostolica,
1437 2169 1548 2197 tenore
1584 2174 1739 2208 praesen-

999 2219 1089 2258 tium,
1113 2218 1322 2251 concedimus
1349 2223 1381 2249 et
1406 2217 1618 2260 indulgemus.

1041 2272 1054 2315 ξ
1080 2271 1110 2304 ⁶2.
1134 2272 1203 2303 Non
1230 2270 1434 2304 obstantibus
1451 2270 1736 2303 constitutionibus

997 2330 1028 2357 et
1054 2323 1313 2357 ordinationibus
1339 2323 1536 2366 apostolicis,
1556 2324 1738 2367 ceterisque

996 2377 1166 2410 contrariis
1192 2376 1460 2419 quilmscumque.

1039 2431 1053 2473 ξ
1077 2430 1107 2462 P».
1138 2430 1290 2463 volumus
1316 2435 1422 2462 autem
1449 2433 1481 2463 ut
1511 2431 1734 2473 praesentium
1746 2435 1930 2482 du{¹{-¹¹¹·23¹⁴=¹.¹Jmffj

997 2484 1176 2515 litterarum
1204 2482 1433 2525 transumptis,
1460 2493 1515 2515 seu
1554 2483 1794 2535 exemplissttlaign
1827 2490 1929 2509 “amum-

996 2535 1092 2567 etiam
1110 2534 1285 2577 impressis,
1301 2545 1394 2567 mauu
1410 2535 1542 2568 alicuius
1557 2520 1755 2578 superiorisp
1776 2524 1793 2536 ”

1785 1005 1897 1025 Concessio
1913 1007 1934 1026 ut

1751 1037 1769 1051 iu
1786 1032 1879 1054 rubrica.

1776 2277 1896 2298 Clausulas.

1033 2599 1039 2623 l
1060 2597 1161 2624 Forsan
1174 2596 1215 2623 vel
1227 2596 1459 2631 particularium
1471 2596 1733 2631 studioi·um(n.1'.).
