2170 3147
0 195 47 220 An.
64 193 91 219 C.
115 191 182 219 1726

1 253 184 302 ausi.>⁶..?⁰555?·l‘3
213 293 232 300 ..
287 293 293 298 .
484 293 490 299 .
675 294 680 299 .
806 296 811 301 .
850 295 856 299 .
903 294 908 299 .

0 304 242 341 ⁵³:³⁰S·Gr⁰1÷'f>¹2⁵i¹‘¹¹‚
269 303 314 326 sic
339 294 379 325 ab
404 303 491 326 omni
517 296 595 326 cura
625 294 821 333 huiusmodi,
849 305 931 326 iuri-

0 335 270 394 dillffississtssllbus,
296 345 427 383 officiis,
453 346 607 379 oneribus
628 352 660 379 et
685 347 849 379 exercitiis
874 357 931 389 pa-

0 385 184 443 llfiassg'ssssi'lllll
194 397 394 431 rochialibus
420 398 556 431 liberam
575 403 605 430 et
622 403 815 440 exemptam,
834 398 932 430 itlius-

0 437 182 490 satagarii

0 491 80 519 signum
95 494 183 510 conces-

0 522 72 538 3101„ss-

136 735 143 741 -
193 715 328 748 ecclesia

778 193 974 218 BENEDlCTUS
1000 193 1056 217 xm
1082 194 1130 217 1⁷1³.

238 241 252 284 ξ
277 241 309 274 5.
335 241 456 274 Dictarn
473 250 550 274 vero
569 241 737 274 ecclesiam
763 242 797 274 B.
815 241 934 284 Grego-

194 460 256 493 que
281 450 477 492 sacristiam,
505 451 666 484 saeculari
692 450 837 483 societati
875 460 931 482 scu

193 503 446 547 Congregationi
473 504 697 547 operariorum
713 503 846 535 Divinae
867 503 932 535 Pie-

193 556 266 589 tatis
291 562 492 600 nuncupatae
515 557 554 589 de
578 556 680 596 Urbe,
706 555 880 595 canonice,
897 561 930 587 ut

193 609 354 649 asseritur,
381 616 517 650 erectae,
536 620 608 643 cum
626 609 776 642 omnibus
805 618 931 651 campa-

192 662 242 694 nis
267 667 299 695 et
322 672 357 695 su
386 662 579 695 ellectilihns
612 661 711 695 sacris
746 661 779 693 in
817 661 927 693 eadem·

360 672 397 748 g.
433 715 579 758 Gregorii
617 715 749 758 eiusque
785 713 930 747 sacristia

191 773 264 800 actu
290 768 501 801 existentibus
532 768 637 811 (itaut
673 768 767 801 liceat
807 766 931 800 dilectis

191 831 322 864 quoque
361 820 435 853 filiis
475 821 632 863 operariis
672 820 837 853 societatis
875 829 929 851 scu

190 873 456 917 Congregationis
482 873 671 906 huiusmodi
698 873 800 906 dictae
826 873 930 905 ecclc-

191 926 258 960 siae
276 927 309 959 ss.
330 926 489 968 Gregorii,
508 926 552 959 sic
570 927 640 959 sine
658 927 732 958 cura
752 924 930 963 existentis,

191 979 344 1022 illiusque
382 979 547 1012 sacristiae
584 984 615 1012 et
640 988 870 1022 campanarum
896 987 931 1009 ac

192 1032 442 1076 supellectilium
483 1032 668 1065 huiusmodi
709 1031 929 1074 corporalem,

193 1086 315 1118 realem
341 1090 372 1117 et
401 1085 561 1117 actualem
587 1083 845 1127 possessionem,
873 1092 932 1125 per

192 1149 238 1179 sc,
259 1138 308 1171 vel
333 1138 431 1171 alium
455 1148 512 1170 seu
538 1138 618 1170 alios
643 1147 757 1170 eorum
788 1142 819 1168 et
844 1146 932 1179 prae-

193 1191 297 1225 dictae
322 1191 485 1225 societatis
512 1201 569 1223 seu
587 1190 855 1232 Congregationis
876 1200 932 1222 no-

192 1237 356 1285 minihus,
383 1244 514 1288 propria
550 1243 742 1277 auctoritate
777 1254 813 1276 ex
846 1254 931 1276 nunc

193 1299 442 1343 apprehendere
461 1303 490 1330 et
507 1298 748 1340 apprehensam
775 1302 931 1340 perpetuo

192 1352 348 1390 retinere,
369 1350 509 1384 cuiusvis
534 1349 664 1382 licentia
683 1350 822 1392 desuper
840 1349 933 1381 mini-

193 1413 245 1437 me
271 1404 437 1447 requisita,
459 1394 625 1446 ipsamque
651 1402 820 1435 ecclesiam
847 1402 932 1434 beati

193 1457 339 1499 Gregorii
371 1456 560 1495 instaurare,
587 1465 749 1498 reparare,
775 1455 932 1497 ai‘npliare
954 1454 956 1482 3

195 1515 225 1542 et
246 1509 277 1541 in
304 1518 539 1552 quamcumque
565 1508 659 1540 aliam
685 1508 852 1540 decentem
873 1507 934 1539 for·
954 1530 956 1535 ,

193 1573 279 1595 mam
304 1562 494 1600 immutare,
521 1571 578 1593 seu
605 1561 698 1593 etiam
734 1561 772 1592 de
809 1570 892 1592 novo
918 1570 935 1591 a

195 1615 412 1648 fundamentis
437 1619 602 1653 extruere,
628 1614 659 1645 in
688 1615 791 1656 eaque
821 1614 934 1645 missas

195 1673 226 1701 ct
250 1668 310 1701 alia
335 1667 441 1700 divina
467 1667 573 1699 officia
598 1677 821 1709 quaecumque
852 1667 955 1701 celem

194 1722 289 1754 brare
314 1727 345 1754 ct
369 1722 551 1760 decantare,
580 1731 616 1752 ae
641 1719 823 1762 spiritualia
849 1730 935 1751 exer-

195 1775 269 1808 citia
294 1774 421 1816 aliaque
447 1773 577 1816 pietatis
602 1783 703 1815 opera
728 1783 764 1804 ex
787 1772 934 1804 instituto

184 1828 340 1862 'ciusdem
373 1826 532 1859 societatis
570 1836 625 1858 seu
665 1825 932 1867 congregationis

195 1880 265 1914 fieri
291 1881 397 1919 solita,
416 1880 566 1911 similiter
593 1880 709 1917 l'acere,
729 1879 799 1910 sine
827 1884 933 1911 tamen
954 1898 956 1916 ;

195 1933 395 1977 praeiudicio
413 1932 528 1964 iurium
547 1931 806 1974 parochialium),
826 1937 934 1963 aucto-

195 1987 288 2019 ritate
313 1991 344 2018 et
371 1990 483 2018 tenore
516 1984 702 2027 praedictis,
730 1984 826 2016 etiam
860 1994 934 2026 per-

195 2047 292 2084 petuo
317 2040 524 2073 concedimus
550 2045 580 2071 ct
606 2039 818 2081 assignamus.
840 2039 877 2070 Et
902 2038 932 2069 in

196 2094 321 2135 signum
341 2093 575 2135 recognitionis
595 2092 773 2135 praesentis
799 2102 933 2124 conces·

196 2147 295 2180 sionis
328 2152 359 2179 et
387 2145 625 2187 assignationis,
655 2144 796 2187 operarii
829 2144 933 2176 dictae

196 2199 359 2233 societatis
391 2209 446 2231 seu
479 2197 748 2239 [long-'legationis
783 2207 866 2228 nunc
903 2202 935 2229 et

196 2262 255 2296 pro
290 2258 435 2293 tempore
462 2251 659 2288 existentes,
695 2249 867 2292 quotannis
902 2249 933 2281 in

195 2310 402 2349 perpetuum,
425 2304 454 2335 in
474 2303 525 2335 die
545 2303 624 2334 sesto
644 2303 676 2334 Β.
698 2301 845 2343 Gregorii
873 2302 935 2334 Ma-

196 2359 249 2401 gni
277 2368 375 2390 unum
401 2367 530 2389 cereum
558 2357 655 2388 trium
690 2355 845 2388 librarum
883 2366 934 2387 ce-

196 2422 251 2444 rae
291 2411 383 2443 albae
425 2410 510 2442 dicto
551 2409 673 2452 pariter
710 2409 778 2441 filio
821 2414 934 2441 nostro

197 2464 300 2508 ipsius
330 2463 522 2504 collegiatae
553 2461 709 2494 ecclesiae
739 2462 773 2493 B.
801 2462 949 2502 Anasta<

196 2516 262 2549 siae
291 2515 479 2559 presbytero
502 2514 674 2553 cardinali,
703 2524 788 2546 nunc
817 2520 847 2545 et
874 2525 932 2556 pro

197 2573 344 2612 tempore
369 2567 542 2608 existenti,
575 2572 625 2608 et,
655 2572 785 2599 vacante
821 2567 933 2608 titulo,

977 241 1009 273 in
1036 241 1181 275 eiusdem
1207 241 1345 275 titularis
1369 242 1485 280 locum,
1507 240 1626 274 dilecto
1648 239 1714 274 silio

977 300 1085 327 nostro
1111 295 1142 327 in
1176 295 1260 327 alma
1285 294 1369 327 Urbe
1401 294 1534 336 eiusque
1570 293 1714 326 districtu

975 347 1096 380 vicario
1114 347 1145 380 in
1164 348 1384 390 spiritualibus
1408 346 1561 390 generali,
1585 357 1713 379 necnon

976 400 1112 432 alterum
1131 410 1259 433 cereum
1280 401 1416 433 duarum
1441 400 1595 432 librarum
1621 409 1714 432 cerae

975 452 1088 484 similis
1114 453 1256 495 capitulo
1276 453 1379 486 dictae
1397 453 1586 496 collegiatae
1613 454 1715 486 eccle—

975 504 1041 536 siae
1074 504 1109 536 B.
1137 505 1324 537 Anastasiae
1352 505 1498 545 tradere,
1527 510 1557 538 et
1583 506 1714 549 (quate-

975 567 1034 588 nus
1060 557 1121 599 ipsi
1147 557 1288 600 operarii
1315 558 1479 591 societatis
1505 568 1560 590 seu
1578 558 1714 600 Congrc-
1747 587 1752 592 .

976 609 1113 651 gationis
1139 610 1324 643 huiusmodi
1356 610 1485 643 domum
1522 612 1714 644 rectoralem

975 671 1031 693 seu
1066 661 1162 694 aedes
1192 668 1224 694 ct
1259 662 1445 696 mansiones
1482 663 1713 706 parochiales,

976 713 1080 746 eidem
1099 713 1256 746 ecclesiae
1282 714 1315 746 B.
1335 713 1480 757 Gregorii
1498 715 1666 757 contiguas
1685 720 1716 747 ct

975 765 1201 805 cohaerentes,
1220 776 1290 798 cum
1313 776 1439 800 anncxo
1465 766 1539 806 situ,
1565 766 1717 799 adiacen—

976 818 1026 850 tiis
1052 824 1083 851 et
1107 818 1323 861 pet-tinentiis,
1347 830 1405 862 pro
1424 820 1524 862 ipsius
1550 820 1714 853 societatis

975 881 1030 903 seu
1058 870 1328 913 Congregationis
1365 882 1447 911 usu,
1481 872 1658 905 commodis
1685 878 1717 904 et

975 924 1282 968 opportunitatibus,
1306 930 1340 957 ut
1364 926 1426 967 piis
1452 925 1517 957 suis
1553 925 1716 958 exercitiis

976 977 1100 1010 facilius
1126 988 1241 1010 vacare
1267 978 1403 1021 possint,
1423 988 1531 1010 emere
1558 983 1589 1010 et
1614 979 1717 1022 acqui·

975 1041 1046 1064 rere
1073 1031 1183 1072 velint,
1209 1036 1307 1074 prout
1333 1041 1385 1064 cas
1413 1031 1543 1064 emendi
1562 1031 1717 1073 etacqui-

975 1084 1068 1116 rendi
1095 1084 1255 1116 licentiam
1282 1089 1313 1116 et
1338 1084 1522 1116 facultatem
1542 1083 1587 1116 eis
1606 1083 1637 1116 in
1657 1084 1717 1116 Do-

975 1137 1063 1170 mino
1086 1137 1305 1179 impartimur)
1321 1137 1460 1180 pretimn
1476 1136 1591 1169 exinde
1613 1141 1716 1170 retra-

977 1189 1120 1222 hendum
1134 1189 1167 1221 in
1184 1195 1227 1222 tot
1241 1190 1320 1222 locis
1334 1189 1492 1222 montium
1507 1190 1716 1222 cameralium

977 1253 1041 1275 non
1079 1243 1291 1282 vocabulum,
1329 1243 1377 1275 vel
1414 1242 1509 1275 honis
1546 1242 1717 1275 stabilibus

978 1295 1140 1338 frugiferis
1159 1301 1190 1327 et
1207 1295 1245 1327 al)
1265 1295 1351 1328 omni
1372 1295 1555 1338 hypotheca
1574 1300 1604 1327 ct
1624 1296 1717 1328 cadu-

977 1349 1071 1381 citatc
1089 1349 1218 1389 liberis,
1238 1349 1269 1380 in
1289 1349 1480 1381 heneficium
1503 1353 1534 1380 et
1562 1359 1718 1390 augmen-

979 1407 1043 1433 tum
1064 1401 1250 1434 reddituum
1269 1402 1371 1434 ‹lictac
1388 1402 1526 1434 vicariae
1544 1402 1579 1434 B.
1600 1401 1714 1444 Angeli

978 1454 1008 1486 in
1036 1454 1119 1487 Foro
1146 1454 1283 1486 Piscium
1309 1455 1462 1486 investire
1486 1459 1671 1486 tencantur.

1067 1508 1098 1540 u.
1130 1507 1316 1540 Maudamus
1342 1513 1447 1539 autem
1474 1513 1579 1546 motu,
1611 1507 1717 1539 scien-

979 1560 1018 1592 tia
1045 1567 1076 1593 ct
1101 1565 1261 1603 potestate
1287 1559 1419 1602 paribus
1446 1570 1504 1602 per
1529 1564 1716 1602 praesentes

978 1613 1083 1645 cidem
1110 1618 1220 1645 nostro
1248 1613 1278 1644 in
1306 1612 1388 1645 Urbe
1408 1613 1544 1655 eiusque
1570 1613 1717 1646 districtu

979 1665 1096 1699 vicario
1123 1666 1154 1697 in
1181 1665 1408 1707 spiritualibus
1434 1666 1590 1707 generali,
1610 1670 1718 1708 ‹piato-

978 1729 1046 1758 nus,
1073 1729 1131 1761 per
1149 1729 1196 1758 sc,
1219 1719 1267 1751 vcl
1295 1718 1408 1756 alium,
1433 1729 1489 1750 seu
1511 1719 1598 1757 alios,
1625 1729 1719 1762 prae-

978 1773 1073 1804 missa
1098 1772 1206 1804 omnia
1225 1777 1255 1804 ct
1272 1772 1399 1813 singula
1425 1772 1598 1804 ct'l‘icaciter
1615 1772 1717 1804 adim-

978 1825 1072 1867 pleri,
1100 1831 1131 1857 ct
1156 1826 1194 1857 al>
1220 1825 1380 1864 omnibus,
1408 1825 1447 1856 ad
1474 1835 1555 1867 quos
1582 1835 1718 1867 quomo-

978 1879 1099 1912 delibet
1119 1890 1202 1911 nunc
1221 1883 1343 1921 spectat
1369 1884 1401 1910 et
1425 1883 1570 1920 spectare
1597 1878 1719 1920 poterit

979 1933 1008 1963 in
1036 1932 1188 1971 futurum,
1211 1930 1446 1964 inviolabiliter
1471 1931 1636 1963 observari
1663 1941 1718 1963 cu-

979 1991 1038 2023 ret,
1060 1985 1178 2017 taciens
1204 1984 1406 2027 praedictum
1431 1984 1582 2016 vicarium
1603 1984 1637 2016 B.
1655 1984 1718 2016 An-

978 2038 1040 2079 gcli
1069 2038 1099 2069 in
1127 2038 1208 2070 Foro
1235 2037 1384 2074 Piscium,
1412 2046 1497 2068 nunc
1518 2042 1549 2069 et
1566 2047 1624 2079 pro
1642 2042 1718 2070 tem-

979 2102 1056 2134 pore
1083 2092 1294 2129 existentem,
1320 2090 1438 2122 iurium
1465 2090 1716 2132 parochialium,

979 2146 1157 2183 fructuum,
1195 2144 1400 2183 reddituum,
1435 2149 1650 2185 proventuum
1688 2148 1719 2176 ct.

978 2197 1208 2230 Obvt‘mtionum
1236 2206 1512 2239 ‹ptariuncun'ique
1539 2195 1642 2228 dictae
1667 2206 1718 2239 pa-

979 2249 1131 2282 rochialis
1157 2249 1315 2281 ccclesiae
1335 2249 1369 2281 Β.
1389 2248 1546 2290 Gregorii,
1564 2258 1623 2290 per
1648 2258 1719 2289 nos,

979 2308 1012 2334 ut
1037 2302 1229 2344 praesen-tar,
1254 2312 1447 2344 suppressae
1481 2306 1512 2333 ct
1545 2301 1718 2342 extinctae,

978 2359 1009 2387 ct
1027 2354 1054 2386 ci
1077 2360 1110 2386 ut
1127 2365 1225 2397 supra
1244 2354 1406 2386 unitorum
1425 2359 1456 2386 ct
1472 2354 1717 2396 assignatorum,

977 2406 1109 2450 pacifica
1136 2407 1342 2449 possessione
1365 2407 1423 2439 frui
1451 2411 1482 2439 et
1502 2407 1653 2448 gaudere,
1678 2413 1717 2448 et,

978 2466 1137 2503 quatenus
1163 2470 1244 2503 opus
1270 2460 1319 2499 sit,
1339 2460 1370 2492 in
1397 2460 1586 2492 eorumdem
1613 2466 1719 2493 aetua-

978 2514 1040 2545 lcin
1077 2513 1317 2556 possessionem
1357 2513 1491 2546 inducat
1526 2513 1717 2546 auctoritate

978 2568 1089 2599 nostra
1124 2571 1156 2599 ct
1192 2566 1344 2599 defendat
1380 2565 1568 2608 inductum,
1601 2566 1717 2599 amotis

1022 1508 1036 1550 CII)

1612 182 1676 216 335
1723 193 1770 217 An.
1788 191 1814 217 c.
1840 192 1905 219 τηε

1767 1514 1911 1535 l'rausoutium

1729 1544 1825 1562 executio

1729 1569 1824 1589 mittitur.

1856 1547 1913 1561 conl·
