2170 3147
39 165 88 192 An.
108 163 137 190 c.
160 162 228 189 1725
817 156 1010 180 scaenicus
1036 155 1091 179 xm
1115 156 1163 179 pr.
1650 140 1712 173 ΞΠ

227 207 401 239 emerserint
433 205 616 236 declarandis
650 205 748 235 nostra
772 209 800 234 et
823 213 875 243 pro
898 207 969 233 tem-

228 266 297 298 pore
319 256 504 286 existentium
522 253 706 294 superiorum
723 252 902 291 generalium
920 262 969 281 au-

229 306 371 337 ctoritate.

35 367 217 419 omffiffscrlffffl
267 372 304 393 iv.
340 361 538 401 Praecipimus
561 369 652 398 ergo,
676 358 838 398 apostolica
867 358 968 387 eadem

34 428 81 444 sens
107 421 216 441 decretum
227 412 403 443 auctoritate
427 410 539 440 suffulti
554 432 561 446 ,
593 408 673 438 vobis
702 407 839 436 omnibus
862 410 888 436 et
911 406 969 435 sin·
990 430 991 437 i

35 447 166 470 arvandum.
227 462 305 501 gulis
328 460 486 495 ministro,
511 457 648 495 custodi,
671 455 898 492 ‹tenuit-aribus,
923 464 968 484 ee-

229 510 361 548 terisque
395 507 527 548 patribus
556 510 583 535 et
607 504 748 535 fratribus
779 503 970 533 Observantis

229 558 317 588 istius
330 555 500 596 provinciae
514 559 633 584 nostrae
645 553 773 588 Siciliae,
787 561 866 581 nunc
878 555 905 580 et
918 559 970 589 pro

227 653 424 684 existentibus
447 655 475 680 et
499 650 647 687 extituris‚
665 650 693 679 in
714 650 821 678 virtute
843 647 971 686 Spiritus

226 703 337 739 Sancti,
361 706 389 731 et
411 700 464 730 sub
498 699 675 729 electionum
708 698 794 727 aliter
828 696 970 726 factarum

226 761 276 781 seu
311 749 512 780 faciendarum
553 747 690 777 nullitate
732 746 796 785 ipso
830 746 907 774 sacto
940 747 971 774 ut

226 799 432 839 praemisimus
453 795 646 832 incurrenda,
663 804 776 824 necnon
800 793 853 823 sub
875 793 971 832 priva-

226 847 315 880 tionis
337 847 416 877 vocis
439 846 550 876 activae
572 850 600 874 et
623 844 765 884 passivae,
798 847 972 883 perpetuae-

225 907 282 938 que
311 895 504 927 inhabilitatis
535 894 569 923 ad
602 893 697 923 officia
729 897 757 922 et
789 890 972 932 praelaturas

225 945 357 982 Ordinis,
376 944 487 984 pariter
503 943 564 982 ipso
582 943 670 980 sacto,
684 941 809 981 aliisque
829 945 929 970 nostro
945 943 972 970 et

228 1002 430 1025 successorum
460 995 629 1022 nostrorum
658 990 782 1020 arbitrio
810 999 861 1029 pro
888 990 972 1019 modo

226 1043 330 1083 culpae
363 1040 531 1079 infligendis
566 1040 679 1079 poenis,
703 1043 735 1068 ut
757 1048 896 1078 praesens
923 1039 972 1068 de-

227 1097 350 1125 cretum,
372 1089 466 1130 quoad
490 1098 593 1118 omnes
616 1089 680 1118 eius
703 1092 811 1127 partes,
829 1088 973 1118 eiusdem-

226 1150 283 1181 que
305 1140 425 1175 seriem,
449 1137 661 1168 continentiam
686 1141 713 1166 et
737 1141 882 1173 tenorem,
900 1141 974 1166 tam-

227 1198 314 1229 quam
349 1188 401 1217 silii
437 1186 622 1216 obedientiae
655 1186 777 1215 omnino
812 1191 973 1225 exacteque

227 1237 363 1274 servetis,
383 1246 416 1266 ac
439 1235 552 1264 servari
568 1240 595 1264 et
612 1235 717 1273 exequi
736 1234 900 1273 respective
916 1239 973 1264 sat-

227 1287 332 1326 agatis.
350 1285 520 1315 Mandantes
537 1288 703 1322 propterea,
727 1292 794 1312 mox
818 1283 867 1313 ubi
891 1283 974 1312 vobis

227 1334 387 1365 definitorii
412 1333 555 1372 patribus,
573 1342 623 1361 seu
641 1332 777 1361 ministro
793 1331 837 1361 vel
860 1332 973 1363 custodi

229 1386 450 1423 praesentatum
473 1381 572 1416 suerit,
597 1384 638 1417 ut,
657 1385 816 1410 convocato
839 1380 974 1409 delinito-

229 1433 272 1463 rio
296 1432 434 1471 primum,
458 1429 563 1459 deinde
594 1438 645 1468 per
679 1433 768 1459 totam
792 1428 973 1468 provinciam

230 1479 411 1512 transmissis
434 1479 498 1509 eius
521 1478 764 1517 exemplaribus,
790 1477 972 1517 publicetur,

229 1535 316 1570 atque
338 1529 368 1559 in
392 1528 516 1567 singulis
549 1532 648 1567 postea
684 1527 822 1566 capitulis
851 1532 879 1557 et
908 1536 976 1556 con-

228 1577 469 1620 gregationibus‚
493 1581 650 1616 antequam
674 1576 811 1615 suffragia
835 1586 868 1606 ex
892 1585 974 1606 more
996 1587 997 1591 ¹

228 1631 372 1667 serantur,
398 1626 548 1657 vocalibus
571 1626 632 1656 sive
654 1626 832 1656 electoribus
859 1625 976 1654 intime-

229 1683 288 1715 tur,
312 1676 443 1716 reposito
467 1675 495 1704 in
525 1675 686 1714 protocollo
721 1674 891 1714 provinciae
920 1675 975 1704 hoc

230 1727 295 1766 ipso
314 1725 518 1763 authograplio
541 1728 660 1761 nostro,
685 1723 828 1762 nobisque
850 1724 976 1762 desuper

230 1774 361 1810 monitis,
377 1782 429 1812 per
446 1773 650 1802 authenticum
667 1772 875 1802 documentum
893 1781 977 1811 prae-

231 1823 323 1854 sentis
361 1822 453 1852 totius
491 1821 651 1850 definitorii
684 1820 902 1860 subscriptione
944 1830 976 1850 ac

230 1872 328 1911 sigillo
350 1871 510 1908 firmatum,
534 1870 569 1899 de
592 1870 671 1899 illius
695 1870 893 1908 publicatione
910 1879 976 1899 exa-

231 1925 353 1959 ctaeque
376 1919 580 1949 observantiae
603 1918 771 1957 sponsione.
797 1918 831 1948 Et
860 1919 896 1948 ita
927 1919 977 1947 de-

232 1969 392 2001 cernimus,
423 1967 620 2006 praecipimus
653 1971 682 1996 et
713 1967 897 2003 mandamus,
923 1967 976 1996 hoc

231 2023 260 2048 et
283 2017 363 2048 omni
387 2017 443 2046 alio
467 2016 583 2045 meliori
606 2016 703 2046 modo.
728 2017 831 2046 Datum
856 2017 975 2053 Itomae,

232 2075 280 2097 xvi
301 2065 404 2105 aprilis
432 2073 581 2095 mcccxxv.
616 2081 652 2086 -
687 2065 720 2095 G.
746 2065 931 2095 Laciissnrics
960 2075 976 2094 A

232 2115 262 2146 S.
281 2115 450 2144 Litrnesrio
467 2113 603 2143 minister
618 2114 777 2151 generalis.
790 2130 821 2135 -
841 2114 879 2143 De
896 2123 977 2144 man·

234 2163 301 2193 dato
323 2161 564 2192 reverendissimi
581 2162 674 2191 nostri
696 2161 725 2191 in
743 2161 857 2191 Christo
875 2162 976 2201 patris,

234 2211 324 2241 frater
346 2211 497 2241 Aaroxars
520 2219 536 2240 A
560 2210 692 2240 ltlAzania
722 2210 901 2248 segretarius
931 2220 978 2248 ge-

233 2260 343 2290 neralis
365 2259 494 2290 Ordinis.
520 2260 587 2289 Loco
610 2261 628 2296 †
649 2259 747 2298 sigilli.

38 2327 224 2375 magorffiqx'affi
277 2319 292 2363 ἓ
316 2318 347 2351 2.
367 2318 443 2352 Cum
468 2312 584 2358 autem,
607 2317 690 2350 sicut
713 2317 824 2350 eadem
851 2318 978 2360 exposi-

39 2387 117 2402 rarurm
235 2373 278 2406 tio
299 2371 526 2414 subiungebat,
545 2376 579 2403 ut
599 2370 726 2404 litterae
753 2370 977 2413 praeinsertae

233 2425 357 2458 firmius
384 2423 565 2456 subsistant
589 2428 621 2455 et
645 2422 676 2455 in
694 2422 841 2465 partibus
867 2433 978 2455 execu-

234 2477 313 2511 tioni
333 2477 569 2510 demandentur
587 2481 618 2508 et
635 2480 808 2508 serventur
824 2476 977 2515 exactius,

233 2531 317 2564 idem
335 2529 527 2563 Laurentius
554 2528 701 2562 minister
718 2528 879 2570 generalis
905 2528 976 2561 illas

326 2594 402 2625 Bull.
424 2593 506 2620 Rom.
526 2608 560 2612 —
585 2591 643 2621 1⁷01.
665 2590 756 2618 XXII.
900 2590 933 2617 ⁶28

1011 202 1209 246 apostolicae
1228 200 1482 235 confirmationis
1501 205 1630 232 nostrae
1649 204 1753 241 patro-

1010 256 1096 289 cinio
1122 254 1315 289 communiri
1339 263 1544 296 summopere
1563 251 1726 285 desideret
1744 264 1749 283 z

1011 319 1078 348 nos,
1103 308 1203 351 ipsius
1228 306 1390 340 Laurentii
1425 305 1563 339 ministri
1591 304 1752 347 generalis

1012 360 1090 394 votis
1116 361 1177 393 hac
1203 361 1233 392 iu
1261 370 1315 399 re,
1342 365 1495 403 quantum
1525 369 1594 391 cuin
1616 357 1752 390 Domino

1011 424 1194 456 possumus,
1221 412 1441 446 favorabiliter
1470 422 1613 445 annuere
1641 413 1753 444 volen—

1014 471 1070 505 tes,
1089 464 1387 508 supplicationibus
1413 464 1482 497 eius
1504 464 1634 497 nomine
1661 463 1752 496 uobis

990 536 992 542 ι
1012 528 1109 560 super
1134 518 1198 550 hoc
1216 516 1384 549 humiliter
1408 516 1570 559 porrectis
1594 516 1752 556 inclinati,

229 606 377 636 antedicto
409 604 628 641 vieintiseptem
665 609 809 631 annorum
839 604 970 638 tempore
990 586 992 607 ⁵
1012 569 1232 613 Pfflssinssffl'tass
1250 573 1400 612 Palesstes
1418 569 1541 601 listffl'fls
1566 579 1638 600 Cum
1656 568 1754 600 Omni·

1012 622 1072 654 bus
1098 626 1129 655 et
1153 621 1288 664 singulis
1313 621 1343 654 in
1372 622 1418 654 eis
1443 620 1604 653 contentis
1638 626 1669 653 et
1704 631 1756 652 ex-

1013 674 1155 717 pressis,
1184 673 1374 706 auctoritate
1413 673 1588 716 apostolica
1606 699 1613 712 ‚
1642 677 1754 705 tenore

1013 726 1234 770 praesentium
1250 753 1257 766 ‚
1283 726 1499 769 approbamus
1525 730 1557 757 et
1585 725 1756 757 confirma-

1014 791 1095 819 mus,
1112 780 1243 823 illisque
1269 778 1467 812 inviolabilis
1492 778 1688 821 apostolicae
1709 777 1757 810 iir-

992 833 1135 866 'mitatis
1172 832 1272 865 robur
1308 831 1486 871 adiicimus,
1519 841 1554 863 ac
1585 841 1696 862 onmes
1726 836 1757 863 et

1014 886 1162 928 singulos
1188 885 1265 917 iuris
1303 889 1333 917 et
1370 882 1442 916 sacti
1472 882 1626 922 desectus,
1652 882 1675 915 si
1702 883 1755 925 qui

1016 940 1160 982 desuper
1208 937 1454 981 quomodolibet
1495 936 1754 975 intervenerint,

1016 993 1216 1035 supplemus.

1059 1048 1074 1091 ξ
1098 1046 1129 1081 3.
1156 1046 1349 1085 Praeterea,
1374 1044 1412 1077 ad
1438 1044 1500 1077 hoc
1525 1049 1560 1075 ut
1585 1043 1669 1075 dicta
1695 1047 1759 1075 tei·-

1016 1100 1121 1133 nativa
1154 1099 1221 1132 sive
1247 1097 1431 1130 distributio
1456 1096 1633 1130 officiorum
1666 1106 1757 1127 suum

1017 1153 1170 1187 sortiatur
1196 1151 1355 1189 ellectum,
1372 1150 1476 1184 eidem
1502 1149 1684 1192 provinciae
1712 1148 1787 1181 Si-ii

1017 1207 1110 1240 ciliae
1127 1206 1165 1239 de
1184 1204 1309 1238 idoneis
1337 1203 1486 1235 ministro
1511 1202 1701 1245 provinciali
1729 1208 1760 1234 et

1761 149 1809 175 An.
1828 148 1854 175 C.
1880 149 1947 174 1725

1791 1055 1906 1080 [leputatur
1915 1052 1951 1072 mi-

1770 1086 1833 1101 nister
1869 1086 1915 1105 pini
1937 1090 1951 1099 ,-

1769 1109 1827 1128 stalis
1843 1110 1860 1127 el
1879 1107 1950 1126 ili-aiu-

1771 1139 1801 1154 [nr
1817 1136 1886 1153 itu-tae
1904 1140 1951 1159 prn-

1792 1167 1860 1182 ticine.

1018 1259 1188 1294 definitor-e
1221 1268 1255 1291 ex
1291 1256 1461 1290 commisso
1487 1255 1581 1288 nobis
1607 1255 1759 1287 divinitus
1809 1247 1813 1252 ’

1018 1311 1271 1357 dispensationis
1289 1321 1419 1343 munere
1438 1309 1607 1352 providere
1627 1308 1761 1350 cusien-

1019 1371 1074 1405 tcs,
1101 1377 1136 1399 ac
1163 1366 1201 1398 de
1227 1365 1420 1398 dilectorum
1458 1362 1595 1395 filiorum
1630 1361 1760 1394 loannis

1018 1430 1035 1451 a
1060 1419 1223 1457 Messana,
1249 1416 1379 1450 lectoris
1407 1415 1531 1447 iubilati
1569 1419 1599 1446 et
1624 1414 1760 1446 actualis

1019 1470 1211 1510 defluum-is,
1238 1480 1274 1501 ac
1299 1468 1457 1501 Leonardi
1492 1467 1614 1510 pariter
1640 1477 1655 1497 a
1681 1466 1760 1498 Mes-

1018 1526 1094 1557 sana
1122 1523 1207 1563 side,
1246 1521 1430 1565 prudentia,
1458 1521 1614 1559 doctriua,
1640 1520 1759 1562 pietate

1019 1584 1049 1611 et
1075 1576 1245 1618 religionis
1280 1576 1349 1607 zelo
1386 1576 1514 1617 plenam
1542 1572 1702 1605 babentes
1729 1572 1759 1603 in

1020 1629 1156 1663 Domino
1193 1628 1355 1666 fiduciam,
1384 1632 1415 1659 et
1441 1636 1551 1659 eoruiu
1579 1625 1761 1668 singulares

1020 1692 1177 1726 personas
1195 1692 1211 1713 a
1226 1679 1395 1724 quibusvis
1409 1678 1760 1715 excommunicationis,

1020 1735 1243 1779 suspensionis
1277 1739 1307 1766 et
1339 1731 1516 1771 interdicti,
1545 1732 1682 1774 aliisque
1714 1741 1762 1762 ec-

1020 1787 1208 1822 clesiasticis
1226 1785 1408 1825 sententiis,
1423 1784 1568 1817 censuris
1589 1789 1617 1816 et
1636 1783 1760 1827 poenis,

1021 1853 1037 1875 a
1064 1842 1131 1874 iure
1157 1841 1206 1873 vel
1233 1840 1272 1872 ab
1295 1838 1435 1878 homine,
1455 1837 1566 1881 quavis
1591 1836 1761 1869 occasione

997 1907 999 1926 ς
1020 1897 1068 1929 vel
1094 1896 1188 1928 causa
1212 1893 1294 1932 latis,
1317 1892 1341 1925 si
1369 1892 1485 1935 quibus
1512 1890 1763 1934 quomodolibet

1021 1949 1193 1981 innodatae
1231 1946 1382 1985 existunt,
1421 1944 1458 1977 ad
1493 1944 1637 1977 ell'ectum
1672 1954 1762 1987 prae·

1020 2002 1160 2035 sentium
1176 2000 1339 2032 dumtaxat
1353 1998 1629 2041 consequendum,
1646 1997 1761 2029 liaruni

1020 2055 1103 2088 serie
1130 2055 1336 2087 absolventes
1363 2057 1395 2084 et
1419 2051 1583 2084 absolutas
1603 2051 1668 2083 sore
1687 2060 1762 2082 ceu-

1020 2113 1139 2148 sentes‚
1171 2105 1374 2150 praedictum
1401 2104 1554 2137 loannem
1594 2103 1625 2135 in
1663 2103 1760 2135 mini-

1020 2167 1121 2194 strum
1148 2159 1393 2204 provincialem,
1432 2168 1468 2190 ac
1500 2156 1703 2189 Leonardum
1730 2157 1762 2188 in

1021 2214 1226 2247 definitorem
1265 2210 1449 2254 provinciae
1483 2209 1614 2245 Siciliae
1650 2208 1763 2241 liuius-

1021 2266 1119 2305 modi,
1143 2274 1213 2297 cum
1235 2263 1387 2296 omnibus
1415 2268 1446 2294 et
1470 2261 1608 2304 singulis
1634 2272 1763 2304 praero-

1021 2318 1147 2361 gativis,
1167 2315 1448 2360 praeeminemus,
1477 2314 1693 2353 facultatibus,
1713 2325 1765 2346 au-

1021 2370 1181 2409 ctoritate,
1209 2368 1539 2417 privilegiis½gratiis
1565 2371 1595 2400 et
1621 2368 1764 2405 indultis,

1021 2435 1056 2457 ac
1082 2422 1263 2456 honoribus
1289 2426 1320 2454 et
1345 2422 1499 2454 oneribus
1517 2420 1620 2453 solitis
1641 2426 1671 2452 et
1689 2430 1765 2452 con-

1021 2476 1131 2514 suetis,
1160 2475 1243 2507 dicta
1270 2473 1460 2507 auctoritate
1482 2473 1707 2506 constituimus
1732 2477 1764 2504 et

1021 2529 1227 2572 deputamus.
1251 2526 1438 2560 Mandantes
1463 2530 1637 2570 propterea
1655 2524 1686 2556 in
1707 2523 1763 2557 vir-
