2170 3147
15 208 65 236 An.
78 206 107 234 C.
129 205 196 233 17³2AE

48 2211 129 2241 Causae
142 2217 204 2237 prac-

20 2240 85 2268 sentis
117 2243 204 2259 conces·

20 2270 93 2285 9911Ιὲ-

794 206 986 229 nmrmctt's

206 254 303 287 tionis
322 264 357 286 ac
375 252 562 296 privationis
580 253 666 285 vocis
684 253 803 285 activae
825 258 854 285 et
870 264 939 295 pas-

206 306 291 338 sivae
315 304 429 349 poenis
455 315 512 348 per
541 305 808 337 contrafacientes
834 305 939 336 incur-

207 410 378 455 expressis,
393 409 561 443 interdixit
578 415 609 442 et
625 409 805 453 prohibuit.
822 409 940 442 Permi-

206 464 247 497 sit
265 469 370 497 tamen
391 468 463 496 tunc
480 463 602 506 paritet
619 461 826 495 existentibus
846 463 939 494 mini-

206 517 279 550 stris
303 516 557 560 provincialibus
581 520 612 548 et
636 515 861 548 definitoribus
887 515 940 547 Οι-

207 570 291 603 dinis
318 569 502 602 huiusmodi
528 568 726 602 coniunctim
758 568 962 611 proceden-

208 623 301 662 tibus,
318 627 352 654 ut
368 632 429 665 per
445 632 558 655 eoium
580 621 728 665 ςμιᾶίεοε
754 621 938 654 earumdem
961 620 962 623 ’

205 675 476 709 bibliothecarum
502 674 602 707 libros
628 674 714 707 dicto
739 673 848 707 Ordini
870 673 938 705 inu-

208 728 278 762 tiles
304 738 375 761 cum
401 727 472 760 aliis
504 726 650 767 utilibus,
678 727 716 759 de
742 726 873 759 lieentia
895 731 962 758 ta-'

206 791 279 814 men
319 781 449 814 illorum
489 780 540 823 qui
578 780 708 812 eosdem
746 780 869 818 libros,
906 774 962 811 ut]

207 834 399 878 praefertur,
424 833 616 869 donassent.
644 837 699 865 aut
724 842 836 864 eorum
863 831 939 864 hae-

208 887 328 925 redum,
343 885 368 918 si
384 885 573 925 extitissent,
591 891 775 928 permutare
795 889 939 928 possent,

207 945 238 972 ct
262 939 339 971 alias
376 943 472 981 prout
496 937 528 970 in
554 937 658 981 ipsius
694 937 813 970 Urbani
849 947 940 980 prae-

208 990 512 1025 decessorislitteris
527 991 664 1033 desuper
678 991 710 1023 in
728 990 823 1022 simili
841 990 941 1022 forma
961 1004 963 1010 ι

209 1044 317 1077 Brevis
343 1043 394 1076 die
410 1054 449 1076 xx
465 1043 532 1076 iulii
559 1053 745 1076 nncx'xxvni
771 1042 939 1086 expeditis,

208 1097 340 1130 uberius
372 1097 490 1129 dicitur
527 1096 697 1129 contineri.
730 1096 767 1128 Et
803 1096 939 1128 subinde

210 1149 402 1183 recolendae
442 1149 617 1181 memoriae
662 1148 842 1181 Alexander
878 1148 938 1180 Pa-

210 1214 250 1246 pa
266 1202 342 1242 VIII,
362 1202 457 1235 etiam
482 1202 716 1245 praedecessor
737 1206 857 1240 noster,
884 1211 942 1244 per

210 1255 287 1288 alias
313 1265 386 1288 suas
411 1256 532 1298 pariter
557 1255 588 1286 in
615 1254 712 1287 simili
738 1254 842 1287 forma
868 1253 942 1286 Bre-
963 1263 965 1280 ι

211 1308 257 1341 vis
282 1308 334 1341 die
359 1317 393 1340 111
420 1307 485 1339 iulii
510 1316 687 1340 ninctxxxnt
711 1306 877 1349 expeditas
896 1306 943 1338 lit-

212 1367 305 1401 teras,
320 1360 457 1393 similem
478 1359 734 1403 prohibitionem
757 1358 831 1391 fecit
853 1369 943 1401 prae·

213 1419 358 1456 terquam
380 1412 531 1445 fratribus
557 1411 712 1455 praedicti
731 1411 867 1451 Ordinis,
889 1410 941 1454 qui

212 1466 343 1509 quidem
368 1465 468 1498 libros
489 1476 505 1498 e
526 1465 734 1498 bibliothecis
760 1463 943 1497 huiusmodi

213 1518 388 1562 respective
413 1519 452 1551 de
477 1518 656 1562 superioris
688 1528 742 1550 seu
768 1517 944 1550 bibliothe-

211 1571 287 1604 carii
311 1581 370 1614 pro
396 1575 540 1614 tempore
558 1571 722 1603 existentis
748 1570 878 1602 licentia
896 1580 944 1603 ex-
964 1583 966 1611 i

213 1624 340 1657 trahere
367 1630 398 1656 et
415 1624 459 1657 eis
474 1635 534 1667 pro
552 1624 713 1657 communi
728 1629 942 1656 conventuum

211 1682 241 1709 et
264 1675 451 1720 particulari
477 1676 611 1708 fratrum
636 1675 764 1708 Ordinis
789 1676 941 1718 praedicti

211 1740 267 1761 usu
293 1729 324 1761 in
356 1729 420 1762 suis
461 1728 609 1768 cellulis,
638 1728 788 1760 fratribus
815 1739 943 1771 quoque

212 1781 354 1814 eiusdem
375 1780 503 1814 Ordinis
529 1780 660 1813 verbum
679 1780 732 1813 Dei
754 1781 943 1823 praedican-

211 1834 309 1874 tibus,
339 1834 392 1877 qui
428 1835 522 1866 etiam
549 1839 637 1866 extra
666 1844 741 1866 suos
767 1839 942 1866 conventus

212 1887 256 1919 uti
281 1891 438 1930 possent,
469 1886 524 1919 sed
551 1886 642 1919 finito
668 1897 725 1919 usu
759 1887 942 1920 huiusmodi

211 1939 317 1972 subito
342 1939 380 1972 ad
399 1939 498 1972 dietas
520 1939 734 1972 bibliothecas
752 1940 812 1972 sub
829 1941 942 1983 poenis

213 1992 407 2035 supradictis
424 1997 590 2035 reportare
610 1993 783 2033 deberent;
807 1998 836 2025 et
854 1992 942 2033 alias,

214 2049 310 2087 prout
337 2044 369 2076 in
400 2044 575 2088 praedictis
606 2045 779 2081 Alexandri
806 2045 943 2088 praede-

215 2097 352 2130 cessoris
387 2096 502 2129 litteris
539 2097 638 2130 l'usius
678 2097 834 2130 asseritur
869 2109 945 2132 con·
988 2100 1169 2139 meliorum,
1186 2105 1217 2133 et
1243 2110 1309 2133 non
1336 2100 1366 2132 in
1393 2101 1473 2133 alios
1492 2110 1727 2140 usus‚conver-

216 2149 324 2182 tineri.

258 2203 272 2246 ξ
296 2203 326 2235 ⁶2.
354 2202 428 2235 Cum
455 2208 570 2243 autem,
598 2204 678 2236 sicut
703 2203 815 2237 cadem
848 2215 945 2247 expo-
965 2209 967 2244 ξ
989 2211 1077 2239 catos
1093 2206 1159 2238 sive
1180 2207 1362 2248 superfluos
1377 2216 1446 2238 cum
1459 2205 1726 2239 aliisutilioribus

214 2255 287 2288 sitio
313 2255 549 2298 subiungebat,
575 2255 657 2288 inter
682 2256 782 2289 libros
799 2284 806 2297 ,
834 2257 886 2300 qui
913 2257 944 2290 in

214 2307 306 2339 dictis
322 2306 532 2340 bibliothecis
546 2308 692 2341 collocati
711 2308 873 2348 existant¹‚
890 2309 945 2342 ali-

213 2365 291 2403 quot
316 2360 380 2392 sint
404 2360 580 2403 duplicati,
605 2361 671 2394 sive
697 2362 864 2404 superssui,
890 2362 944 2404 qui

214 2411 244 2444 in
278 2411 349 2445 aliis
387 2412 597 2446 bibliothecis
637 2413 780 2447 eiusdem
816 2413 944 2447 Ordinis

213 2464 356 2498 existunt
376 2465 560 2506 necessarii,
579 2471 611 2499 et
627 2466 789 2500 viceversa
807 2467 943 2509 eveniat,

248 2583 258 2608 1
283 2581 373 2617 Aptius
393 2581 450 2618 tege
470 2582 598 2610 existunt
615 2582 656 2617 (a.
678 2584 727 2618 T.).

1014 206 1069 229 ΜΠ
1096 206 1143 229 ΓΡ.

986 255 1072 296 quod
1101 255 1133 287 in
1161 254 1245 292 illis,
1277 254 1309 286 in
1336 254 1454 297 quibus
1481 253 1598 287 desunt
1621 253 1718 291 libri,

960 323 962 348 ι,
983 306 1037 348 qui
1064 305 1094 337 in
1122 305 1192 338 aliis
1217 307 1371 349 superflui
1398 311 1481 345 sunt,
1507 305 1560 338 alii
1579 305 1653 338 libri
1673 315 1721 337 re-

206 358 324 398 rendis,
351 358 410 390 sub
436 357 532 390 certis
557 356 652 390 modo
678 362 710 389 et
735 357 835 389 forma
864 363 939 389 tunc
960 360 962 388 ἐ

984 358 1150 400 perimitur
1190 358 1361 400 superflui,
1399 358 1517 401 quibus
1557 357 1718 390 eiusmodi

960 390 962 451 i
982 410 1203 444 bibliothecae
1222 410 1422 453 indigerent,
1442 411 1545 443 dictus
1563 420 1637 443 vero
1658 420 1721 442 mo-

960 464 1104 529 ¹dernus
1121 469 1316 506 procurator
1333 463 1506 506 generalis,
1525 463 1653 495 utilitati
1674 475 1722 496 ea-

960 507 1129 569 ¹rumdem
1162 516 1436 549 bibliothecarum
1473 516 1642 550 consulere
1668 528 1722 550 cu-

960 558 1089 616 1'›iens,
1117 568 1272 601 ministris
1303 569 1554 612 provincialibus
1588 576 1619 602 et
1644 569 1721 602 deti-

983 621 1102 654 nitorio
1127 621 1256 654 Ordinis
1287 621 1442 664 praedicti
1475 621 1577 654 libros
1614 622 1721 665 dupli-

983 680 1072 707 catos
1097 674 1163 707 sive
1189 675 1369 718 superfluos
1388 675 1549 707 vendendi
1567 674 1631 707 sive
1649 686 1721 718 per<

984 727 1130 761 mutandi
1168 727 1352 760 facultatem
1393 738 1409 760 a
1450 728 1544 760 nobis
1585 729 1721 761 concedi

984 791 1190 824 summopere
1216 781 1400 813 desideret:
1428 781 1521 813 nobis
1546 786 1723 823 propterea

985 834 1153 867 humiliter
1185 832 1362 876 supplicari
1395 833 1470 866 fecit
1500 840 1533 865 ut
1568 832 1598 865 in
1629 843 1723 875 prae·

961 885 962 904 ³
985 887 1089 919 missis
1115 892 1301 929 opportune
1328 885 1501 929 providere
1528 890 1559 918 et
1582 890 1617 917 ut
1642 885 1724 917 infra

985 939 1156 982 indulgere
1183 939 1221 971 de
1248 938 1447 981 benignitate
1472 937 1649 981 apostolica
1675 938 1722 971 di-

986 1002 1172 1035 gnaremur.

1029 1045 1089 1088 §3
1108 1045 1170 1078 Nos
1190 1044 1286 1087 igitur
1294 1044 1425 1088 ‚ipsum
1439 1044 1631 1077 modeinuni
1650 1054 1723 1087 pio-
1735 1052 1776 1098 flua·
1779 1058 1917 1100 Ιιωιωιί1

985 1104 1167 1132 curatorem
1199 1100 1384 1140 generalem
1415 1097 1610 1140 specialibus
1641 1098 1723 1131 savo-
1734 1086 1758 1151 {33
1755 1109 1854 1156 ιιιΗιιιῶ-Γιιι
1852 1111 1918 1151 ¹¹?ss

962 1152 1074 1187 ,ribus
1105 1158 1136 1184 et
1172 1151 1281 1194 gratiis
1313 1151 1467 1194 prosequi
1498 1151 1666 1190 volentes,
1692 1156 1756 1184 etsu

986 1216 1002 1237 a
1023 1204 1190 1247 quibusxis
1214 1203 1567 1243 excommunicationis,
1593 1214 1723 1247 suspen·
1734 1191 1758 1232 iza
1760 1191 1859 1236 ιι,1

1698 1257 1703 1262 ,
1734 1245 1757 1259 ru
1753 1238 1848 1258 ιιιιιιΙΙιιι
1846 1217 1905 1258 ili-itu.

986 1257 1085 1290 sionis
1101 1263 1132 1289 et
1149 1256 1321 1296 inteidicti‚
1338 1256 1473 1299 aliisque
1492 1256 1722 1289 ecclesiasticis

986 1309 1177 1349 sententiis,
1213 1309 1358 1341 censuris
1391 1314 1422 1341 et
1447 1308 1585 1351 poenis,
1613 1319 1630 1341 a
1654 1307 1723 1340 iure

987 1363 1036 1395 vel
1063 1363 1102 1395 ab
1129 1361 1284 1401 homine,
1321 1361 1432 1404 quavis
1469 1361 1640 1394 occasione
1673 1362 1723 1395 vel

987 1417 1080 1448 causa
1106 1415 1189 1454 latis,
1215 1415 1240 1447 si
1267 1414 1385 1457 quibus
1404 1414 1652 1456 quomodolibet
1677 1414 1724 1446 in-

988 1468 1124 1500 nodatus
1162 1466 1291 1506 existit,
1312 1466 1350 1498 ad
1385 1465 1533 1499 ell'ectum
1571 1476 1725 1509 praesen-

989 1520 1064 1552 tium
1092 1520 1258 1552 dumtaxat
1282 1518 1551 1562 consequendum
1570 1546 1577 1559 ,
1610 1519 1724 1551 harum

987 1572 1071 1605 serie
1090 1572 1295 1604 absolventes
1316 1577 1347 1604 et
1362 1572 1544 1604 absolutum
1563 1571 1632 1604 sore
1653 1582 1726 1605 cen-

964 1662 965 1668 *
987 1630 1112 1663 sentes,
1143 1624 1324 1657 huiusmodi
1351 1624 1644 1667 supplicationibus
1671 1625 1725 1657 in-

964 1703 965 1723 3
987 1677 1107 1716 clinati‚
1133 1687 1217 1709 nunc
1242 1672 1272 1709 et
1298 1688 1357 1720 pro
1385 1683 1530 1720 tempore
1565 1677 1726 1709 existenti-

988 1731 1045 1762 bus
1073 1729 1228 1761 ministris
1255 1729 1509 1772 provincialibus
1528 1734 1556 1762 et
1582 1728 1726 1762 definito·

989 1782 1035 1814 rio
1069 1782 1265 1815 conium-tim
1298 1782 1419 1825 pariter
1445 1781 1722 1824 procedentibus,

964 1830 966 1871 Ῠ
988 1841 1021 1867 ut
1053 1845 1112 1878 per
1142 1844 1253 1867 eorum
1279 1834 1428 1877 syndicos
1454 1834 1556 1867 libros
1582 1834 1726 1877 duplica-

989 1894 1037 1921 tos
1068 1888 1135 1921 sire
1169 1888 1352 1931 superfluos
1383 1887 1570 1930 praedictos
1597 1886 1724 1921 meliori

988 1951 1049 1984 qna
1074 1940 1140 1974 fieri
1167 1941 1288 1984 poterit
1313 1941 1500 1973 conditione
1527 1941 1666 1974 vendere
1693 1947 1725 1974 et

988 1994 1145 2033 alienare,
1172 1994 1389 2036 pecuniasque
1415 1993 1489 2026 inde
1516 1999 1727 2036 proventuras

988 2047 1019 2079 in
1046 2047 1244 2090 emptionem
1270 2052 1317 2080 tot
1343 2047 1501 2080 librorum
1538 2046 1667 2080 utilium
1692 2058 1728 2080 ac

990 2159 1055 2186 tere
1083 2158 1113 2186 et
1139 2163 1288 2195 erogare,
1314 2153 1363 2185 vel
1382 2153 1469 2195 ipsos
1496 2153 1597 2186 libros
1624 2153 1728 2196 dupli-

989 2264 1020 2291 et
1045 2259 1232 2292 melioribus
1258 2263 1443 2301 permutare
1469 2258 1570 2292 libere
1589 2264 1619 2292 et
1640 2259 1727 2292 licite

989 2312 1110 2355 absque
1136 2312 1232 2345 ullius
1258 2322 1415 2345 censurae
1449 2314 1498 2346 vel
1532 2323 1658 2356 poenae
1695 2313 1727 2346 in

989 2365 1183 2408 supradictis
1217 2365 1336 2399 Urbani
1370 2370 1401 2399 et
1427 2366 1600 2398 Alexandri
1634 2376 1728 2409 prae-

989 2418 1198 2451 decessorum
1225 2418 1341 2451 litteris
1367 2419 1479 2462 quovis
1504 2419 1601 2452 modo
1627 2430 1728 2462 appo-

988 2470 1068 2503 sitae
1093 2471 1159 2504 sive
1185 2471 1400 2504 comminatae
1434 2471 1567 2504 incursu
1602 2472 1728 2514 possint

988 2528 1019 2556 ct
1044 2524 1182 2564 valeant,
1209 2524 1253 2556 ita
1281 2528 1385 2557 tamen
1404 2529 1438 2556 ut
1462 2524 1536 2557 libri
1564 2524 1727 2568 emptione

987 2575 1052 2609 sive
1078 2576 1319 2620 permutatione
1338 2576 1522 2611 huiusmodi
1538 2575 1727 2622 acquirendi

1645 195 1685 229 79
1731 206 1780 230 An.
1802 205 1828 230 c.
1848 203 1913 231 1722
