2170 3147
0 220 41 247 tn.
57 219 87 246 C.
110 217 175 244 1724

0 284 81 302 ren-m
117 264 417 308 eius>pFfledCCESSOf
440 267 562 302 noster,
581 273 640 305 per
666 263 820 305 quasdam
846 272 918 294 suas

0 315 31 334 [ue
43 314 121 328 vicario
138 312 169 329 gv·

0 334 56 356 mis
85 318 305 353 cuium-litteras
332 316 472 358 desuper
495 315 529 347 in
555 315 651 348 simili
679 316 782 348 forma
808 315 918 347 Brevis

0 360 233 411 ffii'asssuilissi-‘alssdie
261 379 338 402 xv111
363 368 443 400 iunii
477 377 599 400 iicnxci
633 367 840 409 pontificatus
870 367 916 399 sui

0 414 68 434 ionum
87 417 169 434 causas,

0 446 30 459 ι...
75 432 265 459 mancatum
291 431 335 454 vn
366 420 548 464 expeditas,
574 419 626 452 et'
655 424 730 452 tunc
767 419 916 451 existenti

0 472 51 491 [uam
73 470 170 484 crinitn'd‘

0 498 34 514 μς,
49 492 69 511 in
93 491 169 516 qumus
180 474 300 507 vicario
327 480 402 506 tunc
418 473 540 516 pariter
562 472 728 505 existentis
755 471 918 514 archiepi-

7 517 153 543 delinquentes

3 544 88 564 ωηο-ιω.
129 549 168 572 ¹¹⁰¹?
181 526 269 569 scopi
295 525 513 559 Beneventani
549 525 581 557 in
615 524 839 567 spiritualibus
865 535 918 566 gc-

1 572 58 591 ssent

1 597 82 621 «upon,
102 574 283 615 ''littaei-ali
310 578 459 617 directas,
478 578 604 611 motus⁹
624 577 916 620 supplicationibus

0 624 45 675 [ἶῖἶῖ
59 628 169 673 ’ωξέζῖζῖἳῖ
183 637 258 665 tunc
272 631 384 664 itidem
399 630 603 664 existentium
614 630 915 663 Beneventanorum

1 674 383 724 {n'1¹.²⁰¹‘¹¹‘¹²¹'‘'⁵‘nostrorum‚
421 688 495 716 tunc
530 693 680 723 suorum,
719 682 912 716 directioni*

181 738 326 774 eiusdem
340 736 463 775 vicarii,
478 747 537 780 pro
556 736 668 769 maiori
684 736 915 769 commoditate

179 791 481 823 Beneventanorum
497 789 651 832 ipsorum,
664 788 704 821 ad
719 789 914 821 relaxandos

179 854 234 876 eos
258 843 427 876 laboribus
454 848 484 876 et
509 842 660 886 expensis
690 842 914 885 gravioribus,

178 906 291 929 omnes
317 896 573 938 appellationum
592 905 710 933 causas,
731 901 794 928 tam
816 895 846 928 in
873 895 914 928 ci-

177 948 293 981 vilibus
318 959 412 991 quam
431 947 464 980 in
482 948 716 987 criminalibus,
738 948 914 982 dummodo

178 1011 244 1034 non
290 1000 438 1033 venirent
482 1000 712 1043 delinquentes
755 1001 913 1043 puniendi

177 1054 284 1096 poena
309 1053 457 1095 corporis
484 1052 651 1093 afllictiva‚
678 1054 913 1096 cognoscendi,

179 1105 389 1145 terminandi,
417 1104 613 1145 decidendi,
649 1106 734 1139 iuxta
769 1112 912 1139 tenorem

177 1157 337 1200 privilegii
367 1157 453 1200 quod
479 1157 539 1190 sibi
565 1168 753 1191 concessum
779 1159 914 1192 affirma-

176 1210 255 1242 bant
279 1220 296 1242 a
320 1210 392 1253 piae
417 1210 594 1243 memoriae
621 1210 675 1243 Pio
702 1210 787 1254 Papa
811 1211 837 1244 ΙΙ
866 1212 914 1244 iti-

177 1263 251 1295 dem
267 1262 525 1306 praedecessore
544 1268 670 1303 nostro,
687 1263 868 1297 facultatem
884 1270 914 1297 et

178 1319 364 1358 potestatem
400 1315 578 1358 apostoliea
614 1316 805 1349 auctoritate
837 1328 913 1349 con—

178 1372 321 1400 cesserat
346 1366 442 1399 etiam
469 1372 501 1399 et
527 1367 682 1410 elargitus
709 1368 831 1401 suerat:

3 1432 27 1461 ΔΑ
52 1432 167 1461 mutatu
221 1420 236 1463 ἓ
261 1419 293 1452 2.
319 1419 462 1453 Subinde
487 1420 604 1453 Paulus
631 1421 715 1464 Papa
735 1421 791 1462 ΙΙΙ,
816 1422 911 1455 etiam

0 1462 414 1514 12¹³¹³B⁰ene⁰v¹83233praedecessor
438 1478 559 1513 noster,
579 1484 638 1517 per
656 1474 734 1507 alias
759 1484 832 1507 suas
858 1475 913 1508 de-

0 1512 275 1567 350533532³533super
306 1525 363 1558 sub
399 1526 531 1569 plumbo
565 1536 649 1560 anno
674 1527 911 1562 incarnationis

0 1563 166 1614 kl‘iafssffilssssssssff
178 1577 360 1610 dominicae
378 1588 551 1619 iinxxxvni,
569 1589 588 1611 x
605 1579 760 1613 kalendas
778 1586 912 1623 septem-

175 1629 253 1669 bris,
276 1629 484 1672 pontificatus
510 1631 558 1663 sui
585 1642 671 1664 anno
689 1643 717 1673 v,
744 1633 910 1675 expeditas

175 1682 314 1722 litteras,
327 1683 432 1716 honae
448 1685 620 1717 memoriae
634 1685 818 1726 ancisco,
835 1687 910 1719 dum

175 1735 513 1779 vixit,archiepiscop0
522 1737 751 1771 Beneventano
763 1738 908 1779 directas,

175 1788 339 1830 quondam
364 1789 527 1822 Ludovieo
546 1790 698 1831 Bozzuto,
720 1791 794 1823 dum
821 1792 907 1832 vixit,

175 1839 234 1872 civi
258 1839 481 1883 Neapolitano,
509 1841 646 1875 civitatis
674 1848 802 1876 nostrae
835 1849 909 1877 tunc

175 1902 250 1925 suae
275 1893 521 1927 Beneventanae
547 1895 767 1937 gubernatori,
794 1902 909 1929 contra

175 1949 206 1976 et
230 1944 314 1977 inter
331 1956 550 1989 quoscumque
569 1947 628 1980 sibi
647 1948 771 1981 ratione
790 1949 909 1991 guber-

175 1996 219 2028 nii
244 1997 293 2029 sui
318 1997 432 2040 quovis
451 1999 548 2032 modo
567 1999 726 2039 subditos,
745 2001 771 2032 si
791 2000 830 2034 de
854 2001 906 2034 tali

175 2050 270 2081 causa
304 2055 440 2092 agerent
472 2061 508 2084 ex
545 2063 606 2095 qua
640 2053 776 2086 civitatis
808 2058 907 2087 status

175 2102 357 2145 perturbari
375 2103 547 2146 potuisset,
566 2105 695 2148 quoties
719 2106 780 2139 sibi
805 2107 905 2140 visum

176 2154 299 2194 suisset,
323 2157 508 2196 summarie,
528 2157 717 2200 simpliciter
734 2164 766 2191 et
784 2160 822 2192 de
840 2162 908 2203 pla-

175 2216 225 2246 no,
252 2207 322 2240 sine
346 2208 483 2251 strepitu
509 2213 540 2242 et
563 2210 664 2252 figura
691 2211 812 2252 iudicii,
838 2214 907 2246 sota

174 2258 248 2291 sacti
268 2259 403 2292 veritate
422 2259 581 2303 inspecta,
597 2262 675 2295 iuris
694 2263 807 2296 ordine
821 2274 908 2307 prae-

173 2310 331 2352 termisso,
351 2317 382 2345 et
407 2312 485 2346 alias
504 2324 601 2346 manu
619 2315 709 2357 regia
727 2317 908 2358 proceden-

172 2362 214 2402 di,
236 2373 364 2396 necnon
390 2374 513 2398 meram
540 2371 570 2399 et
593 2366 723 2400 mixtam
749 2368 908 2402 omnimo-

171 2415 243 2448 dam
268 2416 368 2459 gladii
392 2422 588 2460 potestatem
606 2419 639 2452 in
665 2421 700 2453 ea
725 2422 905 2462 exercendi,

209 2497 218 2522 1
242 2495 309 2523 Male
325 2496 367 2523 ed.
382 2497 466 2524 Main.
483 2497 548 2532 legit
562 2506 598 2525 επ
612 2507 661 2534 pro
677 2502 701 2527 et
716 2502 754 2534 (a.
773 2505 822 2531 T.).

205 2539 221 2566 2
240 2540 311 2566 Male
327 2540 369 2567 ed.
385 2540 463 2568 Main.
481 2541 545 2575 legit
560 2543 652 2570 Motus
664 2544 704 2578 (u.
722 2544 770 2577 T.).

204 2583 220 2611 3
240 2584 278 2612 Αη
293 2588 368 2613 reeta
383 2585 461 2614 lectio
477 2586 576 2614 iudicet
591 2588 676 2616 lector
691 2588 761 2617 scius
780 2589 819 2625 (u.
836 2590 884 2625 12).

759 215 951 238 nnxroicrt's
977 215 1033 238 xlii
1057 216 1107 238 rr.

939 263 941 278 f
961 273 1088 295 necnon
1116 273 1336 306 quascumque
1355 273 1477 305 poenas
1498 263 1698 301 criminales,

908 682 917 695 q
937 674 938 683 t

937 685 1053 727 ¹etiam
1091 685 1376 728 praedecessorem
1418 690 1563 717 nostrum
1600 696 1698 728 super

1618 205 1658 238 87
1705 214 1758 242 Au.
1775 214 1803 240 C.
1826 214 1891 242 ¹724

961 315 1014 347 ubi
1041 316 1080 348 de
1101 317 1205 348 ultimi
1232 316 1384 358 supplicii
1419 321 1473 349 aut
1499 317 1538 349 de
1564 316 1696 348 mutila-

962 368 1047 401 tione
1074 370 1294 401 membrorum
1322 371 1426 411 poena
1452 379 1517 402 non
1547 374 1700 411 ageretur

961 421 1093 463 (habita
1118 421 1207 464 prius
1240 432 1298 463 per
1324 432 1378 454 eos
1404 422 1458 464 qui
1484 422 1699 465 deliquissent

938 475 940 485 ¹
960 473 999 505 ab
1026 473 1157 506 offensis
1181 474 1228 506 vel
1249 484 1362 506 eorum
1382 474 1576 506 haeredibus
1594 475 1698 517 pace),

961 527 991 558 in
1010 526 1212 569 pecuniarias
1237 536 1359 568 poenas
1385 527 1619 566 commutandi,
1638 531 1699 559 sta-

961 584 1063 612 tutum
1090 584 1120 612 et
1145 579 1383 612 ordinationem
1417 580 1538 612 dudum
1566 589 1623 622 per
1648 590 1698 611 re-

959 632 1114 665 colendae
1130 632 1306 665 memoriae
1324 632 1522 665 Clementem
1538 632 1596 665 PP.
1614 633 1696 664 tht¹

958 737 1151 770 substitionc
1165 737 1176 753 ‘²
1192 737 1418 780 procuratoris
1436 737 1554 770 liscalis
1573 738 1604 770 in
1623 749 1699 781 qua-

958 790 1037 823 libet
1055 790 1180 823 ciritate
1195 790 1269 823 Sedi
1286 791 1492 834 Apostolicae
1510 791 1697 824 immediate

958 843 1116 882 subiecta,
1143 848 1175 875 et
1200 842 1271 876 aliis
1308 848 1383 875 tuuc
1419 842 1582 886 expressis
1614 843 1697 876 sacta

957 901 988 929 et
1013 896 1098 929 edita
1123 896 1155 928 in
1181 896 1266 929 dicta
1292 896 1420 929 civitate
1453 897 1694 936 Beneventana‚

957 949 988 981 in
1014 948 1164 981 omnibus
1190 954 1221 981 et
1245 949 1384 991 singulis
1402 959 1513 982 eorum
1531 949 1694 991 capitulis,

957 1003 1123 1035 observari
1149 1007 1180 1035 et
1205 1002 1387 1035 executioni
1426 1002 1625 1041 demandari,
1661 1013 1697 1035 ac

957 1056 1019 1088 alia
1044 1060 1119 1088 tunc
1144 1065 1298 1098 expressa
1324 1054 1480 1094 faciendi,
1506 1055 1637 1098 plenam
1665 1060 1697 1088 et

957 1108 1089 1141 liberam
1116 1119 1174 1151 per
1197 1108 1276 1140 alias
1304 1117 1376 1140 suas
1401 1107 1432 1140 in
1460 1108 1560 1140 forma
1586 1107 1697 1140 Brevis

956 1162 1080 1194 litteras
1116 1161 1302 1193 facultatem
1335 1160 1518 1200 concessit·,
1549 1170 1695 1202 necnon,

957 1219 990 1246 ut
1014 1224 1128 1246 causae
1154 1213 1264 1246 civiles
1299 1212 1434 1245 civitatis
1470 1219 1501 1245 et
1534 1213 1696 1246 dioecesis

955 1265 1206 1309 praedictarum,
1233 1275 1370 1308 quarum
1403 1264 1547 1307 cognitio
1578 1264 1611 1296 in
1640 1275 1696 1297 se-

956 1319 1059 1351 cund-‘i
1084 1318 1236 1351 instantia
1261 1318 1299 1350 ad
1326 1317 1610 1360 archiepiscopum
1638 1318 1695 1350 Be-

956 1376 1170 1404 neventanum
1204 1381 1264 1413 pro
1303 1375 1449 1413 tempore
1487 1370 1694 1409 existentem,

955 1434 1010 1455 seu
1036 1423 1105 1455 eius
1131 1422 1297 1463 vicarium,
1318 1433 1353 1456 ex
1371 1422 1505 1466 antiqua
1531 1428 1562 1455 et
1579 1433 1696 1467 appr0‹

956 1475 1028 1508 bata
1054 1480 1188 1508 eatenus
1206 1475 1341 1518 pacifica
1367 1474 1537 1508 observata
1555 1485 1696 1509 eonsue-

956 1528 1065 1561 tudine
1106 1526 1231 1560 devolvi
1270 1532 1503 1567 consueverat,
1543 1529 1695 1561 celeriter

955 1580 1226 1620 terminarentur,
1251 1579 1363 1614 statuit
1380 1585 1411 1613 et
1429 1580 1591 1613 ordinavit
1608 1582 1694 1624 quod

953 1633 1069 1666 exinde
1108 1633 1146 1666 de
1172 1638 1304 1673 cetero,
1332 1633 1392 1665 nisi
1427 1634 1693 1678 archiepiscopus

953 1691 1006 1718 aut
1026 1686 1163 1719 vicarius
1189 1686 1347 1729 praedicti
1374 1697 1486 1720 causas
1511 1688 1695 1731 praedictas

931 1758 932 1765 κ
952 1739 1034 1771 int'ra
1056 1743 1122 1771 trcs
1145 1749 1284 1779 menses,
1313 1750 1329 1771 a
1355 1739 1405 1772 die
1428 1750 1489 1783 qua
1514 1741 1694 1783 procedere

953 1791 1170 1834 incepissent,
1199 1792 1284 1834 ipsas
1321 1802 1433 1825 causas
1459 1792 1692 1835 expetiissent,

952 1854 1064 1877 causae
1079 1844 1265 1887 praedictae
1283 1845 1321 1878 ad
1337 1846 1488 1878 abbatem
1502 1847 1692 1879 monasterii

951 1897 979 1929 S.
1006 1897 1141 1930 Modesti
1168 1897 1389 1931 Beneventani
1415 1898 1545 1932 Ordinis
1576 1900 1607 1932 S.
1635 1900 1694 1932 Be-

951 1950 1069 1983 nedicti
1097 1950 1357 1991 devolverentur,
1378 1957 1406 1984 et
1425 1951 1594 1985 devolutae
1619 1962 1692 1985 esse

950 2008 1169 2043 censerentur,
1192 2009 1289 2046 prout
1313 2004 1346 2036 in
1367 2004 1461 2038 dictis
1487 2005 1604 2038 litteris
1623 2006 1693 2049 ple-

948 2056 1019 2088 nius
1039 2056 1207 2089 dicebatur
1228 2057 1404 2090 contineri.

993 2109 1007 2151 ἓ
1039 2108 1070 2141 3.
1108 2108 1144 2140 Et
1184 2109 1215 2141 in
1255 2109 1410 2152 petitione
1447 2110 1554 2143 eidem
1590 2110 1724 2165 Paulop,
1764 2114 1787 2133 A*

1778 2146 1803 2159 C*
1838 2145 1876 2157 ΡΠ»

947 2162 1193 2204 praedecessori
1228 2172 1287 2205 pro
1320 2169 1410 2205 parte
1448 2163 1593 2197 eiusdem
1630 2175 1683 2197 ar-
1701 2140 1886 2213 effinxisse*

949 2213 1152 2257 chiepiscopi
1179 2215 1261 2248 sacta
1286 2215 1465 2256 subiunct0‚
1486 2217 1574 2259 quod
1598 2198 1818 2268 ριήεἱὲῖῇζῒζιὲ
1854 2225 1885 2240 ¹⁰¹⁵

950 2266 1046 2299 missa
1071 2266 1213 2309 cognitio
1239 2277 1408 2301 causarum
1434 2269 1622 2304 huiusmodi
1649 2271 1689 2304 ad

950 2319 1056 2362 ipsum
1081 2325 1112 2352 et
1146 2330 1204 2362 pro
1243 2325 1388 2363 tempore
1419 2322 1611 2356 existentem
1637 2335 1689 2357 ar-

949 2371 1194 2415 chiepiscopum
1231 2374 1494 2408 Beneventanum
1531 2386 1568 2409 ex
1601 2376 1688 2410 inve-

949 2426 1050 2457 terata
1085 2426 1319 2459 consuetudine
1353 2436 1483 2471 semper
1517 2429 1687 2463 observata

947 2478 1161 2520 spectantium
1184 2489 1201 2512 a
1227 2481 1282 2512 sua
1309 2480 1398 2514 curia
1426 2480 1626 2515 limitabatur
1655 2489 1686 2517 et

1812 2114 1886 2138 postea

981 2547 993 2573 1
1017 2548 1174 2583 Legendum
1194 2548 1291 2576 saltem
1308 2549 1484 2579 Clementem
1504 2552 1557 2581 VII
1570 2555 1608 2586 (n.
1623 2553 1671 2587 τ.).
1697 2555 1704 2562 “

981 2591 996 2617 ⁹2
1016 2593 1119 2620 Forsan
1134 2593 1334 2623 substitutione
1350 2595 1388 2630 (u.
1411 2596 1460 2629 Τ.).
