2170 3147
223 183 409 211 An.e.1727
456 174 520 207 61ss

420 232 599 265 memoriae
625 233 822 265 Alderanum
848 230 993 263 eiusdem
1019 230 1051 262 S.
1072 230 1110 261 R.
1130 229 1165 262 E.

421 286 623 318 cardinalem
649 285 736 327 Cybo
762 288 1000 326 nuncupatum,
1021 282 1097 315 dicti
1116 282 1168 314 Or-

421 340 517 378 dinis,
536 340 611 372 dum
630 339 716 377 vixit,
736 338 821 381 apud
840 338 991 370 eumdem
1010 337 1167 369 Innocen-

422 393 498 425 tium
525 393 812 436 praedecessorem
835 396 866 424 et
887 392 1002 424 Sedem
1031 391 1168 433 Aposto-

422 447 515 479 licam
543 450 776 488 protectorem,
796 444 950 477 remissus
970 443 1093 483 suisset,
1121 443 1168 476 di-

421 506 489 532 ctus
517 499 699 532 Alderanus
724 498 899 531 cardinalis
937 504 969 530 et
1000 502 1168 540 protector

422 564 515 586 suum
542 563 600 595 pro
627 552 711 585 dicta
738 552 858 584 unione
884 557 993 585 votum
1016 550 1109 584 iustis
1128 550 1167 583 de

421 607 527 640 causis
554 617 627 639 cum
663 616 701 639 eo
727 605 837 639 relatis
870 605 1054 648 praedictae
1086 603 1168 637 Con-

421 659 604 704 gregationi
624 659 837 693 cardinalium
858 659 1072 697 exhibuerat,
1092 668 1168 690 nec-

422 725 504 755 non,
531 725 602 746 cum
629 713 679 746 die
705 724 736 746 v1
763 713 837 745 maii
863 722 969 747 MDcxc
1004 722 1098 745 causa
1135 711 1167 743 in

422 768 491 810 ipsa
517 766 732 800 cardinalium
759 764 1021 808 Congregatione
1048 775 1167 808 propo-

423 820 484 853 sita
509 819 632 860 suisset,
651 819 753 852 dilato
772 819 857 851 circa
875 818 993 851 dietam
1015 818 1166 850 unionem

422 874 561 916 negotio,
589 879 796 906 emanaverat
821 873 861 906 ab
887 873 1002 905 eadem
1029 872 1166 914 Congre-

422 927 553 971 gatione
591 927 780 966 decretum,
820 937 883 969 quo
916 936 976 969 pro
1015 930 1090 957 tune
1130 934 1166 956 ex

423 981 525 1013 tribus
550 980 767 1014 conventibus
793 978 968 1022 praedictis
995 977 1168 1011 constituta

423 1034 528 1067 suerat
552 1033 714 1076 separatio
741 1032 937 1076 supradicta,
964 1041 1082 1074 nempe
1108 1030 1168 1062 lta-

423 1088 486 1122 liae
512 1086 688 1131 provincia,
709 1097 850 1130 quorum
873 1091 1092 1119 conventuum
1120 1095 1168 1117 re-

423 1141 533 1184 ligiosi
559 1141 618 1173 sub
640 1139 829 1173 obedientia
847 1138 985 1171 ministri
1005 1138 1168 1180 generalis

425 1195 503 1228 dicti
537 1194 683 1235 Ordinis,
710 1193 796 1225 iuxta
829 1193 963 1225 formam
990 1198 1098 1224 tamen
1135 1191 1167 1223 in

424 1248 618 1293 quibusdam
638 1247 836 1280 recolendae
851 1245 1029 1279 memoriae
1046 1244 1168 1278 Urbani

423 1302 529 1345 Papae
554 1301 618 1334 VIII
644 1300 756 1333 itidem
782 1299 1048 1343 praedecessoris
1067 1298 1167 1332 nostri

423 1355 540 1389 litteris
565 1355 597 1387 in
631 1354 726 1387 simili
762 1354 865 1387 forma
898 1353 1006 1385 Brevis
1039 1353 1089 1385 die
1125 1363 1168 1386 x11

424 1408 619 1453 septembris
646 1418 785 1442 itincxxlx
818 1406 978 1450 expeditis
1009 1406 1169 1450 praeseri-

423 1468 522 1507 ptam,
543 1466 795 1506 permanerent,
816 1461 892 1494 etin
910 1460 1022 1493 eadem
1042 1459 1169 1503 exposi-

426 1517 513 1550 tione
528 1516 699 1550 subiuncto
712 1515 798 1559 quod
813 1514 888 1548 dicti
900 1514 1045 1557 religiosi
1058 1513 1167 1546 obser-

424 1570 565 1603 vantiam
580 1569 852 1602 constitutionum
867 1568 970 1600 dictae
985 1567 1169 1610 Congrege-

426 1624 522 1657 tionis
545 1623 576 1656 in
595 1623 732 1656 solemni
750 1632 864 1656 eorum
881 1621 1023 1664 regulari
1045 1621 1169 1664 profes-

426 1678 517 1711 sione
539 1688 692 1721 expresse
709 1676 937 1720 promiserant,
949 1675 1097 1718 adeoque
1114 1685 1167 1708 eas

426 1733 600 1765 observare
633 1731 847 1769 tenebantur,
873 1729 948 1762 illae
974 1739 1048 1762 vero
1080 1728 1168 1770 ipsos

425 1787 463 1819 ad
490 1784 727 1818 subiectionem
753 1794 812 1827 pro
839 1788 984 1826 tempore
1018 1781 1168 1814 similiter

426 1839 575 1873 existenti
594 1838 746 1871 ministro
761 1836 906 1879 generali
926 1836 1073 1868 eiusdem
1089 1835 1168 1868 Con-

426 1892 626 1936 gregationis
663 1890 838 1934 Hispaniae
875 1889 1009 1922 omnino
1044 1889 1167 1932 obliga-

424 1947 513 1985 bant,
539 1945 668 1989 ipsique
695 1944 844 1988 proinde,
866 1953 931 1985 quo
950 1943 1074 1976 facilius
1094 1949 1167 1976 vota

425 2010 480 2032 sua
512 1998 678 2031 Altissimo
704 1997 843 2029 reddere
864 2001 896 2029 et
919 1996 1053 2039 propria
1080 1996 1167 2028 insti-

427 2058 494 2084 tuta
519 2050 680 2094 regularia
698 2050 877 2093 adimplere
897 2050 1088 2088 valuissent,
1106 2060 1168 2082 me-

426 2110 569 2138 moratae
601 2104 731 2137 unionis
765 2103 900 2146 gratiam
934 2103 1166 2146 expectabant:

426 2159 511 2191 idem
541 2157 688 2190 Clemens
714 2157 970 2201 praedeeessor,
1011 2156 1049 2189 de
1086 2166 1170 2188 non-

426 2213 593 2245 nullorum
631 2222 668 2243 ex
706 2210 803 2243 ctiam
840 2215 917 2242 tunc
957 2209 1169 2242 existentibus

426 2264 667 2298 venerabilibus
686 2261 860 2297 fratribus¹
880 2269 957 2296 tunc
976 2264 1042 2295 suis
1065 2263 1169 2296 dietae

427 2319 458 2351 S.
481 2318 518 2350 R.
538 2318 571 2350 E.
593 2318 825 2358 cardinalibus,
848 2327 948 2361 super
966 2318 1060 2349 eausa
1077 2317 1171 2350 unio-

428 2371 476 2403 nis
501 2371 688 2404 huiusmodi
709 2371 810 2404 dietae
832 2371 956 2404 seilicet
981 2371 1169 2414 provinciae

427 2424 538 2456 ltaliae
579 2424 790 2467 omniumque
833 2424 903 2456 eius
938 2424 1169 2467 religiosorum

428 2477 614 2519 praedictae
640 2477 892 2519 Congregationi
919 2477 1095 2520 Hispaniae
1122 2477 1171 2509 in-

430 2535 477 2561 ter
503 2528 623 2560 dietum
647 2533 891 2571 procuratorem
912 2531 1111 2572 generalem,
1134 2540 1171 2562 ex

466 2591 476 2617 1
501 2589 600 2617 Forsan
621 2589 696 2616 deest
717 2591 822 2617 nostris
838 2592 875 2625 (a.
894 2596 943 2623 τ.).

1012 181 1195 205 [surranum
1222 181 1378 205 Romnum
1957 180 2009 207 An.
2030 180 2058 209 C.
2076 182 2140 213 ¹727

1213 231 1286 269 una,
1308 234 1340 263 et
1364 230 1461 263 alium
1487 237 1739 274 procuratorem
1765 231 1954 274 generalem

1212 282 1289 315 dieti
1308 283 1448 324 Ordinis,
1467 294 1502 316 ex
1523 284 1624 317 altera
1642 283 1799 327 partibus,
1822 288 1955 316 contro-

1212 334 1313 376 versa,
1340 348 1356 369 a
1382 337 1549 380 praedicto
1570 337 1736 370 Clemente
1761 337 1955 380 praedeces-

1212 401 1287 423 sore
1305 390 1495 434 specialiter
1509 391 1750 434 deputatorum,
1765 390 1818 434 qui
1834 394 1956 422 utrum-

1212 454 1274 487 que
1299 448 1545 487 procuratorem
1580 443 1768 486 generalem
1800 448 1862 475 tam
1898 453 1956 476 ore

1212 508 1307 541 quam
1322 497 1352 529 in
1373 497 1501 540 scriptis
1521 497 1734 529 informantes
1752 495 1954 535 audiverant,

1214 551 1413 594 negotioque
1439 555 1564 583 mature
1590 559 1772 593 perpenso,
1799 548 1955 582 unionem

1212 604 1412 647 praedictam
1439 603 1506 637 sieri
1533 613 1628 646 posse
1649 606 1856 641 censuerant,
1883 612 1955 634 eon-

1212 658 1294 697 silio,
1321 657 1520 701 praedictam
1547 656 1750 700 provinciam
1775 655 1886 689 Italiae
1911 655 1955 688 di-

1211 717 1280 745 etae
1298 710 1550 754 Congregationi
1569 709 1745 753 Hispaniae
1763 709 1956 742 auctoritate

1212 765 1390 808 apostoliea
1414 764 1531 804 univit,
1557 762 1713 796 annexuit
1744 767 1774 795 et
1805 761 1956 805 incorpo-

1213 817 1305 858 ravit,
1331 828 1367 850 ac
1394 822 1468 849 tune
1493 821 1524 849 et
1549 814 1693 860 pariter¹
1720 814 1871 849 existenti
1902 814 1957 846 mi-

1213 871 1314 904 nistro
1331 870 1476 913 generali
1495 869 1640 903 eiusdem
1655 867 1784 902 Ordinis
1801 867 1954 907 subiecit;

1213 930 1243 958 et
1275 924 1368 964 alias,
1395 930 1491 967 prout
1516 923 1546 956 in
1574 922 1750 966 praedictis
1786 920 1956 954 memorati

1212 976 1386 1011 Clementis
1401 975 1665 1020 praedecessoris
1679 974 1798 1008 litteris
1816 974 1957 1017 desuper

1212 1031 1244 1063 in
1272 1030 1369 1064 simili
1400 1030 1501 1063 forma
1537 1029 1648 1062 Brevis
1684 1028 1736 1061 die
1762 1039 1799 1060 xx
1825 1036 1956 1060 novem-

1212 1085 1279 1117 bris
1305 1094 1412 1118 Mncev
1438 1083 1618 1126 expeditis,
1644 1092 1780 1126 quarum
1808 1085 1955 1113 tenorem

1212 1138 1441 1182 praesentibus
1465 1147 1524 1180 pro
1557 1137 1655 1180 plene
1688 1140 1720 1168 et
1752 1132 1956 1167 sufficienter

1212 1202 1367 1234 expresso
1387 1196 1417 1224 et
1436 1191 1473 1224 de
1499 1190 1597 1223 verbo
1615 1189 1652 1222 ad
1674 1188 1806 1221 verbum
1832 1187 1955 1220 inserto

1213 1245 1326 1279 haberi
1353 1246 1513 1286 volumus,
1539 1243 1674 1277 uberius
1701 1242 1898 1276 continetur.

1257 1301 1271 1343 ἓ
1296 1300 1327 1333 02.
1357 1300 1433 1334 Cum
1459 1304 1578 1338 autem,
1604 1297 1688 1331 sicut
1707 1297 1849 1330 dilectus
1871 1296 1956 1331 filius
1987 1307 2147 1338 Prepesproeu-

1212 1353 1347 1387 Mieliael
1373 1364 1389 1386 a
1410 1353 1441 1386 S.
1461 1352 1610 1395 Iosepho,
1629 1340 1874 1384 commissarius
1895 1337 2148 1394 p1*oi·1¹ssi»2⁵a‘tsslfa⁶l⁸3

1212 1407 1302 1441 Italia
1328 1413 1359 1440 et
1384 1407 1415 1439 in
1442 1406 1588 1439 Romana
1628 1403 1721 1437 Curia
1759 1409 1957 1447 procurator
1968 1387 2148 1436 {iiiimoewmm‘

1213 1461 1376 1505 generalis
1393 1459 1522 1493 Ordinis
1544 1457 1715 1502 praedicti,
1734 1457 1827 1490 nobis
1853 1467 1958 1501 nuper

1213 1514 1330 1558 exponi
1359 1514 1446 1553 fecit,
1475 1511 1662 1555 superiores
1687 1511 1857 1554 generales
1876 1511 1958 1544 eius-

1212 1569 1285 1601 dem
1312 1565 1583 1610 Congregationis
1608 1564 1765 1598 laudabili
1791 1565 1861 1598 zelo
1879 1565 1958 1597 mul-

1213 1622 1318 1665 tisque
1345 1619 1495 1663 expensis
1531 1620 1642 1662 plures
1673 1618 1753 1651 alios
1778 1622 1957 1651 conventus

1212 1674 1437 1719 superioribus
1463 1672 1557 1705 annis
1583 1673 1668 1705 intra
1692 1671 1829 1712 Italiam,
1849 1677 1885 1704 ut
1901 1671 1956 1715 pio

1212 1727 1478 1771 religiosissimae
1504 1725 1636 1758 Italicae
1661 1725 1805 1758 nationis
1830 1725 1958 1758 deside-

1211 1782 1260 1815 rio
1286 1780 1511 1813 satisfacerent
1546 1784 1578 1811 et
1613 1778 1644 1810 in
1676 1779 1788 1811 eadem
1820 1779 1956 1821 regione

1210 1835 1391 1868 institutum
1406 1831 1644 1875 redemptionis
1666 1831 1865 1875 captivorum
1885 1843 1957 1876 pro.

1210 1892 1398 1927 moverent,
1417 1886 1544 1929 erigere
1571 1885 1768 1927 curaverint,
1787 1897 1955 1930 novosque

1210 1946 1389 1975 conventus
1410 1938 1598 1972 huiusmodi
1617 1937 1674 1971 ad²
1690 1938 1885 1982 paucitatem
1911 1950 1958 1972 re.

1211 1996 1401 2038 ligiosorum
1428 1993 1582 2026 Italorum
1609 2003 1668 2036 per
1693 1993 1854 2036 Hispanos
1881 1993 1956 2026 reli-

1212 2050 1322 2093 giosos
1348 2048 1465 2090 magna
1490 2056 1526 2079 ex
1545 2050 1638 2089 parte
1658 2050 1873 2079 manutenere
1892 2052 1957 2079 stu-

1212 2102 1361 2142 duerint,
1385 2100 1453 2144 ipse
1471 2109 1547 2132 vero
1561 2098 1697 2132 Miehaet
1715 2099 1956 2132 commissarius

1213 2161 1244 2189 et
1278 2160 1473 2199 procurator
1506 2153 1668 2196 generalis
1703 2153 1741 2186 ad
1779 2153 1953 2186 confirma-

1215 2209 1334 2242 tionem
1361 2214 1393 2241 et
1428 2207 1597 2240 meliorem
1630 2207 1766 2240 sormam
1793 2207 1956 2240 dictorum

1214 2267 1430 2296 conventuum
1457 2259 1635 2304 expediens
1667 2270 1703 2292 ae
1735 2259 1955 2293 necessarium

1213 2315 1390 2355 existimet,
1431 2314 1455 2347 si
1493 2313 1641 2346 ministro
1690 2318 1721 2346 et
1768 2312 1955 2346 definitorio

1213 2368 1450 2407 committatur,
1487 2371 1522 2399 ut
1546 2376 1582 2399 ex
1610 2366 1703 2398 dictis
1740 2365 1844 2398 tribus
1877 2376 1956 2399 con-

1213 2421 1381 2461 ventibus,
1417 2430 1536 2463 nempe
1573 2418 1720 2459 Taurini,
1755 2418 1887 2451 Liburni
1924 2424 1956 2452 et

1214 2474 1368 2514 Falconii‚
1393 2479 1423 2506 et
1442 2484 1478 2506 ex
1498 2472 1580 2513 aliis,
1606 2482 1688 2515 quos
1715 2471 1831 2515 religio
1858 2471 1955 2504 habet

1251 2547 1260 2571 1
1284 2545 1396 2571 Videtur
1410 2543 1554 2579 legendum
1565 2550 1619 2578 pro
1636 2546 1762 2578 tempore
1778 2542 1815 2578 (a.
1832 2542 1881 2576 τ.).

1248 2589 1263 2615 ⁶2
1284 2589 1399 2617 Videtur
1418 2588 1564 2625 legendum
1585 2588 1617 2614 ob
1638 2595 1685 2624 pro
1706 2587 1743 2614 ad
1762 2590 1798 2621 (a.
1815 2591 1863 2618 T.).
