2170 3147
5 228 11 234 .
27 208 54 234 «2.
79 206 144 233 ¹728

736 208 931 231 monnulus
959 209 1013 231 xm
1041 209 1087 231 l'l‘.

154 255 362 298 susceperint,
380 256 608 298 suprascriptis
624 256 772 299 peractis,
791 262 823 288 et
844 256 887 288 vi-

152 308 244 340 sitata
261 307 395 340 ecclesia
420 308 610 348 cathedrali,
628 310 678 342 vel
702 309 815 342 maiori
835 315 886 341 aut

152 359 326 403 parochiali
351 360 411 393 loci
449 371 558 393 eorum
597 361 769 401 domicilii,
803 372 886 394 eam-

152 413 222 446 dem
247 412 479 455 indulgentiam
509 414 662 457 consequi
699 415 822 457 possint
855 421 886 447 et

151 465 290 498 valeant:
317 466 516 508 regularibus
541 472 646 499 autem
677 467 828 509 personis
850 478 885 499 u-

152 517 296 561 triusque
321 528 424 559 sexus,
450 519 547 552 etiam
572 519 603 551 in
628 519 779 552 claustris
812 530 886 561 per-

150 575 248 612 petuo
273 570 477 613 degentibus,
500 581 626 605 necnon
653 572 724 604 aliis
752 572 885 615 quibus-

150 632 289 666 cumque
315 629 377 656 tam
410 624 498 657 laicis
517 635 625 667 vquam
658 624 884 657 ecclesiasticis

150 675 368 709 saecularibus
396 676 445 709 vel
477 677 695 719 regularibus,
730 677 825 709 etiam
852 678 883 709 111

151 738 278 761 carcere
304 735 336 762 et
364 729 547 772 captivitate
573 729 809 769 existentibus,
835 731 883 763 vel

151 780 258 824 aliqua
276 781 424 824 corporis
445 781 632 815 infirmitate
655 792 709 815 seu
729 782 791 815 alio
810 793 884 826 quo—

151 844 287 877 cumque
309 833 540 877 impedimento
566 835 724 875 detentis,
751 836 806 879 qui
833 846 884 868 su-

150 897 208 930 pra
224 896 374 930 expressa
390 887 441 919 vel
459 896 571 919 eorum
590 887 699 931 aliqua
718 893 883 931 praestare

151 939 367 984 nequiverint,
388 945 423 972 ut
439 941 493 973 illa
518 940 747 982 confessarius,
766 952 801 974 ex
821 942 882 974 iam

151 993 337 1036 approbatis
372 1004 388 1026 a
420 994 565 1026 locorum
597 994 774 1028 Ordinariis
809 1001 882 1029 ante

150 1046 367 1090 praesentium
392 1047 658 1090 publicationem,
686 1059 740 1081 seu
766 1060 884 1092 appro-

149 1098 278 1140 bandis,
304 1099 349 1132 eis
374 1098 405 1131 in
431 1099 492 1132 alia
518 1100 646 1143 pietatis
674 1111 774 1143 opera
800 1112 884 1134 com-

150 1155 285 1191 mutare,
303 1152 351 1184 vel
371 1151 403 1183 in
424 1151 522 1184 alium
549 1153 729 1195 proximum
758 1159 883 1197 tempus

150 1215 323 1248 prorogare
340 1205 459 1248 possit,
483 1216 584 1249 eaque
603 1206 783 1249 iniungere,
802 1219 883 1252 quae

149 1259 211 1303 ipsi
239 1260 447 1303 poenitentes
477 1260 604 1293 efficere
631 1266 800 1304 poterunt,
828 1273 884 1305 pa-

1568 199 1630 233 (339

931 261 1012 289 stras
1044 262 1074 290 et
1105 257 1323 291 Romanorum
1357 257 1546 290 Pontificum
1574 268 1668 301 prae-

930 309 1137 343 decessorum
1176 316 1361 344 nostrorum
1398 310 1665 351 constitutiones,

929 372 1064 404 quarum
1083 368 1212 396 tenores
1230 364 1457 406 praesentibus
1477 363 1589 397 haberi
1614 375 1668 397 vo-

929 415 1033 447 lumus
1064 426 1122 458 pro
1156 416 1334 459 expressis,
1362 417 1667 460 quomodocumque

929 468 1114 507 reservatis,
1141 469 1173 501 in
1206 469 1281 502 soro
1307 469 1525 502 conscientiae
1552 475 1583 502 et
1607 470 1667 503 hac

928 519 994 552 rice
1015 525 1145 560 tantum,
1167 521 1337 554 absolvere
1363 527 1394 555 et
1417 522 1558 555 liberare
1582 524 1667 556 vale-

927 576 992 611 ant,
1021 578 1051 605 et
1076 573 1208 616 insuper
1232 580 1304 607 vota
1332 585 1557 618 quaecumque
1583 575 1667 618 (reli-

927 623 1033 665 gionis
1058 631 1089 657 et
1113 626 1265 659 castitatis
1284 627 1442 669 exceptis)
1470 628 1501 659 in
1527 627 1589 660 alia
1613 627 1667 670 pia

928 681 959 709 et
984 677 1136 710 salutaria
1161 689 1261 721 opera
1281 684 1497 718 commutare,
1521 679 1666 712 iniuncta

930 734 1035 762 tamen
1061 731 1105 762 eis
1131 736 1162 763 et
1187 742 1298 764 eorum
1326 732 1464 765 cuilibet
1492 732 1525 764 in
1557 742 1668 776 supra-

929 781 1021 815 dictis
1040 783 1189 816 omnibus
1209 784 1336 817 casibus
1357 785 1559 827 poenitentia
1582 786 1667 818 salu-

929 835 999 875 tari,
1028 836 1165 879 aliisque
1193 837 1336 870 eiusdem
1362 837 1552 872 confessarii
1582 839 1666 871 arbi-

929 889 987 921 trio
1015 889 1233 932 iniungendis.

971 941 985 983 g
1010 941 1041 973 si.
1069 942 1275 985 Quapropter
1307 948 1421 976 tenore
1446 945 1664 987 praesentium

928 1047 1154 1090 praecipimus,
1181 1054 1276 1091 atque
1301 1049 1490 1082 mandamus
1515 1050 1666 1083 omnibus

927 1105 958 1131 et
983 1099 1118 1141 singulis
1154 1100 1395 1134 venerabilibus
1430 1101 1580 1135 fratribus
1613 1113 1667 1145 pa-

928 1152 1097 1191 triarchis,
1134 1154 1415 1197 archiepiscopis,
1442 1155 1606 1198 episcopis
1637 1161 1667 1188 et

928 1205 998 1237 aliis
1036 1206 1245 1253 ecclesiarum
1283 1208 1437 1250 praelatis
1470 1218 1505 1239 ae
1536 1208 1668 1251 quibus-

928 1269 1067 1301 cumque
1093 1258 1270 1292 Ordinariis
1297 1259 1459 1292 civitatum
1486 1266 1516 1293 et
1542 1261 1668 1294 dioece-

928 1321 996 1343 sum
1021 1311 1240 1354 oppidorum,
1270 1318 1427 1345 terrarum
1456 1318 1488 1346 et
1518 1314 1666 1347 locorum

1679 212 1726 235 1111,
1745 211 1770 235 f]v
1799 210 1862 237 1798

1729 955 1863 980 praeripitur

1687 981 1797 1001 ..ituit-³110
1833 990 1862 1002 tu·

927 993 959 1026 in
985 994 1099 1027 virtute
1126 1002 1256 1028 sanctae
1288 996 1496 1029 obedientiae
1522 988 1813 1030 districte'ruffltnu-sffl

149 1312 227 1346 riter
251 1312 454 1345 concedimus
480 1318 512 1345 et
537 1313 753 1355 indulgemus.

11 1376 138 1405 concauam-
193 1366 207 1409 g
225 1365 254 1399 3.
273 1365 408 1408 Insuper
425 1366 578 1409 praefatis
597 1367 750 1399 omnibus
769 1374 800 1400 ct
820 1368 884 1399 sin-

0 1402 139 1450 ζῗῗιῗῖἭέἶιῖἶ
149 1417 232 1461 gulis
247 1418 512 1452 christifidelibus
529 1419 692 1463 utriusque
710 1430 802 1452 sexus
821 1426 883 1454 tam

928 1364 1036 1397 ltaliae
1059 1370 1091 1397 ct
1115 1365 1294 1398 insularum
1321 1366 1348 1398 ei
1375 1366 1593 1400 adiacentium
1611 1368 1667 1400 hu-

929 1413 1088 1457 iusmodi,
1117 1428 1295 1461 eorumque
1325 1418 1452 1452 vicariis
1479 1419 1577 1453 etc.¹.

15 1455 136 1476 absolvendi
182 1471 187 1476 .
212 1471 217 1476 .
510 1472 514 1477 .
573 1472 578 1477 .
604 1472 609 1477 .
814 1474 819 1479 .
1144 1482 1148 1484 ,
1386 1472 1398 1480 ff.
1542 1484 1545 1485 ⁷
1612 1484 1615 1485 ⁷

5 1482 136 1511 quibuscum·
149 1473 236 1505 laicis
269 1482 365 1515 quam
402 1473 627 1505 ecclestasttcis
663 1475 883 1507 saecularibus
971 1470 1085 1504 Datum
1111 1471 1243 1511 Romae,
1268 1472 1355 1514 apud
1381 1474 1411 1504 b.
1433 1472 1582 1515 Petrum,
1608 1475 1668 1506 sub

0 1512 180 1582 ζὲἕέξῗῖἆῗςῖρῑ
211 1524 416 1567 regularibus
451 1525 591 1558 cuiusvis
624 1525 772 1565 Ordinis,
804 1527 884 1560 Con-
927 1525 1048 1556 annulo
1099 1524 1272 1557 Piscatoris
1301 1551 1308 1564 ,
1354 1525 1406 1557 dic
1459 1536 1482 1559 11
1532 1526 1667 1559 ianuarii

55 1567 67 1582 Ι-

928 1586 1134 1617 MDCCXXVHI,
1155 1577 1364 1620 pontificatus
1391 1578 1495 1612 nostri
1520 1589 1606 1613 anno
1625 1590 1665 1613 iv.

963 1638 1011 1665 Dat
1031 1638 1074 1665 die
1094 1638 1109 1666 ἰ),
1130 1638 1244 1665 ianuarii
1269 1639 1349 1673 ¹728,
1372 1640 1470 1675 pontif.
1492 1648 1562 1668 anno
1583 1648 1617 1667 tv.

148 1577 344 1620 gregationis
379 1583 409 1610 et
444 1577 605 1617 instituti,
637 1584 698 1611 tam
735 1579 768 1612 111
801 1580 883 1613 Urbe

149 1641 242 1674 quam
268 1630 299 1663 in
324 1630 474 1663 universa
500 1631 587 1664 ltalia
613 1637 644 1663 et
673 1632 784 1664 insulis
810 1633 837 1665 ei
857 1645 884 1666 a·

150 1684 350 1716 diacentibus
368 1683 542 1726 praedictis
568 1689 601 1716 ut
628 1685 808 1727 praefertur
830 1686 883 1719 de-

150 1736 321 1778 gentibus,
348 1737 511 1769 licentiam
544 1738 752 1771 concedimus
785 1745 816 1771 ct
841 1740 884 1771 111-

149 1789 312 1831 cultatem,
333 1796 366 1821 ut
390 1790 449 1822 sibi
477 1791 514 1823 ad
541 1791 627 1823 hunc
653 1791 801 1824 effectum
827 1793 884 1825 eli-

149 1853 226 1885 gere
251 1853 485 1885 quemcumque
512 1844 734 1887 presbyterum
761 1845 883 1879 confes-

150 1895 270 1927 sarium
303 1900 364 1927 tam
394 1896 594 1928 saecularem
623 1907 718 1939 quam
745 1898 905 1930 cuiusvis³

150 1947 275 1980 Ordinis
293 1954 324 1981 et
340 1949 476 1980 instituti
498 1950 679 1991 regularem
705 1961 740 1982 cx
769 1962 883 1994 appro-

150 2000 242 2039 batis,
269 2005 301 2032 ut
325 2001 553 2043 praemittitur,
580 2011 596 2033 a
622 2003 764 2035 locorum
791 2004 882 2037 Ordi-

150 2052 265 2091 nariis,
291 2052 343 2094 qui
377 2063 432 2085 eos
459 2054 496 2085 ab
522 2055 879 2097 excommunicationis,

151 2103 372 2146 suspensionis
397 2109 428 2137 ct
453 2104 522 2137 aliis
553 2106 778 2139 ecclesiasticis
811 2118 882 2141 sen-

152 2156 259 2188 tentiis
279 2161 308 2188 et
328 2156 479 2197 censuris,
498 2168 514 2189 a
531 2157 600 2190 iure
624 2159 671 2191 vel
687 2159 726 2191 ab
742 2160 881 2200 homine,

150 2209 259 2251 quavis·
286 2211 380 2241 causa
406 2209 477 2241 latis
502 2219 556 2241 seu
584 2209 729 2251 inllictis,
755 2222 881 2245 necnon

150 2262 188 2294 ab
207 2261 356 2294 omnibus
383 2262 538 2304 peccatis,
561 2263 755 2303 excessibus,
776 2265 882 2297 crimi-

150 2315 242 2348 nibus
260 2320 291 2347 et
309 2314 434 2347 delictis
460 2316 659 2358 quantun‘ivis
684 2317 834 2358 gravibus
852 2324 883 2352 et

150 2368 354 2407 enormibus,
382 2367 476 2400 etiam
512 2369 656 2400 locorum
691 2368 880 2411 Ordinariis,

148 2421 212 2453 sive
243 2420 336 2452 nobis
362 2425 392 2452 et
417 2420 512 2452 Sedi¹
539 2422 760 2463 Apostolicae,
785 2423 881 2456 etiam

149 2473 179 2505 in
204 2472 316 2505 litteris
338 2472 388 2504 die
409 2472 534 2505 (leenae
555 2473 677 2505 Domini
697 2475 760 2517 legi
779 2476 881 2509 solitis

149 2525 320 2565 00111611118,
346 2531 375 2557 et
402 2523 477 2557 alias
502 2536 561 2568 per
586 2536 804 2571 qtiascuinque
823 2539 880 2562 no-

187 2590 194 2614 1
218 2587 288 2615 Edit.
309 2587 386 2614 Maia.
410 2588 471 2624 legit
491 2589 574 2616 Sedis
594 2590 692 2624 (11.1).

904 1776 906 1790 ι
1236 1755 1359 1788 CCXlll.

904 1818 906 1856 1
929 1824 1149 1866 Confirmalar
1174 1825 1339 1857 t'mlullum
1367 1836 1420 1858 seu
1447 1826 1668 1859 determinasse

971 1878 1158 1920 provinciae
1185 1878 1459 1921 Pluilippimtrmn
1481 1879 1615 1913 Ordinis
1629 1882 1668 1913 E-

973 1931 1164 1963 remv'tarum
1189 1931 1218 1963 8.
1243 1932 1436 1973 ΑἰιρυεΙίηί,
1457 1937 1491 1964 ul
1514 1943 1668 1976 procura-

971 1988 1019 2015 tor
1055 1983 1216 2025 [feneratis
1252 1988 1279 2015 et
1315 1985 1463 2026 superior
1499 1991 1668 2019 conventus

972 2037 1163 2069 Mam‘lensz‘s
1193 2036 1297 2068 (lictae
1326 2038 1515 2079 provinciae
1545 2040 1664 2082 suffra-

970 2089 1060 2131 gst'um
1086 2090 1169 2131 ferre
1191 2089 1315 2132 possint
1349 2090 1383 2122 in
1415 2091 1568 2134 capitalis
1592 2102 1666 2135 pro-

971 2142 1168 2175 uncialibus
1181 2142 1201 2174 ¹¹.

1097 2213 1277 2240 Benedictus
1297 2213 1375 2247 Papa
1394 2214 1474 2246 x111,

1042 2258 1078 2284 ad
1101 2260 1279 2292 perpetuam
1298 2258 1344 2285 rei
1364 2259 1548 2287 memoriam.

969 2320 983 2362 ξ,
1009 2319 1031 2352 1.
1047 2319 1170 2362 Exponi
1189 2320 1284 2353 uobis
1302 2330 1406 2364 nuper
1425 2321 1573 2356 fecerunt
1590 2324 1666 2358 dile-
1678 2332 1784 2360 Exim-1¹31·
1802 2335 1860 2356 rueti-

925 2372 965 2405 cti
986 2372 1039 2405 tilii
1059 2373 1148 2415 prior
1166 2373 1375 2416 provincialis
1394 2380 1425 2407 et
1445 2375 1665 2411 definitorium

964 2462 970 2486 1
992 2459 1102 2495 [leliqua
1120 2469 1204 2495 usque
1219 2461 1251 2487 ad
1270 2462 1359 2495 tinem,
1378 2466 1404 2489 ut
1422 2467 1487 2490 tom.
1504 2473 1545 2498 xx,
1564 2473 1590 2501 p.
1607 2466 1638 2493 10
1650 2467 1664 2493 b

923 2508 947 2529 et
968 2513 1024 2538 seq.
1042 2511 1078 2537 (tt.
1097 2512 1144 2533 ΤΛ.

958 2550 973 2574 2
995 2548 1029 2574 lte
1052 2552 1110 2574 roto
1131 2549 1244 2575 fratrum
1274 2553 1538 2585 consanguineorum
1565 2555 1590 2580 in
1619 2564 1664 2582 ca-

924 2592 1013 2627 pitulis
1047 2593 1165 2619 ciusdem
1200 2594 1324 2628 Ordinis,
1347 2596 1405 2623 vide
1426 2596 1577 2625 lnnocentii
1607 2599 1663 2626 Xlll
