<?xml version="1.0" encoding="UTF-8"?>
<!DOCTYPE html PUBLIC "-//W3C//DTD XHTML 1.0 Transitional//EN"
    "http://www.w3.org/TR/xhtml1/DTD/xhtml1-transitional.dtd">
<html xmlns="http://www.w3.org/1999/xhtml" xml:lang="en" lang="en">
 <head>
  <title>
</title>
<meta http-equiv="Content-Type" content="text/html;charset=utf-8" />
  <meta name='ocr-system' content='tesseract 3.04.00' />
  <meta name='ocr-capabilities' content='ocr_page ocr_carea ocr_par ocr_line ocrx_word'/>
</head>
<body>
  <div class='ocr_page' id='page_1' title='image "./bullarumdiplomat22cath_0695.png"; bbox 0 0 2170 3147; ppageno 0'>
   <div class='ocr_carea' id='block_1_1' title="bbox 3 198 158 227">
    <p class='ocr_par' dir='ltr' id='par_1_1' title="bbox 3 198 158 227">
     <span class='ocr_line' id='line_1_1' title="bbox 3 198 158 227; baseline 0.006 -4"><span class='ocrx_word' id='word_1_1' title='bbox 3 209 26 227; x_wconf 72' lang='lat' dir='ltr'>n,</span> <span class='ocrx_word' id='word_1_2' title='bbox 40 201 68 225; x_wconf 75' lang='lat' dir='ltr'>C.</span> <span class='ocrx_word' id='word_1_3' title='bbox 93 198 158 225; x_wconf 64' lang='lat'>1728</span> 
     </span>
    </p>
   </div>
   <div class='ocr_carea' id='block_1_2' title="bbox 0 837 159 1018">
    <p class='ocr_par' dir='ltr' id='par_1_2' title="bbox 0 837 159 1018">
     <span class='ocr_line' id='line_1_2' title="bbox 26 837 157 857; baseline -0.008 0"><span class='ocrx_word' id='word_1_4' title='bbox 26 837 157 857; x_wconf 54' lang='lat' dir='ltr'>Pal-iriensis</span> 
     </span>
     <span class='ocr_line' id='line_1_3' title="bbox 0 864 159 884; baseline -0.006 0"><span class='ocrx_word' id='word_1_5' title='bbox 0 865 70 884; x_wconf 69' lang='lat' dir='ltr'>:etesia</span> <span class='ocrx_word' id='word_1_6' title='bbox 85 870 97 883; x_wconf 77' lang='lat' dir='ltr'>a</span> <span class='ocrx_word' id='word_1_7' title='bbox 121 864 159 883; x_wconf 75' lang='lat' dir='ltr'>Sa-</span> 
     </span>
     <span class='ocr_line' id='line_1_4' title="bbox 0 890 158 916; baseline -0.019 -4"><span class='ocrx_word' id='word_1_8' title='bbox 0 890 101 916; x_wconf 64' lang='lat' dir='ltr'>murgi-nsi</span> <span class='ocrx_word' id='word_1_9' title='bbox 118 895 158 910; x_wconf 78' lang='lat' dir='ltr'>me-</span> 
     </span>
     <span class='ocr_line' id='line_1_5' title="bbox 0 916 159 943; baseline -0.013 -7"><span class='ocrx_word' id='word_1_10' title='bbox 0 917 53 943; x_wconf 80' lang='lat' dir='ltr'>opuli</span> <span class='ocrx_word' id='word_1_11' title='bbox 64 916 111 936; x_wconf 80' lang='lat' dir='ltr'>olim</span> <span class='ocrx_word' id='word_1_12' title='bbox 125 922 159 935; x_wconf 64' lang='lat' dir='ltr'>ex-</span> 
     </span>
     <span class='ocr_line' id='line_1_6' title="bbox 0 942 158 969; baseline -0.019 -5"><span class='ocrx_word' id='word_1_13' title='bbox 0 946 47 969; x_wconf 73' lang='lat' dir='ltr'>nptu</span> <span class='ocrx_word' id='word_1_14' title='bbox 62 945 82 963; x_wconf 83' lang='lat' dir='ltr'>et</span> <span class='ocrx_word' id='word_1_15' title='bbox 94 942 158 968; x_wconf 68' lang='lat' dir='ltr'>pallio</span> 
     </span>
     <span class='ocr_line' id='line_1_7' title="bbox 0 969 153 995; baseline -0.013 -5"><span class='ocrx_word' id='word_1_16' title='bbox 0 969 153 995; x_wconf 57' lang='lat' dir='ltr'>wtnvpiscupati</span> 
     </span>
     <span class='ocr_line' id='line_1_8' title="bbox 0 999 86 1018; baseline -0.035 0"><span class='ocrx_word' id='word_1_17' title='bbox 0 999 86 1018; x_wconf 60' lang='lat' dir='ltr'>morata.</span> 
     </span>
    </p>
   </div>
   <div class='ocr_carea' id='block_1_3' title="bbox 758 198 1107 221">
    <p class='ocr_par' dir='ltr' id='par_1_3' title="bbox 758 198 1107 221">
     <span class='ocr_line' id='line_1_9' title="bbox 758 198 1107 221; baseline 0.003 -1"><span class='ocrx_word' id='word_1_18' title='bbox 758 198 950 221; x_wconf 76' lang='lat' dir='ltr'>BENEDlCTUS</span> <span class='ocrx_word' id='word_1_19' title='bbox 979 198 1034 221; x_wconf 79' lang='lat' dir='ltr'>xm</span> <span class='ocrx_word' id='word_1_20' title='bbox 1060 198 1107 221; x_wconf 77' lang='lat'>1¹1¹.</span> 
     </span>
    </p>
   </div>
   <div class='ocr_carea' id='block_1_4' title="bbox 167 245 911 2349">
    <p class='ocr_par' dir='ltr' id='par_1_4' title="bbox 167 245 902 817">
     <span class='ocr_line' id='line_1_10' title="bbox 167 245 900 289; baseline -0.001 -11"><span class='ocrx_word' id='word_1_21' title='bbox 167 246 211 278; x_wconf 80' lang='lat' dir='ltr'>ris</span> <span class='ocrx_word' id='word_1_22' title='bbox 237 251 349 289; x_wconf 81' lang='lat' dir='ltr'>postea</span> <span class='ocrx_word' id='word_1_23' title='bbox 376 245 603 278; x_wconf 70' lang='lat' dir='ltr'>Laureacensis</span> <span class='ocrx_word' id='word_1_24' title='bbox 639 246 795 278; x_wconf 82' lang='lat' dir='ltr'>ecclesiae</span> <span class='ocrx_word' id='word_1_25' title='bbox 833 246 900 278; x_wconf 91' lang='lat' dir='ltr'>eul-</span> 
     </span>
     <span class='ocr_line' id='line_1_11' title="bbox 168 298 900 341; baseline 0 -10"><span class='ocrx_word' id='word_1_26' title='bbox 168 310 267 338; x_wconf 89' lang='lat' dir='ltr'>men,</span> <span class='ocrx_word' id='word_1_27' title='bbox 306 298 452 331; x_wconf 72' lang='lat' dir='ltr'>pataviae</span> <span class='ocrx_word' id='word_1_28' title='bbox 488 298 692 337; x_wconf 71' lang='lat' dir='ltr'>consistens,</span> <span class='ocrx_word' id='word_1_29' title='bbox 728 299 765 329; x_wconf 64' lang='grc' dir='ltr'>νὺ</span> <span class='ocrx_word' id='word_1_30' title='bbox 804 309 900 341; x_wconf 86' lang='lat' dir='ltr'>saepe</span> 
     </span>
     <span class='ocr_line' id='line_1_12' title="bbox 167 351 902 393; baseline 0 -9"><span class='ocrx_word' id='word_1_31' title='bbox 167 351 341 390; x_wconf 72' lang='lat' dir='ltr'><strong>devenerit,</strong></span> <span class='ocrx_word' id='word_1_32' title='bbox 370 356 404 383; x_wconf 87' lang='lat' dir='ltr'>ut</span> <span class='ocrx_word' id='word_1_33' title='bbox 429 351 532 384; x_wconf 83' lang='lat' dir='ltr'>varias</span> <span class='ocrx_word' id='word_1_34' title='bbox 558 356 588 383; x_wconf 89' lang='lat' dir='ltr'>et</span> <span class='ocrx_word' id='word_1_35' title='bbox 614 353 799 393; x_wconf 82' lang='lat' dir='ltr'>complures</span> <span class='ocrx_word' id='word_1_36' title='bbox 822 353 902 384; x_wconf 84' lang='lat' dir='ltr'>cala-</span> 
     </span>
     <span class='ocr_line' id='line_1_13' title="bbox 167 403 900 447; baseline 0 -10"><span class='ocrx_word' id='word_1_37' title='bbox 167 405 291 437; x_wconf 84' lang='lat' dir='ltr'>niitates</span> <span class='ocrx_word' id='word_1_38' title='bbox 328 416 362 436; x_wconf 88' lang='lat' dir='ltr'>ac</span> <span class='ocrx_word' id='word_1_39' title='bbox 399 404 483 436; x_wconf 74' lang='lat' dir='ltr'>vices</span> <span class='ocrx_word' id='word_1_40' title='bbox 516 403 557 436; x_wconf 81' lang='lat' dir='ltr'>ob</span> <span class='ocrx_word' id='word_1_41' title='bbox 595 415 743 445; x_wconf 72' lang='lat' dir='ltr'>magnam</span> <span class='ocrx_word' id='word_1_42' title='bbox 770 415 900 447; x_wconf 71' lang='lat' dir='ltr'>quoque</span> 
     </span>
     <span class='ocr_line' id='line_1_14' title="bbox 167 457 901 500; baseline -0.001 -10"><span class='ocrx_word' id='word_1_43' title='bbox 167 457 463 500; x_wconf 63' lang='lat' dir='ltr'>Salislntrgensium</span> <span class='ocrx_word' id='word_1_44' title='bbox 490 457 810 500; x_wconf 80' lang='lat' dir='ltr'>arcliiepiscoportnn</span> <span class='ocrx_word' id='word_1_45' title='bbox 847 468 901 500; x_wconf 84' lang='lat' dir='ltr'>po·</span> 
     </span>
     <span class='ocr_line' id='line_1_15' title="bbox 169 510 901 553; baseline -0.004 -9"><span class='ocrx_word' id='word_1_46' title='bbox 169 511 299 544; x_wconf 80' lang='lat' dir='ltr'>tentiam</span> <span class='ocrx_word' id='word_1_47' title='bbox 325 516 355 543; x_wconf 88' lang='lat' dir='ltr'>et</span> <span class='ocrx_word' id='word_1_48' title='bbox 380 511 605 543; x_wconf 78' lang='lat' dir='ltr'>auctoritatem</span> <span class='ocrx_word' id='word_1_49' title='bbox 631 510 737 543; x_wconf 72' lang='lat' dir='ltr'>suliire</span> <span class='ocrx_word' id='word_1_50' title='bbox 756 521 901 553; x_wconf 84' lang='lat' dir='ltr'>comper-</span> 
     </span>
     <span class='ocr_line' id='line_1_16' title="bbox 169 562 901 605; baseline 0 -10"><span class='ocrx_word' id='word_1_51' title='bbox 169 568 233 595; x_wconf 88' lang='lat' dir='ltr'>tum</span> <span class='ocrx_word' id='word_1_52' title='bbox 262 563 338 603; x_wconf 77' lang='lat' dir='ltr'>init,</span> <span class='ocrx_word' id='word_1_53' title='bbox 372 562 467 596; x_wconf 87' lang='lat' dir='ltr'>modo</span> <span class='ocrx_word' id='word_1_54' title='bbox 505 562 767 605; x_wconf 83' lang='lat' dir='ltr'>archiepiscopi,</span> <span class='ocrx_word' id='word_1_55' title='bbox 804 563 901 596; x_wconf 89' lang='lat' dir='ltr'>modo</span> 
     </span>
     <span class='ocr_line' id='line_1_17' title="bbox 168 615 901 659; baseline -0.004 -11"><span class='ocrx_word' id='word_1_56' title='bbox 168 616 263 649; x_wconf 87' lang='lat' dir='ltr'>etiam</span> <span class='ocrx_word' id='word_1_57' title='bbox 289 615 434 659; x_wconf 80' lang='lat' dir='ltr'>episcopi</span> <span class='ocrx_word' id='word_1_58' title='bbox 461 616 566 658; x_wconf 79' lang='lat' dir='ltr'>elogio</span> <span class='ocrx_word' id='word_1_59' title='bbox 603 616 808 648; x_wconf 81' lang='lat' dir='ltr'>honestatum</span> <span class='ocrx_word' id='word_1_60' title='bbox 826 643 833 655; x_wconf 92' lang='lat'><em>,</em></span> <span class='ocrx_word' id='word_1_61' title='bbox 868 626 901 647; x_wconf 65' lang='lat' dir='ltr'>ae</span> 
     </span>
     <span class='ocr_line' id='line_1_18' title="bbox 168 668 900 711; baseline -0.001 -9"><span class='ocrx_word' id='word_1_62' title='bbox 168 668 266 702; x_wconf 88' lang='lat' dir='ltr'>veteri</span> <span class='ocrx_word' id='word_1_63' title='bbox 292 668 360 701; x_wconf 87' lang='lat' dir='ltr'>iure</span> <span class='ocrx_word' id='word_1_64' title='bbox 387 679 461 707; x_wconf 88' lang='lat' dir='ltr'>suo,</span> <span class='ocrx_word' id='word_1_65' title='bbox 489 668 690 711; x_wconf 73' lang='lat' dir='ltr'>insignibus,</span> <span class='ocrx_word' id='word_1_66' title='bbox 719 668 900 710; x_wconf 80' lang='lat' dir='ltr'>titulisque,</span> 
     </span>
     <span class='ocr_line' id='line_1_19' title="bbox 168 719 902 764; baseline -0.001 -11"><span class='ocrx_word' id='word_1_67' title='bbox 168 732 204 754; x_wconf 82' lang='lat' dir='ltr'>ac</span> <span class='ocrx_word' id='word_1_68' title='bbox 228 721 386 764; x_wconf 83' lang='lat' dir='ltr'>pristinae</span> <span class='ocrx_word' id='word_1_69' title='bbox 413 721 643 754; x_wconf 84' lang='lat' dir='ltr'>Laureacensis</span> <span class='ocrx_word' id='word_1_70' title='bbox 663 719 821 753; x_wconf 81' lang='lat' dir='ltr'>dioecesis</span> <span class='ocrx_word' id='word_1_71' title='bbox 841 732 902 752; x_wconf 83' lang='lat' dir='ltr'>ain-</span> 
     </span>
     <span class='ocr_line' id='line_1_20' title="bbox 169 772 812 817; baseline -0.002 -11"><span class='ocrx_word' id='word_1_72' title='bbox 169 774 329 817; x_wconf 88' lang='lat' dir='ltr'>plitudine</span> <span class='ocrx_word' id='word_1_73' title='bbox 353 784 418 807; x_wconf 92' lang='lat' dir='ltr'>non</span> <span class='ocrx_word' id='word_1_74' title='bbox 443 784 556 817; x_wconf 82' lang='lat' dir='ltr'>parum</span> <span class='ocrx_word' id='word_1_75' title='bbox 581 772 812 806; x_wconf 86' lang='lat' dir='ltr'>imminutuin¹.</span> 
     </span>
    </p>

    <p class='ocr_par' dir='ltr' id='par_1_5' title="bbox 169 826 911 2349">
     <span class='ocr_line' id='line_1_21' title="bbox 213 826 903 870; baseline 0 -12"><span class='ocrx_word' id='word_1_76' title='bbox 213 827 227 870; x_wconf 70' lang='lat' dir='ltr'>g</span> <span class='ocrx_word' id='word_1_77' title='bbox 252 826 282 858; x_wconf 75' lang='lat'>⁶2.</span> <span class='ocrx_word' id='word_1_78' title='bbox 309 826 378 859; x_wconf 90' lang='lat' dir='ltr'>Non</span> <span class='ocrx_word' id='word_1_79' title='bbox 403 826 475 859; x_wconf 85' lang='lat' dir='ltr'>ideo</span> <span class='ocrx_word' id='word_1_80' title='bbox 503 832 610 859; x_wconf 87' lang='lat' dir='ltr'>tamen</span> <span class='ocrx_word' id='word_1_81' title='bbox 635 836 776 868; x_wconf 84' lang='lat' dir='ltr'>unquam</span> <span class='ocrx_word' id='word_1_82' title='bbox 810 836 903 869; x_wconf 79' lang='lat' dir='ltr'>prae-</span> 
     </span>
     <span class='ocr_line' id='line_1_22' title="bbox 170 879 902 922; baseline -0.003 -9"><span class='ocrx_word' id='word_1_83' title='bbox 170 881 256 913; x_wconf 86' lang='lat' dir='ltr'>sules</span> <span class='ocrx_word' id='word_1_84' title='bbox 282 880 438 913; x_wconf 85' lang='lat' dir='ltr'>ecclesiae</span> <span class='ocrx_word' id='word_1_85' title='bbox 460 879 663 919; x_wconf 66' lang='lat' dir='ltr'>pataviensis,</span> <span class='ocrx_word' id='word_1_86' title='bbox 682 879 731 912; x_wconf 93' lang='lat' dir='ltr'>cui</span> <span class='ocrx_word' id='word_1_87' title='bbox 751 879 902 922; x_wconf 82' lang='lat' dir='ltr'>antiquae</span> 
     </span>
     <span class='ocr_line' id='line_1_23' title="bbox 171 931 903 974; baseline -0.003 -9"><span class='ocrx_word' id='word_1_88' title='bbox 171 932 328 966; x_wconf 84' lang='lat' dir='ltr'>dioecesis</span> <span class='ocrx_word' id='word_1_89' title='bbox 353 932 581 966; x_wconf 84' lang='lat' dir='ltr'>Laureacensis</span> <span class='ocrx_word' id='word_1_90' title='bbox 599 931 736 965; x_wconf 82' lang='lat' dir='ltr'>maxima</span> <span class='ocrx_word' id='word_1_91' title='bbox 754 942 826 974; x_wconf 87' lang='lat' dir='ltr'>pars</span> <span class='ocrx_word' id='word_1_92' title='bbox 840 942 903 963; x_wconf 88' lang='lat' dir='ltr'>una</span> 
     </span>
     <span class='ocr_line' id='line_1_24' title="bbox 169 985 903 1028; baseline -0.003 -10"><span class='ocrx_word' id='word_1_93' title='bbox 169 995 242 1018; x_wconf 88' lang='lat' dir='ltr'>cum</span> <span class='ocrx_word' id='word_1_94' title='bbox 267 986 335 1028; x_wconf 72' lang='lat' dir='ltr'>ipsa</span> <span class='ocrx_word' id='word_1_95' title='bbox 371 985 496 1018; x_wconf 81' lang='lat' dir='ltr'>civitate</span> <span class='ocrx_word' id='word_1_96' title='bbox 533 985 695 1018; x_wconf 80' lang='lat' dir='ltr'>Laureaco</span> <span class='ocrx_word' id='word_1_97' title='bbox 730 985 903 1017; x_wconf 74' lang='lat' dir='ltr'>etiamnum</span> 
     </span>
     <span class='ocr_line' id='line_1_25' title="bbox 170 1037 904 1081; baseline -0.003 -10"><span class='ocrx_word' id='word_1_98' title='bbox 170 1038 288 1080; x_wconf 86' lang='lat' dir='ltr'>subest,</span> <span class='ocrx_word' id='word_1_99' title='bbox 312 1044 452 1071; x_wconf 87' lang='lat' dir='ltr'>veterem</span> <span class='ocrx_word' id='word_1_100' title='bbox 476 1038 564 1081; x_wconf 86' lang='lat' dir='ltr'>pallii</span> <span class='ocrx_word' id='word_1_101' title='bbox 591 1048 680 1070; x_wconf 84' lang='lat' dir='ltr'>nsum</span> <span class='ocrx_word' id='word_1_102' title='bbox 706 1037 904 1081; x_wconf 89' lang='lat' dir='ltr'>postliminio</span> 
     </span>
     <span class='ocr_line' id='line_1_26' title="bbox 171 1090 905 1135; baseline -0.003 -11"><span class='ocrx_word' id='word_1_103' title='bbox 171 1091 387 1135; x_wconf 85' lang='lat' dir='ltr'>recuperandi</span> <span class='ocrx_word' id='word_1_104' title='bbox 414 1091 554 1124; x_wconf 80' lang='lat' dir='ltr'>animum</span> <span class='ocrx_word' id='word_1_105' title='bbox 573 1091 828 1134; x_wconf 88' lang='lat' dir='ltr'>desponderunt.</span> <span class='ocrx_word' id='word_1_106' title='bbox 852 1090 905 1122; x_wconf 91' lang='lat' dir='ltr'>lm-</span> 
     </span>
     <span class='ocr_line' id='line_1_27' title="bbox 170 1144 904 1187; baseline -0.005 -8"><span class='ocrx_word' id='word_1_107' title='bbox 170 1156 223 1179; x_wconf 88' lang='lat' dir='ltr'>mo</span> <span class='ocrx_word' id='word_1_108' title='bbox 249 1144 407 1187; x_wconf 77' lang='lat' dir='ltr'>Georgius</span> <span class='ocrx_word' id='word_1_109' title='bbox 432 1144 627 1177; x_wconf 81' lang='lat' dir='ltr'>Pataviensis</span> <span class='ocrx_word' id='word_1_110' title='bbox 664 1144 837 1186; x_wconf 84' lang='lat' dir='ltr'>episeopus</span> <span class='ocrx_word' id='word_1_111' title='bbox 873 1144 904 1175; x_wconf 91' lang='lat' dir='ltr'>in</span> 
     </span>
     <span class='ocr_line' id='line_1_28' title="bbox 171 1197 905 1231; baseline -0.003 -1"><span class='ocrx_word' id='word_1_112' title='bbox 171 1197 310 1231; x_wconf 91' lang='lat' dir='ltr'>coneilio</span> <span class='ocrx_word' id='word_1_113' title='bbox 349 1197 590 1230; x_wconf 82' lang='lat' dir='ltr'>Constantiensi</span> <span class='ocrx_word' id='word_1_114' title='bbox 632 1208 648 1229; x_wconf 83' lang='lat' dir='ltr'>a</span> <span class='ocrx_word' id='word_1_115' title='bbox 686 1197 905 1229; x_wconf 79' lang='lat' dir='ltr'>Baltliassarre</span> 
     </span>
     <span class='ocr_line' id='line_1_29' title="bbox 171 1249 905 1294; baseline -0.003 -11"><span class='ocrx_word' id='word_1_116' title='bbox 171 1251 325 1294; x_wconf 87' lang='lat' dir='ltr'>episcopo</span> <span class='ocrx_word' id='word_1_117' title='bbox 351 1250 505 1283; x_wconf 76' lang='lat' dir='ltr'>cardinali</span> <span class='ocrx_word' id='word_1_118' title='bbox 531 1250 735 1289; x_wconf 82' lang='lat' dir='ltr'>Tusculano,</span> <span class='ocrx_word' id='word_1_119' title='bbox 763 1255 838 1281; x_wconf 87' lang='lat' dir='ltr'>tune</span> <span class='ocrx_word' id='word_1_120' title='bbox 875 1249 905 1281; x_wconf 90' lang='lat' dir='ltr'>in</span> 
     </span>
     <span class='ocr_line' id='line_1_30' title="bbox 171 1303 906 1346; baseline -0.003 -9"><span class='ocrx_word' id='word_1_121' title='bbox 171 1306 227 1337; x_wconf 74' lang='lat' dir='ltr'>sua</span> <span class='ocrx_word' id='word_1_122' title='bbox 253 1303 438 1337; x_wconf 74' lang='lat' dir='ltr'>obedientia</span> <span class='ocrx_word' id='word_1_123' title='bbox 462 1303 581 1336; x_wconf 78' lang='lat' dir='ltr'>Ioanne</span> <span class='ocrx_word' id='word_1_124' title='bbox 608 1303 692 1346; x_wconf 83' lang='lat' dir='ltr'>Papa</span> <span class='ocrx_word' id='word_1_125' title='bbox 718 1303 820 1342; x_wconf 78' lang='lat' dir='ltr'>XXlll,</span> <span class='ocrx_word' id='word_1_126' title='bbox 846 1313 906 1346; x_wconf 89' lang='lat' dir='ltr'>pro</span> 
     </span>
     <span class='ocr_line' id='line_1_31' title="bbox 170 1356 906 1400; baseline -0.001 -10"><span class='ocrx_word' id='word_1_127' title='bbox 170 1368 203 1390; x_wconf 88' lang='lat' dir='ltr'>se</span> <span class='ocrx_word' id='word_1_128' title='bbox 229 1357 360 1400; x_wconf 87' lang='lat' dir='ltr'>suisque</span> <span class='ocrx_word' id='word_1_129' title='bbox 378 1356 410 1389; x_wconf 90' lang='lat' dir='ltr'>in</span> <span class='ocrx_word' id='word_1_130' title='bbox 429 1356 565 1389; x_wconf 73' lang='lat' dir='ltr'>ecelesia</span> <span class='ocrx_word' id='word_1_131' title='bbox 584 1356 761 1388; x_wconf 71' lang='lat' dir='ltr'>pataviensi</span> <span class='ocrx_word' id='word_1_132' title='bbox 782 1356 906 1399; x_wconf 85' lang='lat' dir='ltr'>episco-</span> 
     </span>
     <span class='ocr_line' id='line_1_32' title="bbox 171 1409 906 1454; baseline -0.001 -12"><span class='ocrx_word' id='word_1_133' title='bbox 171 1410 219 1454; x_wconf 89' lang='lat' dir='ltr'>pis</span> <span class='ocrx_word' id='word_1_134' title='bbox 256 1409 495 1443; x_wconf 82' lang='lat' dir='ltr'>successoribus</span> <span class='ocrx_word' id='word_1_135' title='bbox 532 1421 548 1442; x_wconf 85' lang='lat' dir='ltr'>a</span> <span class='ocrx_word' id='word_1_136' title='bbox 588 1420 795 1453; x_wconf 84' lang='lat' dir='ltr'>quocumque</span> <span class='ocrx_word' id='word_1_137' title='bbox 837 1409 906 1442; x_wconf 90' lang='lat' dir='ltr'>iure</span> 
     </span>
     <span class='ocr_line' id='line_1_33' title="bbox 172 1462 906 1506; baseline -0.001 -11"><span class='ocrx_word' id='word_1_138' title='bbox 172 1462 414 1506; x_wconf 88' lang='lat' dir='ltr'>metropolitico</span> <span class='ocrx_word' id='word_1_139' title='bbox 445 1467 476 1495; x_wconf 86' lang='lat' dir='ltr'>et</span> <span class='ocrx_word' id='word_1_140' title='bbox 507 1462 679 1504; x_wconf 76' lang='lat' dir='ltr'>legationis</span> <span class='ocrx_word' id='word_1_141' title='bbox 708 1462 906 1505; x_wconf 85' lang='lat' dir='ltr'>apostolieae</span> 
     </span>
     <span class='ocr_line' id='line_1_34' title="bbox 171 1515 907 1559; baseline -0.004 -9"><span class='ocrx_word' id='word_1_142' title='bbox 171 1516 409 1559; x_wconf 84' lang='lat' dir='ltr'>archicpiscopi</span> <span class='ocrx_word' id='word_1_143' title='bbox 450 1515 709 1558; x_wconf 77' lang='lat' dir='ltr'>Salisburgensis</span> <span class='ocrx_word' id='word_1_144' title='bbox 750 1515 907 1548; x_wconf 90' lang='lat' dir='ltr'>omnimo-</span> 
     </span>
     <span class='ocr_line' id='line_1_35' title="bbox 172 1568 906 1612; baseline -0.004 -10"><span class='ocrx_word' id='word_1_145' title='bbox 172 1570 242 1602; x_wconf 88' lang='lat' dir='ltr'>dam</span> <span class='ocrx_word' id='word_1_146' title='bbox 261 1569 497 1612; x_wconf 72' lang='lat' dir='ltr'>exemptionem</span> <span class='ocrx_word' id='word_1_147' title='bbox 519 1568 658 1601; x_wconf 86' lang='lat' dir='ltr'>obtinuit</span> <span class='ocrx_word' id='word_1_148' title='bbox 676 1571 739 1600; x_wconf 74' lang='lat' dir='ltr'>una</span> <span class='ocrx_word' id='word_1_149' title='bbox 758 1579 829 1601; x_wconf 88' lang='lat' dir='ltr'>eum</span> <span class='ocrx_word' id='word_1_150' title='bbox 849 1579 906 1600; x_wconf 90' lang='lat' dir='ltr'>usu</span> 
     </span>
     <span class='ocr_line' id='line_1_36' title="bbox 172 1622 907 1666; baseline -0.003 -10"><span class='ocrx_word' id='word_1_151' title='bbox 172 1622 271 1666; x_wconf 82' lang='lat' dir='ltr'>pallii.</span> <span class='ocrx_word' id='word_1_152' title='bbox 298 1623 365 1655; x_wconf 86' lang='lat' dir='ltr'>lloc</span> <span class='ocrx_word' id='word_1_153' title='bbox 390 1632 424 1655; x_wconf 81' lang='lat' dir='ltr'>ex</span> <span class='ocrx_word' id='word_1_154' title='bbox 453 1622 578 1654; x_wconf 84' lang='lat' dir='ltr'>loannis</span> <span class='ocrx_word' id='word_1_155' title='bbox 602 1622 718 1655; x_wconf 86' lang='lat' dir='ltr'>litteris</span> <span class='ocrx_word' id='word_1_156' title='bbox 744 1624 779 1653; x_wconf 77' lang='lat' dir='ltr'>ea</span> <span class='ocrx_word' id='word_1_157' title='bbox 810 1622 848 1655; x_wconf 89' lang='lat' dir='ltr'>de</span> <span class='ocrx_word' id='word_1_158' title='bbox 874 1632 907 1654; x_wconf 89' lang='lat' dir='ltr'>re</span> 
     </span>
     <span class='ocr_line' id='line_1_37' title="bbox 172 1675 907 1719; baseline 0.001 -12"><span class='ocrx_word' id='word_1_159' title='bbox 172 1676 366 1719; x_wconf 74' lang='lat' dir='ltr'>conscriptis</span> <span class='ocrx_word' id='word_1_160' title='bbox 391 1680 536 1715; x_wconf 88' lang='lat' dir='ltr'>constat,</span> <span class='ocrx_word' id='word_1_161' title='bbox 563 1686 640 1718; x_wconf 78' lang='lat' dir='ltr'>quas</span> <span class='ocrx_word' id='word_1_162' title='bbox 667 1675 765 1708; x_wconf 74' lang='lat' dir='ltr'>felicis</span> <span class='ocrx_word' id='word_1_163' title='bbox 800 1686 907 1708; x_wconf 89' lang='lat' dir='ltr'>recor-</span> 
     </span>
     <span class='ocr_line' id='line_1_38' title="bbox 173 1728 906 1771; baseline -0.003 -9"><span class='ocrx_word' id='word_1_164' title='bbox 173 1729 313 1762; x_wconf 79' lang='lat' dir='ltr'>dationis</span> <span class='ocrx_word' id='word_1_165' title='bbox 328 1729 480 1762; x_wconf 75' lang='lat' dir='ltr'>decessor</span> <span class='ocrx_word' id='word_1_166' title='bbox 494 1734 606 1761; x_wconf 88' lang='lat' dir='ltr'>noster</span> <span class='ocrx_word' id='word_1_167' title='bbox 621 1728 774 1761; x_wconf 85' lang='lat' dir='ltr'>Martinus</span> <span class='ocrx_word' id='word_1_168' title='bbox 791 1728 875 1771; x_wconf 81' lang='lat' dir='ltr'>Papa</span> <span class='ocrx_word' id='word_1_169' title='bbox 887 1728 906 1760; x_wconf 76' lang='lat' dir='ltr'>V</span> 
     </span>
     <span class='ocr_line' id='line_1_39' title="bbox 174 1780 907 1823; baseline -0.003 -8"><span class='ocrx_word' id='word_1_170' title='bbox 174 1782 356 1815; x_wconf 81' lang='lat' dir='ltr'>Florentiae</span> <span class='ocrx_word' id='word_1_171' title='bbox 393 1780 588 1814; x_wconf 74' lang='lat' dir='ltr'>confirmans</span> <span class='ocrx_word' id='word_1_172' title='bbox 627 1781 731 1814; x_wconf 89' lang='lat' dir='ltr'>eidem</span> <span class='ocrx_word' id='word_1_173' title='bbox 769 1780 907 1823; x_wconf 75' lang='lat' dir='ltr'>Georgio</span> 
     </span>
     <span class='ocr_line' id='line_1_40' title="bbox 176 1834 906 1877; baseline 0 -11"><span class='ocrx_word' id='word_1_174' title='bbox 176 1845 285 1867; x_wconf 84' lang='lat' dir='ltr'>rursus</span> <span class='ocrx_word' id='word_1_175' title='bbox 307 1834 494 1867; x_wconf 87' lang='lat' dir='ltr'>huiusmodi</span> <span class='ocrx_word' id='word_1_176' title='bbox 510 1834 748 1877; x_wconf 80' lang='lat' dir='ltr'>exemptionem</span> <span class='ocrx_word' id='word_1_177' title='bbox 769 1839 799 1866; x_wconf 91' lang='lat' dir='ltr'>et</span> <span class='ocrx_word' id='word_1_178' title='bbox 816 1845 906 1866; x_wconf 88' lang='lat' dir='ltr'>usum</span> 
     </span>
     <span class='ocr_line' id='line_1_41' title="bbox 175 1886 908 1929; baseline 0.001 -11"><span class='ocrx_word' id='word_1_179' title='bbox 175 1887 263 1929; x_wconf 88' lang='lat' dir='ltr'>pallii</span> <span class='ocrx_word' id='word_1_180' title='bbox 289 1887 429 1929; x_wconf 81' lang='lat' dir='ltr'>benigne</span> <span class='ocrx_word' id='word_1_181' title='bbox 455 1887 625 1927; x_wconf 79' lang='lat' dir='ltr'>concessit,</span> <span class='ocrx_word' id='word_1_182' title='bbox 651 1892 686 1919; x_wconf 93' lang='lat' dir='ltr'>ut</span> <span class='ocrx_word' id='word_1_183' title='bbox 711 1887 742 1919; x_wconf 93' lang='lat' dir='ltr'>in</span> <span class='ocrx_word' id='word_1_184' title='bbox 769 1886 837 1919; x_wconf 85' lang='lat' dir='ltr'>eius</span> <span class='ocrx_word' id='word_1_185' title='bbox 862 1887 908 1919; x_wconf 93' lang='lat' dir='ltr'>lit-</span> 
     </span>
     <span class='ocr_line' id='line_1_42' title="bbox 177 1938 907 1981; baseline 0.003 -11"><span class='ocrx_word' id='word_1_186' title='bbox 177 1939 252 1971; x_wconf 76' lang='lat' dir='ltr'>teris</span> <span class='ocrx_word' id='word_1_187' title='bbox 280 1943 355 1971; x_wconf 89' lang='lat' dir='ltr'>tunc</span> <span class='ocrx_word' id='word_1_188' title='bbox 380 1939 591 1981; x_wconf 82' lang='lat' dir='ltr'>promulgatis</span> <span class='ocrx_word' id='word_1_189' title='bbox 618 1939 746 1981; x_wconf 84' lang='lat' dir='ltr'>plenius</span> <span class='ocrx_word' id='word_1_190' title='bbox 764 1938 907 1972; x_wconf 84' lang='lat' dir='ltr'>eontine-</span> 
     </span>
     <span class='ocr_line' id='line_1_43' title="bbox 178 1991 908 2033; baseline 0.003 -11"><span class='ocrx_word' id='word_1_191' title='bbox 178 1996 250 2031; x_wconf 85' lang='lat' dir='ltr'>tnr;</span> <span class='ocrx_word' id='word_1_192' title='bbox 286 2001 367 2033; x_wconf 87' lang='lat' dir='ltr'>quae</span> <span class='ocrx_word' id='word_1_193' title='bbox 404 1995 519 2033; x_wconf 82' lang='lat' dir='ltr'>postea</span> <span class='ocrx_word' id='word_1_194' title='bbox 552 1991 681 2023; x_wconf 82' lang='lat' dir='ltr'>litterae</span> <span class='ocrx_word' id='word_1_195' title='bbox 719 1991 757 2023; x_wconf 78' lang='lat' dir='ltr'>ab</span> <span class='ocrx_word' id='word_1_196' title='bbox 794 1991 908 2024; x_wconf 85' lang='lat' dir='ltr'>eodem</span> 
     </span>
     <span class='ocr_line' id='line_1_44' title="bbox 177 2043 908 2086; baseline 0 -10"><span class='ocrx_word' id='word_1_197' title='bbox 177 2043 310 2076; x_wconf 72' lang='lat' dir='ltr'>Mai-tino</span> <span class='ocrx_word' id='word_1_198' title='bbox 337 2043 358 2075; x_wconf 92' lang='lat' dir='ltr'>V</span> <span class='ocrx_word' id='word_1_199' title='bbox 384 2043 502 2076; x_wconf 84' lang='lat' dir='ltr'>Romae</span> <span class='ocrx_word' id='word_1_200' title='bbox 528 2043 700 2076; x_wconf 88' lang='lat' dir='ltr'>constituto</span> <span class='ocrx_word' id='word_1_201' title='bbox 735 2044 908 2086; x_wconf 77' lang='lat' dir='ltr'>abrogatae</span> 
     </span>
     <span class='ocr_line' id='line_1_45' title="bbox 178 2095 910 2136; baseline -0.001 -6"><span class='ocrx_word' id='word_1_202' title='bbox 178 2102 209 2130; x_wconf 89' lang='lat' dir='ltr'>et</span> <span class='ocrx_word' id='word_1_203' title='bbox 234 2100 399 2129; x_wconf 84' lang='lat' dir='ltr'>revocatae</span> <span class='ocrx_word' id='word_1_204' title='bbox 426 2095 563 2136; x_wconf 84' lang='lat' dir='ltr'>suerunt,</span> <span class='ocrx_word' id='word_1_205' title='bbox 582 2095 624 2128; x_wconf 85' lang='lat' dir='ltr'>ita</span> <span class='ocrx_word' id='word_1_206' title='bbox 649 2101 754 2128; x_wconf 88' lang='lat' dir='ltr'>tamen</span> <span class='ocrx_word' id='word_1_207' title='bbox 772 2102 807 2129; x_wconf 87' lang='lat' dir='ltr'>ut</span> <span class='ocrx_word' id='word_1_208' title='bbox 825 2097 910 2129; x_wconf 88' lang='lat' dir='ltr'>idem</span> 
     </span>
     <span class='ocr_line' id='line_1_46' title="bbox 178 2148 910 2191; baseline 0 -10"><span class='ocrx_word' id='word_1_209' title='bbox 178 2148 332 2191; x_wconf 76' lang='lat' dir='ltr'>Georgius</span> <span class='ocrx_word' id='word_1_210' title='bbox 358 2153 421 2182; x_wconf 93' lang='lat' dir='ltr'>toto</span> <span class='ocrx_word' id='word_1_211' title='bbox 446 2149 527 2181; x_wconf 87' lang='lat' dir='ltr'>vitae</span> <span class='ocrx_word' id='word_1_212' title='bbox 553 2158 626 2181; x_wconf 88' lang='lat' dir='ltr'>suae</span> <span class='ocrx_word' id='word_1_213' title='bbox 664 2153 810 2191; x_wconf 88' lang='lat' dir='ltr'>tempore</span> <span class='ocrx_word' id='word_1_214' title='bbox 849 2151 910 2181; x_wconf 81' lang='lat' dir='ltr'>una</span> 
     </span>
     <span class='ocr_line' id='line_1_47' title="bbox 178 2200 911 2244; baseline 0 -10"><span class='ocrx_word' id='word_1_215' title='bbox 178 2212 248 2234; x_wconf 92' lang='lat' dir='ltr'>cum</span> <span class='ocrx_word' id='word_1_216' title='bbox 273 2203 329 2234; x_wconf 77' lang='lat' dir='ltr'>sua</span> <span class='ocrx_word' id='word_1_217' title='bbox 354 2200 493 2234; x_wconf 78' lang='lat' dir='ltr'>eeclesia</span> <span class='ocrx_word' id='word_1_218' title='bbox 517 2207 547 2233; x_wconf 89' lang='lat' dir='ltr'>et</span> <span class='ocrx_word' id='word_1_219' title='bbox 573 2201 713 2234; x_wconf 88' lang='lat' dir='ltr'>dioecesi</span> <span class='ocrx_word' id='word_1_220' title='bbox 732 2201 911 2244; x_wconf 79' lang='lat' dir='ltr'>impetratis</span> 
     </span>
     <span class='ocr_line' id='line_1_48' title="bbox 179 2253 911 2296; baseline 0.001 -10"><span class='ocrx_word' id='word_1_221' title='bbox 179 2254 357 2296; x_wconf 82' lang='lat' dir='ltr'>gauderet,</span> <span class='ocrx_word' id='word_1_222' title='bbox 385 2263 443 2286; x_wconf 87' lang='lat' dir='ltr'>nec</span> <span class='ocrx_word' id='word_1_223' title='bbox 467 2253 525 2286; x_wconf 87' lang='lat' dir='ltr'>sub</span> <span class='ocrx_word' id='word_1_224' title='bbox 560 2253 671 2286; x_wconf 70' lang='lat' dir='ltr'>eadem</span> <span class='ocrx_word' id='word_1_225' title='bbox 707 2253 911 2288; x_wconf 84' lang='lat' dir='ltr'>revocatione</span> 
     </span>
     <span class='ocr_line' id='line_1_49' title="bbox 179 2306 911 2349; baseline 0.001 -11"><span class='ocrx_word' id='word_1_226' title='bbox 179 2312 210 2339; x_wconf 87' lang='lat' dir='ltr'>et</span> <span class='ocrx_word' id='word_1_227' title='bbox 233 2306 470 2348; x_wconf 80' lang='lat' dir='ltr'>Salisburgensi</span> <span class='ocrx_word' id='word_1_228' title='bbox 503 2306 676 2349; x_wconf 85' lang='lat' dir='ltr'>metropoli</span> <span class='ocrx_word' id='word_1_229' title='bbox 711 2306 911 2340; x_wconf 86' lang='lat' dir='ltr'>subiectione</span> 
     </span>
    </p>
   </div>
   <div class='ocr_carea' id='block_1_5' title="bbox 944 187 1688 1495">
    <p class='ocr_par' dir='ltr' id='par_1_6' title="bbox 944 187 1688 1495">
     <span class='ocr_line' id='line_1_50' title="bbox 1571 187 1635 220; baseline -0.031 -1"><span class='ocrx_word' id='word_1_230' title='bbox 1571 187 1635 220; x_wconf 64' lang='grc'>(555</span> 
     </span>
     <span class='ocr_line' id='line_1_51' title="bbox 946 244 1681 279; baseline -0.003 -1"><span class='ocrx_word' id='word_1_231' title='bbox 946 247 1052 279; x_wconf 86' lang='lat' dir='ltr'>nullae</span> <span class='ocrx_word' id='word_1_232' title='bbox 1079 246 1257 279; x_wconf 82' lang='lat' dir='ltr'>discordiae</span> <span class='ocrx_word' id='word_1_233' title='bbox 1283 251 1313 278; x_wconf 81' lang='lat' dir='ltr'>et</span> <span class='ocrx_word' id='word_1_234' title='bbox 1348 245 1591 278; x_wconf 78' lang='lat' dir='ltr'>controversiae</span> <span class='ocrx_word' id='word_1_235' title='bbox 1625 244 1681 276; x_wconf 89' lang='lat' dir='ltr'>ali-</span> 
     </span>
     <span class='ocr_line' id='line_1_52' title="bbox 945 299 1681 341; baseline 0 -12"><span class='ocrx_word' id='word_1_236' title='bbox 945 299 1072 341; x_wconf 85' lang='lat' dir='ltr'>quando</span> <span class='ocrx_word' id='word_1_237' title='bbox 1099 305 1227 331; x_wconf 76' lang='lat' dir='ltr'>exortae</span> <span class='ocrx_word' id='word_1_238' title='bbox 1256 300 1384 332; x_wconf 79' lang='lat' dir='ltr'>suerunt</span> <span class='ocrx_word' id='word_1_239' title='bbox 1402 327 1409 339; x_wconf 92' lang='lat'>‚</span> <span class='ocrx_word' id='word_1_240' title='bbox 1449 309 1529 341; x_wconf 85' lang='lat' dir='ltr'>quae</span> <span class='ocrx_word' id='word_1_241' title='bbox 1568 303 1681 341; x_wconf 75' lang='lat' dir='ltr'>postea</span> 
     </span>
     <span class='ocr_line' id='line_1_53' title="bbox 945 350 1681 394; baseline 0 -11"><span class='ocrx_word' id='word_1_242' title='bbox 945 351 975 383; x_wconf 90' lang='lat' dir='ltr'>in</span> <span class='ocrx_word' id='word_1_243' title='bbox 1002 356 1147 394; x_wconf 87' lang='lat' dir='ltr'>apertam</span> <span class='ocrx_word' id='word_1_244' title='bbox 1174 351 1263 384; x_wconf 89' lang='lat' dir='ltr'>litem</span> <span class='ocrx_word' id='word_1_245' title='bbox 1283 351 1367 384; x_wconf 88' lang='lat' dir='ltr'>inter</span> <span class='ocrx_word' id='word_1_246' title='bbox 1385 352 1488 384; x_wconf 80' lang='lat' dir='ltr'>bonae</span> <span class='ocrx_word' id='word_1_247' title='bbox 1507 350 1681 383; x_wconf 87' lang='lat' dir='ltr'>memoriae</span> 
     </span>
     <span class='ocr_line' id='line_1_54' title="bbox 946 403 1682 447; baseline -0.001 -11"><span class='ocrx_word' id='word_1_248' title='bbox 946 405 1096 436; x_wconf 88' lang='lat' dir='ltr'>loannem</span> <span class='ocrx_word' id='word_1_249' title='bbox 1124 403 1306 447; x_wconf 81' lang='lat' dir='ltr'>Philippum</span> <span class='ocrx_word' id='word_1_250' title='bbox 1333 403 1456 437; x_wconf 76' lang='lat' dir='ltr'>S.R.E.</span> <span class='ocrx_word' id='word_1_251' title='bbox 1484 403 1682 436; x_wconf 83' lang='lat' dir='ltr'>cardinalem</span> 
     </span>
     <span class='ocr_line' id='line_1_55' title="bbox 944 456 1683 499; baseline 0 -11"><span class='ocrx_word' id='word_1_252' title='bbox 944 468 961 488; x_wconf 79' lang='lat' dir='ltr'>a</span> <span class='ocrx_word' id='word_1_253' title='bbox 987 457 1143 499; x_wconf 41' lang='lat' dir='ltr'>liainlierg</span> <span class='ocrx_word' id='word_1_254' title='bbox 1166 462 1395 499; x_wconf 85' lang='lat' dir='ltr'>nuncupatum,</span> <span class='ocrx_word' id='word_1_255' title='bbox 1412 456 1602 499; x_wconf 87' lang='lat' dir='ltr'>episcopum</span> <span class='ocrx_word' id='word_1_256' title='bbox 1630 456 1683 488; x_wconf 81' lang='lat' dir='ltr'>Pa-</span> 
     </span>
     <span class='ocr_line' id='line_1_56' title="bbox 947 508 1682 551; baseline 0 -11"><span class='ocrx_word' id='word_1_257' title='bbox 947 508 1141 547; x_wconf 78' lang='lat' dir='ltr'>tariensem,</span> <span class='ocrx_word' id='word_1_258' title='bbox 1167 520 1203 541; x_wconf 77' lang='lat' dir='ltr'>ex</span> <span class='ocrx_word' id='word_1_259' title='bbox 1238 511 1318 548; x_wconf 76' lang='lat' dir='ltr'>una,</span> <span class='ocrx_word' id='word_1_260' title='bbox 1346 514 1376 541; x_wconf 91' lang='lat' dir='ltr'>et</span> <span class='ocrx_word' id='word_1_261' title='bbox 1401 509 1682 551; x_wconf 72' lang='lat' dir='ltr'>Salislinrgensem</span> 
     </span>
     <span class='ocr_line' id='line_1_57' title="bbox 946 561 1683 604; baseline 0 -11"><span class='ocrx_word' id='word_1_262' title='bbox 946 561 1243 604; x_wconf 82' lang='lat' dir='ltr'>archiepiscopum,</span> <span class='ocrx_word' id='word_1_263' title='bbox 1265 573 1301 594; x_wconf 80' lang='lat' dir='ltr'>cx</span> <span class='ocrx_word' id='word_1_264' title='bbox 1320 562 1418 594; x_wconf 69' lang='lat' dir='ltr'>altera</span> <span class='ocrx_word' id='word_1_265' title='bbox 1437 561 1593 604; x_wconf 83' lang='lat' dir='ltr'>partibus,</span> <span class='ocrx_word' id='word_1_266' title='bbox 1613 572 1683 593; x_wconf 90' lang='lat' dir='ltr'>eru-</span> 
     </span>
     <span class='ocr_line' id='line_1_58' title="bbox 946 615 1683 657; baseline 0 -10"><span class='ocrx_word' id='word_1_267' title='bbox 946 620 1072 656; x_wconf 86' lang='lat' dir='ltr'>perunt.</span> <span class='ocrx_word' id='word_1_268' title='bbox 1092 615 1175 647; x_wconf 88' lang='lat' dir='ltr'>llaec</span> <span class='ocrx_word' id='word_1_269' title='bbox 1202 625 1298 657; x_wconf 86' lang='lat' dir='ltr'>porro</span> <span class='ocrx_word' id='word_1_270' title='bbox 1318 615 1355 648; x_wconf 86' lang='lat' dir='ltr'>lis</span> <span class='ocrx_word' id='word_1_271' title='bbox 1374 615 1412 647; x_wconf 83' lang='lat' dir='ltr'>ad</span> <span class='ocrx_word' id='word_1_272' title='bbox 1432 615 1584 647; x_wconf 89' lang='lat' dir='ltr'>iudicium</span> <span class='ocrx_word' id='word_1_273' title='bbox 1603 615 1683 656; x_wconf 81' lang='lat' dir='ltr'>Apo—</span> 
     </span>
     <span class='ocr_line' id='line_1_59' title="bbox 947 666 1682 710; baseline -0.001 -11"><span class='ocrx_word' id='word_1_274' title='bbox 947 667 1080 700; x_wconf 86' lang='lat' dir='ltr'>stolieae</span> <span class='ocrx_word' id='word_1_275' title='bbox 1107 667 1197 700; x_wconf 80' lang='lat' dir='ltr'>Sedis</span> <span class='ocrx_word' id='word_1_276' title='bbox 1232 668 1354 710; x_wconf 87' lang='lat' dir='ltr'>perlata</span> <span class='ocrx_word' id='word_1_277' title='bbox 1387 678 1494 700; x_wconf 85' lang='lat' dir='ltr'>coram</span> <span class='ocrx_word' id='word_1_278' title='bbox 1523 666 1682 699; x_wconf 82' lang='lat' dir='ltr'>iudicibus</span> 
     </span>
     <span class='ocr_line' id='line_1_60' title="bbox 947 720 1684 763; baseline 0 -11"><span class='ocrx_word' id='word_1_279' title='bbox 947 721 1205 762; x_wconf 80' lang='lat' dir='ltr'>competentibus</span> <span class='ocrx_word' id='word_1_280' title='bbox 1232 721 1264 752; x_wconf 90' lang='lat' dir='ltr'>in</span> <span class='ocrx_word' id='word_1_281' title='bbox 1291 721 1390 753; x_wconf 82' lang='lat' dir='ltr'>nostri</span> <span class='ocrx_word' id='word_1_282' title='bbox 1417 720 1526 763; x_wconf 82' lang='lat' dir='ltr'>palatii</span> <span class='ocrx_word' id='word_1_283' title='bbox 1557 724 1684 762; x_wconf 88' lang='lat' dir='ltr'>aposto-</span> 
     </span>
     <span class='ocr_line' id='line_1_61' title="bbox 946 772 1684 815; baseline -0.001 -10"><span class='ocrx_word' id='word_1_284' title='bbox 946 772 999 805; x_wconf 83' lang='lat' dir='ltr'>lici</span> <span class='ocrx_word' id='word_1_285' title='bbox 1026 783 1195 805; x_wconf 80' lang='lat' dir='ltr'>causarum</span> <span class='ocrx_word' id='word_1_286' title='bbox 1220 773 1380 806; x_wconf 84' lang='lat' dir='ltr'>auditorio</span> <span class='ocrx_word' id='word_1_287' title='bbox 1401 800 1408 813; x_wconf 88' lang='lat'><em>,</em></span> <span class='ocrx_word' id='word_1_288' title='bbox 1437 774 1501 806; x_wconf 82' lang='lat' dir='ltr'>sive</span> <span class='ocrx_word' id='word_1_289' title='bbox 1528 773 1558 804; x_wconf 90' lang='lat' dir='ltr'>in</span> <span class='ocrx_word' id='word_1_290' title='bbox 1585 772 1684 815; x_wconf 83' lang='lat' dir='ltr'>parti-</span> 
     </span>
     <span class='ocr_line' id='line_1_62' title="bbox 946 825 1685 869; baseline 0 -12"><span class='ocrx_word' id='word_1_291' title='bbox 946 826 1045 858; x_wconf 88' lang='lat' dir='ltr'>cnlari</span> <span class='ocrx_word' id='word_1_292' title='bbox 1063 826 1121 858; x_wconf 80' lang='lat' dir='ltr'>liae</span> <span class='ocrx_word' id='word_1_293' title='bbox 1138 826 1176 858; x_wconf 85' lang='lat' dir='ltr'>de</span> <span class='ocrx_word' id='word_1_294' title='bbox 1196 837 1231 859; x_wconf 88' lang='lat' dir='ltr'>re</span> <span class='ocrx_word' id='word_1_295' title='bbox 1248 826 1505 869; x_wconf 63' lang='lat' dir='ltr'>Congregaffione</span> <span class='ocrx_word' id='word_1_296' title='bbox 1525 836 1583 868; x_wconf 88' lang='lat' dir='ltr'>per</span> <span class='ocrx_word' id='word_1_297' title='bbox 1600 825 1685 858; x_wconf 81' lang='lat' dir='ltr'>lianc</span> 
     </span>
     <span class='ocr_line' id='line_1_63' title="bbox 947 878 1684 922; baseline -0.001 -11"><span class='ocrx_word' id='word_1_298' title='bbox 947 879 1062 911; x_wconf 82' lang='lat' dir='ltr'>Sedem</span> <span class='ocrx_word' id='word_1_299' title='bbox 1096 879 1317 922; x_wconf 80' lang='lat' dir='ltr'>Apostolieam</span> <span class='ocrx_word' id='word_1_300' title='bbox 1354 879 1526 922; x_wconf 70' lang='lat' dir='ltr'>deputata,</span> <span class='ocrx_word' id='word_1_301' title='bbox 1567 879 1616 911; x_wconf 90' lang='lat' dir='ltr'>vel</span> <span class='ocrx_word' id='word_1_302' title='bbox 1652 878 1684 910; x_wconf 89' lang='lat' dir='ltr'>in</span> 
     </span>
     <span class='ocr_line' id='line_1_64' title="bbox 947 930 1683 974; baseline -0.003 -9"><span class='ocrx_word' id='word_1_303' title='bbox 947 931 1207 974; x_wconf 77' lang='lat' dir='ltr'>Congregatione</span> <span class='ocrx_word' id='word_1_304' title='bbox 1233 932 1344 965; x_wconf 81' lang='lat' dir='ltr'><strong>S.R.E.</strong></span> <span class='ocrx_word' id='word_1_305' title='bbox 1372 932 1585 964; x_wconf 85' lang='lat' dir='ltr'>cardinalium</span> <span class='ocrx_word' id='word_1_306' title='bbox 1602 930 1683 964; x_wconf 84' lang='lat' dir='ltr'>Con-</span> 
     </span>
     <span class='ocr_line' id='line_1_65' title="bbox 948 983 1686 1025; baseline -0.003 -8"><span class='ocrx_word' id='word_1_307' title='bbox 948 984 1013 1017; x_wconf 90' lang='lat' dir='ltr'>cilii</span> <span class='ocrx_word' id='word_1_308' title='bbox 1039 983 1217 1017; x_wconf 71' lang='lat' dir='ltr'>Tridentini</span> <span class='ocrx_word' id='word_1_309' title='bbox 1245 984 1469 1025; x_wconf 78' lang='lat' dir='ltr'>interpretum,</span> <span class='ocrx_word' id='word_1_310' title='bbox 1497 984 1597 1016; x_wconf 79' lang='lat' dir='ltr'>aliove</span> <span class='ocrx_word' id='word_1_311' title='bbox 1623 983 1686 1015; x_wconf 80' lang='lat' dir='ltr'>llo-</span> 
     </span>
     <span class='ocr_line' id='line_1_66' title="bbox 948 1036 1687 1075; baseline -0.003 -5"><span class='ocrx_word' id='word_1_312' title='bbox 948 1048 1059 1070; x_wconf 86' lang='lat' dir='ltr'>manae</span> <span class='ocrx_word' id='word_1_313' title='bbox 1085 1037 1248 1070; x_wconf 83' lang='lat' dir='ltr'>Ecclesiae</span> <span class='ocrx_word' id='word_1_314' title='bbox 1275 1037 1442 1075; x_wconf 81' lang='lat' dir='ltr'>tribunali,</span> <span class='ocrx_word' id='word_1_315' title='bbox 1461 1047 1525 1070; x_wconf 91' lang='lat' dir='ltr'>non</span> <span class='ocrx_word' id='word_1_316' title='bbox 1545 1037 1613 1069; x_wconf 90' lang='lat' dir='ltr'>sine</span> <span class='ocrx_word' id='word_1_317' title='bbox 1639 1036 1687 1068; x_wconf 88' lang='lat' dir='ltr'>in-</span> 
     </span>
     <span class='ocr_line' id='line_1_67' title="bbox 949 1089 1686 1133; baseline -0.001 -11"><span class='ocrx_word' id='word_1_318' title='bbox 949 1091 1037 1132; x_wconf 80' lang='lat' dir='ltr'>genti</span> <span class='ocrx_word' id='word_1_319' title='bbox 1069 1091 1236 1133; x_wconf 81' lang='lat' dir='ltr'>utriusque</span> <span class='ocrx_word' id='word_1_320' title='bbox 1274 1090 1373 1133; x_wconf 78' lang='lat' dir='ltr'>patris</span> <span class='ocrx_word' id='word_1_321' title='bbox 1411 1089 1581 1132; x_wconf 86' lang='lat' dir='ltr'>dispendio</span> <span class='ocrx_word' id='word_1_322' title='bbox 1618 1094 1686 1121; x_wconf 84' lang='lat' dir='ltr'>aeta</span> 
     </span>
     <span class='ocr_line' id='line_1_68' title="bbox 950 1140 1687 1184; baseline -0.001 -10"><span class='ocrx_word' id='word_1_323' title='bbox 950 1147 1022 1183; x_wconf 85' lang='lat' dir='ltr'>est,</span> <span class='ocrx_word' id='word_1_324' title='bbox 1049 1151 1146 1184; x_wconf 88' lang='lat' dir='ltr'>super</span> <span class='ocrx_word' id='word_1_325' title='bbox 1171 1141 1359 1173; x_wconf 73' lang='lat' dir='ltr'>omnimoda</span> <span class='ocrx_word' id='word_1_326' title='bbox 1392 1141 1597 1183; x_wconf 82' lang='lat' dir='ltr'>exemptione</span> <span class='ocrx_word' id='word_1_327' title='bbox 1630 1140 1687 1173; x_wconf 87' lang='lat' dir='ltr'>Ee-</span> 
     </span>
     <span class='ocr_line' id='line_1_69' title="bbox 950 1193 1685 1236; baseline -0.003 -9"><span class='ocrx_word' id='word_1_328' title='bbox 950 1196 1065 1229; x_wconf 79' lang='lat' dir='ltr'>elesiae</span> <span class='ocrx_word' id='word_1_329' title='bbox 1093 1195 1307 1234; x_wconf 65' lang='lat' dir='ltr'>pataviensis,</span> <span class='ocrx_word' id='word_1_330' title='bbox 1335 1204 1370 1227; x_wconf 87' lang='lat' dir='ltr'>ac</span> <span class='ocrx_word' id='word_1_331' title='bbox 1406 1204 1503 1236; x_wconf 89' lang='lat' dir='ltr'>super</span> <span class='ocrx_word' id='word_1_332' title='bbox 1541 1193 1685 1226; x_wconf 87' lang='lat' dir='ltr'>eiusdem</span> 
     </span>
     <span class='ocr_line' id='line_1_70' title="bbox 950 1247 1688 1291; baseline -0.004 -10"><span class='ocrx_word' id='word_1_333' title='bbox 950 1249 1153 1283; x_wconf 86' lang='lat' dir='ltr'>restitutione</span> <span class='ocrx_word' id='word_1_334' title='bbox 1179 1249 1210 1280; x_wconf 91' lang='lat' dir='ltr'>in</span> <span class='ocrx_word' id='word_1_335' title='bbox 1244 1248 1434 1291; x_wconf 77' lang='lat' dir='ltr'>dignitatem</span> <span class='ocrx_word' id='word_1_336' title='bbox 1467 1247 1688 1289; x_wconf 83' lang='lat' dir='ltr'>archiepisco-</span> 
     </span>
     <span class='ocr_line' id='line_1_71' title="bbox 951 1301 1686 1346; baseline -0.003 -11"><span class='ocrx_word' id='word_1_337' title='bbox 951 1309 1041 1346; x_wconf 83' lang='lat' dir='ltr'>patus</span> <span class='ocrx_word' id='word_1_338' title='bbox 1067 1302 1310 1342; x_wconf 78' lang='lat' dir='ltr'>LaureaeensiS,</span> <span class='ocrx_word' id='word_1_339' title='bbox 1338 1312 1502 1345; x_wconf 85' lang='lat' dir='ltr'>superque</span> <span class='ocrx_word' id='word_1_340' title='bbox 1528 1301 1596 1333; x_wconf 82' lang='lat' dir='ltr'>iure</span> <span class='ocrx_word' id='word_1_341' title='bbox 1623 1311 1686 1333; x_wconf 89' lang='lat' dir='ltr'>me-</span> 
     </span>
     <span class='ocr_line' id='line_1_72' title="bbox 951 1353 1686 1400; baseline -0.004 -11"><span class='ocrx_word' id='word_1_342' title='bbox 951 1356 1135 1400; x_wconf 86' lang='lat' dir='ltr'>tropolitico</span> <span class='ocrx_word' id='word_1_343' title='bbox 1163 1356 1247 1399; x_wconf 86' lang='lat' dir='ltr'>quod</span> <span class='ocrx_word' id='word_1_344' title='bbox 1274 1356 1307 1387; x_wconf 89' lang='lat' dir='ltr'>in</span> <span class='ocrx_word' id='word_1_345' title='bbox 1332 1354 1506 1388; x_wconf 76' lang='lat' dir='ltr'>ecelesiam</span> <span class='ocrx_word' id='word_1_346' title='bbox 1526 1353 1686 1387; x_wconf 82' lang='lat' dir='ltr'>Patavien·</span> 
     </span>
     <span class='ocr_line' id='line_1_73' title="bbox 951 1407 1687 1451; baseline -0.003 -9"><span class='ocrx_word' id='word_1_347' title='bbox 951 1421 1015 1443; x_wconf 83' lang='lat' dir='ltr'>seni</span> <span class='ocrx_word' id='word_1_348' title='bbox 1055 1408 1314 1451; x_wconf 70' lang='lat' dir='ltr'>Salisliurgensis</span> <span class='ocrx_word' id='word_1_349' title='bbox 1355 1407 1619 1450; x_wconf 62' lang='lat' dir='ltr'>arcliiepiscoissuts</span> <span class='ocrx_word' id='word_1_350' title='bbox 1655 1418 1687 1440; x_wconf 85' lang='lat' dir='ltr'>se</span> 
     </span>
     <span class='ocr_line' id='line_1_74' title="bbox 952 1461 1324 1495; baseline -0.003 0"><span class='ocrx_word' id='word_1_351' title='bbox 952 1463 1071 1495; x_wconf 74' lang='lat' dir='ltr'>trabere</span> <span class='ocrx_word' id='word_1_352' title='bbox 1096 1461 1324 1495; x_wconf 67' lang='lat' dir='ltr'>contendebat.</span> 
     </span>
    </p>
   </div>
   <div class='ocr_carea' id='block_1_6' title="bbox 949 1513 1885 1727">
    <p class='ocr_par' dir='ltr' id='par_1_7' title="bbox 949 1513 1885 1727">
     <span class='ocr_line' id='line_1_75' title="bbox 995 1513 1881 1559; baseline -0.002 -12"><span class='ocrx_word' id='word_1_353' title='bbox 995 1517 1009 1559; x_wconf 64' lang='lat' dir='ltr'>g</span> <span class='ocrx_word' id='word_1_354' title='bbox 1034 1516 1063 1547; x_wconf 67' lang='lat' dir='ltr'>lt.</span> <span class='ocrx_word' id='word_1_355' title='bbox 1093 1514 1218 1553; x_wconf 84' lang='lat' dir='ltr'>Quum¹</span> <span class='ocrx_word' id='word_1_356' title='bbox 1246 1525 1319 1547; x_wconf 77' lang='lat' dir='ltr'>vero</span> <span class='ocrx_word' id='word_1_357' title='bbox 1346 1514 1383 1546; x_wconf 84' lang='lat' dir='ltr'>lis</span> <span class='ocrx_word' id='word_1_358' title='bbox 1411 1513 1453 1546; x_wconf 82' lang='lat' dir='ltr'>ita</span> <span class='ocrx_word' id='word_1_359' title='bbox 1487 1518 1521 1545; x_wconf 88' lang='lat' dir='ltr'>ut</span> <span class='ocrx_word' id='word_1_360' title='bbox 1551 1513 1688 1546; x_wconf 57' lang='lat' dir='ltr'>diximus</span> <span class='ocrx_word' id='word_1_361' title='bbox 1728 1520 1881 1558; x_wconf 52' lang='lat' dir='ltr'>tisri-afflicta</span> 
     </span>
     <span class='ocr_line' id='line_1_76' title="bbox 951 1549 1883 1619; baseline -0.001 -19"><span class='ocrx_word' id='word_1_362' title='bbox 951 1569 1088 1601; x_wconf 79' lang='lat' dir='ltr'>excitata</span> <span class='ocrx_word' id='word_1_363' title='bbox 1114 1573 1211 1611; x_wconf 88' lang='lat' dir='ltr'>atque</span> <span class='ocrx_word' id='word_1_364' title='bbox 1237 1567 1424 1600; x_wconf 87' lang='lat' dir='ltr'>introducta</span> <span class='ocrx_word' id='word_1_365' title='bbox 1442 1578 1458 1599; x_wconf 84' lang='lat' dir='ltr'>a</span> <span class='ocrx_word' id='word_1_366' title='bbox 1476 1566 1622 1610; x_wconf 82' lang='lat' dir='ltr'>plurimis</span> <span class='ocrx_word' id='word_1_367' title='bbox 1639 1578 1689 1600; x_wconf 89' lang='lat' dir='ltr'>an-</span> <span class='ocrx_word' id='word_1_368' title='bbox 1701 1549 1883 1619; x_wconf 42' lang='lat' dir='ltr'>&#39;xiiiifciissssiiiissiii</span> 
     </span>
     <span class='ocr_line' id='line_1_77' title="bbox 951 1602 1885 1673; baseline -0.01 -19"><span class='ocrx_word' id='word_1_369' title='bbox 951 1623 999 1655; x_wconf 87' lang='lat' dir='ltr'>nis</span> <span class='ocrx_word' id='word_1_370' title='bbox 1024 1622 1216 1664; x_wconf 71' lang='lat' dir='ltr'>agitaretur,</span> <span class='ocrx_word' id='word_1_371' title='bbox 1242 1621 1313 1663; x_wconf 88' lang='lat' dir='ltr'>piae</span> <span class='ocrx_word' id='word_1_372' title='bbox 1341 1620 1517 1653; x_wconf 87' lang='lat' dir='ltr'>memoriae</span> <span class='ocrx_word' id='word_1_373' title='bbox 1544 1602 1885 1673; x_wconf 33' lang='lat' dir='ltr'>anteces-fin‘i‘iifiiiffliiis</span> 
     </span>
     <span class='ocr_line' id='line_1_78' title="bbox 949 1658 1884 1727; baseline -0.004 -19"><span class='ocrx_word' id='word_1_374' title='bbox 949 1686 1003 1708; x_wconf 84' lang='lat' dir='ltr'>sor</span> <span class='ocrx_word' id='word_1_375' title='bbox 1028 1680 1139 1707; x_wconf 91' lang='lat' dir='ltr'>noster</span> <span class='ocrx_word' id='word_1_376' title='bbox 1173 1673 1381 1706; x_wconf 80' lang='lat' dir='ltr'>innocentius</span> <span class='ocrx_word' id='word_1_377' title='bbox 1416 1673 1498 1716; x_wconf 82' lang='lat' dir='ltr'>Papa</span> <span class='ocrx_word' id='word_1_378' title='bbox 1534 1673 1585 1705; x_wconf 76' lang='lat' dir='ltr'>xlt</span> <span class='ocrx_word' id='word_1_379' title='bbox 1618 1684 1687 1706; x_wconf 83' lang='lat' dir='ltr'>eam</span> <span class='ocrx_word' id='word_1_380' title='bbox 1701 1658 1884 1727; x_wconf 38' lang='lat' dir='ltr'>E{=:{3·&#39;1.1¹!iii⁴¹”lx&#39;ii</span> 
     </span>
    </p>
   </div>
   <div class='ocr_carea' id='block_1_7' title="bbox 950 1723 1777 1768">
    <p class='ocr_par' dir='ltr' id='par_1_8' title="bbox 950 1723 1777 1768">
     <span class='ocr_line' id='line_1_79' title="bbox 950 1723 1777 1768; baseline -0.005 -11"><span class='ocrx_word' id='word_1_381' title='bbox 950 1725 1083 1759; x_wconf 84' lang='lat' dir='ltr'>ulterius</span> <span class='ocrx_word' id='word_1_382' title='bbox 1109 1724 1290 1768; x_wconf 84' lang='lat' dir='ltr'>procedere</span> <span class='ocrx_word' id='word_1_383' title='bbox 1317 1723 1438 1763; x_wconf 73' lang='lat' dir='ltr'>vetuit;</span> <span class='ocrx_word' id='word_1_384' title='bbox 1466 1723 1550 1756; x_wconf 88' lang='lat' dir='ltr'>unde</span> <span class='ocrx_word' id='word_1_385' title='bbox 1578 1724 1777 1756; x_wconf 56' lang='lat' dir='ltr'>liuius-mam</span> 
     </span>
    </p>
   </div>
   <div class='ocr_carea' id='block_1_8' title="bbox 950 1829 1691 2400">
    <p class='ocr_par' dir='ltr' id='par_1_9' title="bbox 950 1829 1691 2400">
     <span class='ocr_line' id='line_1_80' title="bbox 951 1829 1689 1876; baseline -0.003 -13"><span class='ocrx_word' id='word_1_386' title='bbox 951 1832 1071 1876; x_wconf 78' lang='lat' dir='ltr'>pendet</span> <span class='ocrx_word' id='word_1_387' title='bbox 1090 1831 1253 1869; x_wconf 69' lang='lat' dir='ltr'>indecisa&#39;,</span> <span class='ocrx_word' id='word_1_388' title='bbox 1273 1830 1347 1862; x_wconf 88' lang='lat' dir='ltr'>licet</span> <span class='ocrx_word' id='word_1_389' title='bbox 1365 1840 1425 1871; x_wconf 91' lang='lat' dir='ltr'>pro</span> <span class='ocrx_word' id='word_1_390' title='bbox 1442 1829 1689 1872; x_wconf 76' lang='lat' dir='ltr'>archiepiscopo</span> 
     </span>
     <span class='ocr_line' id='line_1_81' title="bbox 950 1883 1689 1926; baseline -0.003 -8"><span class='ocrx_word' id='word_1_391' title='bbox 950 1884 1193 1926; x_wconf 78' lang='lat' dir='ltr'>Salisluii·geiisi</span> <span class='ocrx_word' id='word_1_392' title='bbox 1219 1884 1378 1926; x_wconf 84' lang='lat' dir='ltr'>quaedam</span> <span class='ocrx_word' id='word_1_393' title='bbox 1412 1883 1598 1916; x_wconf 78' lang='lat' dir='ltr'>auditorum</span> <span class='ocrx_word' id='word_1_394' title='bbox 1636 1895 1689 1926; x_wconf 84' lang='lat' dir='ltr'>pa-</span> 
     </span>
     <span class='ocr_line' id='line_1_82' title="bbox 952 1935 1689 1979; baseline -0.003 -8"><span class='ocrx_word' id='word_1_395' title='bbox 952 1939 1019 1971; x_wconf 85' lang='lat' dir='ltr'>latii</span> <span class='ocrx_word' id='word_1_396' title='bbox 1045 1937 1146 1970; x_wconf 86' lang='lat' dir='ltr'>nostri</span> <span class='ocrx_word' id='word_1_397' title='bbox 1173 1936 1342 1979; x_wconf 79' lang='lat' dir='ltr'>apostolici</span> <span class='ocrx_word' id='word_1_398' title='bbox 1376 1935 1585 1975; x_wconf 84' lang='lat' dir='ltr'>decisiones,</span> <span class='ocrx_word' id='word_1_399' title='bbox 1623 1936 1689 1969; x_wconf 76' lang='lat' dir='ltr'>sive</span> 
     </span>
     <span class='ocr_line' id='line_1_83' title="bbox 952 1989 1689 2031; baseline -0.004 -7"><span class='ocrx_word' id='word_1_400' title='bbox 952 1990 1111 2024; x_wconf 84' lang='lat' dir='ltr'>sententia</span> <span class='ocrx_word' id='word_1_401' title='bbox 1132 1989 1315 2031; x_wconf 86' lang='lat' dir='ltr'>cuiuspiam</span> <span class='ocrx_word' id='word_1_402' title='bbox 1334 1989 1467 2029; x_wconf 86' lang='lat' dir='ltr'>tenoris,</span> <span class='ocrx_word' id='word_1_403' title='bbox 1491 1990 1540 2022; x_wconf 89' lang='lat' dir='ltr'>vel</span> <span class='ocrx_word' id='word_1_404' title='bbox 1558 1990 1689 2022; x_wconf 87' lang='lat' dir='ltr'>alterins</span> 
     </span>
     <span class='ocr_line' id='line_1_84' title="bbox 953 2041 1690 2085; baseline -0.004 -8"><span class='ocrx_word' id='word_1_405' title='bbox 953 2044 1188 2085; x_wconf 81' lang='lat' dir='ltr'>cuiuscumque</span> <span class='ocrx_word' id='word_1_406' title='bbox 1213 2042 1378 2074; x_wconf 82' lang='lat' dir='ltr'>Romanae</span> <span class='ocrx_word' id='word_1_407' title='bbox 1404 2041 1566 2075; x_wconf 84' lang='lat' dir='ltr'>Ecclesiae</span> <span class='ocrx_word' id='word_1_408' title='bbox 1590 2042 1690 2075; x_wconf 83' lang='lat' dir='ltr'>trihu-</span> 
     </span>
     <span class='ocr_line' id='line_1_85' title="bbox 954 2093 1688 2137; baseline -0.001 -8"><span class='ocrx_word' id='word_1_409' title='bbox 954 2097 1034 2129; x_wconf 87' lang='lat' dir='ltr'>nalis</span> <span class='ocrx_word' id='word_1_410' title='bbox 1052 2101 1105 2128; x_wconf 88' lang='lat' dir='ltr'>aut</span> <span class='ocrx_word' id='word_1_411' title='bbox 1121 2093 1393 2137; x_wconf 73' lang='lat' dir='ltr'>Congregationis</span> <span class='ocrx_word' id='word_1_412' title='bbox 1410 2095 1592 2137; x_wconf 79' lang='lat' dir='ltr'>deputatae,</span> <span class='ocrx_word' id='word_1_413' title='bbox 1611 2095 1688 2128; x_wconf 85' lang='lat' dir='ltr'>olim</span> 
     </span>
     <span class='ocr_line' id='line_1_86' title="bbox 954 2147 1687 2192; baseline 0 -11"><span class='ocrx_word' id='word_1_414' title='bbox 954 2149 1145 2192; x_wconf 86' lang='lat' dir='ltr'>prodierint.</span> <span class='ocrx_word' id='word_1_415' title='bbox 1164 2148 1244 2180; x_wconf 88' lang='lat' dir='ltr'>Hinc</span> <span class='ocrx_word' id='word_1_416' title='bbox 1265 2158 1332 2186; x_wconf 83' lang='lat' dir='ltr'>nos,</span> <span class='ocrx_word' id='word_1_417' title='bbox 1352 2147 1482 2190; x_wconf 82' lang='lat' dir='ltr'>dignam</span> <span class='ocrx_word' id='word_1_418' title='bbox 1501 2147 1687 2182; x_wconf 84' lang='lat' dir='ltr'>huiusmodi</span> 
     </span>
     <span class='ocr_line' id='line_1_87' title="bbox 953 2201 1688 2244; baseline 0 -10"><span class='ocrx_word' id='word_1_419' title='bbox 953 2201 1209 2235; x_wconf 82' lang='lat' dir='ltr'>controversiam</span> <span class='ocrx_word' id='word_1_420' title='bbox 1243 2205 1426 2243; x_wconf 88' lang='lat' dir='ltr'>reputantes</span> <span class='ocrx_word' id='word_1_421' title='bbox 1452 2211 1531 2244; x_wconf 83' lang='lat' dir='ltr'>quae</span> <span class='ocrx_word' id='word_1_422' title='bbox 1559 2202 1688 2234; x_wconf 80' lang='lat' dir='ltr'>tandem</span> 
     </span>
     <span class='ocr_line' id='line_1_88' title="bbox 955 2253 1690 2296; baseline 0.003 -11"><span class='ocrx_word' id='word_1_423' title='bbox 955 2254 1038 2286; x_wconf 90' lang='lat' dir='ltr'>iuter</span> <span class='ocrx_word' id='word_1_424' title='bbox 1063 2253 1242 2285; x_wconf 86' lang='lat' dir='ltr'>animarum</span> <span class='ocrx_word' id='word_1_425' title='bbox 1268 2258 1414 2295; x_wconf 80' lang='lat' dir='ltr'>pastores</span> <span class='ocrx_word' id='word_1_426' title='bbox 1434 2280 1442 2293; x_wconf 93' lang='lat'><em>,</em></span> <span class='ocrx_word' id='word_1_427' title='bbox 1469 2263 1548 2296; x_wconf 87' lang='lat' dir='ltr'>quos</span> <span class='ocrx_word' id='word_1_428' title='bbox 1573 2253 1690 2287; x_wconf 85' lang='lat' dir='ltr'>Paulus</span> 
     </span>
     <span class='ocr_line' id='line_1_89' title="bbox 955 2304 1691 2350; baseline 0.001 -12"><span class='ocrx_word' id='word_1_429' title='bbox 955 2307 1122 2349; x_wconf 86' lang='lat' dir='ltr'>apostolus</span> <span class='ocrx_word' id='word_1_430' title='bbox 1147 2304 1253 2338; x_wconf 86' lang='lat' dir='ltr'>noluit</span> <span class='ocrx_word' id='word_1_431' title='bbox 1277 2315 1347 2338; x_wconf 86' lang='lat' dir='ltr'>esse</span> <span class='ocrx_word' id='word_1_432' title='bbox 1373 2305 1546 2348; x_wconf 84' lang='lat' dir='ltr'>litigiosos,</span> <span class='ocrx_word' id='word_1_433' title='bbox 1573 2317 1691 2350; x_wconf 90' lang='lat' dir='ltr'>perpe-</span> 
     </span>
     <span class='ocr_line' id='line_1_90' title="bbox 957 2357 1689 2400; baseline 0.003 -10"><span class='ocrx_word' id='word_1_434' title='bbox 957 2364 1008 2391; x_wconf 90' lang='lat' dir='ltr'>tuo</span> <span class='ocrx_word' id='word_1_435' title='bbox 1034 2357 1197 2400; x_wconf 85' lang='lat' dir='ltr'>sopiatur,</span> <span class='ocrx_word' id='word_1_436' title='bbox 1215 2362 1246 2390; x_wconf 83' lang='lat' dir='ltr'>et</span> <span class='ocrx_word' id='word_1_437' title='bbox 1266 2357 1460 2391; x_wconf 85' lang='lat' dir='ltr'>Pataviensis</span> <span class='ocrx_word' id='word_1_438' title='bbox 1481 2359 1627 2399; x_wconf 85' lang='lat' dir='ltr'>ecclesia,</span> <span class='ocrx_word' id='word_1_439' title='bbox 1648 2360 1689 2393; x_wconf 88' lang='lat' dir='ltr'>ob</span> 
     </span>
    </p>
   </div>
   <div class='ocr_carea' id='block_1_9' title="bbox 1683 195 1874 223">
    <p class='ocr_par' dir='ltr' id='par_1_10' title="bbox 1683 195 1874 223">
     <span class='ocr_line' id='line_1_91' title="bbox 1683 195 1874 223; baseline 0.01 -2"><span class='ocrx_word' id='word_1_440' title='bbox 1683 197 1732 222; x_wconf 66' lang='lat' dir='ltr'>An.</span> <span class='ocrx_word' id='word_1_441' title='bbox 1754 195 1780 222; x_wconf 70' lang='lat' dir='ltr'>C⁴</span> <span class='ocrx_word' id='word_1_442' title='bbox 1807 196 1874 223; x_wconf 61' lang='lat'>¹798</span> 
     </span>
    </p>
   </div>
   <div class='ocr_carea' id='block_1_10' title="bbox 951 1736 1884 1819">
    <p class='ocr_par' dir='ltr' id='par_1_11' title="bbox 951 1736 1884 1819">
     <span class='ocr_line' id='line_1_92' title="bbox 1805 1736 1884 1755; baseline -0.025 -2"><span class='ocrx_word' id='word_1_443' title='bbox 1805 1736 1884 1755; x_wconf 68' lang='lat' dir='ltr'>vetnit,</span> 
     </span>
     <span class='ocr_line' id='line_1_93' title="bbox 951 1763 1883 1819; baseline -0.005 -7"><span class='ocrx_word' id='word_1_444' title='bbox 951 1780 1035 1812; x_wconf 89' lang='lat' dir='ltr'>modi</span> <span class='ocrx_word' id='word_1_445' title='bbox 1063 1777 1287 1811; x_wconf 66' lang='lat' dir='ltr'>controversia</span> <span class='ocrx_word' id='word_1_446' title='bbox 1314 1777 1422 1809; x_wconf 84' lang='lat' dir='ltr'>adliuc</span> <span class='ocrx_word' id='word_1_447' title='bbox 1459 1776 1624 1819; x_wconf 85' lang='lat' dir='ltr'>reperitur</span> <span class='ocrx_word' id='word_1_448' title='bbox 1659 1767 1786 1813; x_wconf 45' lang='lat' dir='ltr'>cithim?</span> <span class='ocrx_word' id='word_1_449' title='bbox 1819 1763 1883 1780; x_wconf 54' lang='lat'>‘&#39;³¹¹¹&#39;&#39;</span> 
     </span>
    </p>
   </div>
   <div class='ocr_carea' id='block_1_11' title="bbox 0 2358 914 2464">
    <p class='ocr_par' dir='ltr' id='par_1_12' title="bbox 0 2358 914 2464">
     <span class='ocr_line' id='line_1_94' title="bbox 180 2358 738 2402; baseline -0.002 -11"><span class='ocrx_word' id='word_1_450' title='bbox 180 2360 247 2392; x_wconf 91' lang='lat' dir='ltr'>ullo</span> <span class='ocrx_word' id='word_1_451' title='bbox 273 2364 368 2402; x_wconf 84' lang='lat' dir='ltr'>paeto</span> <span class='ocrx_word' id='word_1_452' title='bbox 393 2358 738 2401; x_wconf 82' lang='lat' dir='ltr'>comprelienderetur.</span> 
     </span>
     <span class='ocr_line' id='line_1_95' title="bbox 0 2411 914 2464; baseline -0.001 -19"><span class='ocrx_word' id='word_1_453' title='bbox 0 2418 169 2464; x_wconf 55' lang='lat' dir='ltr'>,¹,*,¹g&#39;‚‘:‘&#39;,⁴‚i1213¹[,‡,‘3</span> <span class='ocrx_word' id='word_1_454' title='bbox 221 2413 236 2455; x_wconf 67' lang='grc' dir='ltr'>ἓ</span> <span class='ocrx_word' id='word_1_455' title='bbox 260 2411 290 2445; x_wconf 74' lang='grc'>3.</span> <span class='ocrx_word' id='word_1_456' title='bbox 306 2414 408 2450; x_wconf 81' lang='lat' dir='ltr'>Quare</span> <span class='ocrx_word' id='word_1_457' title='bbox 425 2412 512 2444; x_wconf 87' lang='lat' dir='ltr'>inter</span> <span class='ocrx_word' id='word_1_458' title='bbox 529 2411 659 2454; x_wconf 81' lang='lat' dir='ltr'>Georgii</span> <span class='ocrx_word' id='word_1_459' title='bbox 680 2411 824 2454; x_wconf 88' lang='lat' dir='ltr'>episcopi</span> <span class='ocrx_word' id='word_1_460' title='bbox 843 2422 914 2444; x_wconf 87' lang='lat' dir='ltr'>sue-</span> 
     </span>
    </p>
   </div>
   <div class='ocr_carea' id='block_1_12' title="bbox 1 2464 912 2521">
    <p class='ocr_par' dir='ltr' id='par_1_13' title="bbox 1 2464 912 2521">
     <span class='ocr_line' id='line_1_96' title="bbox 1 2464 912 2521; baseline -0.001 -23"><span class='ocrx_word' id='word_1_461' title='bbox 1 2474 352 2521; x_wconf 54' lang='lat' dir='ltr'>i¹¹s2ii¹12iiiissss¹2¹iil⁶0350r35’</span> <span class='ocrx_word' id='word_1_462' title='bbox 387 2474 423 2497; x_wconf 76' lang='lat' dir='ltr'>ex</span> <span class='ocrx_word' id='word_1_463' title='bbox 458 2465 545 2503; x_wconf 80' lang='lat' dir='ltr'>una,</span> <span class='ocrx_word' id='word_1_464' title='bbox 582 2469 613 2496; x_wconf 86' lang='lat' dir='ltr'>et</span> <span class='ocrx_word' id='word_1_465' title='bbox 652 2464 912 2506; x_wconf 80' lang='lat' dir='ltr'>Salisburgeuses</span> 
     </span>
    </p>
   </div>
   <div class='ocr_carea' id='block_1_13' title="bbox 0 2514 914 2571">
    <p class='ocr_par' dir='ltr' id='par_1_14' title="bbox 0 2514 914 2571">
     <span class='ocr_line' id='line_1_97' title="bbox 0 2514 914 2571; baseline -0.001 -23"><span class='ocrx_word' id='word_1_466' title='bbox 0 2528 34 2569; x_wconf 52' lang='lat'>3¹¹2</span> <span class='ocrx_word' id='word_1_467' title='bbox 50 2523 168 2571; x_wconf 44' lang='lat' dir='ltr'>geutrrffiti·</span> <span class='ocrx_word' id='word_1_468' title='bbox 179 2515 455 2558; x_wconf 85' lang='lat' dir='ltr'>archiepiscopos,</span> <span class='ocrx_word' id='word_1_469' title='bbox 481 2525 517 2547; x_wconf 86' lang='lat' dir='ltr'>ex</span> <span class='ocrx_word' id='word_1_470' title='bbox 544 2515 643 2547; x_wconf 71' lang='lat' dir='ltr'>attera</span> <span class='ocrx_word' id='word_1_471' title='bbox 668 2514 810 2558; x_wconf 73' lang='lat' dir='ltr'>paribus,</span> <span class='ocrx_word' id='word_1_472' title='bbox 838 2526 914 2548; x_wconf 90' lang='lat' dir='ltr'>non-</span> 
     </span>
    </p>
   </div>
   <div class='ocr_carea' id='block_1_14' title="bbox 957 2410 1690 2561">
    <p class='ocr_par' dir='ltr' id='par_1_15' title="bbox 957 2410 1690 2561">
     <span class='ocr_line' id='line_1_98' title="bbox 957 2410 1689 2454; baseline 0.003 -11"><span class='ocrx_word' id='word_1_473' title='bbox 957 2416 1099 2443; x_wconf 86' lang='lat' dir='ltr'>veterem</span> <span class='ocrx_word' id='word_1_474' title='bbox 1137 2410 1371 2453; x_wconf 82' lang='lat' dir='ltr'>celebremque</span> <span class='ocrx_word' id='word_1_475' title='bbox 1408 2411 1568 2454; x_wconf 84' lang='lat' dir='ltr'>originem</span> <span class='ocrx_word' id='word_1_476' title='bbox 1601 2423 1689 2445; x_wconf 87' lang='lat' dir='ltr'>suam</span> 
     </span>
     <span class='ocr_line' id='line_1_99' title="bbox 957 2463 1689 2506; baseline 0.001 -10"><span class='ocrx_word' id='word_1_477' title='bbox 957 2464 1064 2505; x_wconf 82' lang='lat' dir='ltr'>magni</span> <span class='ocrx_word' id='word_1_478' title='bbox 1086 2463 1241 2502; x_wconf 75' lang='lat' dir='ltr'>facienda,</span> <span class='ocrx_word' id='word_1_479' title='bbox 1263 2463 1436 2506; x_wconf 75' lang='lat' dir='ltr'>tranquilla</span> <span class='ocrx_word' id='word_1_480' title='bbox 1461 2474 1537 2506; x_wconf 83' lang='lat' dir='ltr'>pace</span> <span class='ocrx_word' id='word_1_481' title='bbox 1557 2465 1689 2504; x_wconf 87' lang='lat' dir='ltr'>donata,</span> 
     </span>
     <span class='ocr_line' id='line_1_100' title="bbox 958 2515 1690 2561; baseline 0.001 -12"><span class='ocrx_word' id='word_1_482' title='bbox 958 2517 988 2549; x_wconf 91' lang='lat' dir='ltr'>in</span> <span class='ocrx_word' id='word_1_483' title='bbox 1015 2515 1181 2559; x_wconf 88' lang='lat' dir='ltr'>pristinam</span> <span class='ocrx_word' id='word_1_484' title='bbox 1208 2526 1296 2548; x_wconf 84' lang='lat' dir='ltr'>suam</span> <span class='ocrx_word' id='word_1_485' title='bbox 1323 2517 1562 2560; x_wconf 82' lang='lat' dir='ltr'>exemptionem</span> <span class='ocrx_word' id='word_1_486' title='bbox 1594 2523 1690 2561; x_wconf 78' lang='lat' dir='ltr'>atque</span> 
     </span>
    </p>
   </div>
   <div class='ocr_carea' id='block_1_15' title="bbox 996 2577 1689 2615">
    <p class='ocr_par' dir='ltr' id='par_1_16' title="bbox 996 2577 1689 2615">
     <span class='ocr_line' id='line_1_101' title="bbox 996 2577 1689 2615; baseline 0.004 -11"><span class='ocrx_word' id='word_1_487' title='bbox 996 2580 1005 2604; x_wconf 46' lang='lat' dir='ltr'>&#39;l</span> <span class='ocrx_word' id='word_1_488' title='bbox 1029 2577 1099 2605; x_wconf 84' lang='lat' dir='ltr'>Edit.</span> <span class='ocrx_word' id='word_1_489' title='bbox 1120 2577 1200 2605; x_wconf 80' lang='lat' dir='ltr'>Main.</span> <span class='ocrx_word' id='word_1_490' title='bbox 1222 2578 1285 2614; x_wconf 75' lang='lat' dir='ltr'>legit</span> <span class='ocrx_word' id='word_1_491' title='bbox 1308 2578 1399 2612; x_wconf 76' lang='lat' dir='ltr'>Quam</span> <span class='ocrx_word' id='word_1_492' title='bbox 1421 2587 1468 2614; x_wconf 88' lang='lat' dir='ltr'>pro</span> <span class='ocrx_word' id='word_1_493' title='bbox 1485 2580 1574 2612; x_wconf 76' lang='lat' dir='ltr'>thm</span> <span class='ocrx_word' id='word_1_494' title='bbox 1590 2580 1689 2615; x_wconf 54' lang='lat' dir='ltr'>(nnn).</span> 
     </span>
    </p>
   </div>
   <div class='ocr_carea' id='block_1_16' title="bbox 922 280 937 2587">
    <p class='ocr_par' dir='ltr' id='par_1_17' title="bbox 922 280 937 2587">
     <span class='ocr_line' id='line_1_102' title="bbox 922 280 937 2587; baseline 0 0"><span class='ocrx_word' id='word_1_495' title='bbox 922 280 937 2587; x_wconf 95' lang='lat' dir='ltr'> </span> 
     </span>
    </p>
   </div>
   <div class='ocr_carea' id='block_1_17' title="bbox 217 2577 842 2612">
    <p class='ocr_par' dir='ltr' id='par_1_18' title="bbox 217 2577 842 2612">
     <span class='ocr_line' id='line_1_103' title="bbox 217 2577 842 2612; baseline -0.003 -6"><span class='ocrx_word' id='word_1_496' title='bbox 217 2581 226 2606; x_wconf 85' lang='lat' dir='ltr'>l</span> <span class='ocrx_word' id='word_1_497' title='bbox 250 2577 318 2605; x_wconf 82' lang='lat' dir='ltr'>Edit.</span> <span class='ocrx_word' id='word_1_498' title='bbox 339 2577 417 2604; x_wconf 87' lang='lat' dir='ltr'>Main.</span> <span class='ocrx_word' id='word_1_499' title='bbox 440 2577 505 2612; x_wconf 78' lang='lat' dir='ltr'>legit</span> <span class='ocrx_word' id='word_1_500' title='bbox 526 2577 713 2605; x_wconf 74' lang='lat' dir='ltr'>imminutam</span> <span class='ocrx_word' id='word_1_501' title='bbox 735 2578 772 2612; x_wconf 80' lang='lat' dir='ltr'>(u.</span> <span class='ocrx_word' id='word_1_502' title='bbox 795 2580 842 2612; x_wconf 83' lang='lat' dir='ltr'>T.).</span> 
     </span>
    </p>
   </div>
  </div>
 </body>
</html>
