2170 3147
17 215 57 244 An
83 214 114 242 C.
137 214 203 242 ¹726

210 263 300 296 ribus
339 264 457 306 puellis
496 263 742 306 dispensantur,
777 267 840 296 una
873 275 943 296 cum

211 316 317 359 pretio
347 317 443 349 vestis
475 316 520 349 eis
553 317 621 348 dari
655 317 779 356 solitae,
814 317 947 349 totidem

212 369 386 413 neophytis
396 369 628 402 eonservatorii
644 370 948 402 catechumenarum

212 421 462 465 praedictarum,
494 422 524 454 in
550 433 678 454 causam
705 432 814 454 earum
842 422 950 453 matri-

213 475 312 508 monii
351 476 400 508 vel
434 475 670 515 monachatus,
695 474 831 517 singulis
856 475 949 507 annis

212 528 344 561 realiter
369 533 401 561 et
426 538 495 561 cum
522 528 635 561 etl'eetu
662 533 831 572 praestent
856 532 887 560 et
904 538 951 560 as-

214 581 351 625 signent,
377 593 434 615 seu
460 582 617 625 praestari
645 587 675 614 et
706 581 862 624 assignari
900 592 952 613 eu-

214 640 302 675 rent3
328 635 371 667 ita
395 641 501 667 tamen
519 640 572 674 ut,
599 634 623 666 si
648 644 789 677 unquam
814 639 953 677 propter

214 687 488 720 considerabilem
514 687 658 720 eiusdem
683 687 953 720 archiconsrater-

214 740 324 773 nitatis
350 740 533 773 reddituum
565 740 811 774 diminutionem
846 746 953 773 cetera

214 793 360 826 subsidia
388 793 507 826 dotalia
524 821 531 833 ,
558 804 638 837 quae
673 794 757 827 dicta
782 794 954 827 archieou-

214 847 398 880 fraternitas
417 847 487 880 aliis
505 847 624 890 puellis
646 847 841 880 distribuere
860 849 953 888 solet,

216 899 350 933 diminui
377 900 565 942 eontigerit,
583 901 650 944 pari
670 901 764 934 modo
789 901 954 944 praedicta

216 959 354 997 quatuor
383 954 547 995 subsidia,
574 956 661 987 salvo
704 960 809 987 tamen
846 965 955 987 earum

215 1017 353 1040 numero
380 1007 544 1050 praefato,
571 1007 707 1039 diminui
733 1008 887 1040 debeant.

80 1067 206 1087 concedunt·

24 1095 126 1115 cammah
156 1094 207 1114 Cor·
261 1060 275 1103 §
299 1060 332 1094 3.
358 1059 501 1098 Quatuor
525 1066 631 1093 autem
656 1061 876 1094 subsidiorum
903 1062 957 1095 do-

23 1121 98 1168 ἒῗὲῑρἷιο
117 1123 206 1168 dmg}
219 1113 330 1146 talium
346 1113 532 1146 huiusmodi
545 1114 722 1157 praestatio
736 1120 767 1147 et
780 1115 956 1157 assignatio

25 1173 148 1200 deponendi
181 1171 260 1199 detta
285 1165 354 1199 lieri
381 1167 514 1206 debeat,
540 1172 575 1199 ut
607 1167 741 1200 totidem
774 1169 958 1211 neophytae

39 1204 115 1220 uatum·
140 1200 207 1221 subsi-

24 1219 450 1275 ¹¹3:¹mtlt5551dmsconservatorii
484 1219 620 1262 praefati
648 1220 831 1253 nullatenus
856 1231 874 1253 a
895 1232 960 1253 me-

149 1269 154 1274 *
218 1273 352 1306 moratis
396 1273 540 1306 eiusdem
587 1274 957 1308 archiconsraternitatis

218 1326 546 1367 administratoribus,
567 1327 760 1360 officialibus
785 1339 840 1361 seu
867 1329 960 1361 mini-

218 1379 292 1412 stris
316 1379 498 1419 visitentur,
526 1381 689 1422 eligantur
714 1391 769 1413 seu
792 1381 961 1414 nominen-

220 1436 290 1472 tur,
318 1433 373 1465 sed
400 1433 527 1465 illarum
554 1434 671 1466 electio
698 1445 753 1466 seu
781 1435 959 1467 nominatio

221 1496 257 1518 ae
283 1486 469 1519 omnimoda
498 1487 536 1519 de
563 1493 702 1529 quatuor
727 1488 880 1521 subsidiis
907 1489 961 1521 do-

221 1538 338 1571 talibus
378 1539 564 1572 huiusmodi
591 1540 788 1583 disponendi
826 1542 960 1574 facultas

220 1592 259 1625 ad
276 1592 427 1625 dilectum
447 1592 547 1625 tilium
566 1599 711 1626 nostrum
734 1593 861 1627 Petrum
882 1594 962 1627 Mar-

222 1645 376 1678 cellinum
402 1645 432 1678 S.
454 1645 488 1678 R.
510 1645 544 1678 E.
572 1646 795 1689 presbyterum
814 1647 962 1680 cardina-

221 1699 285 1732 tem
310 1697 523 1732 Corradinum
557 1705 776 1742 nuncupatum
811 1700 963 1742 predata-

222 1752 305 1784 rium
333 1758 478 1785 nostrum
513 1752 703 1784 modernum
737 1763 773 1785 ac
798 1763 856 1795 pro
886 1759 963 1785 tein-

223 1815 302 1848 pore
330 1805 518 1838 existentem
545 1804 693 1837 eiusdem
720 1805 750 1837 S.
776 1805 813 1838 R.
841 1806 874 1838 E.
895 1817 963 1838 car-

225 1859 367 1891 dinalem
384 1858 458 1890 dicti
478 1858 713 1892 conservatorii
731 1864 962 1902 protectorem,

224 1911 315 1945 cuius
348 1911 409 1944 erit
445 1922 498 1944 eas
531 1912 710 1955 neophytas
747 1912 868 1954 eligere
909 1923 963 1946 seu

224 1965 409 2003 nominare,
436 1975 515 2008 quas
542 1965 622 1997 vitae
647 1976 683 1997 ac
708 1976 835 1998 morum
864 1966 966 1999 hone-

225 2025 325 2057 state,
345 2025 465 2059 aetate,
483 2020 584 2052 aliare
611 2020 737 2052 ratione
765 2020 881 2053 ceteris
908 2031 965 2052 an-

226 2073 380 2106 tecellere
407 2073 437 2105 in
461 2072 598 2105 Domino
624 2073 809 2111 censuerit,
835 2073 965 2116 penitus

226 2126 410 2169 pertineat;
437 2125 490 2158 ubi
524 2136 602 2158 vcro
629 2137 644 2158 a
677 2125 833 2158 cardinali
861 2132 967 2168 prote-

227 2183 315 2211 ctore
347 2178 511 2221 praedicto
544 2178 661 2210 electio
686 2188 740 2210 seu
767 2177 964 2217 nominatio,

227 2236 263 2264 ut
287 2231 479 2274 praefertur,
505 2231 587 2263 sacta
614 2231 716 2269 suerit,
740 2231 873 2264 cedulae
898 2232 966 2263 sub-

228 2284 384 2317 sidiorum
413 2284 597 2317 huiusmodi
618 2284 857 2326 promissoriae,
885 2295 966 2327 quae

228 2348 305 2371 sane
341 2337 466 2370 liberae
501 2348 634 2380 prorsus
672 2343 703 2369 et
739 2337 860 2379 absque
900 2337 967 2370 ullo

228 2392 357 2425 vinculo
384 2396 438 2424 aut
462 2390 648 2423 conditione
673 2390 762 2422 iuxta
792 2390 923 2423 modum
951 2402 967 2422 a

228 2450 405 2478 memorato
431 2444 587 2477 cardinali
605 2449 789 2487 protectore
811 2443 968 2486 praeseri-

228 2499 370 2531 bendum
398 2498 563 2531 faciendae
589 2502 693 2536 erunt,
712 2499 774 2529 una
799 2507 869 2529 eum
896 2507 969 2539 pre-

231 2550 274 2584 tio
299 2551 408 2592 vestis,
433 2551 515 2584 sieut
540 2550 771 2593 praemittitur,
801 2549 869 2583 dari
892 2549 968 2582 soli-

230 2610 290 2649 tae,
309 2605 395 2639 dicto
413 2604 569 2639 cardinali
582 2603 763 2648 protectori
783 2602 967 2646 consignari

803 214 998 239 BENEDICTUS
1024 215 1081 238 xm
1106 215 1155 238 1³1³.

1629 203 1687 237 301

991 264 1145 302 debeant,
1171 273 1272 306 penes
1298 273 1370 295 eum
1396 273 1451 296 seu
1481 262 1559 295 alios
1586 262 1625 295 de
1662 261 1729 294 eius

992 316 1144 348 mandato
1183 317 1412 349 assservandae
1450 316 1554 348 donee
1585 321 1617 348 et
1651 325 1731 358 quo-

993 380 1094 411 usque
1122 369 1234 401 iisdem
1261 369 1434 412 neophytis
1464 370 1509 401 sic
1535 368 1647 401 electis
1674 379 1731 401 seu

993 420 1180 458 nominatis,
1211 432 1283 453 eum
1321 421 1471 453 nimirum
1498 432 1551 453 eas
1590 421 1621 453 iu
1658 420 1733 453 reli-

994 473 1089 515 gione
1115 475 1164 507 vel
1191 474 1399 507 matrimonio
1425 475 1512 507 iuxta
1538 485 1649 507 earum
1684 485 1734 507 vo-

994 526 1154 559 cationem
1171 528 1325 560 collocari
1342 528 1523 569 contigerit,
1536 526 1732 567 tradantur¹;

995 579 1038 611 ita
1064 580 1206 619 seilicet,
1231 585 1281 620 ut,
1309 581 1334 612 si
1362 591 1444 623 quae
1471 591 1506 613 ex
1539 581 1622 619 illis,
1652 591 1733 624 quae

995 632 1040 664 sie
1067 633 1188 664 electae
1215 643 1271 665 seu
1297 633 1483 666 nominatae
1517 633 1657 673 suerint,
1682 634 1735 666 bo-

996 696 1072 717 num
1100 686 1149 717 sui
1176 685 1340 728 specimen
1372 688 1532 729 praebere
1565 697 1628 719 non
1662 696 1735 730 per-

996 737 1148 776 rexerint,
1176 738 1287 780 quain
1309 748 1341 770 rc
1363 740 1533 771 memorati
1561 738 1736 771 cardinalis

997 790 1193 833 protectoris
1219 791 1341 824 iudicio
1373 793 1522 825 standum
1558 792 1635 832 erit,
1661 791 1736 824 illae

998 854 1014 875 a
1038 844 1210 877 contiuodo
1230 850 1261 876 et
1277 844 1437 877 beneticio
1461 845 1646 878 eorumdem
1666 846 1738 878 sub-

998 897 1155 929 sidiorum
1198 897 1355 930 dotalium
1391 898 1453 931 sibi
1497 898 1736 941 assignatorum

999 952 1139 991 cadant,
1166 961 1226 983 nee
1252 951 1306 983 illa
1346 961 1402 984 seu
1437 951 1567 984 illorum
1608 952 1738 984 cedulas

1001 1011 1132 1047 petere,
1159 1005 1315 1047 consequi
1353 1010 1383 1037 et
1416 1005 1565 1037 obtinere
1591 1005 1737 1044 valeant,

1000 1058 1055 1090 sed
1083 1057 1229 1090 subsidia
1247 1058 1311 1090 illis
1330 1058 1513 1100 assignata,
1534 1069 1591 1090 seu
1609 1058 1739 1091 illorum

1001 1111 1136 1144 cedulae
1163 1111 1365 1151 huiusmodi,
1400 1111 1672 1155 quemadmodum
1698 1116 1740 1144 et-

1001 1164 1063 1196 iam
1091 1164 1160 1203 illa,
1182 1175 1265 1207 quae
1285 1165 1325 1197 ob
1344 1165 1603 1207 neophytarum,
1622 1164 1739 1207 quibus

1002 1217 1167 1259 assignata
1203 1223 1316 1257 erant,
1342 1224 1479 1250 mortem
1517 1223 1590 1249 ante
1629 1226 1741 1249 earum

1002 1270 1247 1303 matrimonium
1281 1271 1328 1303 vel
1362 1271 1594 1304 monachatum
1631 1280 1742 1313 respe-

1003 1324 1083 1357 ctive
1109 1329 1264 1364 secutam,
1291 1324 1357 1358 sive
1382 1326 1422 1357 ob
1448 1325 1543 1357 aliam
1570 1324 1739 1365 rationem,

1003 1377 1151 1410 effectum
1178 1388 1268 1411 suum
1295 1378 1407 1411 sortita
1434 1388 1495 1411 non
1521 1377 1650 1418 suerint,
1672 1377 1742 1410 aliis

1004 1431 1176 1474 neophytis
1203 1431 1348 1464 eiusdem
1375 1430 1606 1464 conservatorii
1625 1441 1685 1474 per
1701 1431 1743 1463 di-

1004 1489 1090 1516 etum
1117 1484 1316 1516 cardinalem
1346 1489 1567 1526 protectorem
1602 1493 1687 1515 nune
1712 1487 1744 1516 et

1004 1547 1063 1580 pro
1084 1543 1227 1580 tempore
1246 1536 1435 1569 existentem
1453 1536 1676 1579 parisormiter
1690 1536 1744 1569 eli-

1005 1590 1119 1633 gendis
1138 1601 1194 1623 seu
1214 1590 1420 1623 nominandis
1439 1589 1666 1633 assignantur²‚
1685 1600 1745 1623 nee

1005 1644 1063 1676 ista
1089 1644 1120 1676 in
1154 1654 1265 1676 eorum
1304 1654 1458 1683 numero,
1486 1654 1567 1687 quae
1599 1643 1745 1687 neophy-

1006 1698 1046 1730 tis
1065 1697 1250 1740 praedichs,
1269 1698 1350 1729 sicut
1368 1697 1597 1740 praemittitur,
1613 1703 1746 1740 quotan-

1006 1750 1054 1782 nis
1081 1750 1240 1792 assignari
1268 1750 1404 1788 debent,
1430 1747 1594 1783 ullate‘nus
1619 1760 1746 1793 eompu-

1009 1804 1065 1836 tari
1084 1830 1091 1843 ,
1119 1804 1173 1836 sed
1208 1814 1308 1836 norae
1342 1803 1476 1836 cedulae
1513 1803 1644 1836 illorum
1672 1813 1747 1846 pro-

1008 1857 1173 1890 missoriae
1201 1868 1216 1889 a
1242 1856 1438 1899 supradictis
1475 1855 1747 1889 administratori—

1007 1911 1076 1949 bus,
1088 1910 1280 1942 otlicialibus
1295 1920 1351 1941 seu
1368 1909 1535 1948 ministris,
1548 1909 1586 1941 ad
1606 1909 1745 1942 savorem

1009 1964 1144 1996 aliarum
1178 1963 1437 2005 neophytarum,
1466 1973 1523 2005 per
1548 1963 1746 1995 cardinalem

1010 2022 1226 2060 protectorem
1253 2016 1465 2059 praedictum,
1493 2020 1528 2047 ut
1552 2016 1745 2058 praefertur,

1010 2071 1294 2114 subrogandarum
1314 2081 1369 2103 seu
1390 2070 1677 2111 nominandarum,
1693 2070 1746 2103 fie-

1010 2124 1035 2156 ri
1062 2124 1232 2166 eidemque
1257 2123 1414 2156 cardinali
1444 2123 1620 2166 protectori
1650 2122 1747 2156 modo

1010 2182 1040 2210 ct
1058 2177 1157 2209 forma
1176 2176 1368 2219 supradictis
1387 2175 1573 2217 consignari
1594 2175 1746 2208 debeant.

1055 2231 1069 2272 ᾗ
1093 2229 1124 2262 4.
1153 2230 1299 2262 Ceterum
1333 2239 1552 2272 quaecumque
1579 2233 1944 2286 conserva-p'lssllicg‘nffssffiff

1012 2283 1084 2315 terii
1124 2282 1308 2315 huiusmodi
1349 2282 1551 2325 neophytae,
1589 2292 1670 2325 quae
1710 2267 1943 2333 ἃάξιξῐρῠθπῖξὲιῑᾬξέ

1011 2335 1152 2368 subsidia
1172 2334 1291 2368 dotalia
1309 2335 1483 2377 praedicta,
1503 2334 1584 2367 sicut
1602 2335 1751 2377 praemit·
1761 2340 1865 2386 ifffffflsffiz
1898 2330 1942 2386 ὦ

1012 2388 1095 2427 titur,
1122 2387 1282 2420 admissae
1308 2397 1363 2420 seu
1390 2387 1577 2420 nominatae
1603 2387 1836 2441 suerintssgffitg‘
1854 2382 1894 2413 5³⁶
1917 2393 1943 2413 ⁰⁶

1012 2441 1275 2484 processionibus
1294 2440 1429 2484 aliisque
1452 2441 1590 2483 publicis
1611 2440 1750 2474 functio-

1011 2495 1105 2526 nibus
1131 2493 1163 2526 in
1197 2493 1429 2526 distributione
1461 2493 1653 2526 eorumdem
1677 2493 1750 2527 sub-

1740 213 1790 239 An.
1813 213 1841 240 C.
1859 213 1925 240 1726

1901 2340 1944 2359 t'un-

1047 2566 1057 2592 1
1082 2564 1152 2591 Edit.
1173 2564 1253 2591 Main.
1275 2564 1340 2599 legit
1360 2565 1573 2597 traduntur-(11.
1589 2565 1637 2598 Τ.).

1045 2608 1060 2635 ⁶2
1081 2609 1177 2645 Aptius
1196 2608 1256 2644 lege
1277 2609 1464 2643 assiynenlur
1483 2610 1522 2644 (n.
1539 2609 1589 2645 τ.),
