2170 3147
196 161 245 187 An.
262 160 290 186 c.
316 161 379 187 1727
428 151 491 182 (102

202 1073 330 1098 Repetitaei

190 1107 225 1118 ιφ,
278 1109 282 1118 .

188 1127 280 1152 Philippi
297 1134 301 1146 ι

332 1080 372 1094 ηε.

362 1107 372 1120 Ι]

309 1134 358 1152 ψ.
384 1118 425 1149 eti
452 1117 592 1161 Philippi
621 1118 706 1160 regis
730 1119 826 1151 nobis
863 1118 971 1151 denuo
1005 1120 1129 1162 exposi-

387 210 455 242 suis
483 210 683 243 testamentis
704 209 825 253 aliquid
853 209 912 242 sibi
938 209 1127 242 benevisum

389 263 498 296 farore
538 262 714 306 supradicti
753 262 885 303 Montis,
922 269 956 295 ut
992 263 1030 296 de
1065 264 1129 296 sus-

389 316 517 359 sragiis,
552 327 635 359 quae
673 327 744 349 eum
782 316 875 349 dictis
915 317 1129 360 eleemosynis

385 369 648 409 celebrabantur,
674 370 867 413 participare
894 375 1050 413 possent,
1078 381 1130 402 au-

385 423 534 455 ctoritate
569 423 747 465 apostolica
781 423 1031 456 insinuavimus:
1064 434 1129 467 quo

383 487 458 508 xero
493 477 530 509 ad
558 476 674 519 petitas
700 476 936 519 indulgentias,
964 478 1128 520 negotium

384 530 422 562 ad
460 529 754 572 Congregationem
793 529 1032 562 venerabilium
1069 530 1130 563 sra-

384 588 468 614 trum
507 588 694 615 nostrorum
731 582 762 615 S.
788 583 823 617 R.
844 583 878 615 E.
918 583 1129 616 cardinalium

384 636 484 668 saeris
520 636 668 680 reliquiis
702 642 734 670 et
761 637 970 679 indulgentiis
995 648 1132 681 praepo.

386 690 521 722 sitorum
547 689 752 722 remisimus:
785 696 816 723 et
848 691 948 730 alias,
975 697 1074 735 prout
1098 692 1129 724 in

385 743 508 776 nostris
535 743 653 776 litteris
679 744 820 788 desuper
845 744 876 776 in
903 744 999 778 simili
1029 745 1131 778 forma

386 797 493 830 Brevis
534 797 586 831 die
620 808 629 830 1
670 797 823 831 februarii
865 799 940 830 anni
980 799 1129 842 proxime

384 850 551 893 praeteriti
586 850 766 894 expeditis,
807 862 941 894 quarum
979 856 1129 885 tenorem

384 904 612 947 praesentibus
647 915 706 948 pro
739 904 834 948 plene
873 910 904 938 et
929 905 1130 938 sufficienter

384 968 540 1000 expresso
565 969 599 990 ac
622 958 660 990 (le
682 958 832 991 verboad
853 958 985 991 verbum
1004 959 1128 992 inserto

385 1010 497 1043 haberi
524 1012 689 1051 volumus,
711 1011 844 1044 uberius
867 1012 1061 1045 continetur.

428 1065 442 1107 ξ
469 1064 498 1096 2.
527 1064 604 1097 Cum
630 1070 750 1105 autem,
777 1065 859 1097 sicut
884 1076 943 1108 pro
970 1071 1061 1108 parte
1081 1066 1128 1098 di-

383 1176 449 1203 tum
468 1171 522 1203 luit
536 1198 543 1211 ‚
565 1171 634 1214 ipse
657 1172 805 1214 personis
825 1172 1069 1213 saecularibus,
1089 1183 1129 1206 ne

383 1224 483 1256 ullum
503 1229 734 1257 testamentum
756 1224 870 1258 inillis
890 1226 1038 1269 partibus
1059 1226 1127 1259 fieri

383 1278 499 1317 valeat,
523 1278 600 1320 quin
627 1277 736 1321 aliqua
762 1278 969 1322 eleemosyna
995 1290 1055 1322 pro
1081 1280 1127 1312 di-

382 1335 433 1363 cto
461 1335 570 1363 monte
597 1331 812 1375 relinquatur,
838 1332 1032 1375 praecipere
1054 1343 1129 1376 pos-

382 1383 440 1424 sit,
467 1390 498 1416 et
523 1384 554 1416 in
581 1384 733 1418 facultate
759 1384 989 1428 episcoporum
1017 1385 1054 1418 sit
1083 1397 1128 1419 ec-

382 1438 580 1470 clesiasticas
616 1449 772 1481 personas
810 1439 976 1472 adhortari
1022 1444 1057 1471 ut
1097 1440 1126 1472 id

382 1492 487 1534 ipsum
514 1502 574 1535 pro
600 1493 657 1524 sua
683 1492 856 1525 devotione
885 1492 1014 1533 saciant,
1036 1492 1128 1525 sive-

382 1545 451 1585 lint,
478 1545 620 1589 ideoque
646 1546 750 1579 dietus
771 1546 939 1590 Philippus
958 1558 1011 1580 rex
1039 1558 1129 1591 prae-

383 1605 511 1642 ceptum
539 1604 600 1631 tau]
635 1599 725 1632 laicis
749 1600 858 1642 iquam
900 1600 1128 1633 ecelesiasticis

382 1663 443 1694 pro
476 1653 683 1695 eleemosyna
722 1652 753 1685 in
780 1663 894 1686 eorum
922 1657 1127 1689 testamentis

382 1705 601 1748 relinquenda
626 1710 657 1738 et
686 1705 856 1748 praedicto
889 1707 991 1739 monti
1024 1709 1129 1751 appli-

383 1758 500 1796 canda,
521 1759 558 1790 ad
587 1758 649 1790 lioc
676 1763 709 1789 ut
734 1758 800 1798 illi,
821 1759 874 1801 qui
902 1770 938 1792 ex
966 1759 1028 1792 illis
1054 1772 1127 1803 par-

383 1811 468 1843 tibus
494 1812 658 1851 venerint,
687 1822 750 1844 uon
778 1822 889 1854 parum
917 1813 1127 1847 sublevamen

382 1865 413 1896 in
431 1864 676 1897 necessitatibus
696 1865 761 1898 suis
780 1865 993 1909 percipiant¹‚
1015 1878 1124 1910 quem-

383 1918 557 1950 admodum
597 1918 627 1949 in
670 1918 816 1961 partibus
855 1919 1031 1963 Hispaniae
1069 1932 1127 1964 pro

383 1971 463 2003 locis
499 1971 753 2004 Terraesanctae
789 1978 819 2004 et
852 1973 1050 2016 captivorum
1083 1985 1128 2007 re-

384 2024 571 2068 demptione
595 2024 664 2057 fieri
692 2031 908 2058 memoratur:
936 2027 1031 2059 nobis
1056 2039 1129 2071 pro-

382 2084 498 2121 pterea
525 2078 629 2110 (lictus
662 2078 835 2123 Philippus
872 2090 924 2112 rex
963 2081 1129 2115 humiliter

969 162 1102 184 BULLAR!
1109 161 1150 184 ΗΜ
1177 162 1331 185 ROMANL'M

1173 209 1298 249 clinati,
1318 211 1357 242 de
1384 211 1617 244 venerabilium
1638 213 1771 245 fratrum
1794 218 1919 246 nostro-

1174 274 1242 296 rum
1269 263 1300 297 S.
1318 263 1399 297 RE.
1427 265 1642 299 cardinalium
1678 266 1814 300 Concilii
1851 266 1919 299 Tri-

1175 317 1299 351 dentini
1328 317 1563 362 interpretum,
1591 320 1644 362 qui
1671 325 1781 352 votum
1806 320 1918 353 dilecti

1176 370 1231 403 tilii
1258 371 1358 404 nostri
1386 371 1536 405 Ludovici
1562 372 1593 405 S.
1621 373 1658 405 R.
1678 373 1712 405 E.
1742 373 1918 406 cardinalis

1176 424 1310 468 Belluga
1335 431 1365 457 et
1391 425 1545 458 Moncada
1571 427 1750 469 nuncupati
1775 426 1813 459 ad
1836 426 1920 459 eius-

1175 478 1262 510 modi
1289 479 1458 521 negotium
1478 479 1728 512 ex-aminanduin
1747 480 1787 513 ab
1806 481 1919 514 eadem

1922 165 1974 191 An.
1992 165 2020 192 C.
2043 166 2108 194 1727

1175 531 1435 574 Congregatione
1451 532 1592 575 deputati
1610 533 1827 572 attenderunt,
1844 544 1919 566 con·
1932 570 1943 581 ·

1176 584 1264 624 silio,
1290 591 1325 617 ut
1350 587 1476 618 nullum
1504 591 1731 619 testamentum
1765 586 1797 619 in
1823 587 1919 630 parti-

1176 639 1234 670 bus
1261 638 1423 671 lndiarum
1450 638 1565 671 confici
1583 639 1704 678 valeat,
1731 638 1797 672 sive
1824 645 1920 673 testa-

1177 696 1227 724 tor
1252 691 1292 724 sit
1319 691 1418 724 laicus
1454 691 1521 724 sive
1557 692 1812 732 ecclesiasticus,
1841 693 1916 738 quin

1175 755 1233 787 per
1257 744 1346 787 ipsos
1371 744 1478 787 aliqua
1499 744 1704 789 eleemosyna
1722 756 1782 788 pro
1804 756 1917 780 eorum

1174 798 1308 831 arbitrio
1346 802 1377 831 et
1409 798 1582 831 devotione
1615 799 1782 842 praedicto
1818 800 1918 833 Monti

1174 852 1369 896 applicanda
1393 852 1606 895 relinquatur,
1627 852 1710 885 dieta
1727 853 1918 887 auctoritate

1176 910 1289 938 tenore
1315 904 1547 949 praesentium,
1565 904 1784 949 praecipimus
1811 911 1842 939 et
1867 917 1918 939 or-

1175 959 1333 991 dinamus.
1363 958 1432 991 Non
1469 959 1676 992 obstantibus
1709 959 1860 993 omnibus
1887 966 1919 993 et

1174 1011 1310 1055 singulis
1337 1011 1408 1051 illis,
1435 1022 1519 1054 quae
1545 1011 1576 1044 in
1603 1012 1779 1055 praedictis
1800 1013 1918 1046 nostris

1174 1065 1291 1098 litteris
1318 1064 1558 1098 concessionis¹
1577 1076 1641 1098 non
1669 1065 1806 1106 obstare,
1833 1071 1918 1099 cete-

1173 1118 1281 1161 risque
1308 1118 1478 1151 contrariis
1505 1118 1778 1163 quibuscumque.

1218 1172 1232 1214 ξ
1258 1171 1289 1204 4.
1317 1172 1469 1204 Volumus
1496 1177 1601 1205 autem
1628 1178 1662 1204 ut
1692 1173 1915 1216 praesentium

1174 1224 1354 1257 litterarum
1393 1226 1619 1269 transumptis,
1647 1236 1703 1258 seu
1741 1226 1916 1270 exemplis,

1174 1277 1269 1310 etiam
1297 1277 1482 1321 impressis,
1508 1277 1607 1311 ete.⁹.

1217 1331 1331 1364 Datum
1359 1331 1491 1372 Romae,
1509 1332 1595 1376 apud
1614 1332 1645 1365 S.
1666 1332 1795 1366 Mariam
1822 1333 1918 1367 Maio-

1174 1395 1266 1425 rem,
1303 1385 1362 1417 sul)
1408 1386 1531 1418 annulo
1566 1385 1758 1426 Piscatoris,
1795 1386 1846 1419 die
1881 1397 1919 1420 xx

1174 1439 1301 1482 augusti
1317 1450 1501 1480 iincexxvn,
1521 1439 1730 1483 pontificatus
1750 1440 1852 1473 nostri
1868 1451 1920 1473 an-

1173 1503 1215 1525 no
1242 1503 1284 1526 iv.

1209 1555 1269 1582 Dat.
1292 1555 1336 1582 die
1358 1557 1391 1583 *20
1411 1555 1520 1591 augusti
1545 1556 1626 1589 17027,
1649 1556 1749 1591 pontif.
1773 1565 1847 1583 anuo
1865 1563 1900 1583 tv.

1479 1698 1607 1731 CXCIX.

1174 1778 1420 1820 Confirmcmlur
1438 1779 1565 1812 litterae
1582 1780 1742 1822 quaedum
1763 1781 1797 1812 iu
1812 1780 1918 1822 format

1218 1832 1330 1864 Brevis
1357 1832 1528 1866 Clementis
1553 1833 1582 1865 X
1608 1833 1694 1864 circa
1720 1832 1917 1865 consultores

1217 1885 1382 1928 reynlures
1402 1886 1669 1928 Conyregyaliom's
1686 1886 1824 1925 Indicis,
1845 1896 1918 1918 cum

1216 1938 1415 1981 quibusdam
1440 1939 1739 1972 ordinationibus&

1351 2019 1534 2046 Benedictus
1556 2019 1636 2052 Papa
1656 2019 1739 2050 xm,

1306 2064 1343 2090 ad
1364 2064 1503 2090 futuram
1524 2063 1572 2090 rei
1593 2064 1769 2091 memoriam

1939 1182 2001 1202 Fides
2012 1181 2111 1204 habenda

1928 1211 2072 1236 transumptis.

384 2131 560 2174 supplicari
589 2131 664 2164 feeit
689 2138 722 2164 ut
748 2132 779 2164 in
800 2133 987 2175 praemissis
1012 2145 1129 2177 oppor-

384 2189 459 2215 tuns·
488 2184 657 2227 providere
684 2191 714 2217 et
732 2190 765 2217 ut
791 2186 874 2218 infra
899 2185 1070 2229 indulgere
1089 2188 1128 2221 de

383 2236 585 2278 benignitate
611 2239 792 2280 apostoliea
818 2239 1038 2282 dignaremur.

429 2291 442 2333 g
468 2290 498 2322 53.
521 2291 581 2323 Nos
601 2292 712 2335 igitur,
732 2292 793 2335 piis
812 2293 957 2326 eiusdem
984 2294 1127 2339 Philippi

384 2344 469 2383 regis
496 2343 578 2375 votis
605 2344 663 2376 liae
683 2344 713 2376 in
734 2355 776 2385 re,
796 2351 952 2388 qnantum
977 2357 1049 2379 euin
1071 2347 1128 2381 Do-

385 2395 473 2426 mini»
512 2406 698 2438 possumus,
727 2398 948 2432 favorabiliter
984 2410 1127 2434 annuere

384 2449 548 2487 volentes,
575 2451 868 2493 supplicationibus
903 2453 971 2486 eius
997 2454 1126 2487 nomine

385 2500 479 2532 nobi<
506 2511 605 2544 super
631 2502 694 2535 lioe
714 2504 880 2537 humiliter
899 2507 1060 2549 porrectis
1084 2506 1127 2539 in-

424 2564 432 2589 1
458 2562 527 2590 Edit,
550 2563 626 2590 Mun.
651 2564 711 2600 legit
731 2567 939 2601 percipiantur
962 2575 996 2603 (a.
1014 2570 1063 2602 T.).

1217 2136 1230 2178 ξ
1257 2136 1284 2167 l.
1301 2134 2111 2192 Alias,felicisrecord-aionisClemen-,1121910312213231

1174 2188 1193 2221 ti
1216 2189 1274 2221 PF.
1296 2189 1319 2220 X
1338 2188 1586 2231 praedecessori
1610 2194 1721 2221 nostro
1743 2199 1801 2231 pro
1823 2193 1914 2232 parte
1927 2192 2111 2240 julssssrfflssggffffigff

1173 2247 1248 2274 tunc
1267 2241 1473 2274 existentium
1490 2243 1714 2274 consultorum
1731 2241 1916 2284 Congrega-
1928 2245 2111 2298 {gfffigtgggfflj

1174 2294 1269 2327 tionis
1287 2294 1477 2327 etiamtunc
1495 2294 1701 2327 existentium
1717 2294 1831 2327 S.R.E.
1851 2299 2111 2352 czii'-pq¹›¹1¹13nisssv¹ffiffij

1172 2348 1327 2381 dinalium
1346 2347 1464 2381 lndieis
1491 2347 1648 2381 librorum
1669 2348 1914 2391 prohibitorum
1927 2355 1974 2391 (τί-ᾗ,
1994 2356 2111 2374 conventus

1934 2383 2104 2407 assignarentur,

1209 2437 1217 2462 1
1237 2436 1301 2471 Leg.
1319 2435 1511 2463 concessimus
1527 2435 1568 2462 vel
1583 2443 1713 2462 concessa
1729 2439 1796 2463 sunt
1810 2438 1848 2470 (n.
1865 2437 1913 2469 Τ.).

1206 2480 1222 2506 2
1243 2481 1278 2507 Ut
1296 2488 1378 2515 supra
1398 2488 1460 2515 pag.
1484 2480 1516 2507 72
1537 2489 1554 2507 a
1574 2485 1614 2512 (n.
1629 2481 1678 2514 T.).

1206 2524 1221 2550 3
1251 2523 1370 2551 Laudata
1405 2524 1552 2550 Clementis
1584 2524 1740 2551 constitutio
1774 2524 1843 2550 edita
1875 2528 1914 2551 est

1170 2575 1316 2603 ntnctxxui,
1338 2569 1379 2595 die
1399 2570 1415 2597 5
1436 2568 1598 2603 decembris,
1621 2568 1714 2604 pontif.
1737 2574 1772 2595 lv.
