2170 3147
29 241 77 269 An.
93 238 120 266 C.
143 237 208 265 ¹727

65 1833 225 1856 Gonni-mantus,

42 1865 68 1880 ae
91 1860 226 1880 declarantur

798 235 991 260 BENEDICTUS
1016 235 1033 257 Χ
1041 235 1073 258 ΙΠ
1099 235 1147 258 l‘P.

220 289 362 328 possent,
381 294 446 318 non
473 289 586 324 autem,
606 289 641 316 ut
667 285 720 327 qui
746 285 847 317 maius
872 294 959 317 emo-

219 338 407 375 lumentum,
427 347 482 370 seu
505 338 577 380 plus
602 339 717 380 quarta
738 336 903 379 praedicta
922 347 957 369 ex

220 389 478 431 consuetudine,
514 389 747 427 conventione,
785 389 981 421 concordia

220 444 270 477 vel
295 448 415 477 statuto
452 443 683 486 reportabant,
724 442 844 485 aliquid
871 442 958 474 aliud
981 449 982 453 ’

221 502 388 540 praeterea
411 497 523 539 vigore
549 496 651 528 dictae
685 500 812 528 nostrae
839 496 960 528 consti-

222 549 367 589 tutionis,
396 555 449 582 aut
467 549 560 582 etiam
576 548 712 581 Concilii
731 547 878 587 Romani,
897 547 958 580 sibi

222 612 374 644 arrogare
400 606 552 645 possent:
578 601 739 634 voluimus
765 606 958 647 propterea,

222 660 259 687 ut
283 655 380 688 iidem
406 654 566 698 parochi,
606 654 654 687 vel
685 654 830 697 praecise
854 653 961 697 perci-

223 714 341 752 perent
372 713 522 741 statutam
548 719 565 740 a
591 707 682 741 nobis
711 712 858 750 quartam
886 717 961 750 par-

225 767 303 801 tem,
334 763 382 794 vel
414 761 635 794 tantummodo
671 766 795 793 starent
825 770 961 793 consue-

227 815 351 854 tudini,
387 815 617 855 conventioni,
653 814 869 853 concordiae,
896 814 961 846 sive

225 873 365 907 statuto,
389 874 424 901 ut
456 868 657 911 praedictum
684 872 742 900 est.
778 867 821 900 Ne
855 872 960 900 autem

225 931 323 964 super
349 921 532 954 huiusmodi
570 921 657 954 clara
692 920 883 963 ceteroquin
916 920 962 952 in-

226 974 406 1016 telligentia
425 980 553 1007 nostrae
573 973 813 1006 constitutionis
831 978 863 1006 et
880 972 962 1006 Con-

225 1027 289 1060 cilii
315 1027 452 1060 Romani
480 1027 545 1059 ullo
572 1037 713 1069 unquam
741 1030 884 1069 tempore
913 1035 963 1058 ex-

226 1080 318 1113 citari
343 1081 447 1113 valeat
471 1080 578 1123 aliqua
604 1079 788 1118 difficultas,
814 1089 962 1121 expresse

226 1132 270 1165 ita
295 1133 494 1166 declaramus
527 1133 643 1165 dictam
677 1139 818 1165 nostram
845 1133 963 1165 consti-

228 1186 388 1219 tutionem
415 1191 447 1218 et
472 1186 603 1218 decreta
638 1185 770 1218 Concilii
805 1186 960 1225 Romani3

227 1238 388 1281 simulque
424 1245 534 1280 motu,
572 1239 705 1272 scientia
737 1243 768 1271 et
804 1244 962 1282 potestate

226 1291 403 1335 praedictis
420 1292 579 1331 volumus,
596 1291 813 1335 praecipimus
832 1297 863 1324 et
881 1302 966 1324 mau-

228 1345 340 1378 damus
373 1349 408 1376 ut
432 1344 530 1378 iidem
557 1345 670 1377 fratres
695 1345 838 1388 parocho
866 1344 965 1377 relin-

228 1404 330 1442 quant
355 1398 522 1441 optionem
557 1399 606 1431 vel
643 1398 784 1440 eligendi
819 1404 964 1440 quartam

228 1457 354 1496 partem
379 1451 596 1495 praedictam,
625 1452 672 1483 vel
698 1451 803 1483 standi
833 1461 967 1484 consue-

229 1504 357 1544 tudini,
383 1509 523 1543 statuto,
557 1503 768 1541 concordiae,
802 1514 857 1537 seu
891 1514 966 1536 cou-

228 1558 394 1597 ventioni,
433 1568 566 1600 eamque
606 1556 740 1600 pacifice
776 1561 963 1600 sequantur,

230 1616 266 1643 ut
290 1621 368 1644 suae
394 1611 539 1654 ipsorum
567 1609 667 1653 quieti
690 1609 859 1652 religiosc¹
879 1610 966 1642 iuxta

232 1665 376 1697 eamdem
392 1669 531 1697 mentem
551 1668 692 1696 nostram
710 1663 898 1700 consulant;
917 1673 966 1705 pa·

232 1718 324 1751 rochi
349 1728 426 1750 vero
452 1718 549 1750 semel
578 1717 691 1748 factam
716 1716 881 1760 optionem
909 1716 966 1748 im-

235 1775 362 1803 mutare
388 1771 577 1803 nullatenus
602 1769 730 1813 possint
755 1774 809 1801 aut.
826 1770 964 1801 valeant.

279 1823 371 1867 545.
406 1823 449 1856 Ea
479 1823 589 1855 itidem
622 1822 789 1866 privilegia
816 1822 967 1854 fratribus

41 1875 363 1911 privilegineidomOrdlniS
397 1875 657 1908 praedicatorum
689 1874 814 1908 indulta
839 1885 897 1918 per
922 1885 969 1907 sa-

44 1912 116 1932 ordint
126 1916 225 1932 concessa

44 1939 69 1958 dc
85 1937 144 1958 laicis
160 1940 226 1958 tumu-

45 1964 120 1984 laudis.

236 1938 308 1961 cros
343 1938 483 1961 canones
519 1933 551 1960 et
584 1928 780 1971 apostolicas
814 1928 969 1961 constitu-

237 1981 358 2021 tiones,
384 1986 420 2013 ut
443 1980 569 2024 possint
592 1980 745 2014 cadavera
762 1981 919 2014 laicorum
939 1987 970 2014 et

239 2038 464 2066 extraneorum
489 2043 766 2077 quorumcumque
788 2034 821 2066 in
838 2034 903 2067 suis
921 2045 971 2067 ec-

239 2085 347 2118 clesiis
371 2085 472 2118 libere
498 2086 674 2125 tumulare,
699 2086 864 2119 uberrime
897 2098 972 2119 con-

239 2137 405 2170 firmamus
419 2145 449 2170 et
463 2137 670 2171 innovamus:
692 2143 798 2181 utque,
818 2145 972 2182 quantum

239 2191 271 2224 in
296 2191 434 2224 Domino
460 2201 644 2233 possumus,
672 2202 878 2224 occurramus
903 2203 974 2225 con-

240 2244 338 2276 tinuis
353 2243 522 2283 molestiis,
538 2254 624 2286 quas,
641 2249 775 2287 propter
792 2245 974 2288 aliquorum

241 2297 386 2330 sinistras
405 2297 700 2339 interpretationes,
725 2292 789 2340 pati
814 2303 976 2340 coguntur

241 2350 355 2383 fratres
381 2349 538 2392 praedicti
565 2359 634 2382 cum
662 2351 800 2383 maximo
825 2351 975 2383 christifi-

242 2403 361 2436 delium
399 2402 551 2435 scandalo
588 2408 620 2434 et
653 2402 782 2445 pietatis
818 2403 976 2446 simulque

243 2456 342 2489 divini
368 2456 471 2488 cultus
497 2455 712 2488 detrimento:
740 2462 900 2500 perpetuo
927 2468 978 2490 vo-

242 2509 347 2542 lumus
372 2513 404 2541 et
428 2508 609 2547 sancimus,
644 2508 675 2541 in
709 2509 820 2552 primis
846 2509 976 2543 fratrum

243 2561 485 2606 praedictorum
523 2561 691 2603 omnium,
727 2563 838 2606 eisque
876 2563 977 2596 inser-

280 2625 291 2651 1
315 2623 413 2652 Forsan
433 2622 586 2658 reliqiosae
607 2623 644 2658 (a.
658 2624 706 2658 τ.).

1001 283 1177 322 vientium,
1214 292 1340 315 necnon
1367 291 1643 324 quarumcumque
1669 290 1740 323 per-

1003 345 1155 367 sonarum
1196 334 1293 368 Tertii
1331 333 1483 372 Ordinis,
1520 333 1615 366 etiam
1650 338 1739 365 extra

1003 388 1164 427 claustra,
1192 388 1328 426 domos,
1362 386 1502 429 hospitia
1526 391 1558 418 et
1583 385 1739 418 asceteria

1003 441 1210 481 obeuntium,
1238 441 1391 473 laieorum
1420 450 1550 482 quoque
1576 444 1739 472 extraneo-

1005 503 1074 524 rum
1113 503 1171 535 per
1204 493 1354 526 accidens
1380 491 1567 536 degentium
1594 497 1625 524 et
1650 492 1741 524 decc-

1004 546 1149 578 dentium
1175 546 1206 578 in
1233 547 1462 586 conventibus,
1493 545 1658 588 hospitiis,
1687 545 1741 577 do-

1005 599 1111 631 mibus
1138 605 1169 632 et
1194 600 1359 632 asceteriis
1376 599 1564 643 praedictis,
1583 598 1741 632 cadavera

1005 652 1193 685 tumulanda
1231 663 1300 685 esse
1333 652 1365 684 in
1400 652 1492 685 dictis
1517 651 1662 684 ecclesiis
1686 650 1742 683 Or-

1005 704 1102 744 dinis,
1123 705 1307 738 dioecesani
1326 705 1389 738 loci
1407 710 1462 738 aut
1479 704 1610 738 alterius
1640 704 1743 737 cuius-

1005 765 1144 798 cumque
1169 756 1298 788 liceutia
1324 756 1456 789 minime
1478 757 1618 799 desuper
1638 756 1745 799 requi-

1005 808 1085 848 sita;
1125 808 1259 842 liberam
1297 819 1430 852 prorsus
1469 815 1639 852 praeterea
1675 810 1743 841 fore

1006 862 1120 905 cuique
1155 861 1320 903 fidelium,
1347 863 1412 895 sive
1437 873 1496 906 pro
1521 863 1649 906 seipso,
1678 863 1745 896 sive

1006 925 1065 957 pro
1090 915 1154 947 suis
1179 914 1253 947 siliis
1284 920 1315 948 et
1346 915 1489 955 filiabus,
1517 915 1690 958 nepotibus
1715 920 1746 947 et

1007 967 1161 1010 neptibus
1187 967 1217 999 in
1244 968 1362 1011 puerili
1394 969 1444 1001 vel
1477 968 1616 1001 infantili
1643 972 1745 1000 aetate

1007 1020 1241 1053 decedentibus
1275 1021 1470 1054 electionem
1504 1021 1688 1064 sepulturae
1714 1021 1746 1052 in

1008 1074 1154 1107 ecclesiis
1175 1079 1206 1107 et
1223 1074 1427 1108 coemeteriis
1449 1074 1583 1117 praefati
1604 1074 1744 1106 Ordinis.

1008 1127 1050 1160 Dc
1078 1127 1138 1160 hac
1173 1138 1250 1160 vero
1285 1128 1444 1160 electione
1481 1128 1558 1160 satis
1596 1132 1746 1160 constare

1008 1181 1062 1213 ubi
1088 1181 1120 1213 iu
1147 1181 1285 1213 ecelesia
1310 1180 1437 1214 Ordinis
1469 1180 1665 1223 gentilitium
1692 1180 1748 1213 ob-

1009 1234 1133 1274 euntis,
1156 1235 1245 1267 nulla
1269 1233 1302 1266 in
1328 1234 1525 1267 contrarium
1548 1234 1627 1266 facta
1644 1234 1749 1277 dispo-

1010 1287 1138 1328 sitione,
1164 1287 1373 1330 sepulchrum
1400 1287 1613 1330 praeexistat3
1641 1297 1748 1319 rursus

1010 1352 1045 1373 ex
1062 1345 1267 1381 testamento,
1283 1340 1451 1380 codicillis,
1469 1342 1516 1374 vel
1531 1340 1593 1373 alia
1606 1340 1749 1373 morien-

1011 1394 1049 1427 tis
1063 1392 1219 1438 simplici¹
1240 1394 1336 1427 etiam
1362 1394 1531 1437 scriptura,
1545 1394 1622 1426 item
1642 1404 1677 1426 ex
1699 1393 1747 1425 di-

1011 1453 1061 1480 cto
1077 1441 1359 1486 aut‘confessoris,
1380 1453 1433 1480 aut
1451 1447 1585 1480 duorum
1608 1447 1747 1485 testium,

1011 1500 1106 1533 etiam
1133 1500 1418 1533 extraiudicialiter
1449 1499 1684 1542 deponentium
1710 1499 1748 1531 de

1011 1554 1098 1587 illius
1124 1554 1300 1586 voluntate.
1328 1553 1419 1592 Quod
1444 1553 1468 1586 si
1494 1553 1656 1597 parochus
1677 1552 1752 1585 velit

1011 1606 1084 1639 illos
1111 1607 1308 1640 iudicialiter
1334 1613 1503 1650 repetere,
1529 1606 1594 1639 suis
1618 1606 1752 1649 sumpti-

1012 1661 1069 1693 bus
1095 1661 1125 1693 id
1153 1660 1257 1693 facere
1285 1665 1442 1693 teneatur.
1470 1660 1675 1702 Cavcautque
1700 1669 1752 1702 pa-

1013 1714 1123 1754 rochi,
1149 1725 1196 1753 ne,
1224 1714 1311 1757 quod
1338 1714 1459 1747 directe
1485 1719 1677 1757 nequeunt,
1704 1712 1751 1745 in-

1014 1766 1134 1800 directe
1161 1767 1304 1799 nitantur
1338 1766 1414 1799 huic
1450 1766 1588 1799 libertati
1626 1765 1753 1808 praeiu-

1014 1820 1130 1853 dicium
1158 1825 1189 1853 et
1214 1830 1328 1852 noxam
1355 1819 1486 1860 inferre,
1506 1819 1563 1852 sub
1581 1823 1751 1863 praetextu

1014 1873 1052 1905 ad
1079 1873 1164 1916 ipsos
1196 1873 1362 1915 pertinere
1398 1882 1569 1905 numerum
1602 1871 1752 1904 determi-

1014 1936 1090 1958 nare
1110 1926 1239 1958 fratrum
1258 1925 1420 1958 associare
1439 1924 1637 1964 debentium,
1654 1928 1751 1966 atque

1014 1978 1104 2011 illum
1146 1978 1284 2011 limitare
1321 1978 1360 2010 ad
1401 1982 1520 2010 metam
1559 1977 1752 2010 clericorum

1015 2032 1244 2071 saecularium,
1266 2032 1368 2064 aliove
1395 2030 1568 2069 deteriori,
1590 2029 1754 2073 parochia-

1016 2097 1091 2125 nos,
1117 2085 1285 2123 nimirum,
1314 2085 1472 2127 eligentes
1497 2084 1574 2116 alibi
1600 2093 1694 2127 quam
1721 2084 1752 2115 iu

1017 2139 1154 2172 ecclesia
1190 2137 1369 2181 parochiali
1403 2137 1623 2179 sepulturam,
1651 2135 1752 2168 teneri

1017 2192 1056 2223 ad
1083 2192 1320 2234 eleemosynam
1355 2190 1508 2222 maiorem
1541 2189 1752 2232 gravioraque

1019 2244 1241 2276 emolumenta
1267 2244 1370 2276 favore
1396 2242 1546 2286 parochi,
1573 2241 1668 2274 etiam
1694 2241 1753 2273 sub

1019 2296 1220 2329 emendicato
1257 2296 1351 2329 titulo
1389 2295 1568 2328 coarctivac
1610 2295 1755 2327 celebra-

1020 2351 1116 2383 tionis
1131 2350 1302 2383 missarum
1326 2355 1357 2382 et
1381 2348 1687 2387 anniversariorum,
1705 2349 1754 2381 vel

1020 2403 1079 2435 sub
1098 2403 1234 2436 obtentu
1251 2402 1415 2435 cadaveris
1442 2402 1474 2434 in
1500 2401 1678 2434 cathedrali
1705 2401 1755 2433 vel

1020 2456 1200 2499 parochiali
1238 2456 1387 2489 ecclesiis
1424 2456 1514 2499 prius
1548 2454 1754 2498 exponendi,

1021 2515 1053 2541 et
1077 2509 1256 2552 respective
1290 2509 1412 2542 ratione
1451 2508 1603 2542 transitus
1635 2518 1692 2551 per
1718 2508 1756 2540 li-

1021 2562 1114 2596 mites
1132 2562 1268 2596 aliarum
1285 2562 1525 2606 parochiarum,
1542 2561 1757 2605 persolvenda

1055 2625 1068 2651 1
1091 2624 1164 2653 Edit.
1185 2624 1267 2653 Μαίη.
1289 2624 1356 2660 legit
1374 2624 1515 2660 simplicis
1532 2629 1572 2660 tn.
1588 2624 1638 2659 r.).

1638 222 1701 256 547
1748 231 1797 257 An.
1815 230 1842 257 c.
1866 231 1931 258 1727
