2139 3142
341 192 406 226 874
892 199 1069 222 anthimum
1095 198 1247 221 Romnum

292 254 463 287 Academia
487 253 665 296 theologica
689 253 720 284 in
745 249 999 295 archigymnasio
1031 249 1223 292 Sapientiae.
1252 268 1294 273 —
1318 248 1504 286 Constitutio
1532 250 1701 284 Clementis
1723 249 1782 291 XI,
1808 250 1840 282 in

386 307 525 341 eiusdem
552 307 690 339 favorem
716 310 877 345 emanata,
901 303 999 336 relata
1024 302 1248 341 confirmatur,
1272 300 1338 335 :349
1370 302 1403 341 b3
1435 302 1602 345 privilegia
1626 303 1733 336 omnia
1765 303 1840 335 alias

387 370 535 394 concessa
567 359 690 402 aliaque
722 358 862 402 plurima
885 356 986 389 eidem
1021 355 1135 387 iterum
1168 354 1401 394 conceduntur,
1425 354 1491 388 350
1517 355 1552 394 b3
1577 366 1636 399 pro
1663 355 1841 388 academiae

387 413 526 446 eiusdem
552 413 638 444 recta
663 411 837 444 directione
862 413 1046 444 statuuntur
1069 408 1236 449 nonnulla,
1262 407 1322 441 3511
1352 407 1368 440 b
1393 413 1423 440 et
1445 419 1509 452 seq.

298 467 441 500 ,Emitius
465 465 591 499 Lamius
615 465 738 508 primus
763 464 851 508 prior
874 461 1042 506 hospitalis
1066 461 1099 494 B.
1124 460 1277 494 Gallicani
1302 460 1487 504 deputatur,
1512 460 1577 494 445
1602 472 1633 494 a..

298 522 432 561 Agentes
455 519 657 561 negotiorum
683 519 714 550 in
740 517 831 551 Urbe.
858 535 901 540 —
926 515 964 549 Ut
987 524 1083 557 agens
1108 514 1138 546 in
1172 513 1257 546 Urbe
1287 514 1414 556 negotia
1439 514 1573 547 civitatis
1598 514 1787 547 Ravennatis
1811 514 1843 547 in

386 578 550 616 posterum
575 583 592 604 a
617 570 845 604 communitate
865 570 1032 602 Ravennae
1051 567 1088 600 ad
1106 567 1292 599 decennium
1311 567 1494 609 eligeretur,
1514 566 1706 607 decernitur,
1726 566 1790 600 437
1811 567 1842 607 b;

385 631 528 667 agentem
555 624 700 657 eumdem
726 622 864 666 eligendi
890 621 1003 654 modus
1028 619 1267 664 praescribitur,
1292 620 1371 652 ibid.

297 679 400 720 Agnes
421 678 481 720 (S.)
507 688 542 710 cx
568 678 669 709 Monte
694 676 859 708 Politiano.
886 694 931 698 —-
955 674 984 707 S.
1013 674 1142 716 Agnetis
1167 684 1203 706 ex
1228 673 1332 706 Monte
1356 673 1521 713 Politiano,
1539 674 1663 707 Ordinis
1684 675 1845 708 Praedica-

385 737 501 769 torum‚
520 736 635 769 ortum,
653 729 735 761 vitae
761 729 986 771 integritatem,
1008 733 1038 760 et
1062 727 1151 769 signa
1176 727 1215 758 ab
1241 726 1294 760 itt-a
1319 732 1441 769 patrata
1467 727 1575 767 refert,
1596 726 1661 759 466
1682 727 1747 768 het
1771 739 1845 772 seq.;

387 783 525 816 ciusdem
552 783 672 815 obitum
698 787 824 820 narrat,
848 780 913 814 Δ467
939 792 976 820 α;
1002 781 1175 824 praefatam
1202 779 1346 811 nonnulli
1371 779 1492 812 Summi
1524 780 1692 812 Pontifices
1716 786 1750 813 ut
1774 791 1847 813 san-

387 841 467 868 ctam
493 835 647 877 virgmem
674 834 882 867 venerandam
910 839 1123 876 agnoverunt,
1148 837 1182 866 ut
1206 834 1302 865 refert
1327 832 1390 865 467
1417 833 1451 872 b;
1477 833 1658 876 praedictae
1683 834 1847 867 canoniza-

388 890 430 922 tio
455 889 494 921 ab
519 889 579 921 hoc
605 889 753 921 Pontifice
778 894 905 931 peracta
931 888 1171 931 promulgatur,
1196 885 1260 919 468
1286 897 1304 918 α
1331 892 1361 918 et
1385 897 1448 930 seq.

301 943 434 986 Agraria
458 953 525 983 res,
551 942 622 974 ride
646 943 786 974 Annona.

300 997 406 1029 Altare
430 995 676 1038 privilegiatum.
701 1013 745 1017 -
769 994 874 1026 Altare
914 993 1149 1036 privilegiatum
1188 1003 1246 1036 pro
1271 992 1436 1024 animabus
1461 992 1682 1026 defunctorum
1708 994 1849 1027 eeclesiis

386 1048 672 1092 patriarchalibuS,
699 1047 954 1090 metropolitanis
986 1051 1016 1078 et
1052 1045 1286 1078 cathedralibus
1312 1044 1406 1077 totius
1432 1045 1518 1078 orbis
1544 1045 1690 1078 catholici
1717 1056 1848 1079 conces-

388 1101 427 1134 sit
451 1101 637 1134 Benedictus
661 1100 741 1140 XIII,
767 1099 808 1132 76
833 1112 853 1133 α
877 1105 907 1132 et
931 1100 960 1131 l».

300 1155 446 1198 Aloysius
463 1154 608 1196 Gonzaga
626 1153 687 1195 (S.)
705 1172 747 1177 —
764 1153 798 1185 B.
818 1153 979 1196 Aloysium
998 1153 1176 1194 Gonzagam
1196 1153 1225 1184 in
1244 1153 1412 1195 specialem
1434 1158 1602 1195 patronum
1630 1153 1691 1185 sibi
1712 1153 1848 1196 eligendi

389 1207 520 1240 facultas
545 1206 716 1250 gymnasiis
741 1217 796 1238 seu
822 1206 964 1247 collegiis
988 1206 1152 1238 Societatis
1178 1206 1246 1237 Iesu
1272 1205 1475 1243 conceditur,
1499 1205 1563 1237 ⁹207
1581 1205 1613 1245 b,
1640 1206 1708 1238 eius
1725 1212 1850 1247 ortum,

390 1262 476 1305 piam
502 1260 719 1292 educationem
745 1259 956 1301 virtutemque
975 1259 1192 1291 admirandam
1212 1258 1351 1301 exponit,
1369 1257 1435 1290 482
1456 1269 1473 1289 a
1500 1263 1529 1290 et
1555 1258 1589 1298 b;
1615 1258 1761 1291 Societati
1781 1260 1852 1293 Iesu

390 1323 506 1346 nornen
531 1313 678 1352 daturus,
705 1314 818 1354 magna
844 1311 939 1344 animi
966 1311 1148 1344 fortitudine
1180 1312 1243 1343 suis
1277 1311 1423 1344 valedicit
1447 1317 1478 1343 et
1510 1312 1641 1344 Romam
1671 1312 1770 1355 petit,
1796 1313 1850 1345 ubi

389 1366 568 1399 christianis
595 1365 763 1397 virtutibus
797 1365 939 1398 omnium
965 1365 1074 1397 oculos
1099 1364 1129 1396 in
1166 1374 1198 1395 sc
1224 1364 1397 1405 convertit,
1421 1364 1487 1397 484
1504 1364 1535 1403 b;
1562 1365 1612 1408 pie
1637 1365 1715 1397 obiit
1739 1372 1770 1398 et
1793 1377 1853 1410 pro

390 1424 499 1452 sancto
517 1419 709 1461 agnoscitur,
731 1417 794 1451 485
812 1429 846 1457 a,
873 1418 940 1450 eius
966 1417 1096 1450 virtutes
1122 1422 1149 1449 et
1169 1417 1321 1449 miracula
1342 1415 1559 1460 comprobata,
1583 1418 1685 1461 deque
1702 1429 1739 1451 eo
1756 1419 1852 1453 horas

392 1471 561 1504 canonicas
585 1477 615 1503 et
640 1471 751 1503 missas
777 1470 932 1504 celebrari
960 1481 1052 1513 posse
1081 1480 1266 1503 concessum
1295 1469 1353 1502 suit
1380 1481 1397 1502 a
1420 1470 1516 1503 Paulo
1535 1471 1568 1512 V,
1593 1471 1684 1511 ibtd.;
1710 1471 1850 1505 eiusdem

393 1525 432 1557 ab
457 1524 517 1557 hoc
541 1524 652 1556 eodem
678 1523 829 1556 Pontifice
854 1523 1050 1556 canonizatio
1074 1523 1308 1566 promulgatur,
1332 1522 1397 1556 486
1422 1535 1441 1556 ct
1469 1529 1498 1555 et
1522 1535 1586 1568 seq.

305 1578 429 1611 Andrea
454 1578 512 1620 (S.)
536 1577 668 1610 Corsini.
696 1596 740 1599 -
766 1576 838 1609 Eius
864 1577 954 1617 facta,
972 1577 1067 1608 vitam
1084 1582 1114 1608 et
1131 1577 1251 1609 obitum
1267 1587 1391 1609 necnon
1411 1577 1567 1609 miracula
1591 1577 1696 1618 refert,
1721 1578 1853 1622 eiusque

395 1630 663 1663 canonizationem
690 1629 883 1672 promulgat,
910 1629 927 1661 7
954 1630 970 1661 b
994 1635 1024 1661 et
1047 1640 1111 1672 seq.

306 1684 449 1726 Amyclas
474 1683 607 1715 Domini
632 1683 840 1726 antiphonam
867 1682 1072 1715 recitantibus
1094 1683 1309 1725 indulgentiae
1327 1683 1482 1726 quaedam
1501 1683 1729 1725 conceduntur,
1746 1683 1806 1716 101
1825 1685 1852 1717 b.

308 1739 448 1770 Annona.
473 1755 516 1759 ——0
541 1736 586 1768 Ad
611 1745 754 1768 annonae
774 1736 893 1768 bonum
931 1736 1073 1779 reginem
1105 1741 1134 1767 ct
1159 1736 1190 1767 in
1223 1735 1269 1768 rei
1305 1736 1449 1779 agrariae
1486 1736 1675 1769 beneficium
1701 1737 1854 1770 nonnulla

396 1790 503 1822 statuit
528 1789 716 1821 Benedictus
742 1789 826 1830 XIII,
853 1788 916 1822 277
942 1800 960 1821 α
987 1794 1016 1821 ct
1037 1799 1115 1832 seq.;
1142 1793 1170 1821 et
1194 1789 1327 1829 iterum,
1353 1788 1417 1821 346
1444 1789 1461 1822 b
1486 1792 1516 1822 et
1538 1800 1601 1832 seq.

308 1847 460 1877 Annonae
484 1842 730 1884 Congregationi
755 1842 916 1874 facultates
942 1841 1095 1885 quaedam
1123 1841 1354 1880 conceduntur,
1372 1847 1465 1884 atque
1482 1847 1516 1874 ut
1541 1842 1662 1882 eadem,
1679 1841 1709 1874 in
1727 1842 1855 1875 creditis

398 1895 570 1938 exigendis,
596 1895 743 1928 omnibus
768 1895 1004 1933 anterioritatis,
1029 1894 1220 1937 potioritatis
1244 1900 1274 1926 ct
1294 1895 1497 1937 praelationis
1517 1895 1690 1938 privilegiis
1708 1896 1854 1938 gaudeat¹

400 1949 557 1987 statuitur,
583 1948 645 1981 347
671 1959 706 1988 α;
732 1959 790 1992 pro
816 1948 955 1980 eiusdem
989 1947 1203 1980 sublevamine
1220 1953 1251 1980 et
1267 1948 1436 1980 securitate
1459 1948 1488 1980 in
1507 1948 1758 1981 mutuationibus
1775 1959 1855 1982 non-

401 2002 487 2033 nulla
512 2001 739 2042 decernuntur,
761 2001 824 2033 :3⁷27
851 2002 868 2033 b
894 2007 923 2033 et
947 2012 1009 2044 seq.

311 2055 418 2086 Annus
442 2054 585 2086 Sanctus.
603 2073 646 2076 —-
662 2054 742 2085 Anni
768 2054 866 2086 sancti
892 2054 1116 2096 praestantiam
1136 2053 1258 2086 extollit
1278 2053 1464 2086 Benedictus
1482 2053 1553 2087 XIII
1578 2054 1608 2086 in
1633 2055 1858 2089 constitutione

401 2106 581 2139 indictionis
600 2106 739 2138 eiusdem
765 2107 849 2145 anni,
875 2106 917 2139 54.
942 2107 957 2138 b
983 2113 1013 2139 et
1036 2117 1110 2150 seq,
1139 2107 1210 2138 anni
1238 2107 1392 2149 praedicti
1417 2117 1490 2139 cum
1516 2108 1618 2140 forma
1644 2108 1786 2140 lucrandi
1811 2109 1858 2141 in-

400 2159 577 2202 dulgentias
602 2160 742 2199 indictio,
769 2160 860 2195 552212
887 2160 924 2192 ad
949 2170 1066 2192 annum
1092 2165 1234 2192 sanctum
1261 2159 1368 2192 fideles
1393 2170 1503 2192 onmes
1529 2160 1638 2192 invitat
1664 2161 1803 2194 Pontifex
1828 2167 1858 2194 et

401 2213 439 2244 ad
469 2213 519 2256 pia
544 2224 640 2256 opera
665 2213 828 2252 hortatur,
847 2213 889 2245 56
908 2225 928 2246 a
953 2219 983 2245 et
1007 2214 1037 2251 [13
1064 2218 1097 2244 ut
1123 2212 1318 2256 praedictum
1344 2213 1546 2253 annuncient,
1569 2213 1743 2247 Ordinariis
1767 2225 1858 2258 prae-

403 2266 489 2308 cipit,
514 2266 554 2299 57
580 2277 598 2298 a
624 2272 654 2298 et
678 2267 717 2307 b,
742 2267 902 2310 principes
920 2267 1054 2311 denique
1073 2267 1236 2299 christiani
1257 2266 1468 2299 admonentur
1494 2272 1526 2299 ut
1550 2277 1642 2310 opem
1668 2278 1755 2300 suam
1783 2279 1855 2302 con-

404 2321 512 2357 ferant,
539 2319 578 2351 57
604 2320 620 2351 b
646 2325 674 2352 et
699 2331 759 2362 seq.
789 2320 861 2351 Vide
888 2320 1100 2363 [ndulgicntia
1124 2325 1153 2351 ct
1177 2320 1371 2352 Iztbilaeum.

315 2373 475 2413 Apostata.
497 2391 541 2395 —
567 2373 603 2404 L't
627 2379 786 2415 apostatae
812 2374 974 2415 regulares
999 2373 1037 2405 ad
1062 2383 1135 2405 suos
1152 2372 1284 2405 Ordines
1306 2373 1433 2416 impune
1455 2372 1569 2405 reverti
1588 2379 1715 2416 possent
1735 2374 1854 2414 statuit,

406 2424 468 2457 ’138
494 2436 513 2457 α
539 2431 568 2456 ct
591 2436 651 2468 seq.

315 2478 652 2509 Archittonfraternitas
677 2478 943 2510 Annunciationis
965 2497 1010 2501 ——
1033 2479 1381 2511 Archiconfraternitati
1406 2478 1665 2512 Annnnoiationis
1683 2479 1716 2512 B.
1744 2479 1782 2512 M.
1811 2480 1857 2520 V„

406 2535 438 2560 ut
473 2535 607 2571 ‹piatuor
639 2530 776 2562 subsidia
801 2530 916 2562 dotalia
947 2531 1060 2573 puellis
1096 2531 1261 2575 neophytis
1298 2532 1523 2564 conservatorii
1555 2532 1856 2565 catechumenorum

407 2582 573 2625 quotannis
598 2589 778 2625 praestaret,
805 2584 1040 2626 praescribitur,
1065 2583 1130 2616 300
1153 2595 1174 2616 α
1199 2590 1228 2616 et
1254 2595 1318 2628 seq.

2097 707 2106 715 ·
2091 511 2139 649 faa
2088 263 2126 497 ·70=5‚f:÷·÷=*‚et-ss⁴·-
2088 111 2127 252 *ss-20:³4*
2076 0 2139 103 ἢῆ
