2170 3147
239 248 289 274 An.
309 248 337 274 c.
362 248 428 275 1725
475 239 539 273 408

433 297 521 331 modi
548 308 583 330 ac
608 297 639 330 in
666 297 811 330 Romana
836 296 929 330 Curia
953 307 1078 329 moram
1112 301 1176 329 tra-

433 350 542 387 henti,
568 360 627 393 per
652 360 722 390 eos,
763 349 849 381 iuxta
881 349 962 382 ritus
999 354 1032 382 et
1068 359 1176 382 mores

431 403 703 445 Congregationis
744 402 931 435 huiusmodi
973 403 1150 436 tenendam
1167 430 1175 443 ‚

435 457 614 499 regendam
642 462 674 488 et
699 456 965 499 gubernandam,
990 462 1023 489 et
1056 456 1094 489 ad
1122 466 1177 489 eo-

433 520 503 542 rnm
529 509 702 542 arbitrium
729 509 984 549 reformandam,
1009 519 1069 553 per
1094 509 1175 542 alias

433 569 560 595 nostras
586 562 646 594 snb
679 562 816 605 plumbo
849 563 974 595 litteras
1007 573 1179 596 concesse-

435 615 538 648 rimus
565 621 598 648 et
630 615 928 658 assignaverimus;
962 616 1006 649 ita
1032 616 1119 659 qnod
1145 616 1178 649 li-

435 675 526 702 ceret
551 669 675 701 eisdem
703 668 955 711 Congregationi
983 675 1014 703 et
1040 670 1179 702 Bernar-

437 722 514 754 dino
540 721 699 755 cardinali
726 728 803 754 tunc
829 722 861 754 in
893 722 1077 756 minoribus
1103 733 1178 756 con-

437 775 568 815 stituto,
593 785 651 818 per
676 785 720 814 se,
746 776 795 808 vel
821 775 940 816 alium,
979 786 1036 809 sen
1075 775 1178 816 alios,

436 829 643 872 corporalem
671 829 918 872 possessionem
944 830 1117 870 ecclesiae,
1145 840 1181 862 ac

439 882 626 922 domorum,
655 882 837 923 hortorum,
868 882 1111 922 viridariorum,
1137 883 1181 915 vi-

438 946 589 975 nearum,
619 941 651 968 et
676 936 817 969 aliorum
842 936 1025 969 bonorum⁴
1052 937 1182 980 praedi-

437 995 577 1029 ctorum,
605 989 740 1033 propria
764 989 960 1023 auctoritate
993 990 1096 1023 libere
1126 1000 1182 1032 ap-

437 1042 651 1085 prehendere
688 1047 720 1075 ct
756 1048 919 1086 perpetuo
960 1043 1122 1083 retinere,
1148 1053 1183 1075 ac

438 1095 572 1129 illorum
600 1096 722 1129 fructus
740 1123 747 1135 ,
781 1096 928 1128 redditus
952 1101 983 1129 et
1007 1101 1183 1139 proventus

439 1148 471 1181 in
509 1159 584 1181 suos
623 1154 656 1181 et
688 1149 958 1192 (long-regationis
996 1149 1183 1182 huiusmodi

440 1211 518 1233 usus
544 1206 576 1234 et
603 1201 775 1234 utilitatem
803 1207 1016 1240 convertere,
1042 1201 1185 1234 cuiusvis

440 1253 573 1286 licentia
588 1254 730 1297 desuper
748 1255 882 1287 minime
898 1254 1072 1298 requisita;
1088 1259 1187 1297 prout

441 1307 473 1339 in
500 1307 640 1350 singulis
677 1308 796 1341 litteris
836 1309 1013 1351 praedictis
1053 1309 1185 1352 plenius

442 1362 651 1395 continetur:

247 1425 431 1477 piqdissmnlssxpg
485 1416 589 1455 Quum
611 1416 739 1449 autom²
764 1427 870 1460 nuper
895 1427 911 1449 a
933 1416 1037 1457 nobis,
1063 1427 1120 1450 seu
1148 1417 1187 1450 de

247 1471 597 1503 dammam-mandato
624 1474 736 1504 nostro
764 1476 795 1503 et
821 1471 860 1504 de
887 1471 1009 1504 nostris
1032 1476 1064 1504 et
1082 1471 1188 1504 dictae

246 1506 303 1525 ficui.

443 1523 536 1556 Sedis
573 1523 725 1566 expensis
767 1524 854 1557 dicta
890 1523 1029 1557 ecclesia
1062 1523 1093 1557 S.
1121 1524 1186 1557 Sil-

445 1577 544 1610 vestri
583 1577 739 1620 illiusque
770 1577 918 1610 officinae
956 1578 988 1610 in
1015 1578 1082 1610 snis
1106 1582 1191 1610 stru-

444 1630 544 1663 cturis
566 1636 598 1663 et
624 1630 780 1663 aedificiis
806 1631 961 1673 ampliata
987 1641 1044 1664 seu
1070 1636 1191 1664 restau-

444 1688 522 1723 rata,
549 1694 584 1716 ac
612 1683 718 1716 eidem
745 1683 1015 1727 Congregationi,
1045 1694 1102 1716 seu
1129 1695 1190 1727 pro

444 1736 534 1770 illius
559 1747 630 1778 usu,
649 1737 828 1770 nonnullae
855 1737 980 1777 domus,
1005 1737 1130 1777 vincae,
1150 1737 1192 1769 vi-

445 1791 585 1831 ridaria,
612 1791 698 1824 liorti
726 1796 757 1824 et
788 1791 851 1824 alia
876 1791 963 1824 bona
1001 1791 1135 1824 mobilia
1161 1797 1192 1824 et

445 1843 627 1876 immobilia
652 1843 684 1876 in
712 1844 797 1876 dicta
823 1843 908 1877 Urbe
951 1843 1107 1888 illiusque
1144 1845 1192 1877 di·

447 1898 563 1931 strictu
590 1903 622 1930 et
648 1898 759 1930 forsan
785 1898 861 1931 alibi
889 1908 924 1931 ex
951 1899 1071 1931 nostris
1098 1904 1130 1931 et
1159 1909 1191 1931 e-

447 1951 578 1984 iusdem
603 1951 696 1984 Sedis
731 1951 879 1994 pecuniis
913 1958 1021 1995 empta
1050 1948 1189 1985 suerint:

447 2005 541 2044 Nos³,
569 2005 622 2048 qni
649 2004 946 2048 Congregationem
980 2005 1085 2049 ipsam
1110 2016 1190 2049 prae

447 2058 563 2092 ceteris
590 2068 723 2101 semper
756 2058 788 2090 in
815 2057 994 2091 visceribus
1030 2059 1189 2101 gessimus

447 2116 479 2144 et
505 2111 646 2154 gerimus
684 2110 870 2151 charitatis,
898 2111 1068 2155 cupientes
1101 2112 1189 2145 illam

447 2171 610 2208 perpetuo
649 2165 771 2208 ubique
808 2165 942 2205 florere,
980 2165 1117 2209 eiusque
1155 2177 1191 2199 ac

449 2218 536 2251 illius
575 2229 792 2262 personarum
830 2218 993 2262 profectui
1035 2224 1067 2252 et
1104 2219 1190 2252 felici

449 2273 634 2313 successui,
660 2277 817 2315 qnantum
842 2272 875 2304 in
901 2272 996 2305 nobis
1022 2277 1087 2313 est,
1115 2283 1191 2306 con-

485 2389 496 2414 1
525 2387 595 2414 Edit.
631 2388 714 2414 Main.
751 2387 815 2424 legit
847 2388 990 2416 honorum
1022 2395 1070 2423 pro
1104 2387 1192 2416 bono-

449 2440 515 2461 rum
530 2436 567 2461 (a.
584 2433 633 2463 τ.).

485 2477 500 2503 2
521 2477 652 2511 Legerem
674 2478 827 2512 Quumque
854 2485 903 2513 pro
932 2478 1028 2510 Quum
1047 2480 1144 2505 aulem
1165 2481 1194 2504 ut

450 2521 539 2548 adbuc
559 2526 714 2555 perseveret
739 2522 858 2556 syntaxis
883 2522 955 2550 Cum
983 2522 1059 2549 αῖὶἁε
1085 2522 1193 2558 incepta

449 2574 532 2601 supra
553 2574 614 2600 pag.
636 2566 688 2592 402
708 2567 722 2592 b
742 2569 782 2597 (n.
801 2567 837 2596 τ).

486 2610 501 2636 3
514 2609 577 2636 Ileic
589 2609 696 2636 tandem
709 2610 830 2637 succedit.
843 2611 970 2646 apodosis
985 2610 1102 2646 syntaxis
1120 2610 1192 2638 Cum

450 2655 536 2690 alias,
557 2663 605 2682 seu
625 2655 707 2682 totius
724 2655 799 2683 Pauli
814 2655 847 2683 tv
868 2656 1067 2684 constitutionis
1086 2657 1125 2691 (n.
1142 2657 1191 2690 τ.).

1019 248 1199 272 BULLARIUM
1226 247 1379 272 ROMANUM

1221 295 1360 337 snIere',
1379 295 1584 339 singularum
1612 297 1814 341 emptionum
1838 298 1963 342 praesa·

1221 354 1334 389 tarum,
1352 359 1479 384 necnon
1493 361 1719 394 expensarum,
1735 352 1962 394 pecuniarum,

1220 413 1257 435 ac
1282 403 1468 444 domorum,
1495 404 1684 445 vinearum,
1711 405 1960 448 viridariorum,

1222 456 1394 489 hortorum
1428 462 1460 490 et
1484 457 1621 490 aliorum
1655 458 1818 491 bonorum
1850 458 1962 492 huius-

1222 510 1309 542 modi
1327 510 1534 553 quantitates,
1553 511 1739 554 qualitates,
1755 511 1962 553 situationeS,

1222 563 1499 605 nuncupationes,
1538 564 1708 604 confines,
1738 565 1899 598 vocabula
1933 569 1965 598 et

1224 626 1319 649 veros
1338 616 1436 649 etiam
1462 626 1587 649 annuos
1613 618 1737 650 valores
1756 623 1787 650 et
1804 617 1964 657 redditus,

1223 679 1259 701 ac
1284 669 1417 702 nomina
1443 674 1473 702 et
1498 669 1693 712 cognomina
1726 671 1822 704 etiam
1848 681 1865 703 a
1900 670 1966 714 qui-

1223 723 1284 755 bus
1309 722 1365 755 illa
1390 727 1499 766 empta
1524 723 1675 763 suerunt,
1701 734 1737 756 ac
1772 724 1966 758 instrumen-

1224 780 1328 809 torum
1354 780 1386 809 et
1411 775 1546 809 aliarum
1567 776 1806 820 scripturarum
1825 777 1967 821 desuper

1224 829 1446 862 confectarum
1473 839 1602 862 necnon
1633 830 1816 863 litterarum
1841 829 1970 873 praedi·

1225 888 1349 916 ctarum
1374 883 1522 916 veriores
1548 888 1690 923 tenores,
1710 893 1746 916 ac
1764 882 1790 915 si
1809 883 1848 916 de
1867 882 1967 916 verbo

1225 937 1264 969 ad
1291 936 1426 969 verbnm
1465 936 1710 976 insererentur,
1736 935 1967 980 praesentibus

1227 1000 1287 1032 pro
1313 989 1474 1033 expressis
1509 989 1690 1030 habentes,
1728 989 1969 1023 institutionem

1226 1043 1500 1086 Congregationis
1526 1043 1729 1083 huiusmodi,
1757 1053 1887 1076 necnon
1914 1043 1971 1076 de-

1227 1102 1364 1136 cretum,
1385 1097 1653 1134 declarationem,
1672 1106 1707 1129 ac
1725 1095 1970 1136 concessiones,

1228 1155 1349 1182 statuta
1374 1155 1405 1183 et
1431 1148 1667 1189 ordinationes,
1688 1159 1817 1182 necnon
1837 1158 1972 1182 conces-

1229 1203 1355 1236 sionem
1382 1208 1413 1236 et
1438 1202 1695 1245 assignationem
1732 1203 1772 1236 de
1810 1201 1894 1235 dicta
1920 1212 1972 1235 ec-

1230 1258 1328 1290 clesia
1353 1256 1383 1289 S.
1409 1256 1568 1295 Silvestri,
1588 1266 1634 1296 ac,
1657 1266 1730 1288 cum
1750 1254 1972 1297 derogationi-

1230 1311 1303 1350 bus,
1332 1310 1486 1350 decretis,
1513 1320 1643 1342 necnon
1670 1308 1823 1342 omnibus
1850 1313 1881 1341 et
1906 1308 1974 1341 sin-

1232 1362 1316 1406 gulis
1353 1363 1425 1396 aliis
1459 1363 1492 1395 in
1530 1363 1577 1395 eis
1615 1362 1779 1396 contentis
1818 1361 1972 1395 clausulis

1231 1416 1376 1458 singulis,
1404 1421 1468 1448 tam
1493 1415 1525 1448 in
1549 1415 1650 1449 forma
1667 1415 1778 1448 Brevis
1797 1426 1894 1459 qnam
1914 1415 1974 1448 sub

1232 1469 1368 1512 plumbo
1395 1469 1540 1512 desuper
1564 1469 1729 1502 consectas
1760 1469 1908 1510 litteras,
1939 1479 1974 1502 ac

1232 1522 1459 1555 venditionem
1473 1530 1504 1556 et
1518 1522 1719 1566 emptionem
1737 1522 1911 1566 praefatas,
1928 1532 1973 1563 ac,

1233 1581 1332 1619 prout
1356 1575 1430 1609 illas
1457 1581 1676 1617 concernunt,
1703 1575 1813 1609 onmia
1845 1581 1878 1609 et
1909 1575 1976 1609 sin-

1234 1630 1309 1672 gula
1334 1629 1367 1662 in
1392 1630 1439 1662 eis
1457 1635 1488 1662 et
1513 1629 1735 1664 instrumentis
1757 1640 1794 1663 ae
1812 1629 1884 1662 aliis
1898 1628 1976 1663 scri-

1234 1682 1341 1726 pturis
1366 1683 1544 1726 praedictis
1569 1688 1739 1723 contenta,
1764 1689 1796 1716 et
1824 1683 1900 1716 inde
1926 1693 1977 1716 se-

1234 1741 1307 1768 cuta
1333 1746 1568 1780 quaecumque,
1584 1747 1621 1769 ex
1640 1739 1728 1770 certa
1748 1739 1858 1770 nostra
1875 1736 1978 1770 scien-

1236 1790 1278 1822 tia
1303 1800 1339 1822 ac
1365 1790 1404 1822 de
1430 1790 1633 1833 apostolicae
1667 1790 1838 1833 potestatis
1870 1790 1977 1834 pleni-

1236 1843 1348 1875 tudine
1375 1843 1596 1886 approbamus
1623 1848 1654 1877 et
1680 1844 1923 1884 confirmamus,
1942 1843 1979 1877 il-

1235 1897 1339 1941 lisque
1366 1903 1544 1940 perpetuae
1570 1903 1602 1930 et
1626 1897 1826 1931 inviolabiHs
1851 1898 1979 1931 firmita-

1236 1950 1275 1982 tis
1301 1949 1403 1983 robur
1428 1950 1598 1983 adjicimus
1616 1977 1623 1991 ,
1650 1961 1687 1983 ac
1722 1950 1778 1984 illa
1810 1951 1920 1984 omnia
1946 1955 1979 1984 et

1235 2003 1363 2046 singula
1395 2003 1582 2043 observari,
1608 2009 1638 2037 et
1662 2003 1916 2047 Congregationi
1941 2015 1978 2038 ao

1236 2057 1322 2089 illius
1336 2057 1487 2100 personis
1503 2056 1658 2099 praefatis
1678 2056 1858 2100 suffragari,
1879 2057 1979 2100 ipsos·

1235 2120 1297 2153 que
1324 2110 1389 2142 illis
1416 2115 1447 2142 et
1483 2120 1597 2142 corum
1633 2110 1770 2152 singulis
1808 2110 1979 2154 perpetuis

1236 2163 1352 2195 suturis
1378 2163 1582 2206 temporibus
1612 2165 1675 2203 uti,
1711 2163 1787 2204 srui,
1812 2163 1910 2207 potiri
1947 2168 1980 2198 et

1235 2216 1379 2259 gaudere
1406 2216 1545 2257 debere,
1572 2220 1604 2248 et
1629 2226 1646 2249 a
1671 2216 1801 2249 nemine
1838 2217 1981 2260 desuper

1235 2270 1350 2313 quovis
1374 2275 1546 2313 praetextu
1573 2280 1627 2302 seu
1653 2280 1861 2313 quacumque
1887 2280 1980 2303 occa-

1235 2324 1329 2356 sione
1355 2324 1405 2357 vel
1427 2325 1523 2357 causa
1542 2324 1653 2366 (etiam
1671 2334 1709 2357 ex
1728 2334 1766 2357 eo
1786 2324 1874 2368 quod
1894 2324 1979 2358 dicta

1236 2378 1373 2411 ecclesia
1396 2377 1426 2411 S.
1450 2377 1596 2411 Silvestri
1623 2378 1701 2411 olim
1727 2377 1862 2411 alicuius
1889 2377 1980 2412 Ordi-

1236 2432 1286 2464 nis
1329 2431 1425 2464 etiam
1465 2431 1600 2464 fratrum
1646 2431 1910 2464 Praedicatorum
1947 2436 1980 2464 et

1236 2485 1271 2519 B.
1297 2485 1416 2520 Mariae
1444 2485 1483 2518 de
1509 2484 1651 2518 Minerva
1685 2485 1725 2518 de
1751 2485 1863 2518 eadem
1890 2484 1977 2518 Urbe

1237 2545 1290 2571 aut
1316 2538 1525 2572 eremitarum
1561 2538 1593 2571 S.
1622 2537 1796 2581 Augustini
1828 2548 1883 2570 seu
1922 2538 1978 2571 Mi-

1236 2603 1352 2626 norum
1378 2597 1432 2625 ant
1449 2592 1588 2625 aliorum
1609 2591 1705 2624 etiam
1727 2590 1978 2625 Mendieantium

1274 2656 1285 2683 1
1308 2653 1409 2682 Forsan
1429 2653 1506 2682 deest
1525 2654 1647 2682 volentes
1667 2653 1705 2689 (a.
1723 2653 1773 2687 T.).

1969 250 2018 279 An.
2037 251 2067 279 C.
2087 252 2155 282 1726
