<?xml version="1.0" encoding="UTF-8"?>
<!DOCTYPE html PUBLIC "-//W3C//DTD XHTML 1.0 Transitional//EN"
    "http://www.w3.org/TR/xhtml1/DTD/xhtml1-transitional.dtd">
<html xmlns="http://www.w3.org/1999/xhtml" xml:lang="en" lang="en">
 <head>
  <title>
</title>
<meta http-equiv="Content-Type" content="text/html;charset=utf-8" />
  <meta name='ocr-system' content='tesseract 3.04.00' />
  <meta name='ocr-capabilities' content='ocr_page ocr_carea ocr_par ocr_line ocrx_word'/>
</head>
<body>
  <div class='ocr_page' id='page_1' title='image "./bullarumdiplomat22cath_0938.png"; bbox 0 0 2139 3142; ppageno 0'>
   <div class='ocr_carea' id='block_1_1' title="bbox 375 160 1272 194">
    <p class='ocr_par' dir='ltr' id='par_1_1' title="bbox 375 160 1272 194">
     <span class='ocr_line' id='line_1_1' title="bbox 375 160 1272 194; baseline -0.002 0"><span class='ocrx_word' id='word_1_1' title='bbox 375 160 440 194; x_wconf 81' lang='lat'>898</span> <span class='ocrx_word' id='word_1_2' title='bbox 917 170 1095 193; x_wconf 62' lang='lat' dir='ltr'>nummatum</span> <span class='ocrx_word' id='word_1_3' title='bbox 1121 169 1272 193; x_wconf 66' lang='lat' dir='ltr'>nonnum!</span> 
     </span>
    </p>
   </div>
   <div class='ocr_carea' id='block_1_2' title="bbox 329 220 1880 2595">
    <p class='ocr_par' dir='ltr' id='par_1_2' title="bbox 420 220 1873 422">
     <span class='ocr_line' id='line_1_2' title="bbox 421 220 1872 265; baseline 0.002 -11"><span class='ocrx_word' id='word_1_4' title='bbox 421 221 515 255; x_wconf 88' lang='lat' dir='ltr'>dreae</span> <span class='ocrx_word' id='word_1_5' title='bbox 547 227 725 265; x_wconf 84' lang='lat' dir='ltr'>separatos,</span> <span class='ocrx_word' id='word_1_6' title='bbox 758 231 775 253; x_wconf 88' lang='lat' dir='ltr'>a</span> <span class='ocrx_word' id='word_1_7' title='bbox 805 231 838 253; x_wconf 92' lang='lat' dir='ltr'>se</span> <span class='ocrx_word' id='word_1_8' title='bbox 868 221 936 264; x_wconf 84' lang='lat' dir='ltr'>ipso</span> <span class='ocrx_word' id='word_1_9' title='bbox 969 220 1074 253; x_wconf 90' lang='lat' dir='ltr'>unitos</span> <span class='ocrx_word' id='word_1_10' title='bbox 1105 220 1217 260; x_wconf 77' lang='lat' dir='ltr'>fuisse,</span> <span class='ocrx_word' id='word_1_11' title='bbox 1251 221 1367 262; x_wconf 79' lang='lat' dir='ltr'><strong>refert,</strong></span> <span class='ocrx_word' id='word_1_12' title='bbox 1404 221 1590 255; x_wconf 79' lang='lat' dir='ltr'>Benedictus</span> <span class='ocrx_word' id='word_1_13' title='bbox 1624 223 1715 263; x_wconf 85' lang='lat' dir='ltr'>XIII,</span> <span class='ocrx_word' id='word_1_14' title='bbox 1743 223 1808 256; x_wconf 78' lang='lat'>608</span> <span class='ocrx_word' id='word_1_15' title='bbox 1838 224 1872 263; x_wconf 80' lang='lat' dir='ltr'>b;</span> 
     </span>
     <span class='ocr_line' id='line_1_3' title="bbox 420 273 1873 319; baseline 0.003 -13"><span class='ocrx_word' id='word_1_16' title='bbox 420 274 537 307; x_wconf 88' lang='lat' dir='ltr'>eisdem</span> <span class='ocrx_word' id='word_1_17' title='bbox 555 274 744 317; x_wconf 88' lang='lat' dir='ltr'>apostolicas</span> <span class='ocrx_word' id='word_1_18' title='bbox 760 273 881 306; x_wconf 88' lang='lat' dir='ltr'>litteras</span> <span class='ocrx_word' id='word_1_19' title='bbox 898 283 956 316; x_wconf 92' lang='lat' dir='ltr'>pro</span> <span class='ocrx_word' id='word_1_20' title='bbox 969 273 1050 306; x_wconf 79' lang='lat' dir='ltr'>dicta</span> <span class='ocrx_word' id='word_1_21' title='bbox 1067 273 1263 316; x_wconf 77' lang='lat' dir='ltr'>separatione</span> <span class='ocrx_word' id='word_1_22' title='bbox 1277 278 1487 307; x_wconf 76' lang='lat' dir='ltr'>conventuum</span> <span class='ocrx_word' id='word_1_23' title='bbox 1512 280 1542 307; x_wconf 92' lang='lat' dir='ltr'>et</span> <span class='ocrx_word' id='word_1_24' title='bbox 1565 276 1739 319; x_wconf 83' lang='lat' dir='ltr'>respective</span> <span class='ocrx_word' id='word_1_25' title='bbox 1757 277 1873 309; x_wconf 81' lang='lat' dir='ltr'>unione</span> 
     </span>
     <span class='ocr_line' id='line_1_4' title="bbox 420 325 1869 373; baseline 0.002 -14"><span class='ocrx_word' id='word_1_26' title='bbox 420 327 495 360; x_wconf 91' lang='lat' dir='ltr'>olim</span> <span class='ocrx_word' id='word_1_27' title='bbox 521 337 539 359; x_wconf 87' lang='lat' dir='ltr'>a</span> <span class='ocrx_word' id='word_1_28' title='bbox 562 337 594 359; x_wconf 90' lang='lat' dir='ltr'>se</span> <span class='ocrx_word' id='word_1_29' title='bbox 618 326 717 358; x_wconf 88' lang='lat' dir='ltr'>editas</span> <span class='ocrx_word' id='word_1_30' title='bbox 743 326 925 366; x_wconf 85' lang='lat' dir='ltr'>confirmat,</span> <span class='ocrx_word' id='word_1_31' title='bbox 946 325 1010 358; x_wconf 82' lang='lat'>609</span> <span class='ocrx_word' id='word_1_32' title='bbox 1032 337 1069 365; x_wconf 87' lang='grc' dir='ltr'>α;</span> <span class='ocrx_word' id='word_1_33' title='bbox 1095 327 1254 369; x_wconf 75' lang='lat' dir='ltr'>praefatae</span> <span class='ocrx_word' id='word_1_34' title='bbox 1280 326 1461 369; x_wconf 87' lang='lat' dir='ltr'>provinciae</span> <span class='ocrx_word' id='word_1_35' title='bbox 1478 327 1683 361; x_wconf 74' lang='lat' dir='ltr'>residentiam</span> <span class='ocrx_word' id='word_1_36' title='bbox 1699 329 1869 373; x_wconf 87' lang='lat' dir='ltr'>quamdam</span> 
     </span>
     <span class='ocr_line' id='line_1_5' title="bbox 422 378 1562 422; baseline 0.001 -11"><span class='ocrx_word' id='word_1_37' title='bbox 422 390 458 411; x_wconf 84' lang='lat' dir='ltr'>ae</span> <span class='ocrx_word' id='word_1_38' title='bbox 483 378 634 411; x_wconf 87' lang='lat' dir='ltr'>nonnulla</span> <span class='ocrx_word' id='word_1_39' title='bbox 660 378 842 411; x_wconf 81' lang='lat' dir='ltr'>monialium</span> <span class='ocrx_word' id='word_1_40' title='bbox 871 379 1059 410; x_wconf 82' lang='lat' dir='ltr'>monasteria</span> <span class='ocrx_word' id='word_1_41' title='bbox 1085 378 1214 422; x_wconf 88' lang='lat' dir='ltr'>insuper</span> <span class='ocrx_word' id='word_1_42' title='bbox 1238 379 1322 419; x_wconf 87' lang='lat' dir='ltr'>unit,</span> <span class='ocrx_word' id='word_1_43' title='bbox 1347 378 1412 412; x_wconf 77' lang='lat'>610</span> <span class='ocrx_word' id='word_1_44' title='bbox 1436 391 1457 412; x_wconf 85' lang='grc' dir='ltr'><em>α</em></span> <span class='ocrx_word' id='word_1_45' title='bbox 1482 385 1513 412; x_wconf 89' lang='lat' dir='ltr'>et</span> <span class='ocrx_word' id='word_1_46' title='bbox 1536 380 1562 412; x_wconf 76' lang='lat' dir='ltr'>b.</span> 
     </span>
    </p>

    <p class='ocr_par' dir='ltr' id='par_1_3' title="bbox 329 431 1875 953">
     <span class='ocr_line' id='line_1_6' title="bbox 329 431 1873 476; baseline 0.002 -12"><span class='ocrx_word' id='word_1_47' title='bbox 329 432 466 465; x_wconf 73' lang='lat' dir='ltr'>Minores</span> <span class='ocrx_word' id='word_1_48' title='bbox 490 431 528 464; x_wconf 93' lang='lat' dir='ltr'>de</span> <span class='ocrx_word' id='word_1_49' title='bbox 553 431 758 464; x_wconf 75' lang='lat' dir='ltr'>observantia</span> <span class='ocrx_word' id='word_1_50' title='bbox 783 431 964 464; x_wconf 83' lang='lat' dir='ltr'>Reformati.</span> <span class='ocrx_word' id='word_1_51' title='bbox 990 450 1032 456; x_wconf 94' lang='lat'><strong>—</strong></span> <span class='ocrx_word' id='word_1_52' title='bbox 1055 431 1229 464; x_wconf 83' lang='lat' dir='ltr'>Minoribus</span> <span class='ocrx_word' id='word_1_53' title='bbox 1253 432 1441 465; x_wconf 78' lang='lat' dir='ltr'>Reformatis</span> <span class='ocrx_word' id='word_1_54' title='bbox 1464 433 1645 476; x_wconf 84' lang='lat' dir='ltr'>provinciae</span> <span class='ocrx_word' id='word_1_55' title='bbox 1669 434 1825 467; x_wconf 83' lang='lat' dir='ltr'>Marianae</span> <span class='ocrx_word' id='word_1_56' title='bbox 1840 434 1873 467; x_wconf 91' lang='lat' dir='ltr'>in</span> 
     </span>
     <span class='ocr_line' id='line_1_7' title="bbox 418 484 1875 532; baseline 0.002 -15"><span class='ocrx_word' id='word_1_57' title='bbox 418 484 579 527; x_wconf 74' lang='lat' dir='ltr'>Ilungaria</span> <span class='ocrx_word' id='word_1_58' title='bbox 611 485 730 518; x_wconf 82' lang='lat' dir='ltr'>litteras</span> <span class='ocrx_word' id='word_1_59' title='bbox 755 484 907 527; x_wconf 86' lang='lat' dir='ltr'>quasdam</span> <span class='ocrx_word' id='word_1_60' title='bbox 931 489 1073 528; x_wconf 86' lang='lat' dir='ltr'>patentes</span> <span class='ocrx_word' id='word_1_61' title='bbox 1100 485 1241 527; x_wconf 70' lang='lat' dir='ltr'>magistri</span> <span class='ocrx_word' id='word_1_62' title='bbox 1267 485 1423 527; x_wconf 80' lang='lat' dir='ltr'>generalis</span> <span class='ocrx_word' id='word_1_63' title='bbox 1447 486 1574 520; x_wconf 88' lang='lat' dir='ltr'>Ordinis</span> <span class='ocrx_word' id='word_1_64' title='bbox 1597 487 1752 520; x_wconf 85' lang='lat' dir='ltr'>Minorum</span> <span class='ocrx_word' id='word_1_65' title='bbox 1777 498 1875 532; x_wconf 88' lang='lat' dir='ltr'>super</span> 
     </span>
     <span class='ocr_line' id='line_1_8' title="bbox 419 537 1870 584; baseline 0.003 -14"><span class='ocrx_word' id='word_1_66' title='bbox 419 537 614 570; x_wconf 88' lang='lat' dir='ltr'>institutione</span> <span class='ocrx_word' id='word_1_67' title='bbox 629 537 833 570; x_wconf 82' lang='lat' dir='ltr'>alternativae</span> <span class='ocrx_word' id='word_1_68' title='bbox 849 537 1013 580; x_wconf 87' lang='lat' dir='ltr'>triparitae</span> <span class='ocrx_word' id='word_1_69' title='bbox 1039 537 1069 569; x_wconf 90' lang='lat' dir='ltr'>in</span> <span class='ocrx_word' id='word_1_70' title='bbox 1095 537 1178 570; x_wconf 81' lang='lat' dir='ltr'>dicta</span> <span class='ocrx_word' id='word_1_71' title='bbox 1203 539 1366 581; x_wconf 77' lang='lat' dir='ltr'>provincia</span> <span class='ocrx_word' id='word_1_72' title='bbox 1392 539 1578 580; x_wconf 85' lang='lat' dir='ltr'>confirmat,</span> <span class='ocrx_word' id='word_1_73' title='bbox 1604 539 1667 573; x_wconf 83' lang='lat'>517</span> <span class='ocrx_word' id='word_1_74' title='bbox 1693 551 1713 573; x_wconf 88' lang='lat' dir='ltr'>a</span> <span class='ocrx_word' id='word_1_75' title='bbox 1736 546 1767 573; x_wconf 89' lang='lat' dir='ltr'>et</span> <span class='ocrx_word' id='word_1_76' title='bbox 1789 552 1870 584; x_wconf 83' lang='lat' dir='ltr'>seq.;</span> 
     </span>
     <span class='ocr_line' id='line_1_9' title="bbox 418 590 1874 636; baseline 0.002 -13"><span class='ocrx_word' id='word_1_77' title='bbox 418 591 600 634; x_wconf 85' lang='lat' dir='ltr'>provinciae</span> <span class='ocrx_word' id='word_1_78' title='bbox 633 590 833 623; x_wconf 77' lang='lat' dir='ltr'>Reformatae</span> <span class='ocrx_word' id='word_1_79' title='bbox 858 590 945 622; x_wconf 83' lang='lat' dir='ltr'>vallis</span> <span class='ocrx_word' id='word_1_80' title='bbox 977 590 1016 622; x_wconf 88' lang='lat' dir='ltr'>de</span> <span class='ocrx_word' id='word_1_81' title='bbox 1048 590 1187 622; x_wconf 83' lang='lat' dir='ltr'>Mazzara</span> <span class='ocrx_word' id='word_1_82' title='bbox 1217 592 1370 634; x_wconf 85' lang='lat' dir='ltr'>permittit</span> <span class='ocrx_word' id='word_1_83' title='bbox 1403 598 1436 624; x_wconf 90' lang='lat' dir='ltr'>ut</span> <span class='ocrx_word' id='word_1_84' title='bbox 1468 593 1614 636; x_wconf 85' lang='lat' dir='ltr'>accipere</span> <span class='ocrx_word' id='word_1_85' title='bbox 1644 593 1766 636; x_wconf 85' lang='lat' dir='ltr'>possint</span> <span class='ocrx_word' id='word_1_86' title='bbox 1796 594 1874 627; x_wconf 88' lang='lat' dir='ltr'>elee-</span> 
     </span>
     <span class='ocr_line' id='line_1_10' title="bbox 417 643 1871 688; baseline 0.002 -12"><span class='ocrx_word' id='word_1_87' title='bbox 417 654 564 687; x_wconf 74' lang='lat' dir='ltr'>mosynas</span> <span class='ocrx_word' id='word_1_88' title='bbox 597 644 795 686; x_wconf 82' lang='lat' dir='ltr'>pecuniarias</span> <span class='ocrx_word' id='word_1_89' title='bbox 823 654 886 686; x_wconf 80' lang='lat' dir='ltr'>pro</span> <span class='ocrx_word' id='word_1_90' title='bbox 919 643 1038 685; x_wconf 85' lang='lat' dir='ltr'>missis,</span> <span class='ocrx_word' id='word_1_91' title='bbox 1065 643 1122 676; x_wconf 82' lang='grc'>611</span> <span class='ocrx_word' id='word_1_92' title='bbox 1161 655 1182 677; x_wconf 89' lang='lat' dir='ltr'>a</span> <span class='ocrx_word' id='word_1_93' title='bbox 1216 649 1246 677; x_wconf 88' lang='lat' dir='ltr'>et</span> <span class='ocrx_word' id='word_1_94' title='bbox 1277 645 1308 683; x_wconf 82' lang='lat' dir='ltr'>b;</span> <span class='ocrx_word' id='word_1_95' title='bbox 1337 655 1395 688; x_wconf 89' lang='lat' dir='ltr'>pro</span> <span class='ocrx_word' id='word_1_96' title='bbox 1427 645 1582 678; x_wconf 82' lang='lat' dir='ltr'>Minorum</span> <span class='ocrx_word' id='word_1_97' title='bbox 1617 646 1871 679; x_wconf 76' lang='lat' dir='ltr'>Reformatorum</span> 
     </span>
     <span class='ocr_line' id='line_1_11' title="bbox 418 696 1873 740; baseline 0.003 -12"><span class='ocrx_word' id='word_1_98' title='bbox 418 697 537 729; x_wconf 83' lang='lat' dir='ltr'>salubri</span> <span class='ocrx_word' id='word_1_99' title='bbox 561 697 726 739; x_wconf 80' lang='lat' dir='ltr'>regimine,</span> <span class='ocrx_word' id='word_1_100' title='bbox 751 696 895 729; x_wconf 84' lang='lat' dir='ltr'>ordinem</span> <span class='ocrx_word' id='word_1_101' title='bbox 921 696 1162 740; x_wconf 81' lang='lat' dir='ltr'>praecedentiae</span> <span class='ocrx_word' id='word_1_102' title='bbox 1187 707 1203 729; x_wconf 91' lang='lat' dir='ltr'>a</span> <span class='ocrx_word' id='word_1_103' title='bbox 1229 698 1430 739; x_wconf 78' lang='lat' dir='ltr'>generalibus</span> <span class='ocrx_word' id='word_1_104' title='bbox 1446 697 1573 731; x_wconf 83' lang='lat' dir='ltr'>Ordinis</span> <span class='ocrx_word' id='word_1_105' title='bbox 1597 699 1873 733; x_wconf 82' lang='lat' dir='ltr'>constitutionibus</span> 
     </span>
     <span class='ocr_line' id='line_1_12' title="bbox 417 749 1870 794; baseline 0.003 -13"><span class='ocrx_word' id='word_1_106' title='bbox 417 750 670 792; x_wconf 88' lang='lat' dir='ltr'>praescriptum,</span> <span class='ocrx_word' id='word_1_107' title='bbox 702 754 733 782; x_wconf 88' lang='lat' dir='ltr'>et</span> <span class='ocrx_word' id='word_1_108' title='bbox 756 749 794 781; x_wconf 86' lang='lat' dir='ltr'>ab</span> <span class='ocrx_word' id='word_1_109' title='bbox 821 749 947 782; x_wconf 87' lang='lat' dir='ltr'>Urbano</span> <span class='ocrx_word' id='word_1_110' title='bbox 973 749 1037 782; x_wconf 89' lang='lat' dir='ltr'>Vlll</span> <span class='ocrx_word' id='word_1_111' title='bbox 1073 749 1284 793; x_wconf 84' lang='lat' dir='ltr'>approbatum</span> <span class='ocrx_word' id='word_1_112' title='bbox 1300 778 1307 791; x_wconf 86' lang='lat'>,</span> <span class='ocrx_word' id='word_1_113' title='bbox 1333 751 1533 794; x_wconf 81' lang='lat' dir='ltr'>postmodum</span> <span class='ocrx_word' id='word_1_114' title='bbox 1563 762 1638 784; x_wconf 89' lang='lat' dir='ltr'>vero</span> <span class='ocrx_word' id='word_1_115' title='bbox 1671 752 1710 784; x_wconf 86' lang='lat' dir='ltr'>ab</span> <span class='ocrx_word' id='word_1_116' title='bbox 1734 752 1870 785; x_wconf 86' lang='lat' dir='ltr'>Alexan-</span> 
     </span>
     <span class='ocr_line' id='line_1_13' title="bbox 418 802 1874 849; baseline 0.002 -14"><span class='ocrx_word' id='word_1_117' title='bbox 418 803 477 835; x_wconf 91' lang='lat' dir='ltr'>dro</span> <span class='ocrx_word' id='word_1_118' title='bbox 502 803 553 835; x_wconf 83' lang='lat' dir='ltr'>Vll</span> <span class='ocrx_word' id='word_1_119' title='bbox 576 803 773 835; x_wconf 88' lang='lat' dir='ltr'>moderatum</span> <span class='ocrx_word' id='word_1_120' title='bbox 798 803 893 835; x_wconf 83' lang='lat' dir='ltr'>fuisse</span> <span class='ocrx_word' id='word_1_121' title='bbox 918 803 1025 843; x_wconf 86' lang='lat' dir='ltr'>refert,</span> <span class='ocrx_word' id='word_1_122' title='bbox 1050 802 1113 834; x_wconf 77' lang='lat'>760</span> <span class='ocrx_word' id='word_1_123' title='bbox 1138 803 1154 834; x_wconf 85' lang='lat' dir='ltr'>b</span> <span class='ocrx_word' id='word_1_124' title='bbox 1179 808 1209 835; x_wconf 89' lang='lat' dir='ltr'>et</span> <span class='ocrx_word' id='word_1_125' title='bbox 1233 814 1318 847; x_wconf 77' lang='lat' dir='ltr'>scq.;</span> <span class='ocrx_word' id='word_1_126' title='bbox 1344 804 1421 836; x_wconf 88' lang='lat' dir='ltr'>ortis</span> <span class='ocrx_word' id='word_1_127' title='bbox 1445 804 1504 837; x_wconf 86' lang='lat' dir='ltr'>hac</span> <span class='ocrx_word' id='word_1_128' title='bbox 1528 804 1566 836; x_wconf 88' lang='lat' dir='ltr'>de</span> <span class='ocrx_word' id='word_1_129' title='bbox 1591 816 1625 837; x_wconf 88' lang='lat' dir='ltr'>re</span> <span class='ocrx_word' id='word_1_130' title='bbox 1650 805 1797 845; x_wconf 83' lang='lat' dir='ltr'>dissidiis,</span> <span class='ocrx_word' id='word_1_131' title='bbox 1815 816 1874 849; x_wconf 88' lang='lat' dir='ltr'>pro</span> 
     </span>
     <span class='ocr_line' id='line_1_14' title="bbox 418 856 1874 900; baseline 0.002 -12"><span class='ocrx_word' id='word_1_132' title='bbox 418 856 479 888; x_wconf 86' lang='lat' dir='ltr'>illis</span> <span class='ocrx_word' id='word_1_133' title='bbox 504 856 659 896; x_wconf 82' lang='lat' dir='ltr'>sedandis,</span> <span class='ocrx_word' id='word_1_134' title='bbox 678 862 711 888; x_wconf 91' lang='lat' dir='ltr'>ut</span> <span class='ocrx_word' id='word_1_135' title='bbox 731 861 893 888; x_wconf 75' lang='lat' dir='ltr'>servarent</span> <span class='ocrx_word' id='word_1_136' title='bbox 918 856 1157 890; x_wconf 81' lang='lat' dir='ltr'>constitutiones</span> <span class='ocrx_word' id='word_1_137' title='bbox 1182 857 1345 898; x_wconf 69' lang='lat' dir='ltr'>generales</span> <span class='ocrx_word' id='word_1_138' title='bbox 1370 857 1473 899; x_wconf 86' lang='lat' dir='ltr'>quoad</span> <span class='ocrx_word' id='word_1_139' title='bbox 1498 857 1750 900; x_wconf 84' lang='lat' dir='ltr'>praecedentiam</span> <span class='ocrx_word' id='word_1_140' title='bbox 1775 857 1874 892; x_wconf 87' lang='lat' dir='ltr'>editas</span> 
     </span>
     <span class='ocr_line' id='line_1_15' title="bbox 419 908 1434 953; baseline 0.001 -12"><span class='ocrx_word' id='word_1_141' title='bbox 419 915 449 942; x_wconf 91' lang='lat' dir='ltr'>et</span> <span class='ocrx_word' id='word_1_142' title='bbox 474 909 512 941; x_wconf 88' lang='lat' dir='ltr'>ab</span> <span class='ocrx_word' id='word_1_143' title='bbox 537 909 665 941; x_wconf 84' lang='lat' dir='ltr'>Urbano</span> <span class='ocrx_word' id='word_1_144' title='bbox 692 909 756 941; x_wconf 82' lang='lat' dir='ltr'>Vlll</span> <span class='ocrx_word' id='word_1_145' title='bbox 778 909 969 951; x_wconf 84' lang='lat' dir='ltr'>approbatas</span> <span class='ocrx_word' id='word_1_146' title='bbox 992 909 1164 952; x_wconf 80' lang='lat' dir='ltr'>praecipit,</span> <span class='ocrx_word' id='word_1_147' title='bbox 1190 908 1246 942; x_wconf 67' lang='lat'>761</span> <span class='ocrx_word' id='word_1_148' title='bbox 1279 910 1295 941; x_wconf 85' lang='lat' dir='ltr'>b</span> <span class='ocrx_word' id='word_1_149' title='bbox 1321 916 1350 941; x_wconf 86' lang='lat' dir='ltr'>et</span> <span class='ocrx_word' id='word_1_150' title='bbox 1373 921 1434 953; x_wconf 83' lang='lat' dir='ltr'>seq.</span> 
     </span>
    </p>

    <p class='ocr_par' dir='ltr' id='par_1_4' title="bbox 330 961 1874 1270">
     <span class='ocr_line' id='line_1_16' title="bbox 330 961 1873 1006; baseline 0.001 -11"><span class='ocrx_word' id='word_1_151' title='bbox 330 962 465 995; x_wconf 69' lang='lat' dir='ltr'>Minores</span> <span class='ocrx_word' id='word_1_152' title='bbox 489 962 584 995; x_wconf 81' lang='lat' dir='ltr'>Tertii</span> <span class='ocrx_word' id='word_1_153' title='bbox 610 962 744 994; x_wconf 88' lang='lat' dir='ltr'>Ordinis.</span> <span class='ocrx_word' id='word_1_154' title='bbox 769 981 813 985; x_wconf 91' lang='lat'><strong>—</strong></span> <span class='ocrx_word' id='word_1_155' title='bbox 837 961 879 993; x_wconf 91' lang='lat' dir='ltr'>De</span> <span class='ocrx_word' id='word_1_156' title='bbox 903 961 1021 994; x_wconf 84' lang='lat' dir='ltr'>eisdem</span> <span class='ocrx_word' id='word_1_157' title='bbox 1048 962 1310 1004; x_wconf 79' lang='lat' dir='ltr'>Congregationis</span> <span class='ocrx_word' id='word_1_158' title='bbox 1343 962 1460 995; x_wconf 87' lang='lat' dir='ltr'>Galliae</span> <span class='ocrx_word' id='word_1_159' title='bbox 1485 963 1667 1006; x_wconf 84' lang='lat' dir='ltr'>provinciae</span> <span class='ocrx_word' id='word_1_160' title='bbox 1692 963 1721 996; x_wconf 89' lang='lat' dir='ltr'>S.</span> <span class='ocrx_word' id='word_1_161' title='bbox 1747 963 1873 996; x_wconf 85' lang='lat' dir='ltr'>loannis</span> 
     </span>
     <span class='ocr_line' id='line_1_17' title="bbox 418 1014 1872 1058; baseline 0.001 -11"><span class='ocrx_word' id='word_1_162' title='bbox 418 1026 480 1047; x_wconf 87' lang='lat' dir='ltr'>non</span> <span class='ocrx_word' id='word_1_163' title='bbox 513 1015 703 1058; x_wconf 84' lang='lat' dir='ltr'>recipiendis</span> <span class='ocrx_word' id='word_1_164' title='bbox 734 1015 764 1046; x_wconf 91' lang='lat' dir='ltr'>in</span> <span class='ocrx_word' id='word_1_165' title='bbox 797 1015 875 1047; x_wconf 87' lang='lat' dir='ltr'>alios</span> <span class='ocrx_word' id='word_1_166' title='bbox 905 1014 1053 1054; x_wconf 86' lang='lat' dir='ltr'>Ordines,</span> <span class='ocrx_word' id='word_1_167' title='bbox 1082 1015 1336 1047; x_wconf 83' lang='lat' dir='ltr'>constitutionem</span> <span class='ocrx_word' id='word_1_168' title='bbox 1363 1015 1509 1057; x_wconf 82' lang='lat' dir='ltr'>Gregorii</span> <span class='ocrx_word' id='word_1_169' title='bbox 1534 1016 1583 1048; x_wconf 83' lang='lat' dir='ltr'>XV</span> <span class='ocrx_word' id='word_1_170' title='bbox 1611 1016 1812 1048; x_wconf 79' lang='lat' dir='ltr'>confirmavit</span> <span class='ocrx_word' id='word_1_171' title='bbox 1841 1021 1872 1049; x_wconf 87' lang='lat' dir='ltr'>et</span> 
     </span>
     <span class='ocr_line' id='line_1_18' title="bbox 418 1067 1874 1113; baseline 0.001 -12"><span class='ocrx_word' id='word_1_172' title='bbox 418 1069 557 1102; x_wconf 82' lang='lat' dir='ltr'>extendit</span> <span class='ocrx_word' id='word_1_173' title='bbox 575 1068 760 1101; x_wconf 80' lang='lat' dir='ltr'>Benedictus</span> <span class='ocrx_word' id='word_1_174' title='bbox 781 1068 865 1109; x_wconf 70' lang='lat' dir='ltr'>xlii,</span> <span class='ocrx_word' id='word_1_175' title='bbox 885 1067 948 1100; x_wconf 68' lang='lat'>156</span> <span class='ocrx_word' id='word_1_176' title='bbox 974 1068 991 1100; x_wconf 87' lang='lat' dir='ltr'>b</span> <span class='ocrx_word' id='word_1_177' title='bbox 1016 1074 1045 1099; x_wconf 90' lang='lat' dir='ltr'>et</span> <span class='ocrx_word' id='word_1_178' title='bbox 1068 1079 1140 1111; x_wconf 79' lang='lat' dir='ltr'>seq.;</span> <span class='ocrx_word' id='word_1_179' title='bbox 1160 1068 1276 1100; x_wconf 89' lang='lat' dir='ltr'>eisdem</span> <span class='ocrx_word' id='word_1_180' title='bbox 1303 1068 1341 1100; x_wconf 89' lang='lat' dir='ltr'>de</span> <span class='ocrx_word' id='word_1_181' title='bbox 1360 1068 1554 1101; x_wconf 75' lang='lat' dir='ltr'>Poenitentia</span> <span class='ocrx_word' id='word_1_182' title='bbox 1571 1069 1760 1113; x_wconf 87' lang='lat' dir='ltr'>nuncupatis</span> <span class='ocrx_word' id='word_1_183' title='bbox 1777 1069 1808 1102; x_wconf 90' lang='lat' dir='ltr'>in</span> <span class='ocrx_word' id='word_1_184' title='bbox 1827 1079 1874 1102; x_wconf 84' lang='lat' dir='ltr'>re-</span> 
     </span>
     <span class='ocr_line' id='line_1_19' title="bbox 417 1120 1873 1165; baseline -0.001 -10"><span class='ocrx_word' id='word_1_185' title='bbox 417 1133 479 1164; x_wconf 86' lang='lat' dir='ltr'>gno</span> <span class='ocrx_word' id='word_1_186' title='bbox 504 1122 677 1155; x_wconf 80' lang='lat' dir='ltr'>Galliarum</span> <span class='ocrx_word' id='word_1_187' title='bbox 702 1121 865 1153; x_wconf 84' lang='lat' dir='ltr'>decretum</span> <span class='ocrx_word' id='word_1_188' title='bbox 890 1120 1049 1164; x_wconf 78' lang='lat' dir='ltr'>quoddam</span> <span class='ocrx_word' id='word_1_189' title='bbox 1077 1121 1218 1162; x_wconf 72' lang='lat' dir='ltr'>magistri</span> <span class='ocrx_word' id='word_1_190' title='bbox 1236 1122 1393 1162; x_wconf 73' lang='lat' dir='ltr'>generalis</span> <span class='ocrx_word' id='word_1_191' title='bbox 1411 1121 1507 1153; x_wconf 85' lang='lat' dir='ltr'>totius</span> <span class='ocrx_word' id='word_1_192' title='bbox 1524 1121 1649 1154; x_wconf 88' lang='lat' dir='ltr'>Ordinis</span> <span class='ocrx_word' id='word_1_193' title='bbox 1669 1132 1764 1165; x_wconf 86' lang='lat' dir='ltr'>super</span> <span class='ocrx_word' id='word_1_194' title='bbox 1783 1132 1873 1155; x_wconf 86' lang='lat' dir='ltr'>exer-</span> 
     </span>
     <span class='ocr_line' id='line_1_20' title="bbox 419 1173 1873 1216; baseline -0.001 -9"><span class='ocrx_word' id='word_1_195' title='bbox 419 1175 493 1208; x_wconf 77' lang='lat' dir='ltr'>citio</span> <span class='ocrx_word' id='word_1_196' title='bbox 511 1180 620 1207; x_wconf 86' lang='lat' dir='ltr'>cantus</span> <span class='ocrx_word' id='word_1_197' title='bbox 649 1174 835 1216; x_wconf 76' lang='lat' dir='ltr'>Gregoriani</span> <span class='ocrx_word' id='word_1_198' title='bbox 862 1174 892 1205; x_wconf 89' lang='lat' dir='ltr'>in</span> <span class='ocrx_word' id='word_1_199' title='bbox 917 1173 1102 1206; x_wconf 87' lang='lat' dir='ltr'>eorumdem</span> <span class='ocrx_word' id='word_1_200' title='bbox 1128 1173 1301 1216; x_wconf 79' lang='lat' dir='ltr'>provinciis</span> <span class='ocrx_word' id='word_1_201' title='bbox 1326 1173 1444 1216; x_wconf 85' lang='lat' dir='ltr'>pariter</span> <span class='ocrx_word' id='word_1_202' title='bbox 1472 1174 1687 1214; x_wconf 82' lang='lat' dir='ltr'>confirmavit,</span> <span class='ocrx_word' id='word_1_203' title='bbox 1713 1173 1778 1207; x_wconf 66' lang='lat'>572</span> <span class='ocrx_word' id='word_1_204' title='bbox 1802 1174 1819 1205; x_wconf 83' lang='lat' dir='ltr'>b</span> <span class='ocrx_word' id='word_1_205' title='bbox 1843 1179 1873 1207; x_wconf 87' lang='lat' dir='ltr'>et</span> 
     </span>
     <span class='ocr_line' id='line_1_21' title="bbox 418 1226 1010 1270; baseline -0.003 -10"><span class='ocrx_word' id='word_1_206' title='bbox 418 1238 493 1270; x_wconf 55' lang='lat' dir='ltr'>seq,</span> <span class='ocrx_word' id='word_1_207' title='bbox 520 1228 591 1260; x_wconf 73' lang='lat' dir='ltr'>ride</span> <span class='ocrx_word' id='word_1_208' title='bbox 614 1227 759 1259; x_wconf 86' lang='lat' dir='ltr'>Tertiarii</span> <span class='ocrx_word' id='word_1_209' title='bbox 784 1227 813 1259; x_wconf 92' lang='lat' dir='ltr'>S.</span> <span class='ocrx_word' id='word_1_210' title='bbox 840 1226 1010 1259; x_wconf 84' lang='lat' dir='ltr'>Francisci.</span> 
     </span>
    </p>

    <p class='ocr_par' dir='ltr' id='par_1_5' title="bbox 333 1278 1308 1320">
     <span class='ocr_line' id='line_1_22' title="bbox 333 1278 1308 1320; baseline -0.003 -7"><span class='ocrx_word' id='word_1_211' title='bbox 333 1280 540 1320; x_wconf 77' lang='lat' dir='ltr'>Missionarii‚</span> <span class='ocrx_word' id='word_1_212' title='bbox 565 1280 636 1313; x_wconf 73' lang='lat' dir='ltr'>vide</span> <span class='ocrx_word' id='word_1_213' title='bbox 659 1280 795 1312; x_wconf 87' lang='lat' dir='ltr'>Minores</span> <span class='ocrx_word' id='word_1_214' title='bbox 820 1279 858 1312; x_wconf 89' lang='lat' dir='ltr'>de</span> <span class='ocrx_word' id='word_1_215' title='bbox 883 1279 1089 1311; x_wconf 77' lang='lat' dir='ltr'>Observantia</span> <span class='ocrx_word' id='word_1_216' title='bbox 1114 1278 1308 1311; x_wconf 83' lang='lat' dir='ltr'>Discalceati.</span> 
     </span>
    </p>

    <p class='ocr_par' dir='ltr' id='par_1_6' title="bbox 334 1332 1724 1376">
     <span class='ocr_line' id='line_1_23' title="bbox 334 1332 1724 1376; baseline -0.001 -10"><span class='ocrx_word' id='word_1_217' title='bbox 334 1334 491 1366; x_wconf 73' lang='lat' dir='ltr'>Missionis</span> <span class='ocrx_word' id='word_1_218' title='bbox 516 1333 745 1375; x_wconf 76' lang='lat' dir='ltr'>Congregatio,</span> <span class='ocrx_word' id='word_1_219' title='bbox 770 1333 842 1365; x_wconf 77' lang='lat' dir='ltr'>vide</span> <span class='ocrx_word' id='word_1_220' title='bbox 868 1332 1044 1376; x_wconf 71' lang='lat' dir='ltr'>Presbyteri</span> <span class='ocrx_word' id='word_1_221' title='bbox 1070 1332 1246 1364; x_wconf 82' lang='lat' dir='ltr'>saeculares</span> <span class='ocrx_word' id='word_1_222' title='bbox 1272 1332 1535 1374; x_wconf 70' lang='lat' dir='ltr'>Congrcgationis</span> <span class='ocrx_word' id='word_1_223' title='bbox 1559 1332 1724 1365; x_wconf 72' lang='lat' dir='ltr'>lllissionis.</span> 
     </span>
    </p>

    <p class='ocr_par' dir='ltr' id='par_1_7' title="bbox 332 1385 1878 1907">
     <span class='ocr_line' id='line_1_24' title="bbox 332 1385 1875 1429; baseline -0.001 -10"><span class='ocrx_word' id='word_1_224' title='bbox 332 1387 474 1419; x_wconf 83' lang='lat' dir='ltr'>Monaclii</span> <span class='ocrx_word' id='word_1_225' title='bbox 500 1386 624 1420; x_wconf 87' lang='lat' dir='ltr'>Ordinis</span> <span class='ocrx_word' id='word_1_226' title='bbox 649 1386 889 1420; x_wconf 81' lang='lat' dir='ltr'>Cartbusiensis.</span> <span class='ocrx_word' id='word_1_227' title='bbox 912 1405 956 1408; x_wconf 92' lang='lat'>—</span> <span class='ocrx_word' id='word_1_228' title='bbox 980 1386 1024 1417; x_wconf 74' lang='lat' dir='ltr'>Ne</span> <span class='ocrx_word' id='word_1_229' title='bbox 1049 1385 1119 1428; x_wconf 91' lang='lat' dir='ltr'>quis</span> <span class='ocrx_word' id='word_1_230' title='bbox 1146 1385 1321 1418; x_wconf 84' lang='lat' dir='ltr'>monachus</span> <span class='ocrx_word' id='word_1_231' title='bbox 1345 1385 1471 1418; x_wconf 85' lang='lat' dir='ltr'>Ordinis</span> <span class='ocrx_word' id='word_1_232' title='bbox 1488 1385 1718 1418; x_wconf 86' lang='lat' dir='ltr'>Cartbusiensis</span> <span class='ocrx_word' id='word_1_233' title='bbox 1742 1385 1875 1429; x_wconf 85' lang='lat' dir='ltr'>quodvis</span> 
     </span>
     <span class='ocr_line' id='line_1_25' title="bbox 420 1438 1874 1482; baseline -0.001 -10"><span class='ocrx_word' id='word_1_234' title='bbox 420 1440 559 1472; x_wconf 82' lang='lat' dir='ltr'>osticium</span> <span class='ocrx_word' id='word_1_235' title='bbox 585 1450 640 1472; x_wconf 91' lang='lat' dir='ltr'>seu</span> <span class='ocrx_word' id='word_1_236' title='bbox 664 1439 798 1482; x_wconf 80' lang='lat' dir='ltr'>gratiam</span> <span class='ocrx_word' id='word_1_237' title='bbox 833 1439 953 1481; x_wconf 79' lang='lat' dir='ltr'>absque</span> <span class='ocrx_word' id='word_1_238' title='bbox 984 1438 1188 1481; x_wconf 86' lang='lat' dir='ltr'>superiorum</span> <span class='ocrx_word' id='word_1_239' title='bbox 1222 1448 1378 1470; x_wconf 82' lang='lat' dir='ltr'>consensu</span> <span class='ocrx_word' id='word_1_240' title='bbox 1403 1449 1420 1470; x_wconf 84' lang='lat' dir='ltr'>a</span> <span class='ocrx_word' id='word_1_241' title='bbox 1445 1438 1524 1471; x_wconf 86' lang='lat' dir='ltr'>Sede</span> <span class='ocrx_word' id='word_1_242' title='bbox 1555 1439 1738 1481; x_wconf 75' lang='lat' dir='ltr'>Apostolica</span> <span class='ocrx_word' id='word_1_243' title='bbox 1774 1438 1874 1482; x_wconf 78' lang='lat' dir='ltr'>impe-</span> 
     </span>
     <span class='ocr_line' id='line_1_26' title="bbox 421 1490 1874 1536; baseline -0.001 -11"><span class='ocrx_word' id='word_1_244' title='bbox 421 1499 504 1526; x_wconf 89' lang='lat' dir='ltr'>trare</span> <span class='ocrx_word' id='word_1_245' title='bbox 528 1493 644 1536; x_wconf 85' lang='lat' dir='ltr'>possit,</span> <span class='ocrx_word' id='word_1_246' title='bbox 670 1492 836 1531; x_wconf 85' lang='lat' dir='ltr'>statuitur,</span> <span class='ocrx_word' id='word_1_247' title='bbox 863 1491 928 1524; x_wconf 65' lang='lat'>0248</span> <span class='ocrx_word' id='word_1_248' title='bbox 953 1503 973 1524; x_wconf 83' lang='grc' dir='ltr'><em>α</em></span> <span class='ocrx_word' id='word_1_249' title='bbox 997 1497 1026 1523; x_wconf 81' lang='lat' dir='ltr'>et</span> <span class='ocrx_word' id='word_1_250' title='bbox 1051 1492 1082 1531; x_wconf 80' lang='lat' dir='ltr'>b;</span> <span class='ocrx_word' id='word_1_251' title='bbox 1112 1491 1341 1524; x_wconf 81' lang='lat' dir='ltr'>monachorum</span> <span class='ocrx_word' id='word_1_252' title='bbox 1367 1491 1491 1523; x_wconf 85' lang='lat' dir='ltr'>Ordinis</span> <span class='ocrx_word' id='word_1_253' title='bbox 1516 1490 1749 1524; x_wconf 87' lang='lat' dir='ltr'>Cartbusiensis</span> <span class='ocrx_word' id='word_1_254' title='bbox 1773 1491 1874 1535; x_wconf 88' lang='lat' dir='ltr'>priori</span> 
     </span>
     <span class='ocr_line' id='line_1_27' title="bbox 420 1544 1875 1588; baseline 0 -10"><span class='ocrx_word' id='word_1_255' title='bbox 420 1546 559 1588; x_wconf 82' lang='lat' dir='ltr'>generali</span> <span class='ocrx_word' id='word_1_256' title='bbox 586 1545 762 1577; x_wconf 76' lang='lat' dir='ltr'>carthusiae</span> <span class='ocrx_word' id='word_1_257' title='bbox 788 1545 917 1577; x_wconf 89' lang='lat' dir='ltr'>maioris</span> <span class='ocrx_word' id='word_1_258' title='bbox 950 1545 1105 1577; x_wconf 88' lang='lat' dir='ltr'>indultum</span> <span class='ocrx_word' id='word_1_259' title='bbox 1132 1545 1315 1587; x_wconf 70' lang='lat' dir='ltr'>egrediendi</span> <span class='ocrx_word' id='word_1_260' title='bbox 1341 1554 1377 1576; x_wconf 82' lang='lat' dir='ltr'>ex</span> <span class='ocrx_word' id='word_1_261' title='bbox 1410 1544 1520 1577; x_wconf 78' lang='lat' dir='ltr'>eadem</span> <span class='ocrx_word' id='word_1_262' title='bbox 1556 1545 1714 1577; x_wconf 79' lang='lat' dir='ltr'>carthusia</span> <span class='ocrx_word' id='word_1_263' title='bbox 1747 1551 1777 1578; x_wconf 89' lang='lat' dir='ltr'>et</span> <span class='ocrx_word' id='word_1_264' title='bbox 1808 1555 1875 1578; x_wconf 85' lang='lat' dir='ltr'>rno-</span> 
     </span>
     <span class='ocr_line' id='line_1_28' title="bbox 421 1597 1877 1641; baseline 0 -10"><span class='ocrx_word' id='word_1_265' title='bbox 421 1599 556 1631; x_wconf 85' lang='lat' dir='ltr'>nasteria</span> <span class='ocrx_word' id='word_1_266' title='bbox 575 1604 635 1630; x_wconf 87' lang='lat' dir='ltr'>tam</span> <span class='ocrx_word' id='word_1_267' title='bbox 655 1598 883 1631; x_wconf 85' lang='lat' dir='ltr'>monachorum</span> <span class='ocrx_word' id='word_1_268' title='bbox 909 1609 1002 1641; x_wconf 81' lang='lat' dir='ltr'>quam</span> <span class='ocrx_word' id='word_1_269' title='bbox 1029 1598 1214 1631; x_wconf 87' lang='lat' dir='ltr'>monialium</span> <span class='ocrx_word' id='word_1_270' title='bbox 1240 1598 1270 1630; x_wconf 90' lang='lat' dir='ltr'>in</span> <span class='ocrx_word' id='word_1_271' title='bbox 1296 1597 1468 1641; x_wconf 85' lang='lat' dir='ltr'>provinciis</span> <span class='ocrx_word' id='word_1_272' title='bbox 1492 1598 1609 1631; x_wconf 85' lang='lat' dir='ltr'>Galliae</span> <span class='ocrx_word' id='word_1_273' title='bbox 1633 1598 1778 1630; x_wconf 84' lang='lat' dir='ltr'>visitandi</span> <span class='ocrx_word' id='word_1_274' title='bbox 1802 1608 1877 1631; x_wconf 87' lang='lat' dir='ltr'>con-</span> 
     </span>
     <span class='ocr_line' id='line_1_29' title="bbox 418 1650 1877 1695; baseline 0 -11"><span class='ocrx_word' id='word_1_275' title='bbox 418 1652 555 1691; x_wconf 84' lang='lat' dir='ltr'>ceditur,</span> <span class='ocrx_word' id='word_1_276' title='bbox 572 1650 636 1684; x_wconf 69' lang='lat'>0268</span> <span class='ocrx_word' id='word_1_277' title='bbox 657 1651 691 1690; x_wconf 75' lang='lat' dir='ltr'>b;</span> <span class='ocrx_word' id='word_1_278' title='bbox 712 1651 897 1683; x_wconf 86' lang='lat' dir='ltr'>eorumdem</span> <span class='ocrx_word' id='word_1_279' title='bbox 915 1651 1044 1695; x_wconf 87' lang='lat' dir='ltr'>capituli</span> <span class='ocrx_word' id='word_1_280' title='bbox 1062 1651 1220 1693; x_wconf 77' lang='lat' dir='ltr'>generalis</span> <span class='ocrx_word' id='word_1_281' title='bbox 1241 1650 1472 1683; x_wconf 87' lang='lat' dir='ltr'>ordinationem</span> <span class='ocrx_word' id='word_1_282' title='bbox 1494 1650 1680 1694; x_wconf 85' lang='lat' dir='ltr'>quamdam,</span> <span class='ocrx_word' id='word_1_283' title='bbox 1704 1661 1744 1683; x_wconf 89' lang='lat' dir='ltr'>ne</span> <span class='ocrx_word' id='word_1_284' title='bbox 1770 1661 1877 1684; x_wconf 87' lang='lat' dir='ltr'>mona-</span> 
     </span>
     <span class='ocr_line' id='line_1_30' title="bbox 422 1703 1876 1748; baseline -0.001 -10"><span class='ocrx_word' id='word_1_285' title='bbox 422 1705 472 1738; x_wconf 85' lang='lat' dir='ltr'>clii</span> <span class='ocrx_word' id='word_1_286' title='bbox 499 1705 666 1737; x_wconf 82' lang='lat' dir='ltr'>missarum</span> <span class='ocrx_word' id='word_1_287' title='bbox 692 1705 908 1748; x_wconf 72' lang='lat' dir='ltr'>eleemosynas</span> <span class='ocrx_word' id='word_1_288' title='bbox 934 1705 964 1736; x_wconf 91' lang='lat' dir='ltr'>in</span> <span class='ocrx_word' id='word_1_289' title='bbox 989 1705 1128 1747; x_wconf 80' lang='lat' dir='ltr'>privatos</span> <span class='ocrx_word' id='word_1_290' title='bbox 1146 1715 1221 1736; x_wconf 83' lang='lat' dir='ltr'>usus</span> <span class='ocrx_word' id='word_1_291' title='bbox 1239 1709 1439 1744; x_wconf 88' lang='lat' dir='ltr'>convertant,</span> <span class='ocrx_word' id='word_1_292' title='bbox 1459 1704 1594 1736; x_wconf 80' lang='lat' dir='ltr'>refertur</span> <span class='ocrx_word' id='word_1_293' title='bbox 1611 1709 1641 1736; x_wconf 90' lang='lat' dir='ltr'>et</span> <span class='ocrx_word' id='word_1_294' title='bbox 1660 1703 1876 1745; x_wconf 87' lang='lat' dir='ltr'>confirmatur,</span> 
     </span>
     <span class='ocr_line' id='line_1_31' title="bbox 422 1756 1878 1801; baseline -0.001 -10"><span class='ocrx_word' id='word_1_295' title='bbox 422 1757 487 1791; x_wconf 72' lang='lat'>⁶255</span> <span class='ocrx_word' id='word_1_296' title='bbox 511 1769 531 1789; x_wconf 75' lang='grc' dir='ltr'>ιι</span> <span class='ocrx_word' id='word_1_297' title='bbox 556 1763 586 1789; x_wconf 87' lang='lat' dir='ltr'>et</span> <span class='ocrx_word' id='word_1_298' title='bbox 609 1769 690 1801; x_wconf 79' lang='lat' dir='ltr'>seq.;</span> <span class='ocrx_word' id='word_1_299' title='bbox 719 1758 794 1789; x_wconf 83' lang='lat' dir='ltr'>item</span> <span class='ocrx_word' id='word_1_300' title='bbox 819 1757 986 1800; x_wconf 81' lang='lat' dir='ltr'>privilegia</span> <span class='ocrx_word' id='word_1_301' title='bbox 1011 1756 1117 1789; x_wconf 87' lang='lat' dir='ltr'>omnia</span> <span class='ocrx_word' id='word_1_302' title='bbox 1154 1756 1229 1799; x_wconf 83' lang='lat' dir='ltr'>ipsis</span> <span class='ocrx_word' id='word_1_303' title='bbox 1254 1767 1403 1789; x_wconf 88' lang='lat' dir='ltr'>concessa</span> <span class='ocrx_word' id='word_1_304' title='bbox 1432 1757 1682 1796; x_wconf 83' lang='lat' dir='ltr'>confirmantur,</span> <span class='ocrx_word' id='word_1_305' title='bbox 1714 1756 1778 1790; x_wconf 86' lang='lat'>570</span> <span class='ocrx_word' id='word_1_306' title='bbox 1802 1767 1822 1789; x_wconf 84' lang='lat' dir='ltr'>a</span> <span class='ocrx_word' id='word_1_307' title='bbox 1847 1762 1878 1789; x_wconf 87' lang='lat' dir='ltr'>et</span> 
     </span>
     <span class='ocr_line' id='line_1_32' title="bbox 422 1809 1878 1854; baseline -0.001 -11"><span class='ocrx_word' id='word_1_308' title='bbox 422 1822 505 1854; x_wconf 79' lang='lat' dir='ltr'>seq.·,</span> <span class='ocrx_word' id='word_1_309' title='bbox 541 1811 704 1843; x_wconf 84' lang='lat' dir='ltr'>monacbis</span> <span class='ocrx_word' id='word_1_310' title='bbox 729 1816 758 1842; x_wconf 88' lang='lat' dir='ltr'>et</span> <span class='ocrx_word' id='word_1_311' title='bbox 788 1811 978 1843; x_wconf 82' lang='lat' dir='ltr'>monialibus</span> <span class='ocrx_word' id='word_1_312' title='bbox 1010 1810 1136 1843; x_wconf 89' lang='lat' dir='ltr'>Ordinis</span> <span class='ocrx_word' id='word_1_313' title='bbox 1167 1809 1449 1842; x_wconf 80' lang='lat' dir='ltr'>Cartliusianorum</span> <span class='ocrx_word' id='word_1_314' title='bbox 1482 1809 1678 1852; x_wconf 83' lang='lat' dir='ltr'>indulgentia</span> <span class='ocrx_word' id='word_1_315' title='bbox 1709 1809 1748 1841; x_wconf 90' lang='lat' dir='ltr'>ad</span> <span class='ocrx_word' id='word_1_316' title='bbox 1780 1809 1878 1842; x_wconf 83' lang='lat' dir='ltr'>instar</span> 
     </span>
     <span class='ocr_line' id='line_1_33' title="bbox 425 1861 1424 1907; baseline -0.002 -11"><span class='ocrx_word' id='word_1_317' title='bbox 425 1865 618 1896; x_wconf 80' lang='lat' dir='ltr'>visitantium</span> <span class='ocrx_word' id='word_1_318' title='bbox 644 1869 764 1907; x_wconf 77' lang='lat' dir='ltr'>septem</span> <span class='ocrx_word' id='word_1_319' title='bbox 791 1864 942 1896; x_wconf 70' lang='lat' dir='ltr'>eeclesias</span> <span class='ocrx_word' id='word_1_320' title='bbox 968 1863 1059 1896; x_wconf 84' lang='lat' dir='ltr'>Urbis</span> <span class='ocrx_word' id='word_1_321' title='bbox 1085 1862 1280 1901; x_wconf 86' lang='lat' dir='ltr'>conceditur,</span> <span class='ocrx_word' id='word_1_322' title='bbox 1305 1861 1369 1894; x_wconf 66' lang='lat'>632</span> <span class='ocrx_word' id='word_1_323' title='bbox 1395 1873 1424 1894; x_wconf 81' lang='grc' dir='ltr'>α.</span> 
     </span>
    </p>

    <p class='ocr_par' dir='ltr' id='par_1_8' title="bbox 334 1914 1880 2539">
     <span class='ocr_line' id='line_1_34' title="bbox 334 1914 1877 1957; baseline -0.003 -7"><span class='ocrx_word' id='word_1_324' title='bbox 334 1918 476 1951; x_wconf 80' lang='lat' dir='ltr'>Monacbi</span> <span class='ocrx_word' id='word_1_325' title='bbox 502 1917 625 1950; x_wconf 82' lang='lat' dir='ltr'>Ordinis</span> <span class='ocrx_word' id='word_1_326' title='bbox 646 1917 873 1950; x_wconf 61' lang='lat' dir='ltr'>(lister-ciensis.</span> <span class='ocrx_word' id='word_1_327' title='bbox 891 1935 934 1940; x_wconf 94' lang='lat'>—</span> <span class='ocrx_word' id='word_1_328' title='bbox 951 1915 1143 1948; x_wconf 83' lang='lat' dir='ltr'>Eorumdem</span> <span class='ocrx_word' id='word_1_329' title='bbox 1165 1915 1313 1947; x_wconf 80' lang='lat' dir='ltr'>ecclesias</span> <span class='ocrx_word' id='word_1_330' title='bbox 1339 1915 1537 1947; x_wconf 84' lang='lat' dir='ltr'>visitantibus</span> <span class='ocrx_word' id='word_1_331' title='bbox 1557 1914 1785 1957; x_wconf 76' lang='lat' dir='ltr'>indulgentiam</span> <span class='ocrx_word' id='word_1_332' title='bbox 1810 1915 1877 1957; x_wconf 88' lang='lat' dir='ltr'>ple-</span> 
     </span>
     <span class='ocr_line' id='line_1_35' title="bbox 423 1967 1874 2013; baseline -0.002 -10"><span class='ocrx_word' id='word_1_333' title='bbox 423 1972 543 2003; x_wconf 87' lang='lat' dir='ltr'>nariam</span> <span class='ocrx_word' id='word_1_334' title='bbox 570 1975 755 2013; x_wconf 77' lang='lat' dir='ltr'>perpetuam</span> <span class='ocrx_word' id='word_1_335' title='bbox 781 1970 831 2002; x_wconf 92' lang='lat' dir='ltr'>die</span> <span class='ocrx_word' id='word_1_336' title='bbox 857 1970 934 2002; x_wconf 88' lang='lat' dir='ltr'>sesto</span> <span class='ocrx_word' id='word_1_337' title='bbox 958 1970 987 2001; x_wconf 86' lang='lat' dir='ltr'>S.</span> <span class='ocrx_word' id='word_1_338' title='bbox 1013 1968 1163 2011; x_wconf 78' lang='lat' dir='ltr'>Stephani</span> <span class='ocrx_word' id='word_1_339' title='bbox 1189 1967 1270 2000; x_wconf 79' lang='lat' dir='ltr'>tertii</span> <span class='ocrx_word' id='word_1_340' title='bbox 1297 1967 1419 1999; x_wconf 83' lang='lat' dir='ltr'>abbatis</span> <span class='ocrx_word' id='word_1_341' title='bbox 1455 1968 1595 2000; x_wconf 88' lang='lat' dir='ltr'>Cistercii</span> <span class='ocrx_word' id='word_1_342' title='bbox 1627 1967 1784 2001; x_wconf 85' lang='lat' dir='ltr'>concessit</span> <span class='ocrx_word' id='word_1_343' title='bbox 1814 1968 1874 2000; x_wconf 86' lang='lat' dir='ltr'>Be-</span> 
     </span>
     <span class='ocr_line' id='line_1_36' title="bbox 423 2021 1879 2063; baseline -0.002 -7"><span class='ocrx_word' id='word_1_344' title='bbox 423 2023 565 2056; x_wconf 87' lang='lat' dir='ltr'>nedictus</span> <span class='ocrx_word' id='word_1_345' title='bbox 593 2023 680 2063; x_wconf 77' lang='lat' dir='ltr'>Xlll,</span> <span class='ocrx_word' id='word_1_346' title='bbox 706 2022 747 2055; x_wconf 77' lang='lat'>50</span> <span class='ocrx_word' id='word_1_347' title='bbox 773 2034 792 2055; x_wconf 84' lang='grc' dir='ltr'><em>α</em></span> <span class='ocrx_word' id='word_1_348' title='bbox 819 2028 848 2055; x_wconf 89' lang='lat' dir='ltr'>et</span> <span class='ocrx_word' id='word_1_349' title='bbox 881 2023 917 2062; x_wconf 81' lang='lat' dir='ltr'>b;</span> <span class='ocrx_word' id='word_1_350' title='bbox 952 2021 1124 2054; x_wconf 81' lang='lat' dir='ltr'>eorundem</span> <span class='ocrx_word' id='word_1_351' title='bbox 1151 2021 1412 2063; x_wconf 74' lang='lat' dir='ltr'>Congregationis</span> <span class='ocrx_word' id='word_1_352' title='bbox 1435 2021 1464 2055; x_wconf 88' lang='lat' dir='ltr'>S.</span> <span class='ocrx_word' id='word_1_353' title='bbox 1490 2021 1640 2054; x_wconf 85' lang='lat' dir='ltr'>Bernardi</span> <span class='ocrx_word' id='word_1_354' title='bbox 1666 2021 1772 2054; x_wconf 87' lang='lat' dir='ltr'>ltaliae</span> <span class='ocrx_word' id='word_1_355' title='bbox 1803 2031 1879 2053; x_wconf 90' lang='lat' dir='ltr'>mo-</span> 
     </span>
     <span class='ocr_line' id='line_1_37' title="bbox 423 2074 1878 2119; baseline -0.002 -10"><span class='ocrx_word' id='word_1_356' title='bbox 423 2077 595 2110; x_wconf 84' lang='lat' dir='ltr'>nasterium</span> <span class='ocrx_word' id='word_1_357' title='bbox 621 2076 778 2119; x_wconf 82' lang='lat' dir='ltr'>quoddam</span> <span class='ocrx_word' id='word_1_358' title='bbox 805 2076 843 2107; x_wconf 89' lang='lat' dir='ltr'>de</span> <span class='ocrx_word' id='word_1_359' title='bbox 867 2075 1037 2117; x_wconf 76' lang='lat' dir='ltr'>Sagittario</span> <span class='ocrx_word' id='word_1_360' title='bbox 1062 2075 1271 2116; x_wconf 74' lang='lat' dir='ltr'>Anglonensis</span> <span class='ocrx_word' id='word_1_361' title='bbox 1296 2074 1449 2107; x_wconf 86' lang='lat' dir='ltr'>dioecesis</span> <span class='ocrx_word' id='word_1_362' title='bbox 1473 2085 1490 2106; x_wconf 94' lang='lat' dir='ltr'>a</span> <span class='ocrx_word' id='word_1_363' title='bbox 1520 2074 1681 2117; x_wconf 68' lang='lat' dir='ltr'>provincia</span> <span class='ocrx_word' id='word_1_364' title='bbox 1717 2074 1878 2107; x_wconf 84' lang='lat' dir='ltr'>Calabriae</span> 
     </span>
     <span class='ocr_line' id='line_1_38' title="bbox 422 2127 1879 2172; baseline -0.001 -11"><span class='ocrx_word' id='word_1_365' title='bbox 422 2130 682 2162; x_wconf 86' lang='lat' dir='ltr'>dismembratum</span> <span class='ocrx_word' id='word_1_366' title='bbox 708 2135 738 2161; x_wconf 82' lang='lat' dir='ltr'>et</span> <span class='ocrx_word' id='word_1_367' title='bbox 762 2129 944 2172; x_wconf 81' lang='lat' dir='ltr'>provinciae</span> <span class='ocrx_word' id='word_1_368' title='bbox 968 2128 1098 2161; x_wconf 86' lang='lat' dir='ltr'>Tusciae</span> <span class='ocrx_word' id='word_1_369' title='bbox 1123 2129 1245 2160; x_wconf 88' lang='lat' dir='ltr'>unitum</span> <span class='ocrx_word' id='word_1_370' title='bbox 1273 2128 1329 2160; x_wconf 83' lang='lat' dir='ltr'>suit</span> <span class='ocrx_word' id='word_1_371' title='bbox 1353 2128 1392 2160; x_wconf 89' lang='lat' dir='ltr'>ab</span> <span class='ocrx_word' id='word_1_372' title='bbox 1417 2127 1594 2160; x_wconf 77' lang='lat' dir='ltr'>Alexandro</span> <span class='ocrx_word' id='word_1_373' title='bbox 1620 2127 1693 2168; x_wconf 91' lang='lat' dir='ltr'>Vll,</span> <span class='ocrx_word' id='word_1_374' title='bbox 1720 2132 1754 2159; x_wconf 86' lang='lat' dir='ltr'>ut</span> <span class='ocrx_word' id='word_1_375' title='bbox 1783 2127 1879 2160; x_wconf 82' lang='lat' dir='ltr'>refert</span> 
     </span>
     <span class='ocr_line' id='line_1_39' title="bbox 425 2179 1878 2224; baseline -0.001 -10"><span class='ocrx_word' id='word_1_376' title='bbox 425 2181 609 2214; x_wconf 78' lang='lat' dir='ltr'>Benedictus</span> <span class='ocrx_word' id='word_1_377' title='bbox 630 2181 715 2221; x_wconf 79' lang='lat' dir='ltr'>xm,</span> <span class='ocrx_word' id='word_1_378' title='bbox 740 2181 852 2221; x_wconf 30' lang='lat'>4271&amp;</span> <span class='ocrx_word' id='word_1_379' title='bbox 882 2181 1077 2224; x_wconf 86' lang='lat' dir='ltr'>praedictum</span> <span class='ocrx_word' id='word_1_380' title='bbox 1105 2181 1331 2212; x_wconf 72' lang='lat' dir='ltr'>monasterium]</span> <span class='ocrx_word' id='word_1_381' title='bbox 1358 2180 1509 2224; x_wconf 81' lang='lat' dir='ltr'>pristinae</span> <span class='ocrx_word' id='word_1_382' title='bbox 1534 2191 1608 2213; x_wconf 82' lang='lat' dir='ltr'>suae</span> <span class='ocrx_word' id='word_1_383' title='bbox 1632 2180 1812 2223; x_wconf 89' lang='lat' dir='ltr'>provinciae</span> <span class='ocrx_word' id='word_1_384' title='bbox 1827 2179 1878 2213; x_wconf 89' lang='lat' dir='ltr'>Ca-</span> 
     </span>
     <span class='ocr_line' id='line_1_40' title="bbox 426 2231 1875 2277; baseline -0.003 -9"><span class='ocrx_word' id='word_1_385' title='bbox 426 2235 552 2274; x_wconf 87' lang='lat' dir='ltr'>labriae,</span> <span class='ocrx_word' id='word_1_386' title='bbox 572 2237 719 2267; x_wconf 77' lang='lat' dir='ltr'>revocata</span> <span class='ocrx_word' id='word_1_387' title='bbox 738 2234 854 2267; x_wconf 89' lang='lat' dir='ltr'>unione</span> <span class='ocrx_word' id='word_1_388' title='bbox 879 2235 1071 2277; x_wconf 72' lang='lat' dir='ltr'>supradicta,</span> <span class='ocrx_word' id='word_1_389' title='bbox 1089 2234 1171 2266; x_wconf 87' lang='lat' dir='ltr'>idem</span> <span class='ocrx_word' id='word_1_390' title='bbox 1190 2233 1343 2273; x_wconf 85' lang='lat' dir='ltr'>restituit,</span> <span class='ocrx_word' id='word_1_391' title='bbox 1369 2233 1433 2265; x_wconf 66' lang='lat'>429</span> <span class='ocrx_word' id='word_1_392' title='bbox 1458 2244 1478 2265; x_wconf 82' lang='grc' dir='ltr'>(ι</span> <span class='ocrx_word' id='word_1_393' title='bbox 1503 2239 1533 2265; x_wconf 88' lang='lat' dir='ltr'>et</span> <span class='ocrx_word' id='word_1_394' title='bbox 1558 2233 1596 2272; x_wconf 68' lang='lat' dir='ltr'>b,</span> <span class='ocrx_word' id='word_1_395' title='bbox 1622 2231 1875 2265; x_wconf 90' lang='lat' dir='ltr'>Cisterciensium</span> 
     </span>
     <span class='ocr_line' id='line_1_41' title="bbox 426 2284 1875 2330; baseline -0.001 -11"><span class='ocrx_word' id='word_1_396' title='bbox 426 2288 573 2320; x_wconf 86' lang='lat' dir='ltr'>Ordinem</span> <span class='ocrx_word' id='word_1_397' title='bbox 599 2288 743 2330; x_wconf 84' lang='lat' dir='ltr'>pluribus</span> <span class='ocrx_word' id='word_1_398' title='bbox 771 2287 945 2330; x_wconf 81' lang='lat' dir='ltr'>privilegiis</span> <span class='ocrx_word' id='word_1_399' title='bbox 972 2293 1035 2319; x_wconf 89' lang='lat' dir='ltr'>tum</span> <span class='ocrx_word' id='word_1_400' title='bbox 1062 2297 1079 2318; x_wconf 87' lang='lat' dir='ltr'>a</span> <span class='ocrx_word' id='word_1_401' title='bbox 1104 2287 1253 2319; x_wconf 82' lang='lat' dir='ltr'>Romanis</span> <span class='ocrx_word' id='word_1_402' title='bbox 1271 2285 1487 2325; x_wconf 79' lang='lat' dir='ltr'>Pontificibus,</span> <span class='ocrx_word' id='word_1_403' title='bbox 1510 2291 1574 2317; x_wconf 87' lang='lat' dir='ltr'>tum</span> <span class='ocrx_word' id='word_1_404' title='bbox 1598 2286 1638 2318; x_wconf 88' lang='lat' dir='ltr'>ab</span> <span class='ocrx_word' id='word_1_405' title='bbox 1663 2285 1731 2317; x_wconf 89' lang='lat' dir='ltr'>aliis</span> <span class='ocrx_word' id='word_1_406' title='bbox 1755 2284 1875 2328; x_wconf 89' lang='lat' dir='ltr'>princi-</span> 
     </span>
     <span class='ocr_line' id='line_1_42' title="bbox 426 2337 1879 2383; baseline -0.002 -11"><span class='ocrx_word' id='word_1_407' title='bbox 426 2340 518 2383; x_wconf 84' lang='lat' dir='ltr'>pibus</span> <span class='ocrx_word' id='word_1_408' title='bbox 543 2346 727 2372; x_wconf 82' lang='lat' dir='ltr'>exornatum</span> <span class='ocrx_word' id='word_1_409' title='bbox 754 2341 849 2372; x_wconf 70' lang='lat' dir='ltr'>fuisse</span> <span class='ocrx_word' id='word_1_410' title='bbox 875 2340 986 2378; x_wconf 81' lang='lat' dir='ltr'>refert,</span> <span class='ocrx_word' id='word_1_411' title='bbox 1005 2340 1069 2373; x_wconf 70' lang='lat'>769</span> <span class='ocrx_word' id='word_1_412' title='bbox 1093 2340 1129 2379; x_wconf 83' lang='lat' dir='ltr'>b;</span> <span class='ocrx_word' id='word_1_413' title='bbox 1153 2339 1321 2383; x_wconf 87' lang='lat' dir='ltr'>praedictis</span> <span class='ocrx_word' id='word_1_414' title='bbox 1339 2338 1505 2381; x_wconf 84' lang='lat' dir='ltr'>privilegia</span> <span class='ocrx_word' id='word_1_415' title='bbox 1529 2338 1668 2381; x_wconf 81' lang='lat' dir='ltr'>praefata</span> <span class='ocrx_word' id='word_1_416' title='bbox 1693 2337 1879 2370; x_wconf 76' lang='lat' dir='ltr'>confirmata</span> 
     </span>
     <span class='ocr_line' id='line_1_43' title="bbox 427 2391 1880 2436; baseline -0.001 -12"><span class='ocrx_word' id='word_1_417' title='bbox 427 2399 457 2424; x_wconf 88' lang='lat' dir='ltr'>et</span> <span class='ocrx_word' id='word_1_418' title='bbox 482 2393 625 2425; x_wconf 83' lang='lat' dir='ltr'>innovata</span> <span class='ocrx_word' id='word_1_419' title='bbox 643 2394 728 2425; x_wconf 85' lang='lat' dir='ltr'>suere</span> <span class='ocrx_word' id='word_1_420' title='bbox 756 2404 811 2436; x_wconf 87' lang='lat' dir='ltr'>per</span> <span class='ocrx_word' id='word_1_421' title='bbox 827 2393 1082 2425; x_wconf 84' lang='lat' dir='ltr'>constitutionem</span> <span class='ocrx_word' id='word_1_422' title='bbox 1109 2392 1183 2424; x_wconf 82' lang='lat' dir='ltr'>Sixti</span> <span class='ocrx_word' id='word_1_423' title='bbox 1204 2392 1235 2431; x_wconf 84' lang='lat' dir='ltr'>V,</span> <span class='ocrx_word' id='word_1_424' title='bbox 1260 2403 1354 2435; x_wconf 79' lang='lat' dir='ltr'>quam</span> <span class='ocrx_word' id='word_1_425' title='bbox 1381 2392 1486 2431; x_wconf 80' lang='lat' dir='ltr'>refert,</span> <span class='ocrx_word' id='word_1_426' title='bbox 1511 2391 1575 2424; x_wconf 87' lang='lat'>770</span> <span class='ocrx_word' id='word_1_427' title='bbox 1599 2402 1636 2431; x_wconf 80' lang='lat' dir='ltr'>a;</span> <span class='ocrx_word' id='word_1_428' title='bbox 1665 2391 1782 2424; x_wconf 87' lang='lat' dir='ltr'>eisdem</span> <span class='ocrx_word' id='word_1_429' title='bbox 1806 2400 1880 2424; x_wconf 86' lang='lat' dir='ltr'>con-</span> 
     </span>
     <span class='ocr_line' id='line_1_44' title="bbox 428 2443 1879 2488; baseline -0.001 -11"><span class='ocrx_word' id='word_1_430' title='bbox 428 2446 619 2478; x_wconf 76' lang='lat' dir='ltr'>stitutionem</span> <span class='ocrx_word' id='word_1_431' title='bbox 646 2448 774 2479; x_wconf 76' lang='lat' dir='ltr'>relatam</span> <span class='ocrx_word' id='word_1_432' title='bbox 801 2446 877 2479; x_wconf 83' lang='lat' dir='ltr'>Sixti</span> <span class='ocrx_word' id='word_1_433' title='bbox 904 2446 944 2485; x_wconf 83' lang='lat' dir='ltr'>V,</span> <span class='ocrx_word' id='word_1_434' title='bbox 968 2445 1136 2488; x_wconf 87' lang='lat' dir='ltr'>omniaque</span> <span class='ocrx_word' id='word_1_435' title='bbox 1167 2445 1333 2488; x_wconf 80' lang='lat' dir='ltr'>privilegia</span> <span class='ocrx_word' id='word_1_436' title='bbox 1363 2444 1549 2478; x_wconf 88' lang='lat' dir='ltr'>eorumdem</span> <span class='ocrx_word' id='word_1_437' title='bbox 1574 2443 1683 2477; x_wconf 88' lang='lat' dir='ltr'>Ordini</span> <span class='ocrx_word' id='word_1_438' title='bbox 1709 2453 1879 2482; x_wconf 83' lang='lat' dir='ltr'>concessa,</span> 
     </span>
     <span class='ocr_line' id='line_1_45' title="bbox 430 2500 849 2539; baseline 0.002 -9"><span class='ocrx_word' id='word_1_439' title='bbox 430 2500 611 2539; x_wconf 73' lang='lat' dir='ltr'>contii-mat,</span> <span class='ocrx_word' id='word_1_440' title='bbox 636 2500 700 2533; x_wconf 81' lang='lat'>770</span> <span class='ocrx_word' id='word_1_441' title='bbox 725 2512 745 2532; x_wconf 84' lang='grc' dir='ltr'><em>α</em></span> <span class='ocrx_word' id='word_1_442' title='bbox 769 2504 797 2533; x_wconf 89' lang='lat' dir='ltr'>et</span> <span class='ocrx_word' id='word_1_443' title='bbox 822 2501 849 2531; x_wconf 85' lang='lat' dir='ltr'>b.</span> 
     </span>
    </p>

    <p class='ocr_par' dir='ltr' id='par_1_9' title="bbox 341 2548 1879 2595">
     <span class='ocr_line' id='line_1_46' title="bbox 341 2548 1879 2595; baseline -0.003 -10"><span class='ocrx_word' id='word_1_444' title='bbox 341 2553 482 2585; x_wconf 79' lang='lat' dir='ltr'>Monacbi</span> <span class='ocrx_word' id='word_1_445' title='bbox 507 2552 631 2586; x_wconf 87' lang='lat' dir='ltr'>Ordinis</span> <span class='ocrx_word' id='word_1_446' title='bbox 655 2554 686 2586; x_wconf 87' lang='lat' dir='ltr'>S.</span> <span class='ocrx_word' id='word_1_447' title='bbox 715 2553 815 2585; x_wconf 75' lang='lat' dir='ltr'>Basilii</span> <span class='ocrx_word' id='word_1_448' title='bbox 842 2552 953 2595; x_wconf 78' lang='lat' dir='ltr'>Magni.</span> <span class='ocrx_word' id='word_1_449' title='bbox 980 2571 1021 2576; x_wconf 93' lang='lat'>-—</span> <span class='ocrx_word' id='word_1_450' title='bbox 1046 2552 1084 2585; x_wconf 90' lang='lat' dir='ltr'>Ut</span> <span class='ocrx_word' id='word_1_451' title='bbox 1109 2552 1339 2585; x_wconf 88' lang='lat' dir='ltr'>monachorum</span> <span class='ocrx_word' id='word_1_452' title='bbox 1366 2550 1492 2585; x_wconf 86' lang='lat' dir='ltr'>Ordinis</span> <span class='ocrx_word' id='word_1_453' title='bbox 1516 2550 1547 2583; x_wconf 90' lang='lat' dir='ltr'>S.</span> <span class='ocrx_word' id='word_1_454' title='bbox 1576 2549 1682 2583; x_wconf 87' lang='lat' dir='ltr'>Basilii</span> <span class='ocrx_word' id='word_1_455' title='bbox 1707 2549 1810 2592; x_wconf 80' lang='lat' dir='ltr'>Magni</span> <span class='ocrx_word' id='word_1_456' title='bbox 1828 2548 1879 2582; x_wconf 83' lang='lat' dir='ltr'>ab·</span> 
     </span>
    </p>
   </div>
   <div class='ocr_carea' id='block_1_3' title="bbox 2118 0 2139 706">
    <p class='ocr_par' dir='ltr' id='par_1_10' title="bbox 2118 0 2139 706">
     <span class='ocr_line' id='line_1_47' title="bbox 2118 0 2139 706; baseline 0 2436"><span class='ocrx_word' id='word_1_457' title='bbox 2118 0 2139 706; x_wconf 95' lang='lat' dir='ltr'> </span> 
     </span>
    </p>
   </div>
  </div>
 </body>
</html>
