2170 3147
20 201 70 230 An.
86 200 115 228 C.
138 200 204 229 172ss

77 1747 202 1769 Constitutto

22 1777 53 1797 Pii
69 1777 93 1797 V.

797 201 992 227 BENEDICTUS
1016 202 1074 227 xm
1098 203 1147 228 1³1⁸.

210 249 314 282 forma
346 250 554 293 praemissis,
583 255 615 283 et
639 251 671 283 in
698 251 815 285 litteris
842 256 873 284 et
897 261 950 283 ce-

211 303 285 336 dula
316 303 554 346 motusproprii
584 304 744 346 praedicti
771 304 913 337 contenti
929 302 948 343 ¹,

211 366 292 399 quae
319 355 371 389 hic
395 367 455 400 pro
477 357 667 399 singillatim
702 362 735 390 et
759 358 798 390 ad
824 362 947 400 partem

210 409 360 451 repetitis
385 409 579 449 habeantur,
606 415 766 452 perpetuo
796 410 890 442 etiam
917 410 948 441 in

210 461 313 494 forma
338 461 479 504 gratiosa
504 462 659 495 latissime
680 462 899 501 extendendo,
919 467 950 494 ct

211 525 284 547 cum
309 515 519 558 deputatione
542 515 683 547 iudicum
704 520 947 557 exequutorum,

211 567 265 610 qui
284 568 455 607 assistant,
476 574 550 608 etc.,
572 572 603 600 et
622 567 752 606 faciant,
772 571 834 599 etc.
849 592 856 606 ,
876 576 949 609 per—

209 620 396 660 mittentes,
423 623 520 653 etiam
557 620 615 652 sub
639 619 812 652 sententiis
846 620 950 651 ecclc-

210 673 347 706 siasticis
362 679 392 705 et
410 673 525 716 poenis
542 673 738 716 pecuniariis
757 672 948 711 arbitrariis‚

210 736 282 758 cum
315 726 465 759 facultate
504 726 701 766 declarandi,
737 725 947 768 aggravandi,

209 779 456 822 reaggravandi,
468 778 695 819 interdicendi,
705 778 863 817 invocato,
874 783 946 817 ete,

210 832 330 865 auxilio
355 831 477 865 brachii
505 832 692 872 saecularis,
718 841 788 864 cum
807 831 949 872 deroga-

210 884 299 918 tione
324 884 592 919 constitutionum
619 885 657 917 de
681 886 746 917 una
771 888 803 917 et
825 883 949 916 duabus

211 937 317 977 dietis,
348 938 522 970 dummodo
548 948 615 970 non
643 938 730 970 ultra
760 941 833 977 tres,
863 936 949 969 latis-

212 991 292 1024 sime
308 992 527 1032 extendendo,
542 996 574 1024 et
591 990 677 1034 quod
692 990 948 1034 praemissorum

211 1043 356 1077 omnium
384 1049 416 1076 et
440 1043 644 1086 singulorum
667 1043 763 1076 etiam
782 1042 948 1076 veriorum

211 1101 359 1130 tenorum
382 1102 414 1129 et
445 1097 580 1130 cedulae
599 1095 832 1139 motusproprii
859 1105 950 1138 prae-

211 1149 301 1189 dicti,
328 1149 360 1181 in
387 1154 455 1182 toto
480 1150 530 1182 vel
556 1149 588 1181 in
614 1154 718 1192 parte,
743 1149 949 1191 aliorumque

210 1202 471 1235 necessariorum
497 1202 602 1235 maior
627 1201 827 1245 specificatio
846 1206 877 1233 et
898 1211 951 1233 ex-

210 1254 335 1298 pressio
373 1254 442 1288 sieri
480 1254 585 1298 possit
622 1255 653 1287 in
691 1254 825 1294 litteriS,
855 1258 887 1286 et
911 1253 950 1286 de

211 1307 460 1341 confirmatione
487 1314 625 1349 tantum,
652 1313 683 1340 et
708 1313 869 1351 quatenus
892 1307 951 1339 fuit

210 1362 242 1395 in
268 1372 340 1402 usu,
360 1362 455 1394 etiam
482 1372 540 1404 per
558 1362 659 1395 Breve
677 1366 835 1401 nostrum,
857 1360 950 1393 simul

210 1415 261 1448 vel
287 1416 327 1448 ad
352 1421 491 1458 partem,
526 1415 621 1447 etiam
652 1414 683 1447 in
710 1415 787 1453 una,
814 1413 840 1445 si
865 1413 950 1446 vide·

210 1468 308 1508 bitur,
341 1479 406 1502 non
442 1469 523 1501 facta
556 1468 721 1501 mentione
749 1467 787 1500 de
813 1467 874 1499 alia
899 1467 949 1499 vel

212 1521 283 1554 aliis
308 1521 534 1564 expediendis.

485 1573 585 1606 Fiat.-
613 1578 700 1606 motu
725 1573 858 1618 proprio
884 1573 905 1605 l.

247 1637 345 1663 Datum
360 1635 469 1669 Romae,
490 1635 559 1670 apud
576 1635 601 1661 S.
618 1634 754 1669 Marcum,
776 1640 802 1661 ιιι
823 1633 951 1660 kalendas

213 1680 336 1716 augusti,
357 1688 428 1707 anno
447 1687 474 1706 ιιι
488 1683 507 1706 ².

256 1734 271 1777 ἓ
296 1734 326 1767 7.
354 1734 400 1766 Pii
425 1733 448 1765 V
473 1733 600 1766 litterae
626 1733 687 1766 hae
714 1738 811 1765 sunt:

256 1787 340 1820 Pius
357 1787 537 1829 episcopus,
559 1796 668 1819 servas
685 1795 850 1818 servorum
868 1785 927 1818 Dei
940 1813 946 1823 ,

211 1839 255 1873 ad
268 1843 460 1883 perpetuam
475 1840 524 1872 rei
540 1839 742 1872 memoriam.
758 1839 804 1872 Ad
823 1839 950 1871 immar-

212 1892 424 1926 cescibilem³
459 1893 559 1932 vitae,
588 1892 684 1932 etc.⁴,
721 1898 873 1925 aeternae
899 1902 951 1925 eo-

211 1956 334 1986 ronam,
357 1946 395 1979 ad
417 1956 513 1988 quam
532 1946 633 1978 fortes
651 1945 769 1978 Christi
789 1945 949 1984 athletae,

212 2009 278 2032 non
297 1999 448 2032 adversus
463 2009 593 2031 earnem
608 2004 640 2031 et
653 1998 846 2041 sanguinem
861 2008 951 2040 prac-

212 2052 350 2092 liantes,
378 2052 435 2084 sed
465 2057 578 2084 contra
612 2051 797 2095 spirituales
827 2051 950 2093 antiqui

213 2104 319 2138 hostis
344 2105 506 2148 nequitias
533 2110 565 2137 et
589 2104 686 2137 huius
723 2104 835 2136 mundi
863 2109 952 2136 tene-

212 2158 347 2192 brarum
374 2157 575 2201 principatus
594 2158 727 2190 assiduo
744 2156 818 2190 fidei
838 2157 951 2199 clypeo

214 2217 246 2244 et
270 2217 361 2245 scuto
386 2212 493 2245 bonae
518 2211 693 2243 voluntatis
730 2210 845 2243 armati
874 2211 952 2242 lum-

213 2265 330 2308 bisque
355 2264 531 2308 praecincti
561 2265 787 2303 colluctantes,
823 2262 951 2295 reiectis

214 2318 408 2352 vanitatibus
430 2322 462 2350 et
485 2317 662 2357 illecebris,
681 2316 847 2348 indefesse
868 2315 953 2358 aspi-

249 2425 260 2450 1
284 2423 398 2450 Videtur
417 2422 563 2458 legendum
583 2422 723 2449 contentis
742 2423 781 2455 (ιι.
797 2423 846 2455 τ.).

248 2467 265 2493 2
285 2467 384 2502 Nempe
405 2466 447 2493 die
467 2466 501 2493 30
520 2465 576 2493 iulii
596 2465 659 2492 anni
681 2466 747 2492 1557
766 2465 868 2499 (n.'r.).

249 2511 266 2538 3
285 2511 339 2538 lsta
366 2511 418 2537 iam
446 2511 546 2546 legitur
566 2510 592 2536 in
614 2513 679 2538 tom.
700 2516 755 2544 vu,
775 2517 837 2545 pag.
859 2508 911 2536 538
935 2517 953 2535 α

215 2558 242 2584 et
260 2564 318 2591 seq.
337 2557 378 2590 (n.
396 2555 443 2589 T.).

250 2600 268 2628 4
277 2600 402 2628 Formula
410 2603 462 2630 ecc.
472 2599 623 2635 importune
634 2598 732 2627 iniecta
742 2598 951 2634 delendamstt).

1628 194 1693 227 413

991 257 1074 292 rant,
1095 257 1135 292 et,
1151 262 1214 295 quo
1232 256 1377 296 optatum
1396 251 1492 284 finem
1516 250 1632 284 tutius¹
1654 261 1734 285 eon-

993 310 1184 348 sequantur,
1211 305 1380 348 religionis
1405 315 1524 345 arcem,
1557 305 1645 337 unde
1672 304 1733 337 ini-

993 359 1150 391 micorum
1191 358 1389 398 insultibus,
1432 359 1528 391 dante
1571 358 1730 396 Domino,

992 411 1138 443 securius
1173 411 1328 444 resistere
1355 416 1386 444 et
1412 412 1546 444 hostilia
1571 412 1635 444 tela
1660 421 1734 453 pro-

992 463 1119 505 pulsare
1135 469 1264 506 queant,
1280 465 1427 497 animose
1445 462 1653 502 ascendant2,
1670 464 1734 496 ele-

993 522 1103 548 vantes
1128 517 1240 549 oculos
1275 517 1393 549 mentis
1432 522 1576 555 nostrae,
1601 519 1734 559 paterna

992 568 1114 610 pietate
1148 574 1179 601 et
1211 570 1443 602 benevolentia
1482 580 1517 602 ex
1544 569 1648 602 nostri
1677 580 1734 612 pa-

992 622 1120 654 storalis
1145 622 1240 654 officii
1267 622 1377 655 debito
1399 632 1464 655 non
1484 623 1540 655 abs
1558 632 1594 655 re
1613 622 1734 664 iugiter

992 674 1188 714 inducimur,
1215 680 1248 706 ut
1273 675 1450 717 tranquillo
1486 685 1598 707 eorum
1625 674 1732 713 statui,

993 732 1147 769 quantum
1174 737 1246 759 cum
1270 727 1335 760 Deo
1368 738 1553 770 possumus,
1580 733 1733 770 prompte

993 781 1210 820 consulamus,
1230 785 1260 813 et
1277 780 1338 820 his,
1358 791 1441 823 quae
1457 786 1631 823 propterea
1653 780 1734 813 facta

993 843 1061 866 esse
1088 833 1335 875 dignoscuntur,
1369 834 1569 866 auctoritatis
1603 838 1733 866 nostrae

993 885 1182 918 adiiciamus
1208 885 1406 925 firmitatem,
1428 886 1573 928 aliasque
1593 886 1734 928 desuper

993 944 1181 982 opportune
1221 938 1459 981 provideamus,
1489 944 1599 981 prout,
1623 949 1734 982 perso-

992 1002 1108 1024 narum
1134 997 1165 1024 et
1190 997 1372 1034 temporum
1406 991 1562 1034 qualitate
1587 993 1731 1034 pensata,

993 1045 1213 1088 conspicimus
1250 1045 1283 1077 in
1318 1045 1455 1078 Domino
1481 1045 1657 1078 salubriter
1682 1055 1734 1077 ex·

993 1098 1119 1141 pedire.

1036 1151 1160 1183 Dudum
1197 1150 1360 1194 siquidem
1395 1151 1500 1183 felicis
1532 1151 1732 1184 recordatio-

993 1204 1043 1237 nis
1079 1204 1229 1237 Clemens
1266 1203 1352 1247 Papa
1386 1203 1460 1236 ΥΠ3
1495 1204 1732 1247 praedecessor

993 1263 1102 1290 noster
1128 1257 1213 1299 (sibi
1239 1267 1298 1300 pro
1331 1261 1424 1300 parte
1455 1257 1528 1300 piae
1552 1257 1730 1289 memoriae

993 1311 1083 1344 Pauli
1117 1311 1222 1354 Papae
1258 1310 1295 1342 IV
1331 1310 1427 1343 etiam
1463 1310 1731 1353 praedecessoris

994 1364 1106 1404 nostri,
1133 1364 1187 1407 qui
1213 1369 1289 1396 tunc
1316 1364 1347 1396 in
1373 1363 1555 1396 minoribus
1580 1363 1732 1396 constitu-

994 1423 1044 1450 tus
1083 1423 1113 1451 et
1148 1418 1188 1450 de
1229 1417 1489 1459 Congregatione
1538 1416 1733 1449 dilectorum

994 1471 1134 1504 filiorum
1152 1470 1350 1503 Clericorum
1370 1470 1578 1512 Regularium
1607 1476 1684 1509 erat,
1704 1475 1735 1502 et

994 1525 1156 1568 quondam
1176 1524 1318 1557 Caietani
1338 1524 1377 1556 de
1396 1522 1528 1556 Tliicnis
1549 1522 1733 1566 presbyteri

995 1577 1155 1611 vicentini
1182 1580 1257 1610 tunc
1283 1576 1315 1609 in
1342 1577 1491 1609 humanis
1516 1576 1664 1618 agentis,
1698 1586 1734 1608 ac

994 1631 1155 1664 sociorum
1174 1630 1443 1673 Congregationis
1473 1629 1663 1662 huiusmodi
1681 1639 1735 1662 ex-

994 1684 1110 1726 posito,
1130 1683 1215 1726 quod
1235 1683 1296 1726 ipsi
1316 1688 1347 1715 et
1365 1682 1515 1715 nonnulli
1534 1682 1586 1715 alii
1606 1692 1733 1715 eorum-

994 1737 1067 1769 dem
1094 1735 1364 1779 Congregationis
1390 1735 1479 1775 socii,
1499 1735 1606 1767 divina
1635 1735 1734 1778 inspi-

993 1790 1120 1823 ratione
1146 1789 1244 1829 ducti,
1265 1789 1306 1821 ob
1322 1787 1468 1821 melioris
1487 1787 1570 1820 vitae
1592 1787 1730 1830 frugem,

994 1848 1026 1875 et
1060 1848 1096 1875 ut
1131 1853 1208 1874 eum
1241 1841 1355 1874 maiori
1393 1841 1489 1873 animi
1527 1841 1637 1884 quiete
1670 1841 1734 1874 Deo

994 1897 1117 1929 servire
1143 1901 1175 1928 et
1199 1895 1245 1928 illi
1271 1895 1374 1937 magis
1398 1894 1453 1938 pio
1480 1894 1643 1927 desiderio
1679 1894 1734 1926 ad-

995 1950 1133 1982 haerere
1158 1953 1303 1992 possent,
1330 1948 1391 1980 tria
1417 1947 1642 1980 substantialia
1658 1947 1734 1979 reli-

995 2002 1104 2046 giosae
1129 2002 1211 2035 vitae
1238 2007 1330 2042 vota,
1362 2000 1562 2044 paupertatis
1587 2000 1732 2041 scilicet,

995 2055 1152 2089 castitatis
1184 2060 1215 2087 et
1247 2054 1477 2093 obedientiae,
1505 2053 1673 2093 emittere,
1702 2058 1733 2086 et

995 2110 1053 2142 sub
1080 2109 1178 2142 solito
1204 2114 1236 2141 et
1260 2108 1423 2141 communi
1449 2107 1563 2140 habitu
1588 2107 1733 2139 clericali

996 2163 1027 2195 in
1054 2173 1152 2195 unum
1178 2161 1428 2194 coliabitantcs⁴
1453 2165 1485 2193 et
1509 2160 1541 2192 in
1568 2160 1733 2192 communi

995 2226 1032 2248 ac
1058 2216 1096 2247 tle
1123 2214 1289 2248 communi
1319 2214 1484 2254 viventes,
1511 2223 1640 2246 necnon
1663 2212 1732 2245 Deo

996 2269 1165 2302 humiliter
1190 2273 1222 2301 ct
1245 2261 1374 2307 devote,
1401 2271 1556 2310 quantum
1581 2266 1651 2310 ipse
1678 2266 1732 2299 de-

997 2323 1115 2363 disset,
1152 2322 1353 2361 servientes,
1388 2320 1447 2353 sub
1485 2320 1632 2353 eiusdem
1663 2319 1733 2353 Cle—

1030 2420 1043 2445 1
1066 2418 1189 2446 Pessime
1210 2417 1273 2445 edit.
1296 2417 1373 2445 Maiu.
1389 2416 1463 2452 legit.
1484 2417 1572 2445 tocius
1590 2418 1631 2452 (n.
1647 2418 1697 2453 τ.).

1030 2464 1046 2490 2
1066 2463 1160 2490 Potius
1180 2463 1326 2498 legendum
1347 2462 1505 2490 ascendunt
1523 2462 1562 2496 (n.
1582 2465 1631 2495 τ.).

1030 2507 1046 2534 3
1065 2507 1118 2534 Ista
1138 2515 1199 2543 pars
1214 2507 1376 2539 nari-ativae,
1393 2507 1501 2534 mutatis
1521 2504 1668 2541 mutandis,
1685 2515 1731 2534 eaa

995 2551 1057 2579 dem
1073 2555 1112 2579 est
1132 2555 1160 2578 ut
1179 2560 1239 2587 sup.
1261 2559 1321 2586 pag.
1340 2551 1390 2577 402
1407 2551 1421 2577 b
1436 2550 1483 2578 lin.
1501 2551 1550 2578 ult.
1567 2559 1624 2586 seq.
1640 2552 1730 2586 (nm).

1031 2598 1046 2624 4
1066 2597 1154 2632 Supra
1174 2604 1235 2632 pag.
1253 2596 1303 2624 403
1319 2604 1337 2622 α
1351 2595 1450 2631 legitur
1466 2596 1629 2624 cohabitare
1639 2596 1731 2631 (nm).

1740 203 1793 230 An.
1809 203 1838 230 C.
1857 202 1925 230 172ss

1782 1161 1855 1182 ltouua
1872 1168 1926 1182 suin-

1741 1195 1773 1209 tna
1787 1195 1866 1213 [ΙΙῚΗΙᾺΘ
1875 1195 1926 1208 Gon-

1741 1216 1854 1235 stitutum<
1879 1216 1926 1235 tile-

1742 1245 1816 1262 mentis
1833 1242 1866 1262 t'tt
1890 1243 1926 1263 ‹le-

1742 1269 1848 1289 sci-«tumr.
