2170 3147
235 217 285 243 Au.
307 216 333 240 Γ..
356 215 422 241 17ἒό

265 1019 377 1039 clausulae
388 1026 422 1045 pe-

237 1047 336 1066 eutiares.

473 205 532 238 168

430 263 527 296 eundi
555 262 719 295 licentiam
746 260 953 300 concedere,
980 259 1092 292 illosve
1128 257 1172 290 di-

429 318 558 349 mittere
586 319 743 357 nequeat,
769 313 830 346 uisi
858 312 947 356 prius
974 312 1012 344 de
1039 311 1171 344 invento

428 369 587 402 benevolo
614 373 783 411 receptore
819 367 851 399 in
887 366 995 409 aliquo
1032 375 1172 398 conveu-

431 430 460 454 tn
489 421 628 454 cuiusvis
655 419 842 464 provinciae
876 418 1009 462 praefati
1043 417 1172 450 Ordinis

429 474 694 508 Praedicatormn
713 472 856 515 legitime
876 471 1036 512 docuerit;
1056 482 1092 504 ae
1109 471 1173 504 hoe

430 528 526 560 modo
560 533 590 559 et
623 538 694 559 cum
722 525 883 559 eiusmodi
920 524 1107 557 discrimine
1135 524 1172 556 dc

432 587 541 613 cetero
569 580 600 612 in
623 579 812 623 praemissis
830 577 1075 622 procedendum
1093 588 1172 615 esse,

432 644 492 666 nec
518 644 582 665 noa
611 638 672 664 tam
699 631 879 665 iunocentii
910 630 1173 674 praedecessoris

432 688 570 727 litteras,
599 696 695 729 quam
723 686 888 718 decretum
912 684 1076 728 praefatae
1096 682 1174 716 Con-

433 740 630 783 gregationis
657 738 871 771 cardinalium
898 743 929 770 et
953 738 1174 781 praelatorum

433 805 531 837 super
572 793 745 837 disciplina
784 792 924 834 regulari
962 790 1176 833 intelligenda

432 848 528 887 fore,
555 852 667 885 motu,
695 845 830 878 scientia
855 850 884 877 et
910 843 1078 887 potestatis
1108 844 1176 886 ple-

432 900 582 933 nitudine
597 900 739 943 paribus,
757 905 868 931 tenore
885 897 1114 941 praesentium,
1127 897 1176 929 de-

434 956 595 987 claramus
620 965 656 986 ac
681 951 899 996 praecipimus
921 956 952 983 et
973 949 1174 982 mandamus.

479 1008 493 1049 ἓ
519 1007 547 1039 6.
574 1007 810 1045 Decerncutes,
836 1000 964 1037 easdem
990 1008 1177 1048 praesentes

435 1061 561 1094 litteras
587 1066 617 1092 et
643 1059 674 1091 in
702 1059 747 1091 eis
773 1063 935 1097 contenta,
954 1057 1049 1090 etiam
1077 1067 1112 1088 ex
1140 1066 1177 1089 eo

436 1114 523 1157 qiiod
552 1113 691 1145 vicarius
717 1111 881 1154 generalis
908 1111 1071 1154 praefatae
1100 1109 1177 1143 Con-

437 1166 637 1210 gregationis
662 1166 693 1198 S.
713 1165 869 1205 Sabinae,
897 1164 1016 1206 aliique
1039 1163 1177 1207 quicum-

438 1230 501 1263 que
533 1220 564 1252 in
601 1218 790 1261 praemissis
826 1217 982 1249 interesse
1020 1216 1179 1248 babentes

437 1283 492 1305 seu
510 1273 631 1304 habere
650 1270 898 1314 quomodolibet
916 1269 1178 1312 praetendentes,

439 1326 535 1358 etiam
563 1324 715 1368 specifica
749 1329 780 1356 et
813 1323 979 1356 individua
1012 1321 1179 1355 mentione

439 1384 469 1411 et
495 1378 708 1423 expressione
735 1377 835 1420 digni,
862 1376 926 1409 illis
954 1386 1017 1408 non
1043 1385 1181 1408 consen-

438 1433 557 1472 serint,
584 1442 643 1464 nec
669 1431 707 1464 ad
734 1442 770 1463 ea
797 1430 917 1471 vocati,
945 1429 1032 1462 citati
1065 1434 1096 1461 et
1132 1439 1181 1462 au-

439 1487 514 1527 diti,
542 1497 648 1529 neque
674 1495 799 1525 causae,
827 1489 962 1527 propter
988 1492 1067 1526 quas
1094 1483 1182 1526 ipsae

439 1545 630 1584 praesentes
657 1539 851 1578 emanarint,
871 1538 1070 1570 sufficienter
1088 1537 1184 1570 addu-

440 1600 529 1633 ctae,
556 1593 737 1626 verificatae
765 1598 796 1624 et
822 1590 1011 1624 iustificatae
1048 1591 1184 1641 suerint,

440 1653 494 1681 aut
519 1658 554 1680 ex
582 1647 644 1680 alia
670 1657 874 1690 quacumque
902 1646 1108 1690 quantumvis
1142 1647 1186 1678 le-

439 1702 550 1744 gitima
571 1729 578 1742 ,
606 1701 744 1734 iuridica
769 1705 799 1732 et
825 1699 1029 1743 privilegiata
1062 1701 1184 1737 causa,

440 1756 551 1788 colore
571 1781 578 1794 ‚
603 1758 772 1797 praetextu
800 1759 830 1785 et
855 1752 961 1795 capite
982 1780 988 1792 ,
1018 1752 1114 1784 etiam
1152 1752 1182 1784 in

441 1819 580 1851 corpore
606 1808 683 1839 iuris
698 1807 819 1843 clauso,
839 1807 929 1838 nullo
948 1816 1090 1848 unquam
1112 1811 1185 1837 tem-

441 1873 523 1906 pore
561 1861 599 1894 de
633 1859 855 1901 subreptionis
890 1859 938 1891 vel
978 1858 1184 1901 obreptionis

465 2024 472 2032 Α

442 2034 496 2056 sus
513 2050 520 2062 ,
547 2023 649 2055 aliove
675 2021 823 2064 quolibet
848 2019 944 2052 etiam
979 2018 1184 2062 quantumvis

442 2086 561 2118 magno
604 2080 634 2108 et
674 2072 878 2107 substantiali
916 2071 1184 2114 individuamque

444 2128 687 2173 expressionem
714 2125 901 2170 requirente
918 2125 1042 2158 defectu
1069 2125 1185 2164 notari,

444 2181 643 2226 impugnari,
671 2180 822 2222 infringi,
851 2179 1035 2217 retraetari,
1057 2178 1087 2211 iu
1113 2188 1186 2211 eon-

446 2235 635 2267 troversiam
673 2232 801 2273 vocari,
829 2232 867 2265 ad
909 2232 991 2264 viam
1033 2241 1089 2264 seu
1128 2236 1186 2263 ter-

445 2288 550 2320 minos
591 2287 667 2319 iuris
708 2287 756 2319 vel
797 2284 1068 2319 constitutionum
1110 2284 1184 2316 dieti

445 2340 573 2372 Ordinis
599 2339 729 2379 reduci,
759 2344 812 2372 aut
837 2339 991 2371 adversus
1022 2338 1094 2371 illas
1111 2348 1187 2381 ape-

447 2393 575 2426 ritionis
602 2393 685 2433 oris,
712 2391 928 2425 restitutionis
951 2391 981 2424 in
1010 2391 1183 2434 integrum,

446 2447 577 2480 aliudve
604 2447 828 2490 quoda-umque
847 2446 939 2485 iuris,
961 2445 1034 2477 facti
1054 2446 1100 2477 vel
1121 2455 1187 2487 gra-

447 2502 508 2534 tiae
536 2500 715 2532 remedium
744 2500 895 2532 intentari
924 2500 972 2531 vel
1000 2498 1185 2541 impetrari,

1015 209 1195 233 nt'LLaniuM
1222 208 1376 231 ROMANUM

1215 266 1310 289 cesso
1344 257 1393 291 vel
1423 260 1594 295 emanato,
1623 255 1809 299 quempiam
1844 254 1876 287 in
1911 254 1957 286 iu—

1216 309 1300 342 dicio
1327 310 1376 342 vel
1403 314 1493 342 extra
1519 308 1599 342 illud
1627 309 1669 341 uti
1702 319 1756 341 seu
1783 319 1817 341 se
1847 308 1956 341 iuvare

1216 363 1283 395 ullo
1309 362 1404 395 modo
1430 372 1541 405 posse,
1567 362 1623 394 sed
1650 361 1779 394 easdem
1806 371 1957 403 praesen-

1217 420 1263 447 tes
1289 414 1412 448 litteras
1437 425 1569 458 semper
1595 421 1626 447 et
1652 420 1811 458 perpetuo
1838 413 1958 452 firmas,

1217 468 1337 501 validas
1375 471 1405 501 et
1442 467 1587 500 efficaces
1613 467 1754 500 existere
1794 472 1825 499 et
1864 466 1958 506 fore,

1217 532 1354 566 suosque
1381 522 1545 565 plenarios
1577 527 1608 554 ct
1639 521 1781 563 integros
1826 519 1959 553 effeetus

1218 575 1326 608 sortiri
1352 580 1383 608 et
1408 574 1570 614 obtinere,
1608 585 1643 606 ac
1680 573 1766 613 iltis,
1800 574 1838 606 ad
1876 584 1959 616 quos

1218 633 1340 672 spectat
1377 633 1409 660 et
1432 638 1492 671 pro
1520 633 1663 670 tempore
1688 627 1960 670 quandocumque

1219 680 1388 725 spectabit,
1406 681 1438 713 in
1465 680 1616 713 omnibus
1635 684 1665 712 et
1683 689 1741 722 per
1760 679 1869 712 onmia
1893 681 1961 723 ple-

1219 734 1349 768 nissime
1377 733 1569 776 suflragari,
1596 738 1627 766 et
1652 733 1692 765 ab
1718 732 1763 765 eis
1782 733 1960 776 respective

1220 787 1457 821 inviolabiliter
1489 792 1520 820 et
1553 786 1746 819 inconcusse
1772 785 1959 825 observari,

1220 841 1333 884 sieque
1360 847 1391 873 et
1416 851 1481 874 non
1508 840 1604 873 aliter
1629 840 1660 872 in
1686 838 1876 882 praemissis
1902 849 1962 882 per

1221 905 1443 938 quoscumque
1470 893 1595 926 iudices
1619 893 1802 926 ordinarios
1827 898 1858 926 et
1876 892 1963 925 dele—

1221 954 1325 991 gatos,
1355 948 1452 981 etiam
1471 957 1642 980 causarum
1660 945 1772 990 palatii
1792 945 1963 989 apostolici

1221 1001 1411 1041 auditores,
1439 1012 1474 1034 ac
1501 1000 1648 1033 eiusdem
1674 998 1706 1032 S.
1733 998 1770 1031 R.
1790 998 1825 1031 E.
1861 998 1963 1031 cardi-

1221 1054 1334 1094 nales,
1363 1054 1458 1087 etiarn
1486 1053 1524 1086 de
1550 1054 1652 1086 latere
1678 1053 1805 1094 legatos
1832 1056 1864 1084 et
1884 1050 1963 1084 alios

1222 1108 1385 1151 quoslibet
1409 1118 1612 1150 quacumque
1639 1105 1966 1149 praeeminentiam

1222 1165 1381 1203 potestate
1402 1160 1573 1202 fungentes
1595 1165 1626 1192 ct
1642 1160 1821 1199 funt-turos,
1841 1158 1966 1190 sublata

1222 1215 1267 1246 eis
1294 1219 1325 1246 et
1350 1224 1462 1246 eorum
1491 1212 1625 1245 cuilibet
1654 1213 1765 1255 quavis
1795 1212 1890 1246 aliter
1920 1212 1967 1244 iu-

1223 1267 1350 1299 dicandi
1378 1272 1409 1299 et
1433 1266 1670 1309 interpretandi
1699 1266 1851 1299 facultate
1867 1271 1967 1299 etau-

1223 1321 1387 1360 ctoritate,
1405 1320 1538 1353 iudicari
1565 1326 1595 1353 et
1620 1319 1746 1353 definiri
1766 1320 1907 1361 debere,
1931 1331 1967 1354 ac

1225 1374 1353 1407 irritum
1387 1379 1417 1407 et
1450 1374 1547 1406 inane
1580 1374 1605 1406 si
1632 1384 1726 1406 secus
1752 1384 1849 1417 super
1876 1374 1926 1406 liis
1952 1384 1969 1406 a

1226 1439 1412 1471 quoquam,
1440 1427 1551 1470 quavis
1577 1426 1791 1467 auctoritate,
1829 1427 1970 1460 scienter

1227 1483 1275 1514 vel
1303 1482 1503 1523 ignoranter,
1531 1480 1708 1523 eontigerit
1733 1480 1897 1513 attentari.

1271 1536 1285 1579 ξ
1311 1535 1341 1568 7.
1368 1534 1438 1568 Non
1465 1534 1671 1567 obstantibus
1697 1532 1841 1567 eiusdem
1873 1533 1970 1567 Inno-

1228 1589 1323 1622 centii
1350 1587 1614 1633 praedecessoris
1640 1587 1756 1620 litteris
1782 1598 1817 1621 ac
1839 1588 1970 1621 decreto

1227 1640 1497 1685 Congregationis
1524 1640 1738 1673 cardinalium
1761 1646 1792 1682 et
1808 1642 1972 1684 praelato-

1230 1707 1298 1728 rum
1325 1706 1422 1738 super
1448 1694 1619 1737 disciplina
1649 1694 1792 1736 regulari
1823 1693 1970 1737 supradi-

1229 1750 1310 1789 etis,
1337 1748 1473 1791 aliisque
1499 1747 1764 1780 costitutionibus
1790 1751 1819 1780 et
1845 1746 1972 1780 ordina-

1230 1802 1373 1836 tionibus
1414 1801 1631 1845 apostolieis,
1662 1811 1789 1834 necnon
1816 1799 1945 1834 Ordinis
1962 1827 1970 1841 ,

1207 1868 1208 1872 ¹
1228 1855 1496 1899 Congregationis
1522 1854 1553 1887 S.
1569 1854 1716 1893 Sabinae,
1737 1859 1768 1886 et
1786 1853 1971 1897 provinciae

442 1921 497 1949 aut
521 1915 679 1948 nullitatis
705 1913 806 1953 vitio,
834 1923 889 1945 seu
916 1911 1108 1944 intentionis
1135 1922 1208 1960 ηο-ᾸῚ

442 1976 534 2009 strae,
561 1974 615 2002 aut
641 1969 802 2001 interesse
830 1966 1019 1999 habentium
1045 1961 1208 1999 consen-i

1229 1920 1264 1942 ao
1290 1914 1508 1942 conventuum
1534 1907 1738 1948 huiusmodi,
1765 1907 1876 1940 aliisve
1901 1907 1972 1951 qui-

1229 1963 1350 2003 busvis,
1378 1962 1473 1995 etiam
1501 1961 1695 2001 iuramento,
1723 1959 1971 1994 confirmatione

1206 2017 1415 2060 :apostolica,
1445 2016 1493 2048 vel
1520 2014 1632 2058 quavis
1659 2014 1810 2048 firmitate
1837 2015 1899 2047 alia
1922 2025 1972 2047 ro-

1229 2071 1353 2104 boratis
1372 2096 1379 2110 ,
1419 2068 1546 2101 statutis
1583 2074 1615 2101 et
1655 2067 1946 2101 consuetudinibus
1964 2095 1972 2108 ‚

1230 2123 1410 2168 privilegiis
1436 2132 1594 2166 quoque,
1624 2121 1759 2154 indultis
1785 2126 1816 2154 et
1854 2120 1972 2154 litteris

1229 2176 1428 2220 apostolicis,
1445 2176 1567 2209 eisdem
1585 2174 1707 2215 Ordini,
1723 2174 1972 2218 Congregationi

1229 2230 1260 2264 S.
1277 2230 1425 2269 Sabinae,
1444 2235 1475 2262 et
1493 2228 1682 2272 provinciae
1698 2238 1733 2261 ac
1748 2227 1970 2267 conventibus,

1230 2284 1425 2326 illorumque
1441 2282 1621 2326 respective
1636 2281 1792 2324 magistro
1808 2287 1839 2313 et
1854 2280 1972 2314 vicario

1231 2337 1376 2381 generali
1403 2342 1433 2369 et
1459 2335 1728 2380 provincialibus,
1755 2334 1893 2378 aliisque
1919 2344 1973 2367 su-

1207 2429 1208 2432 ,
1230 2391 1426 2434 perioribus,
1447 2389 1598 2422 fratribus
1618 2394 1649 2421 et
1667 2387 1814 2431 personis
1840 2387 1973 2430 quibus-

1231 2444 1333 2482 libet,
1358 2443 1418 2475 sub
1444 2442 1703 2485 quibuscumque
1730 2440 1901 2473 verborum
1921 2445 1973 2473 te·-

1231 2497 1366 2529 noribus
1392 2503 1421 2529 et
1453 2496 1588 2534 formis,
1626 2505 1661 2527 ae
1694 2504 1766 2527 eum
1805 2493 1972 2536 quibusvis

448 2560 502 2587 aut
528 2554 713 2596 impetrato,
739 2563 793 2585 seu
820 2554 914 2585 etiam
931 2558 1028 2591 motu,
1054 2551 1187 2584 scientia
1231 2551 1327 2582 etiam
1354 2549 1634 2592 derogatoriarurn
1663 2547 1889 2590 derogatoriis,
1915 2546 1971 2579 ali-

449 2613 480 2641 et
503 2606 677 2651 potestatis
700 2605 903 2650 plenitudine
930 2605 1089 2638 similibus
1115 2614 1188 2638 con·
1231 2602 1323 2646 isque
1349 2601 1594 2643 efficacioribus,
1621 2599 1852 2634 efficacissimis
1879 2604 1910 2633 et
1927 2599 1973 2634 in-

1963 205 2015 232 An.
2038 206 2065 233 C.
2082 207 2147 235 ¹725

2001 1541 2160 1567 Derogatunae.
