2170 3147
7 216 56 244 An.
73 214 103 242 C.
123 213 191 242 1725

197 261 282 294 rales
322 260 409 294 idem
448 259 686 303 importantcs,
717 259 837 292 mentio
878 269 934 292 seu

794 209 985 235 BENEDICTUS
1012 209 1066 234 XIII
1091 209 1137 233 Pr.

1025 258 1136 291 Datum
1161 257 1290 297 Romae,
1317 256 1401 300 apud
1427 256 1457 289 S.
1478 255 1616 296 Petrum,
1636 265 1720 288 anno

199 313 330 358 quaevis
356 313 418 347 alia
443 313 608 356 expressio
637 311 787 345 habenda
805 317 859 344 aut
883 312 936 344 ali·
980 310 1214 343 lncarnationis
1264 310 1445 343 dominicae
1488 318 1654 349 nnccxxv,
1692 319 1720 341 vi

198 377 262 409 qua
298 366 360 399 alia
396 365 554 408 exquisita
591 365 691 397 forma
716 364 754 396 ad
781 364 844 396 hoc
874 375 938 396 ser·
982 363 1052 395 idus
1078 363 1169 404 iunii,
1197 362 1401 406 pontificatus
1427 362 1525 396 nostri
1552 372 1636 395 anno
1662 371 1697 393 11.

197 419 301 451 vanda
327 418 421 457 soret,
442 418 573 450 illorum
598 417 743 450 omnium
773 421 805 448 et
829 416 939 458 singu-

197 471 303 504 lorum
329 477 469 509 tenoreS,
488 470 607 502 formas
633 474 665 502 et
689 468 886 509 occasiones,
903 477 939 501 ac

197 523 258 557 alia
293 524 389 556 etiam
426 522 560 567 speciali
598 521 807 566 expressione
828 520 936 563 digna,

198 577 425 620 praesentibus
460 586 520 619 pro
556 577 654 619 plene
686 580 717 608 et
742 573 941 606 sufficienter

199 630 362 673 expressis
387 635 418 662 et
442 628 572 662 insertis
593 639 628 662 ac
644 627 813 660 reservatis
831 636 940 669 respe-

198 682 278 715 ctive
304 682 475 722 habentes,
503 682 563 714 hac
589 681 657 714 vice
683 681 858 719 dumtaxat,
876 679 940 712 illis

198 735 276 768 alias
311 735 343 767 in
379 745 437 767 suo
476 734 594 767 robore
630 733 865 777 permansuris,
900 731 938 764 ad

199 787 452 832 praemissorum
490 786 659 826 effectum,
685 785 871 829 specialiter
911 790 941 817 et

200 851 352 884 expresse
378 840 583 882 derogamus,
603 849 638 872 ac
660 839 850 881 derogatum
869 847 939 870 esse

198 896 369 934 volumus·,
396 893 577 936 ceterisque
604 891 777 925 contrariis
810 891 940 934 quibus-

199 958 350 992 cumque.

244 1002 259 1045 g
282 1001 337 1034 11.
363 1000 404 1034 Ut
421 1005 525 1033 autem
543 1004 735 1043 praesentes
758 998 883 1031 litterae
902 997 940 1030 ad

202 1055 346 1089 omnium
372 1053 518 1086 notitiam
546 1053 669 1098 facilius
699 1051 884 1091 deveniant,
911 1056 943 1084 et

201 1119 297 1142 nemo
322 1108 447 1141 illarum
479 1105 694 1149 ignorantiam
727 1105 867 1147 allegare
892 1114 942 1137 va-

201 1162 275 1201 leat,
301 1161 449 1194 volumus
474 1159 546 1192 illas
570 1169 626 1191 seu
653 1168 763 1191 earum
796 1158 943 1200 exempla

201 1214 240 1248 ad
265 1215 371 1248 valvas
397 1212 554 1246 ecclesiae
579 1211 805 1244 Lateranensis
834 1215 865 1243 et
888 1210 942 1243 ba—

201 1268 312 1302 silicae
349 1266 508 1310 Prineipis
539 1265 779 1309 Apostolorum,
816 1275 941 1297 necnon

200 1321 417 1356 Cancellariae
443 1320 657 1364 Apostolicae,
683 1319 864 1363 Cariaeque
891 1329 943 1361 gc-

201 1375 321 1410 neralis
356 1375 389 1408 in
413 1375 520 1408 Monte
546 1374 722 1414 Citatorio‚
749 1385 783 1406 ac
817 1373 847 1405 in
874 1373 941 1406 acie

201 1429 414 1473 Campissorae
432 1428 470 1461 de
489 1427 582 1468 L'rbe,
601 1433 636 1460 ut
657 1427 756 1460 moris
779 1432 838 1467 est,
859 1427 942 1469 astigi

202 1489 233 1516 et
250 1482 420 1526 publicari,
438 1481 550 1524 sicque
569 1481 750 1524 publicatas
773 1485 805 1513 et.
820 1479 940 1520 affixas,

202 1545 315 1569 omnes
340 1540 372 1568 et
395 1534 554 1576 singulos,
582 1543 660 1576 quos
699 1533 772 1565 illae
809 1542 943 1565 concer-

202 1594 292 1629 nunt,
319 1587 456 1631 perinde
481 1591 608 1619 arctare
634 1591 665 1619 et
689 1586 827 1625 afficere,
856 1596 892 1618 ac
917 1585 941 1617 si

202 1641 376 1684 unicuique
401 1650 511 1673 eorum
536 1639 726 1672 nominatim
745 1644 775 1671 et
793 1648 944 1681 persona-

201 1695 277 1728 liter
300 1693 466 1726 intimatae
492 1692 645 1732 fuissent,
671 1697 771 1735 utque
801 1692 942 1735 ipsarum

201 1747 418 1791 praesentium
446 1746 628 1779 litterarum
655 1746 873 1789 transumptis,
887 1757 942 1779 seu

201 1801 366 1845 exemplis,
382 1799 476 1833 etiam
499 1799 674 1841 impressis,
692 1809 788 1832 manu
807 1799 943 1832 alicuius

201 1853 319 1887 notarii
338 1852 459 1897 publici
479 1852 681 1896 subscriptis,
700 1857 731 1885 et
749 1853 856 1895 sigillo
877 1862 945 1896 per.

201 1916 299 1940 sonae
324 1907 356 1939 in
383 1906 603 1939 ecclesiastica
634 1905 792 1948 dignitate
826 1905 945 1938 consti-

204 1965 288 1994 tutae
313 1959 453 1999 munitis,
476 1959 588 1992 eadem
614 1969 750 2002 prorsus
776 1959 856 1991 fides
882 1964 945 1991 tam

203 2013 234 2046 in
259 2012 381 2046 iudicio
403 2022 498 2056 quam
518 2017 605 2045 extra
623 2011 700 2045 illud
720 2012 840 2055 ubique
858 2012 946 2044 adhi-

203 2067 328 2106 beatur,
350 2076 432 2109 qnae
458 2065 536 2109 ipsis
560 2065 787 2108 praesentibus
813 2065 946 2099 adhibe-

204 2124 293 2152 retur
317 2118 343 2151 si
370 2119 474 2151 forent
499 2118 661 2151 exhibitae
684 2119 733 2151 vel
759 2123 921 2152 ostensae.

249 2171 342 2216 519.
369 2171 454 2204 Nulli
492 2182 571 2215 ergo
608 2172 741 2205 omnino
775 2172 946 2205 hominum

204 2225 302 2258 liceat
325 2224 478 2268 paginam
502 2224 587 2257 hanc
611 2230 740 2258 nostrae
766 2226 945 2267 voluntatis,

206 2278 396 2319 sanctionis,
424 2278 601 2321 praecepti,
628 2278 769 2315 decreti,
795 2279 946 2319 mandati,

205 2331 433 2374 prohibitionis
459 2336 489 2364 et
510 2331 732 2374 derogationis
760 2331 945 2373 infringere,

206 2389 260 2416 aut
280 2384 308 2417 ei
334 2395 411 2417 ausu
430 2383 602 2417 temerario
628 2384 809 2423 contraire;
830 2384 854 2416 si
874 2384 946 2426 quis

206 2444 314 2471 autem
333 2438 396 2471 hoc
425 2443 585 2471 attentare
610 2437 874 2480 praesumpserit,
900 2437 948 2468 in-

194 2491 430 2534 dignationem
464 2489 697 2533 omnipotentis
724 2489 780 2521 Dei
805 2500 841 2522 ac
872 2490 947 2522 bea-

209 2549 315 2576 torum
333 2543 418 2576 Petri
436 2549 467 2576 et
482 2543 571 2575 Pauli
589 2542 812 2585 apostolorum
830 2542 896 2573 eius
915 2552 947 2573 se

207 2596 331 2632 noverit
356 2596 573 2630 incursurum,

77 1011 190 1032 mandatur

7 1039 105 1060 habenda
139 1038 190 1060 [ides

7 1067 150 1092 transumptis.

38 2175 125 2198 Sanctio
145 2182 194 2203 poe-

11 2204 72 2225 nnis.

1018 423 1078 450 Dat.
1100 424 1146 450 die
1166 423 1182 450 8
1201 424 1267 451 iunii
1291 425 1368 456 1725,
1391 423 1491 458 pontif.
1515 419 1585 450 anuo
1607 429 1633 449 11.

1286 566 1413 598 LXXIV.

985 645 1206 687 Confirmatio·
1222 644 1381 677 dem-elma
1399 645 1554 687 mayislri
1565 645 1724 687 yeneralis

1027 699 1194 731 Minervam
1225 698 1262 731 de
1297 698 1508 731 Obserranlt'ti
1540 698 1724 740 approbans

1028 751 1221 794 bipartitam
1241 751 1421 794 quamdam
1439 750 1670 783 (illerualifflm
1684 751 1725 791 of-

1027 804 1176 847 ficiorum
1192 797 1381 847 provinciae
1398 804 1431 837 S.
1451 803 1627 836 Saltu-nini
1644 813 1725 834 mar-

1029 857 1111 899 tyris
1135 856 1217 889 dicte?
1242 855 1415 890 Ordinis¹.

1170 938 1351 966 Benedictus
1373 938 1451 971 Papa
1471 937 1550 970 xm,

1127 983 1164 1009 ad
1184 983 1319 1010 futuram
1337 982 1381 1010 rei
1402 982 1586 1010 memoriam.

1017 1055 1032 1098 g
1047 1054 1074 1087 1.
1090 1054 1205 1098 Nuper,
1221 1065 1279 1098 pro
1295 1060 1385 1098 parte
1401 1054 1509 1088 dilecti
1525 1054 1578 1087 filii
1593 1054 1725 1087 Antonii

987 1108 1077 1147 Mula,
1104 1108 1324 1151 procuratoris
1350 1108 1537 1151 provinciae
1563 1107 1594 1141 S.
1614 1107 1723 1140 Satur-

988 1161 1054 1193 nini
1081 1161 1229 1204 martyris
1247 1160 1375 1193 Ordinis
1395 1160 1551 1193 Minoruni
1577 1160 1608 1194 S.
1630 1160 1724 1193 Fran-

988 1214 1063 1247 cisci
1083 1214 1121 1247 dc
1136 1213 1346 1246 observantia
1371 1214 1409 1246 ab
1428 1213 1514 1246 illius
1541 1212 1725 1246 definitorio

988 1267 1176 1310 specialiter
1193 1267 1346 1310 deputati,
1359 1267 1452 1300 nobis
1467 1267 1623 1310 exposito,
1639 1267 1725 1310 quod

988 1322 1078 1361 alias,
1096 1333 1213 1365 nempe
1233 1322 1283 1355 die
1301 1333 1352 1355 xix
1370 1321 1525 1354 februarii
1540 1332 1672 1361 nnccw,
1687 1321 1725 1354 ad

987 1387 1100 1420 pacem
1126 1376 1157 1409 in
1183 1376 1326 1419 praefata
1361 1375 1529 1418 provincia
1563 1379 1724 1418 perpetuo

988 1431 1204 1470 servandam,
1237 1440 1272 1463 ac
1305 1429 1484 1463 seditiones
1515 1429 1727 1461 exterminan-

988 1484 1051 1523 das,
1071 1494 1152 1526 quae
1174 1483 1206 1516 in
1225 1482 1457 1515 distribuendis
1477 1481 1591 1514 officiis
1609 1486 1637 1514 et
1662 1491 1725 1513 mu-

987 1536 1118 1569 neribus
1137 1535 1237 1579 ipsius
1256 1535 1443 1578 provinciae
1464 1534 1541 1567 oriri
1560 1539 1723 1577 poterant,

987 1589 1132 1622 omnium
1158 1594 1232 1621 voto
1259 1594 1290 1621 ct
1315 1598 1472 1621 consensu
1499 1587 1639 1620 stabilita
1664 1587 1726 1619 sue-

987 1648 1033 1674 rat
1072 1641 1262 1675 alternatim
1296 1641 1379 1673 inter
1412 1641 1524 1673 fratres
1557 1645 1726 1672 montanos

988 1706 1023 1728 ex
1050 1696 1112 1727 uua
1139 1700 1170 1727 ct
1195 1694 1400 1737 campesinos
1437 1705 1473 1726 ex
1504 1695 1603 1726 altera
1628 1694 1726 1736 parti—

986 1749 1058 1787 bus,
1075 1748 1197 1780 scilicet
1223 1747 1320 1790 quod,
1339 1748 1467 1790 quando
1486 1746 1634 1779 minister
1651 1756 1727 1789 pro-

988 1800 1133 1833 vincialis
1159 1811 1227 1833 cum
1254 1800 1376 1832 duobus
1403 1799 1630 1832 definitoribus
1667 1798 1727 1831 erit

988 1864 1024 1886 ex
1053 1856 1115 1886 una
1140 1859 1243 1896 parte,
1275 1857 1382 1885 custos
1408 1863 1477 1884 cum
1503 1852 1574 1884 aliis
1600 1851 1726 1884 duobus

990 1907 1214 1940 definitoribus
1232 1906 1283 1939 (iat
1302 1917 1337 1938 ex
1357 1905 1428 1945 alia,
1446 1905 1534 1937 etsie
1556 1905 1726 1944 vicerermi,

990 1960 1140 2002 eligendo
1167 1960 1197 1992 in
1224 1959 1329 2002 primo
1354 1959 1505 2002 capitulo,
1528 1958 1726 1991 celebrando

989 2019 1061 2056 post
1086 2013 1267 2046 huiusmodi
1295 2011 1487 2045 concordiae
1514 2011 1728 2043 confirmatio-

991 2075 1083 2105 nem,
1111 2064 1290 2097 ministrum
1316 2063 1546 2107 provincialem
1573 2073 1608 2095 ex
1636 2066 1726 2104 parte

991 2123 1231 2157 montanorum,
1259 2117 1333 2150 itcm
1355 2127 1390 2149 ex
1413 2115 1560 2148 undecim
1580 2114 1727 2157 guardia-

990 2171 1039 2204 nis
1059 2171 1217 2213 eligendis
1235 2170 1264 2202 in
1284 2169 1424 2212 praefata
1443 2167 1616 2211 provincia,
1639 2167 1727 2210 quin—

991 2236 1053 2268 que
1079 2224 1208 2268 quidem
1234 2234 1269 2256 ex
1297 2228 1388 2266 parte
1419 2221 1563 2254 ciusdem
1589 2221 1727 2253 ministri

1046 2340 1055 2365 1
1085 2338 1121 2365 De
1150 2337 1308 2365 alternatim
1338 2336 1487 2363 officiorum
1515 2344 1562 2371 pro
1590 2336 1728 2370 provincia

990 2382 1018 2408 S.
1036 2382 1145 2408 Antonii
1161 2382 1186 2407 in
1206 2381 1341 2407 Lusitania
1355 2380 1486 2407 Minoruin
1504 2380 1536 2406 de
1552 2379 1726 2407 observantia

991 2426 1236 2458 niscalceaiorum‚
1264 2425 1325 2451 vide
1347 2424 1512 2451 lnnuocentii
1532 2424 1590 2451 ΧῙΙΙ
1619 2425 1726 2451 constit.

990 2470 1054 2497 edit.
1075 2476 1202 2503 mnccxxi,
1223 2469 1265 2496 die
1286 2469 1319 2496 16
1338 2469 1415 2501 iunii,
1435 2468 1529 2504 pontif.
1551 2476 1581 2501 13
1603 2472 1629 2495 et
1648 2468 1727 2495 liuius

990 2514 1130 2541 Pontifieis
1159 2513 1266 2540 constit.
1287 2513 1352 2539 edit.
1374 2519 1506 2546 ›inccxxtg
1533 2513 1576 2539 die
1595 2514 1629 2540 ⁶25
1649 2512 1725 2543 iunii²

990 2558 1084 2593 pontis.
1106 2564 1135 2592 ιι,
1155 2557 1243 2592 agitur
1262 2556 1294 2584 de
1315 2557 1474 2584 alternativa
1500 2556 1651 2584 officiorum
1680 2556 1727 2583 Μίη

990 2609 1086 2630 norum
1107 2601 1139 2628 de
1159 2600 1339 2630 observantia
1357 2601 1514 2638 provinciae
1534 2600 1648 2628 Siciliae.

1619 196 1682 230 203
1729 204 1779 231 An.
1797 204 1825 232 C.
1845 204 1912 233 1725

1747 1043 1853 1083 Exposrtio
1865 1057 1920 1077 saell.
