2170 3147
244 208 292 234 An.
314 207 342 234 c.
363 207 430 234 ¹7⁴2ss
476 197 539 231 4118

442 258 570 289 turbare
598 257 737 289 audeant
767 255 831 288 sire
870 259 1081 298 praesumant
1102 265 1109 293 ;
1130 253 1185 286 de-

443 316 634 347 cernentes,
658 309 921 351 exemptionem,
944 306 1185 339 immunitatem

443 374 477 395 ac
500 363 607 395 omnia
623 368 653 395 et
678 362 805 403 singula
834 361 896 394 alia
921 359 1098 404 praemissa
1127 369 1186 402 per

442 416 607 459 praefatos
652 421 683 447 et
714 424 942 457 quoscumque
983 413 1063 445 alios
1105 422 1181 455 per-

443 475 541 511 petuo
576 467 808 500 inviolabiliter
844 466 1031 507 observari,
1058 475 1184 498 necnon

444 528 634 565 praesentes
672 521 794 553 litteras
827 520 887 552 sub
921 519 1185 563 quibuscumque

444 576 719 615 revocationibus,
746 573 1035 617 suspensionibus,
1061 571 1188 605 modifi-

445 629 642 663 cationibus,
668 627 940 667 liiuitatiouibus‚
966 624 1187 668 derogationi-

444 683 505 715 bus
525 682 679 714 similium
709 682 757 714 vel
781 680 985 713 dissimilium
1011 678 1188 722 exemptio-

446 747 519 768 num
547 742 601 767 aut
627 735 760 767 aliarum
794 733 971 776 gratini-um
1008 733 1103 765 etiam
1128 742 1188 775 per

446 800 504 822 nos
521 795 551 821 et
571 789 684 821 Sedsm
705 788 881 831 praefatam
900 786 959 819 sub
978 785 1189 828 quibuscum-

449 854 511 886 que
546 842 714 874 tenoribus
747 847 778 873 et
803 840 914 873 formis
941 838 998 872 ae‘
1026 849 1098 872 cum
1125 837 1188 881 qui-

446 896 557 929 busvis
584 895 737 928 clausulis
757 900 787 927 et
804 893 943 927 decretis
965 902 1023 936 pro
1043 897 1190 935 tempore

447 951 539 984 sactis
566 949 699 982 minime
734 947 991 991 comprehendi,
1020 947 1078 979 sed
1104 956 1190 979 sein-

448 1015 507 1048 per
533 1004 571 1037 ab
592 1003 655 1036 illis
676 1001 875 1046 exemptas&
896 1007 937 1041 et,
959 1001 1089 1044 quoties
1115 1000 1189 1033 illae

449 1058 657 1096 emanalmut,
685 1056 778 1089 toties
805 1056 837 1088 iu
864 1054 1034 1098 pristinum
1057 1060 1089 1087 et
1116 1054 1191 1087 vali-

450 1112 618 1145 dissimum
641 1116 758 1143 statum
784 1109 960 1148 restitutas,
982 1108 1140 1151 repositas
1161 1114 1193 1140 et

449 1165 615 1210 plenariae
649 1164 864 1205 reintegratus
897 1172 966 1195 esse
993 1167 1023 1194 et
1048 1161 1189 1201 censeri,

450 1219 542 1252 etsie
568 1229 627 1261 per
653 1221 877 1260 quoscumque
899 1215 1021 1247 iudices
1048 1220 1079 1247 et
1104 1225 1192 1248 com-

450 1272 628 1310 missarios,
650 1271 744 1303 etiam
771 1279 941 1302 causarum
973 1268 1083 1311 palatii
1117 1279 1194 1311 apo-

451 1327 558 1359 stolici
578 1326 757 1363 auditores,
780 1334 815 1356 ac
832 1323 863 1356 S.
887 1322 924 1355 R.
943 1322 978 1355 E.
998 1322 1193 1362 cardinales,

451 1380 579 1413 sublata
610 1379 654 1411 cis
688 1384 719 1410 et
755 1387 868 1410 eorum
903 1375 1039 1409 cuilibet
1083 1374 1195 1418 quavis

452 1434 547 1466 aliter
579 1430 745 1464 iudicandi
777 1438 807 1463 et
833 1428 1071 1472 interpretandi
1098 1428 1197 1461 sacul-

454 1491 516 1518 tate
543 1491 574 1517 et
599 1483 814 1523 auctoritate,
846 1482 982 1515 iudicari
1009 1487 1041 1514 et
1067 1480 1196 1514 deliniri

454 1539 587 1577 debere,
605 1549 640 1571 ac
658 1538 785 1570 irritum
808 1541 837 1569 et
857 1536 953 1569 inane
972 1534 1130 1579 quidquid
1153 1545 1198 1567 se-

455 1603 509 1626 cus
536 1602 635 1635 super
669 1591 718 1622 liis
743 1601 760 1623 a
786 1600 971 1633 quoquam,
999 1588 1111 1632 quavis
1144 1598 1199 1620 au-

454 1646 614 1685 ctoritate,
634 1645 773 1677 scienter
802 1644 851 1676 vel
877 1643 1080 1685 ignoranter,
1099 1641 1199 1674 conti-

455 1701 537 1743 gerit
570 1699 735 1731 attentari.
761 1697 921 1736 Quocirca
955 1695 1197 1729 venerabilibus

455 1753 608 1786 fratribus
626 1750 744 1785 nostris
759 1749 963 1783 Amerinensi
979 1755 1011 1782 et
1028 1748 1198 1781 Narniensi

455 1818 492 1840 ac
527 1805 738 1839 Maceratensi
766 1803 930 1847 episcopis
969 1808 1058 1835 motu
1100 1801 1199 1835 simili

455 1871 515 1904 per
535 1859 717 1903 apostoliea
749 1858 870 1901 scripta
895 1857 1095 1895 mandamus,
1122 1866 1200 1898 qua-

456 1920 550 1947 tenus
572 1913 643 1956 ipsi,
670 1913 718 1945 vel
742 1912 814 1951 duo,
835 1915 888 1944 aut
906 1920 988 1943 tinus
1007 1920 1126 1950 eorum,
1142 1919 1201 1952 per

457 1979 502 2007 se,
528 1968 576 1999 vel
603 1967 712 2003 alium,
738 1976 793 1998 seu
820 1964 910 2004 alios,
935 1970 1127 2007 praesentes
1154 1962 1201 1995 lit-

459 2028 541 2054 teras
569 2026 600 2052 et
625 2020 657 2051 iu
684 2018 730 2051 eis
764 2022 919 2051 contenta
949 2027 1199 2060 quaecumque,

459 2074 514 2107 ubi
540 2079 571 2106 et
599 2072 728 2116 quando
755 2082 835 2114 opus
868 2070 986 2110 suerit,
1016 2075 1047 2103 et
1072 2069 1201 2112 quoties

458 2138 518 2171 pro
545 2132 637 2169 [aute
663 2124 932 2167 Congu-egatiouis
958 2130 989 2156 et
1007 2123 1201 2156 clericorum

460 2181 581 2213 fuerint
617 2178 783 2222 requisiti,
810 2177 1003 2210 solemniter
1034 2176 1204 2220 publican-

460 2240 517 2273 tes,
546 2233 674 2276 sibique
702 2237 734 2264 et
758 2242 873 2264 eorum
899 2230 1035 2263 cuilibet
1059 2230 1092 2262 in
1111 2240 1203 2273 prae-

460 2287 566 2319 missis
612 2285 752 2319 ellicacis
792 2284 992 2317 ‹lesensionis
1039 2283 1203 2327 praesidio

461 2341 675 2379 assistentes,
709 2339 827 2371 saciant
863 2337 1055 2370 auctoritate
1094 2339 1205 2370 nostra

461 2393 535 2425 illos
570 2398 601 2424 ct
638 2402 750 2424 eorum
791 2391 937 2433 singulos
975 2390 1203 2433 exemptione,

463 2448 648 2485 voluntate,
675 2445 870 2477 inhibitione
893 2449 923 2477 ct
949 2444 1094 2484 decreto,
1122 2443 1205 2476 aliis-

462 2510 524 2542 que
563 2498 748 2541 praemissis
789 2497 921 2541 pacifice
960 2497 1020 2530 frui
1058 2502 1088 2531 et
1121 2507 1202 2539 gau-

499 2573 509 2595 1
534 2569 604 2594 Edit.
623 2568 701 2594 Maiu.
719 2568 784 2602 legit
803 2577 820 2594 a
841 2577 890 2603 pro
911 2577 944 2595 ac
958 2569 997 2602 (R.
1014 2569 1063 2601 T.).

498 2615 513 2641 2
535 2614 570 2641 De
594 2621 669 2640 ruore
690 2612 749 2648 lege
770 2616 901 2648 exceptas
921 2616 961 2647 (n.
984 2612 1033 2647 τ.).

1020 204 1202 229 BULLARIUM
1227 202 1382 228 ROMANUM

1228 252 1318 293 dere,
1344 262 1410 286 non
1448 252 1677 296 permittentes
1713 250 1789 284 eos¹
1829 250 1970 294 desuper

1228 316 1287 348 per
1312 306 1529 346 collectores,
1557 305 1752 348 gabellarios
1789 309 1822 337 et
1846 308 1968 337 exacto-

1228 368 1279 390 res
1305 359 1481 402 praefatos,
1512 357 1593 392 aut²
1622 367 1848 401 quoscumque
1877 356 1970 397 alios,

1229 412 1267 445 ad
1287 413 1429 456 aliquam
1455 412 1662 452 solutionem,
1690 409 1970 443 contributionem

1230 467 1278 498 vel
1304 466 1559 509 praestationem
1593 464 1848 508 praemissorum
1880 473 1972 496 occa-

1207 518 1323 552 =sione
1355 518 1603 563 quomodolibet
1640 516 1818 550 faciendam
1856 515 1972 560 quovis

1230 573 1328 606 modo
1353 573 1426 616 cogi
1452 578 1484 606 et
1509 571 1680 615 compelli,
1707 577 1763 603 aut
1791 569 1869 603 alias
1897 579 1973 602 con·

1233 631 1280 659 tra
1305 626 1527 669 praesentium
1553 631 1697 659 tenorem
1723 622 1976 667 quomodolibet

1231 681 1420 720 molestari,
1458 678 1646 723 perturbari
1683 683 1737 711 aut
1772 675 1971 720 inquietari,

1231 733 1488 766 contradictores
1514 731 1679 775 quoslibet
1704 735 1736 763 et
1759 729 1898 762 rebelles
1916 737 1976 772 per

1232 786 1415 828 praedictas
1450 785 1595 828 aliasque
1627 788 1831 827 opportunas
1863 791 1977 814 censu-

1232 849 1282 871 ras
1310 843 1341 871 et
1365 849 1508 882 poenas,
1526 837 1746 881 appellatione
1776 834 1973 880 postposita,

1232 892 1475 935 compescendo
1492 920 1500 933 ,
1535 902 1591 931 ac,
1618 889 1772 933 legitimis
1802 898 1902 932 super
1926 887 1977 921 his

1234 945 1394 979 habendis
1416 945 1551 978 servatis
1578 943 1795 988 processibus,
1822 951 1976 976 censuras

1234 1005 1266 1032 ct
1291 1008 1415 1042 poenas
1441 998 1630 1031 huiusmodi
1664 996 1843 1029 incurrisse
1872 995 1978 1028 decla-

1235 1053 1356 1091 made,
1383 1052 1453 1085 illas
1484 1052 1581 1085 etiam
1615 1050 1739 1084 iteratis
1771 1049 1894 1083 vicibus
1924 1059 1980 1093 ag-

1235 1107 1426 1150 gravando,
1465 1105 1738 1148 interdictumque
1774 1103 1975 1137 ecclesi-asti-

1977 201 2024 228 An.
2045 202 2074 230 C.
2092 203 2170 235 1725·-

1235 1170 1305 1192 etun
1324 1159 1539 1202 apponendo,
1560 1158 1710 1192 invocato
1732 1157 1827 1190 etiam
1844 1157 1884 1190 ad
1905 1156 1979 1196 hoc,
1997 1169 2001 1173 ·

1236 1213 1261 1246 si
1288 1223 1371 1256 opus
1400 1213 1461 1252 sit,
1488 1211 1608 1246 auxilio
1637 1210 1763 1244 brachii
1789 1209 1977 1244 saecularis.

1235 1266 1304 1299 Non
1323 1266 1527 1299 obstantibus
1547 1265 1648 1298 felicis
1669 1263 1906 1297 recordationis
1923 1263 1981 1296 Bo-

1236 1320 1347 1353 nil'aeii
1374 1320 1478 1364 Papae
1504 1319 1567 1353 vill
1591 1319 1857 1363 praedecessoris
1876 1317 1981 1352 nostri

1239 1374 1277 1406 de
1311 1376 1397 1414 una,
1427 1379 1459 1406 et
1484 1374 1613 1406 concilii
1647 1373 1811 1416 generalis
1837 1372 1876 1406 de
1904 1372 1982 1405 dua-

1239 1428 1298 1460 bus
1325 1427 1443 1467 dietis,
1476 1427 1653 1460 dummodo
1679 1427 1764 1459 ultra
1789 1431 1853 1460 tres
1879 1424 1981 1459 dietas

1245 1480 1361 1524 aliquis
1381 1479 1570 1513 auctoritate
1596 1478 1817 1524 praesentium
1834 1489 1902 1512 non
1920 1483 1983 1512 tra-

1242 1534 1358 1574 liatur,
1395 1544 1431 1567 ac
1467 1534 1538 1566 aliis
1575 1532 1742 1577 quibusvis
1781 1533 1984 1566 constitutio-

1243 1588 1336 1621 nibus
1370 1593 1399 1621 et
1425 1587 1710 1627 ordinationibus,
1740 1587 1838 1620 etiam
1869 1591 1984 1619 contra

1243 1647 1418 1685 exemptas,
1447 1641 1695 1684 quomodolibet
1720 1639 1814 1674 editis
1833 1644 1864 1673 et
1884 1639 1984 1673 eden-

1243 1695 1301 1734 dis,
1326 1706 1362 1727 ac
1384 1695 1481 1727 etiam
1509 1694 1710 1734 iuramento,
1737 1692 1984 1726 confirmatione

1243 1747 1430 1791 apostolica,
1449 1747 1499 1780 vel
1522 1747 1633 1790 quavis
1664 1746 1816 1779 firmitate
1847 1745 1909 1779 alifa
1933 1756 1985 1779 ro-

1243 1801 1363 1835 boratis
1400 1801 1548 1841 statutis,
1583 1806 1614 1833 ct
1650 1799 1925 1843 municipalibus,
1953 1804 1985 1832 et

1245 1854 1550 1894 consuetudinibus,
1571 1853 1661 1886 novis
1688 1852 1986 1893 reformationibus,

1244 1909 1372 1952 legibus
1399 1919 1530 1952 quoque
1557 1907 1802 1951 imperialibus,
1829 1917 1866 1940 ac
1890 1906 1988 1950 privi-

1246 1963 1352 2005 legiis,
1372 1962 1507 1995 indultis
1524 1966 1555 1994 et
1572 1961 1690 1994 litteris
1708 1959 1905 2004 apostolicis,
1921 1959 1988 2004 qui-

1247 2015 1353 2048 busvis
1380 2014 1517 2057 legatis,
1544 2014 1729 2057 vicelegatis
1746 2040 1754 2054 ,
1781 2013 1988 2046 conductori-

1246 2070 1325 2110 bus,
1353 2068 1564 2112 gabellariis,
1589 2067 1822 2101 commissariis
1855 2073 1886 2100 et
1916 2067 1988 2100 aliis

1248 2123 1422 2167 praefatis,
1448 2122 1506 2155 sub
1533 2122 1792 2165 quibuscumque
1819 2120 1988 2154 tenoribus

1248 2182 1280 2210 et
1305 2177 1434 2216 formis,
1460 2186 1496 2208 ac
1521 2185 1592 2208 cum
1620 2174 1785 2218 quibusvis
1810 2175 1906 2208 etiam
1933 2174 1989 2208 de-

1248 2229 1420 2273 rogator-iis
1447 2229 1585 2272 aliisque
1611 2227 1851 2261 efficacioribus
1870 2233 1901 2260 et
1922 2227 1991 2260 esli-

1248 2282 1428 2318 eacissimis
1450 2287 1482 2316 et
1507 2282 1646 2315 insolitis
1673 2281 1838 2321 clausulis,
1858 2280 1991 2314 irritan-

1250 2337 1402 2380 tibusque
1429 2341 1461 2369 et
1484 2336 1554 2368 aliis
1581 2335 1728 2374 decretis,
1748 2336 1780 2367 in
1798 2344 1917 2378 genere
1938 2333 1990 2367 vel

1249 2390 1279 2423 in
1306 2390 1426 2433 specie,
1445 2389 1542 2422 etiam
1561 2393 1649 2421 motu
1669 2387 1777 2427 simili,
1796 2393 1828 2420 et
1845 2397 1881 2420 ex
1903 2388 1992 2420 certe⁴

1249 2443 1406 2482 scientia,
1433 2443 1529 2475 etiam
1554 2440 1833 2479 consistorialiter,
1854 2445 1886 2472 et
1909 2439 1990 2473 alias

1249 2495 1506 2540 quomodolibet,
1524 2494 1620 2528 etiam
1645 2504 1706 2537 per
1730 2503 1799 2533 neS,
1821 2493 1916 2526 etiam
1934 2492 1992 2526 ite-

1286 2568 1295 2593 1
1316 2566 1365 2592 Ed.
1383 2566 1467 2592 Maiu.
1484 2564 1551 2599 legit
1564 2573 1612 2591 eas
1631 2566 1667 2595 (R.
1684 2563 1734 2596 τ.).

1284 2610 1300 2637 2
1320 2609 1391 2638 Edit.
1413 2609 1498 2638 Main.
1520 2609 1586 2645 legit
1601 2611 1633 2637 ut
1653 2615 1701 2644 pro
1718 2609 1768 2635 auc
1791 2607 1830 2643 (R.
1851 2606 1900 2643 τ.).
