2139 3142
15 225 64 253 An.
81 224 110 252 C.
134 224 201 251 1730

61 745 196 766 Confirmatio

15 772 76 794 relati
90 772 179 793 decreti.

48 2134 169 2154 clausulae.

90 2240 204 2263 Dorou-”itio

22 2269 184 2288 contrariorum.

791 221 988 245 BENEDICTUS
1014 220 1069 243 xiil
1094 220 1143 243 Pr,

205 271 350 302 facultatis
373 279 478 309 augere
501 279 558 300 non
582 270 683 310 possit,
701 274 728 299 et
745 270 859 309 quoties
875 269 942 298 novi

205 322 364 350 conventus
386 319 415 348 in
439 320 474 348 ea,
497 319 646 358 provincia
671 319 840 355 fundentur,
865 317 942 347 iuxta
963 339 964 348 t

205 377 359 398 numerum
383 377 440 407 quo
463 368 630 401 fundentur,
655 377 740 407 supra
764 367 864 397 relatis
894 376 943 395 no-

206 417 249 446 vis
272 416 417 446 vocalibus
440 416 594 446 demantur
610 417 759 454 suffragia,
778 415 943 454 incipiendo

206 475 220 495 a
244 465 478 505 praesidentibus
510 470 718 501 conventuum,
743 469 768 493 ot
802 463 906 493 deinde
929 473 942 491 a

206 514 468 553 praedicatoribus,
485 518 600 543 servato
611 514 687 543 inter
699 514 778 552 ipsos
788 512 888 542 ordine
902 511 943 540 in-

206 561 514 597 ferioritatis.Romae‚
528 572 587 590 xxx
599 561 771 600 septembris
784 568 941 589 ninettxxix.

207 610 238 639 F.
263 610 421 639 cardinalis
443 610 583 639 Leucis-ni.
609 609 676 639 Loco
698 611 715 645 †
739 609 835 647 sigyt'lli.
853 625 891 629 —
909 607 942 637 Α.

207 658 442 698 archiepiscopus
465 658 610 688 Pizuizxsls
634 657 819 687 secretarius.

252 744 266 786 ἓ
292 743 323 776 32.
350 743 425 776 Cum
451 750 565 782 autem,
601 744 684 777 sicut
719 744 873 787 praedit-ti
900 745 945 777 Io-

208 796 326 839 sephus
351 801 382 829 et
406 797 592 829 Ernmantwl
619 797 712 829 nobis
738 797 877 829 subinde
897 808 943 829 ex-

208 849 457 892 ponisecerunt,
477 849 537 892 ipsi
558 850 725 881 ‹lecretuni
746 849 942 889 huiusmodi,

209 911 272 944 quo
298 901 420 933 firmius
446 902 596 934 subsistat
629 907 660 934 et
694 907 838 934 servetur
875 912 946 933 exa-

208 955 297 994 ctius,
324 954 520 997 apostolicae
539 954 796 987 confirmationis
815 959 944 986 nostrae

207 1006 326 1039 robore
352 1006 545 1039 communiri
582 1016 787 1049 summopere
822 1006 945 1039 deside-

208 1063 295 1091 rent:
321 1068 389 1098 nos,
405 1058 491 1101 ipsos
518 1058 690 1101 losephum
710 1063 741 1091 ct
756 1058 945 1091 Emmanue-

208 1111 272 1144 lem
291 1111 487 1154 specialibus
511 1111 672 1144 favoribus
690 1117 720 1143 et
745 1111 853 1154 gratiis
870 1123 944 1155 pro-

209 1165 301 1208 sequi
318 1165 471 1205 volentes,
493 1170 524 1198 et
543 1176 654 1198 eorum
674 1165 853 1207 singulares
874 1177 946 1208 per-

209 1228 304 1251 sonas
341 1229 357 1250 a
393 1218 562 1261 quibusvis
603 1219 946 1252 excomniunit-ationis

209 1271 440 1315 suspensionis
456 1277 485 1304 et
500 1271 678 1311 interdicti,
701 1273 837 1315 aliisque
853 1274 950 1305 cccle-

209 1325 348 1357 siasticis
383 1325 574 1364 sententiis,
600 1326 745 1357 censuris
768 1331 797 1358 ct
824 1327 948 1369 poenis,

209 1388 225 1410 a
241 1378 311 1410 iure
337 1378 384 1410 vel
410 1378 449 1410 ab
468 1377 613 1418 homine,
635 1378 746 1421 quavis
777 1379 949 1411 occasione

209 1431 258 1464 vel
288 1432 384 1463 causa
408 1431 498 1471 latis,
519 1431 680 1473 siquibus
703 1432 951 1474 quomodolibet

208 1483 385 1516 innodatae
411 1484 552 1516 existunt
575 1511 581 1524 ,
608 1484 646 1517 ad
673 1484 820 1517 effectum
857 1496 950 1527 sune-

209 1536 349 1570 sentium
365 1537 528 1570 dumtaxat
542 1537 819 1580 consequendum,
836 1538 948 1570 hurum

210 1589 296 1622 serie
321 1590 525 1623 absolventes
550 1595 582 1622 et
607 1589 772 1623 absolutas
793 1591 860 1624 sore
879 1602 950 1624 cen-

210 1648 330 1683 sentes,
349 1642 647 1686 supplicationibus
664 1643 797 1675 illoruin
818 1644 949 1676 nomine

210 1696 306 1729 nohis
332 1706 429 1739 super
447 1696 511 1728 hoc
529 1696 697 1729 humiliter
720 1697 882 1739 porrectis
907 1697 951 1729 in-

212 1749 329 1790 clinati,
350 1749 514 1782 decretum
540 1749 788 1793 praeinsertum,
810 1751 950 1783 auctori-

212 1807 273 1837 tate
299 1803 618 1846 apostolica‚ten01·e
644 1803 873 1846 praesentium,
900 1815 951 1847 ap-

211 1857 385 1900 probamus
419 1862 450 1889 et
474 1856 724 1897 confirmamus,
766 1857 878 1900 illique
904 1857 950 1889 in-

213 1909 373 1942 violabilis
412 1910 612 1953 apostolicae
650 1909 808 1943 firmitatis
849 1910 951 1943 robur

214 1961 397 1994 adiicimus:
422 1963 507 1995 salva
527 1967 633 1995 tamen
654 1973 782 2005 semper
807 1963 839 1995 iu
862 1973 952 2005 prae-

215 2014 321 2048 missis
353 2015 544 2048 auctoritate
577 2015 738 2058 praefatae
770 2016 959 2058 Congregawj

217 2067 315 2100 tionis
336 2067 558 2100 cardinalium.

259 2120 273 2163 ἓ
297 2119 328 2153 3.
349 2120 583 2159 Decernentes,
602 2119 732 2153 easdem
759 2125 951 2163 praesentes

216 2172 341 2206 litteras
367 2172 493 2212 firmas,
519 2172 607 2206 etc.¹

259 2227 274 2270 ξ
297 2226 329 2259 4.
350 2225 420 2259 Non
441 2225 648 2259 obstantibus
667 2225 953 2259 constitutionibus

216 2286 249 2314 et
272 2279 535 2313 ordinationibus
560 2278 758 2322 apostolicis,
777 2289 822 2317 ac,
843 2283 952 2321 quate-

217 2343 276 2367 nus
314 2343 395 2376 opus
431 2332 495 2372 sit,
521 2331 672 2372 Ordinis,
700 2331 885 2375 provinciae
923 2337 954 2365 ot

216 2391 437 2420 conventuum
473 2385 691 2428 praefatorum
705 2411 712 2425 ‚
740 2384 834 2418 etiam
872 2385 953 2418 iura-

216 2444 344 2480 mento,
373 2443 436 2472 eto.
456 2437 467 2454 ²

259 2493 374 2527 Datum
399 2492 534 2533 Romae,
561 2492 647 2536 apud
673 2491 703 2525 S.
724 2491 870 2533 Petrum,
895 2493 952 2526 sub

254 2567 264 2593 1
287 2564 321 2592 Ut
339 2571 421 2599 supra
440 2570 500 2599 pag.
521 2562 570 2590 471
592 2571 609 2590 α
627 2565 666 2598 (a.
684 2564 732 2598 aa).

252 2610 268 2638 2
288 2609 322 2638 Ut
340 2616 422 2644 supra
441 2616 503 2644 pag.
525 2608 571 2635 471
595 2617 613 2635 α
631 2610 669 2642 (n.
684 2610 732 2642 T.).

303 2664 381 2695 Bull.
401 2662 484 2693 Rom.
503 2678 538 2683 —
561 2663 622 2693 Vol.
641 2662 735 2692 XXII.
877 2661 927 2690 109

986 268 1107 301 annulo
1144 266 1340 305 Piscatoris,
1388 264 1440 297 die
1478 274 1535 296 xiii
1584 261 1723 294 ianuarii

985 331 1145 359 iinccxxx,
1171 318 1378 363 pontificatus
1405 317 1506 350 nostri
1533 326 1618 348 anno
1645 326 1687 348 vi.

1022 382 1070 408 Dat
1089 381 1132 408 die
1155 382 1184 408 13
1205 380 1320 407 ianuarii
1343 380 1423 413 1730,
1445 378 1542 414 pontif.
1564 386 1632 404 auno
1653 384 1688 404 vt.

1280 539 1425 572 CCXCYI.

990 620 1234 662 Confirmautur
1252 619 1375 651 decreta
1401 618 1463 650 duo
1481 618 1620 660 capituli
1636 627 1726 660 qene-

1032 673 1114 705 ralis
1141 671 1276 706 Ordinis
1303 672 1468 704 Minorum
1490 670 1595 702 sancti
1621 670 1724 702 Fran-

1033 725 1109 758 ossei
1119 725 1155 757 (le
1172 724 1382 757 Obsert'antid
1398 734 1494 766 super
1505 722 1725 755 moderatione

1035 778 1149 811 Brevis
1169 777 1340 810 Clementis
1359 776 1411 808 XI
1433 776 1517 807 circa
1537 776 1724 817 praemium

1035 830 1260 872 couferemlmn
1297 829 1468 861 lectoribus
1505 828 1638 870 linquae
1674 828 1725 859 lte-

1034 883 1160 915 Iu'at'cae
1189 886 1217 913 ec
1247 881 1541 914 controversiarmu
1574 880 1724 922 familiae

1033 928 1254 968 c't'smonlcznae
1268 934 1287 966 ⁸.

1165 1018 1345 1046 Benedictus
1367 1019 1446 1052 Papa
1466 1019 1550 1050 xiii,

1135 1064 1171 1091 ad
1190 1063 1324 1091 futuram
1344 1063 1388 1090 rei
1408 1063 1591 1090 memoriam.

1034 1146 1048 1187 g
1075 1146 1100 1177 t.
1124 1145 1244 1187 Exponi
1280 1144 1371 1176 nobis
1413 1154 1515 1186 nuper
1546 1144 1620 1176 fecit
1652 1144 1728 1176 dile-

990 1203 1058 1231 ctus
1098 1197 1179 1230 silius
1216 1197 1372 1240 Iosephus
1410 1197 1504 1229 Maria
1544 1197 1582 1229 ab
1623 1197 1725 1229 Ebora

991 1261 1141 1294 expresse
1163 1251 1328 1293 professus
1355 1260 1391 1281 ao
1417 1249 1657 1282 conunissarius
1677 1260 1728 1280 cu-

992 1304 1056 1336 riae
1082 1303 1211 1336 Ordinis
1252 1303 1386 1334 fratrum
1422 1302 1580 1334 Mineruin
1623 1302 1726 1334 sancti

994 1357 1156 1389 Francisci
1176 1357 1213 1388 de
1230 1355 1442 1389 Observantia
1458 1360 1728 1398 nuncupatmuun,

993 1410 1079 1452 quod
1106 1410 1136 1441 in
1163 1409 1302 1452 capitulo
1329 1408 1472 1450 generali
1498 1408 1644 1440 eiusdem
1672 1408 1728 1440 Or-

994 1463 1077 1495 dinis
1103 1462 1275 1495 novissime
1312 1462 1474 1494 celebrato
1501 1462 1563 1493 duo
1601 1462 1729 1493 (lecreta

993 1526 1090 1559 super
1114 1515 1334 1548 moderatione
1372 1514 1502 1556 praemii
1541 1513 1728 1545 conserundi

994 1569 1166 1602 lectoribus
1194 1569 1320 1611 linguae
1346 1568 1517 1600 hebraicae
1543 1572 1573 1598 et
1597 1572 1728 1599 contro-

992 1622 1165 1655 versiarum
1207 1621 1343 1654 familiae
1388 1620 1605 1653 cismontanae
1653 1620 1728 1652 dicti

992 1675 1120 1707 Ordinis
1147 1674 1239 1713 edita,
1267 1684 1301 1706 ac
1326 1673 1462 1706 subinde
1499 1683 1556 1715 per
1581 1683 1640 1705 nos
1673 1683 1727 1715 ap-

993 1729 1129 1771 probata
1155 1728 1300 1766 suerunt,
1333 1726 1451 1760 tenoris
1482 1725 1535 1769 qui
1568 1726 1727 1769 sequitur.

994 1781 1162 1814 videlicet:

1033 1851 1063 1880 In
1088 1859 1198 1889 nupero
1221 1848 1348 1889 capitulo
1370 1848 1498 1888 generali
1515 1848 1668 1878 Mediolani
1684 1857 1730 1877 ce-

994 1957 1066 1987 quae
1089 1948 1127 1977 ibi
1146 1957 1198 1987 pro
1214 1947 1397 1977 cismontaua
1414 1946 1523 1976 familia
1540 1950 1647 1976 statuta
1664 1950 1731 1976 sunt

994 2002 1022 2027 et
1044 1997 1148 2026 deinde
1168 1997 1276 2026 Romae
1299 2006 1313 2025 a
1337 1995 1520 2025 sanctissimo
1542 1995 1659 2025 domino
1683 2005 1731 2025 no-

995 2050 1054 2076 stro
1078 2045 1233 2075 Benedicto
1256 2044 1331 2083 Papa
1354 2044 1416 2073 XIII
1438 2044 1626 2081 confirmata,
1651 2044 1732 2074 inve-

995 2095 1117 2124 niuntur
1149 2094 1205 2123 duo
1238 2094 1353 2123 decreta
1382 2093 1435 2123 sub
1458 2102 1580 2122 numero
1615 2102 1680 2122 xxxi
1704 2097 1732 2122 et

995 2153 1077 2172 xxxu
1108 2143 1215 2173 tenoris
1243 2141 1410 2181 sequentis:
1445 2159 1483 2164 —
1513 2141 1665 2180 Proposita
1695 2151 1732 2171 ex

995 2192 1131 2222 facultate
1154 2190 1330 2221 sanctissimi
1353 2190 1462 2220 domini
1485 2190 1577 2219 nostri
1601 2190 1733 2220 modera-

996 2241 1074 2271 tione
1096 2241 1200 2270 Brevis
1232 2239 1390 2269 Clementis
1421 2239 1456 2268 XI
1480 2248 1566 2278 super
1600 2239 1731 2278 praemio

996 2288 1171 2320 conserendo
1194 2287 1352 2318 lectoribus
1369 2287 1485 2326 liuguae
1502 2287 1667 2324 hebraicae,
1684 2287 1733 2317 de-

997 2338 1157 2368 fiuitorium
1193 2336 1328 2375 generale
1359 2336 1495 2372 censuit,
1520 2336 1543 2365 si
1579 2336 1731 2366 Sanotitati

995 2388 1069 2418 Suae
1093 2386 1244 2426 placuerit,
1268 2385 1344 2425 quod
1366 2385 1390 2415 si
1412 2384 1580 2414 huiusmodi
1609 2384 1731 2414 lectores

1032 2474 1041 2500 1
1066 2473 1102 2500 De
1121 2471 1325 2500 confirmatione
1345 2470 1456 2498 alterius
1475 2469 1577 2497 decreti
1608 2469 1732 2497 eiusdem

995 2517 1105 2552 capituli
1135 2524 1182 2552 pro
1208 2514 1402 2551 praerogativis
1432 2514 1562 2542 vocalium
1595 2513 1731 2540 ludiarum

995 2560 1206 2589 Occidentalium
1221 2559 1281 2587 vide
1295 2559 1375 2587 aliam
1391 2558 1469 2586 huius
1487 2557 1627 2586 Pontificis
1644 2561 1729 2585 const.

995 2606 1059 2635 edit.
1081 2611 1225 2641 nnccxxxx,
1246 2603 1289 2633 die
1308 2604 1342 2633 30
1361 2602 1539 2639 septembris,
1559 2601 1654 2638 pontis.
1675 2608 1713 2630 vi.

1620 204 1682 237 865
1730 213 1780 238 An.
1798 212 1825 239 c.
1850 211 1917 239 1730

1741 1157 1848 1183 Expo1itio
1867 1157 1923 1177 facti.

1763 1858 1853 1879 Deciota
1863 1864 1923 1885 prae-

994 1899 1104 1929 lebrato
1134 1899 1180 1928 die
1210 1908 1236 1928 iv
1266 1898 1339 1927 iunii
1372 1906 1540 1935 ›inocxxix,
1565 1897 1641 1927 inter
1675 1897 1730 1927 alia
1759 1892 1805 1905 '‘³''
