2170 3147
194 178 244 205 An.
265 177 293 203 c.
319 177 384 204 2724
430 169 472 203 82

391 227 487 260 officii
506 227 626 268 debito,
644 227 683 260 ad
703 237 739 260 ea
761 226 906 260 libenter
926 225 1134 263 intendimus,

390 291 449 323 per
474 291 555 323 quae
583 281 685 312 almae
709 280 803 313 Urbis
827 285 954 312 nostrae
979 289 1135 322 prospero

389 334 485 366 statui
505 339 534 365 et
554 334 638 366 felici
658 333 826 367 directioni
854 339 1039 376 opportune
1059 343 1134 364 con-

391 386 526 424 sulitur,
547 392 578 418 et
596 391 785 428 propterea,
806 397 944 428 eaquae
960 385 1102 427 desuper
1120 396 1136 416 a

390 438 702 480 praedecessoribus
720 440 841 471 nostris
858 438 1008 471 Romanis
1028 437 1136 470 Ponti-

390 491 506 524 ficibus
524 492 660 534 provide
679 492 762 524 sacta
781 492 879 523 fuisse
897 490 1134 534 comperimus,

391 544 510 586 partim
553 544 771 587 approbamus
812 549 843 576 et
885 544 1133 582 confirmamus,

390 597 506 641 partim
526 608 614 635 vero,
639 597 710 629 aliis
737 597 831 629 iustis
857 598 963 629 causis
996 597 1038 628 ita
1064 606 1157 628 sua-1

391 651 558 688 dentibus,
586 652 763 683 alteramus
790 657 821 683 ct
851 650 1072 683 it‘nmntamus,
1099 659 1157 681 εις]

392 704 560 736 facultates
603 708 634 735 et
674 703 918 736 iurisdictiones
960 702 1054 734 etiam
1096 702 1134 733 de

392 767 474 790 novo
500 757 711 790 concedimus
738 762 769 789 ct
794 756 1013 798 indulgemus,
1041 754 1135 787 alias-

392 821 455 854 que
482 810 627 843 eiusdem
654 810 750 843 officii
777 809 878 843 nostri
917 813 1025 852 partes
1053 808 1135 840 savo-

396 863 542 896 rabiliter
567 863 827 906 interponimus,
863 867 981 905 prout,
1010 871 1132 900 rerum,

393 923 576 958 temporum
602 922 633 948 ct
658 926 883 958 personarum,
901 915 1028 947 illarum
1047 925 1135 957 prae-

391 966 502 998 sertim
529 976 609 1008 quas
636 965 668 997 in
695 970 819 1007 partem
847 963 1046 1007 apostolieae
1069 964 1134 995 sol-

391 1018 570 1051 licitudinis
594 1018 738 1051 evocavit
761 1017 955 1057 Mass-imus,
979 1017 1133 1060 qualitate

390 1074 539 1114 pensata,
554 1071 772 1114 conspicimus
791 1070 822 1103 in
842 1070 978 1103 Domino
997 1069 1132 1102 salubri-

393 1131 440 1157 ter
464 1125 629 1167 expedire.

209 1189 338 1222 ‚inastuaug
361 1198 379 1222 μ,
436 1178 450 1220 ξ
478 1178 506 1209 1.
524 1178 621 1217 Sane⁷
641 1187 722 1215 cum,
741 1177 821 1209 sient
841 1176 1034 1218 accepimus,
1056 1175 1134 1209 alias

193 1217 494 1264 {iimiiifliitLuiffiiselicis
541 1230 779 1263 recordationis
821 1230 1027 1262 Innocentius
1071 1230 1130 1262 Pa-

194 1270 381 1290 usmeta-‹tr-
473 1285 478 1290 .
1034 1283 1043 1290 Ἰ
1070 1283 1075 1288 .

193 1296 433 1328 ,ιηωιιυημωηιρτι
458 1284 543 1323 ΜΗ,
571 1285 808 1327 praedecessor
834 1288 964 1323 noster,
992 1283 1132 1316 ostis-ium

193 1326 565 1371 llsslllff-”L‘idf'nfihvicariatus
606 1338 710 1370 almae
750 1337 844 1369 t'rbis
881 1341 1030 1375 nostrae,
1060 1341 1133 1368 tunc

193 1376 293 1399 nat-tum,
334 1383 380 1397 cnm
552 1390 557 1396 .
590 1390 595 1396 .
789 1390 794 1395 .
993 1389 998 1394 .
1054 1389 1059 1394 .

193 1402 294 1423 innuunt
320 1402 479 1431 sapa-suae,
499 1396 530 1423 et
550 1392 638 1423 illius
663 1390 891 1423 suburbiorum
918 1394 948 1422 et
970 1390 1133 1421 districtus

192 1431 247 1450 rato.

389 1562 454 1584 uno
481 1562 517 1584 ex
540 1552 571 1584 S.
593 1551 629 1583 R.
650 1551 684 1583 E.
714 1550 944 1588 cardinalibus,
971 1549 1024 1592 qui
1053 1549 1131 1582 illud

388 1615 448 1647 per
472 1616 530 1647 pro
559 1610 704 1646 tempore
731 1604 923 1635 cxistentem
951 1603 1132 1635 Romanum

390 1657 579 1690 Pontificem
606 1657 667 1689 sibi
695 1666 887 1689 concessum
921 1656 1041 1698 absque
1069 1655 1132 1688 dis-

389 1710 583 1753 pensatione
629 1709 812 1752 apostolica
849 1709 887 1741 ad
927 1708 996 1741 eius
1034 1708 1130 1740 vitam

388 1764 558 1803 obtinere,
586 1769 616 1796 ct
645 1774 704 1806 per
735 1773 768 1795 se
800 1762 904 1805 ipsum
938 1772 993 1794 seu
1024 1763 1063 1794 ab
1094 1772 1131 1794 co

388 1818 561 1859 deputatos
577 1816 835 1857 vicegesrentem
848 1820 876 1847 et
890 1813 1130 1856 sul‘t‘raganeum

388 1881 423 1902 ac
450 1869 479 1901 in
507 1869 655 1902 civilibus
676 1874 707 1901 et
725 1868 951 1901 criminalibus
978 1868 1133 1900 locumte-

389 1927 502 1955 nentes
529 1927 718 1961 exerceret,
757 1921 796 1953 de
835 1921 970 1953 fratrum
999 1930 1131 1952 suorum

388 1975 525 2008 consilio
551 1980 582 2008 et
607 1974 770 2007 communi
798 1984 961 2007 consensu
981 1973 1083 2006 erexit
1101 1978 1133 2006 et

389 2029 540 2068 instituit,
566 2034 663 2072 prout
689 2028 721 2061 in
753 2028 917 2061 erectione
951 2033 982 2060 et
1006 2026 1132 2059 institu-

389 2080 475 2113 tione
502 2081 688 2113 huiusmodi
714 2086 745 2113 et
770 2091 824 2113 seu
858 2080 967 2113 forsan
994 2080 1133 2122 desuper

388 2134 543 2167 consectis
554 2134 670 2167 litteris
686 2133 813 2177 plenius
822 2133 1021 2172 continetur,
1034 2133 1131 2176 quod-

388 2199 450 2230 que
476 2187 553 2220 alias
578 2188 683 2220 bonae
709 2186 886 2220 memoriae
912 2186 1049 2219 Ioannes
1074 2186 1133 2218 Do-

389 2240 523 2272 minicus
564 2240 647 2273 tituli
683 2240 714 2273 S.
753 2240 943 2272 Anastasiae
985 2239 1131 2272 eiusdem

387 2293 500 2325 S.R.E.
520 2293 690 2335 presbyter
716 2292 890 2325 cardinalis
918 2292 1131 2324 Paraccianus

388 2351 591 2387 nuncupatus
617 2345 725 2385 etiam,
745 2346 821 2377 dum
847 2345 980 2385 viveret,
1004 2345 1133 2377 obtine-

388 2400 466 2441 bat),
491 2408 550 2440 per
571 2398 696 2430 obitum
716 2398 791 2430 dicti
818 2398 949 2431 Ioannis
971 2398 1130 2430 Dominici

388 2451 572 2488 cardinalis,
593 2451 645 2492 qui
669 2451 752 2493 apud
772 2451 888 2484 Sedem
908 2451 1129 2494 Apostolicam

388 2504 532 2537 debitum
551 2509 684 2535 naturae
702 2503 932 2546 persolveret¹‚
949 2514 1074 2543 vacans,
1090 2504 1129 2536 ad

425 2567 435 2594 1
458 2564 552 2594 Potius
573 2565 632 2602 lege
649 2565 829 2601 persolverat
851 2566 888 2601 (R.
910 2567 958 2600 11).

391 1444 492 1487 (quod
512 1444 607 1477 etiam
625 1443 702 1476 alias
722 1444 792 1486 piae
812 1442 990 1476 memoriae
1018 1443 1133 1475 Paulus
1153 1478 1155 1485 ,

389 1498 475 1541 Papa
500 1498 535 1530 IV
561 1498 657 1531 etiam
683 1497 917 1540 praedecessor
942 1501 1054 1528 noster
1072 1506 1131 1538 pro
1153 1540 1155 1549 Ι

979 177 1158 202 numanum
1185 176 1340 199 ROMANUM

1180 234 1374 267 prosperum
1402 229 1433 257 et
1458 223 1586 257 felicem
1605 227 1724 257 statum
1742 222 1847 256 dietae
1869 222 1921 255 Ur-

1180 277 1229 309 bis
1256 277 1288 309 in
1315 277 1538 320 spiritualibus
1564 277 1775 320 dirigendum
1800 276 1923 309 sollici-

1182 330 1220 362 tis
1252 330 1365 363 studiis
1399 330 1590 368 intendens,
1629 330 1668 362 ad
1700 329 1922 362 venerabilem

1181 383 1312 415 t'ratretn
1335 389 1496 422 nostrum,
1518 388 1593 415 tunc
1618 394 1723 422 suum,
1743 381 1921 414 Fabritium

1181 435 1327 467 ciusdem
1354 436 1384 467 S.
1403 436 1440 467 tt.
1458 436 1490 467 E.
1512 435 1711 468 cardinalem
1738 434 1921 467 Paulutium

1181 494 1412 532 nuncupatum,
1439 494 1514 521 tunc
1539 489 1728 531 episcopum
1756 489 1921 521 Albanen-

1179 552 1263 580 sem,
1280 542 1320 573 ob
1343 541 1479 573 eximiae
1500 541 1805 583 circumspectionis
1827 541 1922 574 indu-

1179 594 1302 630 striam,
1321 594 1483 635 cognitam
1510 593 1703 633 bonitatem,
1722 595 1920 636 singularem

1179 647 1399 687 integritatem
1426 651 1523 689 atque
1545 646 1763 689 prudentiam,
1790 647 1863 681 fidei
1886 659 1922 681 ac

1179 700 1321 732 institiae
1348 701 1468 734 zelum,
1489 706 1521 732 et
1546 701 1577 732 in
1603 701 1728 743 magnis
1755 706 1788 733 et
1813 701 1920 734 arduis

1180 753 1343 795 praefatae
1358 752 1486 792 suti„
1502 753 1594 785 cuius
1611 753 1803 787 honorabile
1822 764 1922 787 mem-

1179 806 1270 838 brum
1286 806 1403 845 existit,
1423 806 1564 848 negotiis
1583 807 1817 849 experientiam
1837 818 1922 840 com-

1178 858 1497 901 probatam‚necn0n
1523 859 1585 891 alia
1607 859 1835 902 multiplicium
1863 860 1922 892 vir-

1180 917 1281 944 tutum
1309 912 1402 950 dona,
1430 912 1548 954 quibus
1575 911 1644 945 elus
1664 922 1839 955 personam
1857 913 1921 946 illa-

1179 976 1248 997 rum
1267 964 1424 1006 largitor¹
1445 965 1627 997 Altissimus
1644 965 1821 1008 insignivit,
1837 966 1922 1000 dire-

1179 1018 1261 1051 xerit
1297 1019 1410 1051 oculos
1446 1028 1523 1050 suae
1560 1017 1691 1058 mentis,
1729 1024 1851 1052 certam
1888 1020 1920 1052 in

1178 1072 1316 1105 Domino
1349 1081 1439 1115 spem
1467 1072 1592 1104 babens
1626 1072 1714 1114 quod
1744 1071 1830 1105 idem
1863 1073 1921 1106 Fa-

1178 1124 1296 1157 britius
1333 1124 1517 1164 cardinalis,
1544 1124 1648 1167 gratia
1683 1124 1710 1157 ei
1746 1124 1920 1159 assistente

1180 1177 1299 1216 divina,
1318 1177 1458 1210 officium
1481 1178 1589 1221 ipsum
1608 1178 1734 1210 summa
1759 1188 1830 1210 cum
1846 1189 1922 1222 pru-

1179 1231 1300 1269 dentia,
1331 1231 1487 1264 fidelitate
1513 1237 1544 1263 et
1570 1231 1737 1274 diligentia
1763 1233 1922 1265 exercuis-

1178 1289 1242 1323 set,
1262 1289 1349 1316 motu
1368 1294 1425 1315 suo
1451 1284 1598 1327 proprio,
1618 1294 1682 1317 non
1709 1284 1746 1317 ad
1774 1284 1919 1318 eiusdem

1178 1337 1311 1369 Fabritii
1338 1337 1528 1376 cardinalis,
1548 1338 1596 1370 vel
1623 1338 1758 1370 alterius
1784 1349 1844 1381 pro
1871 1349 1920 1379 eo,

1178 1390 1305 1423 eidem*z
1325 1391 1515 1424 Innocentio
1534 1391 1802 1434 praedecessori³
1822 1402 1922 1436 super

1178 1444 1241 1477 lioc
1266 1444 1393 1477 oblatae
1426 1444 1594 1488 petitionis
1626 1444 1827 1486 instantiam,
1862 1445 1921 1479 sed

1178 1507 1214 1528 ex
1241 1499 1328 1529 certa
1354 1497 1489 1530 scientia
1510 1499 1664 1541 moraque
1684 1497 1922 1533 deliberatione

1177 1549 1254 1587 suis,
1280 1550 1387 1593 deque
1414 1551 1613 1593 apostolicae
1650 1551 1818 1594 potestatis
1850 1553 1921 1595 ple-

1177 1602 1337 1642 nitudine,
1354 1603 1497 1635 otticium
1520 1604 1713 1646 praefatum,
1728 1604 1773 1636 sic
1792 1615 1920 1645 vacanS,

1177 1655 1284 1687 eidem
1301 1655 1443 1689 Fabritio
1462 1656 1618 1689 cardinali
1636 1667 1694 1699 per
1709 1667 1794 1697 eum,
1813 1658 1919 1700 quoad

1178 1708 1312 1747 vireret,
1339 1714 1394 1740 aut
1429 1708 1685 1751 vit-osgerentom
1711 1715 1742 1742 et
1767 1709 1920 1753 suffraga-

1177 1771 1273 1793 neum
1311 1772 1437 1794 necnon
1477 1764 1752 1796 locumtenentcrn
1785 1774 1840 1796 seu
1874 1764 1921 1797 lo-

1177 1819 1404 1847 cumtenentcs
1420 1826 1512 1848 suum
1531 1817 1580 1848 vel
1600 1826 1674 1848 suos
1692 1817 1920 1857 exercendum,

1177 1878 1248 1899 cum
1275 1868 1426 1900 omnibus
1452 1874 1482 1901 et
1508 1870 1644 1911 singulis
1670 1869 1859 1913 privilegiis,
1883 1870 1922 1903 l'a-

1177 1920 1362 1961 cultatilnts,
1377 1921 1620 1964 praerogativis,
1639 1922 1919 1964 praeeminentiis,

1177 1973 1443 2013 immurdtatifflm,
1471 1974 1735 2017 exemptionibus
1771 1980 1802 2007 et
1827 1974 1920 2008 iuriS-

1177 2025 1386 2066 dictionibus,
1421 2037 1548 2059 necnon
1583 2027 1762 2060 bonoribus
1788 2033 1819 2061 et
1843 2039 1921 2062 one-

1177 2079 1279 2119 ribus,
1306 2079 1431 2111 iuribus
1459 2086 1489 2112 et
1515 2080 1741 2113 emolumentis
1763 2080 1868 2114 solitis
1888 2086 1920 2115 et

1175 2132 1350 2170 consuetis,
1389 2132 1506 2175 quibus
1542 2132 1595 2165 alii
1634 2132 1665 2165 in
1704 2132 1787 2166 dicta
1824 2133 1919 2174 Urbe,

1176 2185 1341 2218 suburbiis
1369 2190 1399 2217 ct
1428 2185 1576 2218 districtu
1614 2186 1771 2228 praedicti
1809 2186 1918 2220 vicarii

1176 2238 1207 2270 in
1234 2238 1459 2281 spiritualibus
1484 2238 1702 2271 Romanorum
1724 2238 1919 2273 Pontificum

1175 2292 1473 2334 praedecessorum
1503 2302 1636 2324 suorum
1674 2302 1734 2335 pro
1772 2297 1919 2335 tempore

1212 2389 1221 2413 1
1245 2387 1313 2414 Mate
1336 2387 1401 2414 edit.
1424 2387 1502 2414 Main.
1524 2387 1589 2423 legit
1610 2388 1734 2422 laryriter
1753 2396 1802 2422 pro
1823 2388 1917 2423 tarai-

1175 2436 1219 2460 tor
1238 2436 1278 2463 (u.
1295 2438 1344 2459 ΤΛ.

1210 2479 1225 2501 2
1246 2476 1316 2502 Male
1338 2476 1403 2502 edit.
1425 2476 1505 2503 Maia.
1529 2477 1594 2510 tegit
1614 2477 1712 2503 eodem
1731 2476 1769 2510 (n.
1787 2477 1836 2509 T.).

1208 2520 1225 2546 3
1245 2519 1311 2546 Male
1331 2520 1410 2546 etiam
1432 2521 1496 2556 legit
1514 2521 1733 2555 praedecessore
1755 2528 1802 2555 pro
1825 2528 1916 2555 prae-

1174 2564 1313 2593 decessori
1336 2566 1374 2599 tii,
1393 2566 1441 2596 'r.).

1928 174 1975 199 An.
1997 173 2026 199 C.
2049 173 2115 201 ¹724
