2170 3147
223 204 270 229 An.
292 203 320 228 C>
342 202 407 230 17ῗῖ
456 194 518 227 6911-

223 262 453 285 ωειιωωιοιιμο
476 254 552 292 quod
578 254 644 283 huic
669 253 836 292 provinciae
865 251 980 281 occurri
1011 251 1105 279 valeat
1132 250 1160 279 in

225 292 302 312 i‘'³''‘¹⁰‘
422 304 551 333 llomana
575 302 659 332 Curia
673 302 687 330 ἶ)
706 320 739 323 ——
757 300 989 330 Determinatum
1011 299 1064 329 suit
1086 298 1162 338 quod

420 352 460 381 ibi
498 351 638 380 habeatur
673 350 827 387 religiosus
851 349 937 378 huius
974 348 1161 387 provinciae,

421 397 666 437 quemadmodum
691 396 726 425 ab
749 396 813 425 aliis
836 395 1028 433 religionibus
1059 394 1164 433 practi-

423 451 506 476 catur
528 447 558 476 in
584 445 730 475 similibus
753 445 868 480 causis,
892 448 933 478 et,
963 453 998 473 ne
1023 443 1163 482 pecuniae

423 496 586 525 destinatae
609 504 660 534 pro
683 495 771 523 causa
806 492 982 522 venerabilis
1015 493 1165 531 patiantur

422 543 579 574 notabilem
598 542 835 579 diminutionem,
853 541 918 571 duta
936 541 991 570 fuit
1006 540 1163 569 admodum

423 592 582 622 reverendo
599 592 674 631 patri
692 590 866 631 provinciali
883 590 1007 620 facultas
1024 589 1165 618 arbitran-

422 642 451 672 di
468 641 562 671 media
578 640 713 671 suaviora
731 639 910 679 provinciae,
924 639 994 678 quin
1011 638 1165 676 gravetur¹

423 694 584 720 conventus
617 689 701 720 novis
735 689 925 728 pecuniarum
949 686 1165 717 exactionibus.

424 739 627 769 Defmitorium
651 738 728 768 dedit
752 738 919 767 facultatem
943 740 1042 766 nostro
1070 735 1169 764 admo-

424 789 493 818 dum
516 786 677 817 reverendo
702 786 775 825 patri
806 784 977 825 provinciali
1001 784 1035 813 ad
1061 784 1113 813 boc
1137 788 1168 812 ut

426 846 494 866 casu
512 846 567 876 quo
584 840 683 865 noster
700 839 873 874 procurator
895 834 1043 864 Romanae
1065 832 1168 862 Curiae

426 886 501 915 absit
524 884 559 915 ab
582 886 634 922 ea,
658 884 750 924 possit
773 883 862 913 alium
886 882 1037 912 nominare
1061 881 1109 920 qui
1133 881 1169 910 sit

427 935 504 965 tilius
527 934 616 964 huius
634 933 728 963 (lictae
752 932 931 972 provinciae.
966 930 1168 960 Definitorium

426 983 611 1014 commendat
634 982 790 1012 admodum
814 980 974 1011 reverendo
1004 979 1081 1018 patri
1105 988 1170 1017 pro-

427 1033 557 1069 vinciali,
581 1036 612 1062 ut
635 1036 717 1061 curet
746 1036 773 1061 et
807 1031 893 1060 faciat
924 1029 1074 1059 observari
1107 1032 1169 1057 acta

429 1092 495 1112 xxxi
518 1087 546 1112 et
568 1090 648 1112 xxxn
681 1081 753 1120 (qui
777 1081 806 1110 in
829 1090 881 1109 suo
904 1078 1078 1117 compendio
1103 1081 1171 1106 sunt

429 1142 497 1163 xxix
520 1136 547 1162 et
571 1131 667 1170 xxx),
706 1139 783 1159 anno
816 1137 976 1164 mcccxvm,
1010 1126 1169 1156 conformia

428 1183 545 1212 decreto
569 1179 646 1219 quod
673 1177 893 1209 illustrissimus
921 1176 1058 1206 dominus
1086 1174 1172 1204 Aldo-

429 1231 545 1267 vrandi,
562 1230 629 1260 dum
646 1233 722 1259 esset
741 1228 770 1257 in
788 1227 832 1257 liis
847 1226 946 1265 regnis
965 1224 1171 1264 Hispaniarum

428 1281 555 1312 nuncius
578 1279 751 1310 sanctitatis
774 1277 860 1315 Suae,
885 1275 1031 1316 publicari
1053 1274 1172 1304 manda-

429 1332 481 1368 vit,
506 1334 533 1360 et
556 1328 738 1369 publicatum
766 1327 820 1357 fuit
850 1326 897 1356 die
926 1334 974 1355 xm
997 1323 1173 1364 septembris

429 1389 586 1417 aioccxvn,
621 1378 649 1408 in
673 1387 730 1417 quo
763 1376 940 1413 ordinatur,
976 1374 1052 1414 quod
1076 1373 1174 1403 nullus

431 1430 587 1468 religiosus
603 1431 686 1458 exeat
709 1436 722 1455 a
742 1426 827 1455 domo
843 1425 934 1461 solus,
956 1428 984 1454 et
1007 1423 1174 1453 declaratur

431 1479 460 1509 in
484 1479 538 1508 boc
561 1477 662 1508 ordine
684 1474 843 1506 universali
874 1474 1016 1512 (excepto
1039 1480 1176 1512 procura-

431 1533 493 1558 tore
515 1526 666 1566 generali)
701 1534 757 1554 non
790 1523 883 1553 solum
918 1521 1027 1552 includi
1050 1530 1176 1550 conven-

432 1578 524 1608 tuales
547 1581 575 1607 et
597 1574 764 1613 collegiales
791 1577 958 1602 nostrarum
981 1570 1176 1600 communita-

433 1632 494 1656 tum
529 1628 558 1655 S.
580 1623 708 1662 Philippi
740 1626 769 1651 et
801 1625 963 1650 conventus
985 1619 1174 1655 Matritensis,

432 1676 461 1706 in
486 1674 592 1714 quibus
615 1676 697 1712 pater
720 1675 815 1700 rector
844 1668 1004 1707 assignabit
1031 1668 1105 1707 patri
1129 1668 1178 1696 ad-

434 1722 626 1754 ministratori
659 1720 770 1750 socium
794 1718 850 1748 sibi
872 1717 1057 1754 benevisum,
1093 1721 1178 1755 prout

433 1773 520 1803 etiam
554 1771 635 1810 prior
670 1771 700 1798 S.
727 1767 855 1807 Philippi
887 1765 1062 1796 officialibus
1094 1766 1175 1803 suis,

434 1830 535 1851 rerum
559 1820 645 1849 etiam
669 1827 771 1848 omnes
799 1820 914 1845 exteros
943 1814 1031 1844 liuius
1060 1814 1178 1853 provin-

435 1871 496 1901 ciae
528 1874 555 1900 et
588 1868 712 1898 aliarum
745 1867 773 1896 in
808 1865 895 1896 Curia
917 1864 1093 1900 existentes,
1127 1863 1177 1902 qui

434 1919 541 1950 debent
563 1917 698 1948 incedere
722 1925 788 1945 cum
819 1914 908 1944 sociis
939 1913 1096 1951 religiosis,
1121 1921 1177 1942 non

436 1970 475 1999 ita
499 1972 596 1998 tamen
619 1975 685 1996 cum
708 1964 833 1999 donatiS,
849 1964 899 2003 qui
915 1962 1178 2002 incipiunsintro-

436 2019 514 2056 duci,
541 2022 568 2047 et
591 2024 742 2055 nunquam
772 2015 891 2044 fuerunt
925 2013 954 2041 in
987 2021 1041 2041 usu
1064 2011 1093 2040 in
1126 2011 1179 2039 liac

437 2067 591 2107 provincia
615 2066 648 2095 ad
673 2063 864 2099 sociandum,
894 2065 1075 2101 quapropter
1111 2060 1180 2089 defi-

438 2116 579 2146 nitorium
616 2113 745 2143 decrevit
774 2111 850 2151 quod
883 2120 941 2140 non
972 2109 1180 2149 permittantur

438 2164 549 2202 donati,
574 2163 630 2193 nisi
654 2162 673 2191 ii
698 2170 771 2200 quos
795 2158 944 2199 provincia
969 2157 1106 2187 habuerit
1129 2166 1180 2195 pro

438 2214 501 2243 eius
523 2212 656 2247 serviti0,
681 2210 731 2250 qui
759 2209 875 2239 nullum
905 2207 1075 2245 religiosum
1099 2210 1179 2235 extra

438 2264 555 2293 domum
578 2261 734 2291 associent.

291 2324 319 2343 ιι»
337 2324 429 2344 ‹noti-„s
480 2311 591 2341 Pariter
614 2309 731 2340 mandat
752 2307 963 2343 definitorium,
983 2305 1058 2344 quod
1082 2304 1181 2334 nullus

246 2351 353 2399 ffiffssiii
366 2357 598 2402 [1²1,.'1‡„1‘eligiosus
613 2359 701 2389 huius
717 2356 884 2397 provinciae
907 2363 1003 2393 neque
1025 2358 1182 2382 extraneus

247 2404 308 2423 ¹¹‘''''''
325 2408 409 2423 ⁸¹‘''¹''¹·
441 2409 575 2447 (excepto
599 2411 679 2446 patre
703 2409 892 2445 procuratore
918 2402 1067 2442 generali)
1099 2406 1182 2431 excat

443 2466 457 2486 a
481 2456 566 2485 domo
588 2465 654 2485 cum
676 2456 768 2494 cappa
788 2454 850 2483 sine
875 2452 996 2481 manicis
1019 2451 1115 2489 longis
1140 2450 1183 2480 vcl

444 2503 600 2543 protensis,
625 2512 689 2532 cum
715 2502 845 2541 clamyde
865 2502 909 2530 vel
928 2501 1014 2539 pallio
1030 2504 1057 2529 et
1073 2499 1182 2537 galero,

445 2562 537 2592 neque
571 2552 688 2581 missam
718 2550 845 2580 celebret
877 2554 957 2580 extra
992 2552 1182 2584 conventum,

483 2618 491 2643 1
515 2614 630 2642 videtur
645 2612 789 2648 legendum
805 2616 965 2647 gyrat-enlm*
983 2613 1018 2647 (n.
1036 2612 1084 2646 T.).

1000 201 1180 225 Burmanni!
1208 201 1364 224 ROMANL'M

1950 199 2000 223 An.
2021 201 2049 225 (Σ.
2072 200 2135 228 {727

1205 259 1299 289 neque
1323 250 1458 285 resideat,
1485 250 1633 289 multoque
1667 249 1763 279 minns
1794 251 1948 288 pernoctet

1206 303 1285 327 extra
1308 307 1384 328 eum.
1411 298 1444 328 Et
1466 298 1603 338 quoniam
1638 308 1674 328 ex
1698 296 1876 327 admissione
1899 305 1948 326 ex·
1974 313 2001 333 D„
2017 314 2136 336 „wfflm

1207 352 1348 385 tororum,
1377 347 1519 386 ignoratis
1551 347 1712 385 diligentiis
1739 346 1852 375 ratione
1881 340 2100 385 qua·³⁸³¹¹¹¹'¹²'¹¹‘¹'··

1207 405 1271 425 rum
1282 396 1414 432 veniunt,
1429 399 1457 425 et
1473 406 1506 425 ex
1524 395 1690 433 ignorantia
1707 398 1800 424 status
1818 394 1948 432 illarum,

1207 451 1372 484 sequuntur
1394 445 1534 474 nonnulla
1558 444 1811 481 inconvenientia,
1847 443 1952 473 defini-

1209 493 1316 524 torium
1341 493 1405 522 ideo
1429 493 1545 522 mandat
1569 492 1643 531 patri
1677 491 1769 531 priori
1804 500 1855 530 pro
1880 495 1954 520 tem-

1209 551 1277 581 pore
1300 541 1437 571 existenti
1461 541 1534 579 regii
1563 544 1725 570 conventus
1757 541 1786 569 S.
1812 538 1952 578 Philippi,

1209 591 1298 630 quod,
1323 591 1401 620 iuxta
1419 590 1531 629 praxim
1548 590 1697 619 Romanae
1713 588 1816 619 Curiae
1835 596 1955 627 expres-

1210 649 1271 669 sam
1305 640 1334 669 in
1368 639 1478 668 nostris
1500 638 1592 668 sacris
1615 635 1896 672 constitutionibus,
1924 644 1955 665 111

1211 693 1303 728 parte,
1328 698 1391 727 cap.
1410 696 1448 725 vi,
1472 696 1553 717 num.
1571 695 1590 716 11
1613 690 1641 716 et.
1662 695 1702 723 tv,
1727 694 1794 715 cum
1816 685 1956 715 assisten-

1212 737 1252 766 tia
1274 737 1366 777 patris
1389 736 1587 776 procuratoris
1610 735 1757 774 generalis
1787 733 1956 773 provinciae

1211 786 1380 816 examinent
1397 785 1550 823 motivum,
1569 787 1689 824 propter
1704 783 1781 823 quod
1800 782 1955 821 religiosus

1212 835 1292 865 venit
1315 834 1347 864 ad
1372 834 1507 869 Curiam,
1531 837 1563 862 ut
1586 832 1754 872 praedictus
1778 835 1860 870 pater
1891 839 1957 871 pro-

1213 889 1329 914 curator
1352 883 1496 922 generalis
1520 886 1620 912 notum
1645 880 1731 911 faciat
1761 880 1833 910 illud
1856 883 1957 910 nostro

1213 933 1368 963 admodum
1393 931 1554 961 reverendo
1577 930 1653 970 patri
1677 929 1817 967 magistro
1841 928 1958 968 provin-

1213 982 1292 1020 ciali,
1317 986 1345 1011 et
1367 990 1433 1011 cum
1457 981 1520 1009 eius
1537 979 1750 1019 approbatione
1767 978 1958 1016 permittatur

1214 1031 1256 1060 illi
1279 1030 1410 1060 residere
1433 1029 1552 1066 Man-iti,
1577 1032 1616 1063 et,
1641 1026 1809 1056 terminatis
1832 1025 1960 1063 diligen-

1215 1080 1274 1117 tiis,
1292 1079 1486 1118 compellatur
1502 1077 1612 1107 reverti
1627 1077 1656 1106 in
1674 1084 1756 1106 suam
1776 1074 1957 1114 provinciam

1216 1129 1259 1159 vel
1283 1132 1476 1158 conventum:
1494 1132 1521 1157 et
1542 1125 1675 1165 patribus
1692 1125 1783 1164 priori
1801 1128 1830 1154 et
1852 1122 1959 1153 rectori

1215 1178 1344 1216 collegii,
1359 1177 1407 1217 qui
1422 1176 1588 1216 permiserit
1599 1176 1607 1192 ¹
1620 1173 1891 1204 contraventionem
1905 1172 1959 1202 liu-

1216 1228 1262 1257 ius
1284 1236 1336 1256 seu
1360 1225 1562 1265 praecedentis
1585 1223 1659 1261 acti,
1684 1231 1759 1262 quae
1788 1225 1900 1252 tantum
1923 1220 1958 1250 ad

1217 1276 1386 1315 religiosam
1416 1273 1633 1304 observantiam
1662 1276 1691 1302 et
1720 1271 1830 1301 bonum
1862 1279 1959 1300 exem-

1218 1326 1315 1366 plum,
1341 1324 1504 1364 imponitur
1528 1331 1619 1362 poena
1650 1320 1822 1361 privationis
1851 1319 1958 1354 officii,

1218 1385 1304 1415 quam
1330 1379 1410 1414 pater
1433 1372 1623 1413 provincialis
1639 1371 1738 1401 statim
1756 1369 1875 1399 mandet
1894 1377 1962 1398 exe-

1218 1424 1342 1461 cutioni,
1366 1423 1475 1462 absque
1499 1422 1560 1451 ulla
1579 1419 1812 1460 dispensatione.

1262 1485 1274 1502 «
1292 1473 1368 1503 Haec
1391 1476 1476 1510 sunt,
1501 1469 1747 1501 reverendissime
1770 1472 1863 1508 pater,
1881 1466 1961 1507 capi·
1971 1485 2048 1505 emes
2068 1483 2148 1510 „pun”

1219 1524 1271 1555 tuli
1290 1522 1381 1553 nostri
1398 1521 1555 1551 electiones
1569 1524 1597 1550 et
1615 1523 1690 1557 acta,
1705 1527 1758 1558 pro
1769 1526 1894 1558 quorum
1913 1525 1962 1556 ap·
1972 1510 2149 1564 gssfflflssvffi'gssss

1220 1572 1390 1613 probatione
1413 1575 1440 1600 et
1462 1569 1684 1599 confirmatione
1707 1567 1742 1597 ad
1766 1566 1853 1607 pedes
1869 1569 1960 1605 pater·
1973 1564 2091 1590 gounmaum
2116 1568 2150 1590 pm

1220 1622 1322 1652 nitatis
1341 1625 1456 1649 vestrae
1473 1618 1612 1649 submissi
1629 1615 1842 1656 provolvimur,
1857 1591 2151 1644 humil-ssliixiif'nzrpri·

1220 1672 1289 1701 lime
1312 1670 1501 1700 obsecrantes
1518 1692 1525 1705 ,
1549 1672 1581 1697 ut
1613 1667 1718 1697 iisdem
1751 1664 1901 1695 favoribus
1932 1644 2068 1693 acb''¹'⁰⁰⁶'

1221 1720 1336 1760 paterni
1352 1719 1460 1748 amoris
1475 1717 1638 1752 affectibus,
1656 1715 1764 1755 quibus
1780 1722 1897 1753 semper
1912 1721 1965 1742 nos

1222 1768 1421 1808 prosequitur,
1438 1767 1514 1796 Deus
1530 1765 1659 1804 optimus
1676 1764 1821 1794 maximus
1837 1761 1966 1801 paterni-

1223 1822 1309 1847 tatem
1325 1821 1450 1846 vestram
1474 1813 1724 1844 reverendissimo
1748 1811 1900 1841 eremitico
1916 1809 1967 1841 Or-

1222 1866 1284 1896 dini
1297 1866 1346 1896 diu
1359 1868 1456 1895 servet
1472 1863 1650 1893 incolumen.
1669 1862 1771 1891 Datum
1784 1861 1814 1890 in
1831 1860 1885 1890 hoc
1899 1869 1968 1889 cou-

1222 1919 1311 1945 ventu
1328 1913 1421 1943 sancti
1445 1912 1520 1952 patri
1544 1911 1638 1942 nostri
1658 1909 1815 1948 Augustini
1834 1908 1968 1939 Matrica-

1223 1964 1307 1999 lensi,
1325 1964 1371 1993 die
1394 1972 1430 1992 vu
1454 1961 1522 1992 maii
1545 1970 1622 1991 anno
1638 1959 1752 1990 Domini
1776 1966 1946 1989 amccxxvn.

1261 2014 1362 2043 Frater
1386 2011 1561 2042 Franciscus
1583 2010 1617 2039 de
1633 2010 1760 2048 Legano‚
1779 2007 1966 2048 praesidens3

1223 2063 1258 2092 fr.
1283 2063 1386 2092 Petrus
1406 2061 1623 2097 Portocarrero,
1642 2057 1832 2087 ex-assistens
1847 2065 1968 2094 genera-

1223 2113 1276 2149 lis,
1303 2112 1338 2141 fr.
1357 2110 1481 2140 Mathias
1495 2109 1609 2144 Teran,
1627 2107 1780 2142 definitor3
1805 2106 1841 2136 fr.
1865 2106 1968 2135 Petrus

1224 2162 1339 2196 Mauso,
1365 2157 1556 2199 provincialis
1575 2156 1744 2191 absolutus3
1767 2156 1803 2185 fr.
1822 2154 1969 2185 Barnabas

1224 2209 1358 2245 Barcina,
1376 2207 1530 2243 detinitor3
1556 2206 1590 2235 fr.
1610 2205 1733 2235 loannes
1752 2203 1898 2237 Taxardo,
1922 2203 1971 2231 de-

1228 2258 1347 2293 t'initor3
1373 2257 1408 2286 fr.
1427 2256 1551 2285 loannes
1566 2254 1636 2291 Can,
1654 2254 1802 2289 visitator;
1827 2252 1861 2282 fr.
1879 2251 1969 2281 Frau-

1225 2308 1321 2338 eiscus
1344 2307 1378 2337 de
1399 2305 1515 2343 Aviles,
1543 2303 1750 2343 provincialis3
1778 2302 1814 2332 sr.
1842 2301 1971 2332 lulianus

1226 2359 1358 2393 mense,
1382 2355 1539 2390 defmitor3
1572 2354 1608 2383 fr.
1633 2352 1809 2382 Franciscus
1838 2350 1874 2380 de
1901 2350 1970 2386 nio,

1226 2406 1371 2436 visitator.

1266 2455 1363 2484 Fratri
1386 2460 1549 2483 rriiossxrio
1572 2459 1709 2481 BELLELLi
1731 2449 1910 2482 Bucclnensi‚
1929 2458 1972 2477 sa-

1227 2513 1288 2533 crae
1303 2502 1450 2540 thiotoyiafs
1468 2501 1607 2539 magistro,
1622 2500 1703 2529 totius
1718 2498 1830 2529 Ordinis
1849 2500 1971 2537 [rutrum

1228 2552 1416 2582 Eremitarum
1431 2550 1461 2579 S.
1476 2549 1626 2587 Augustini
1647 2549 1738 2586 priori
1758 2546 1883 2586 generali
1902 2556 1929 2576 »-

1266 2611 1274 2636 1
1299 2608 1394 2645 Aptius
1413 2607 1472 2642 lege
1489 2606 1681 2643 permiserint
1702 2605 1738 2641 (n.
1756 2604 1802 2639 Γ),
