2170 3147
15 206 64 233 An.
83 205 112 231 C.
136 204 203 230 ¹725

207 252 376 296 spectabit,
391 252 578 294 plenissime
592 251 767 294 suffragari,
789 258 819 285 et
837 253 876 285 ab
895 252 940 284 eis

207 303 384 346 respective
409 303 643 337 inviolabiliter
668 304 853 345 observari,
881 304 941 337 sie-

207 366 268 398 que
286 355 317 388 in
336 355 519 398 praemissis
542 366 601 398 per
617 366 838 399 quoscumque
858 356 941 389 iudi-

206 417 258 440 ces
275 408 457 441 ordinarios
475 411 505 441 et
522 408 698 450 delegatos,
718 408 812 440 etiam
835 419 941 441 causa-

206 470 276 492 rum
296 460 405 503 palatii
423 460 591 503 apostolici
612 460 785 500 auditores,
808 460 939 492 iudicari

206 518 239 545 et
263 512 387 545 definiri
415 513 551 552 debere,
577 523 612 545 ac
637 512 762 545 irritum
789 518 821 545 et
846 513 940 545 inane

205 565 230 597 si
256 575 347 598 secus
377 575 476 608 super
501 565 550 597 his
576 576 594 597 a
620 575 799 608 quoquam,
828 564 939 607 quavis

205 617 410 657 auctoritate,
426 617 567 649 scienter
582 618 630 650 vel
648 617 850 659 ignoranter,
866 626 942 649 con·

205 669 315 711 tigerit
342 669 506 702 attentari.
533 669 602 701 Non
632 669 835 701 obstantibus
864 679 941 701 con-

204 721 428 754 stitutionibus
454 727 485 755 et
509 721 769 754 ordinationibus
788 721 925 764 apostoli

204 773 261 814 cis,
278 774 460 817 ceterisque
486 774 657 807 contrariis
674 774 939 817 quibuscumque.

238 835 336 862 Datum
352 835 461 869 Romae,
478 836 547 870 apud
564 835 590 862 S.
606 835 715 862 Mariam
733 835 873 869 Maiorem,
890 835 941 862 sub

204 880 302 907 annulo
324 879 479 911 Piscator-is,
496 880 539 906 die
568 888 622 906 xxii
647 879 736 906 martii
766 886 940 913 MDCLxxxvn,
961 882 963 897 ⁸

204 924 375 960 pontificatus
395 925 480 951 nostri
501 933 573 951 anno
594 933 631 951 xr

11 994 194 1042 muff‘e'ffioffiii'
248 985 318 1029 52.
356 985 472 1019 Verum
506 985 725 1018 decisionibus
757 986 938 1025 rotalibus,

11 1048 194 1100 ggffirsiqtauaigpss
204 1038 334 1071 decreto
359 1038 639 1080 Congregationis‚
663 1038 800 1081 :eiusque
826 1037 940 1071 contir—
961 1072 962 1082 η

11 1091 336 1147 ᾞὶξῐιυὲοιᾶιιὲῑῐηειίοηί
362 1091 560 1134 apostolicae
588 1090 773 1124 huiusmodi
807 1092 939 1123 minime

11 1144 447 1200 2i¹s³³a⁵iffl³1¹ii’s2bacqmescemes
485 1143 643 1186 praedicti
690 1144 868 1187 capitulum
910 1150 940 1177 et

11 1206 191 1252 :gffirflazismdffl
203 1197 361 1236 canonici,
384 1207 508 1228 necnon
534 1196 663 1239 quidam
683 1196 737 1229 alii
761 1197 939 1230 turbulenti

11 1249 328 1306 fssiaezmaixirtu-mcolae
353 1249 385 1282 S.
413 1248 575 1288 Germani,
602 1250 679 1282 cleri
698 1255 729 1282 et
751 1250 862 1292 populi
884 1260 940 1283 no·
960 1286 962 1293 s

174 1301 178 1308 ’
203 1303 302 1342 mine,
319 1313 429 1335 rursus
445 1302 622 1345 etquidem
641 1302 744 1334 acrius
764 1303 940 1335 instaurati<

204 1356 276 1389 dam
302 1361 517 1398 susceperunt
547 1356 577 1388 in
606 1356 719 1389 diebus
745 1356 865 1389 nostris
891 1367 941 1389 re-

203 1408 317 1441 iectam
340 1409 544 1451 petitionem.
564 1408 654 1448 Nam,
672 1409 843 1441 occasione
864 1408 941 1441 Con-
961 1429 962 1435 κ

204 1461 268 1494 cilii
286 1461 430 1501 Romani,
452 1462 550 1504 quod,
565 1461 782 1494 benedicente
804 1461 939 1494 Domino

203 1514 350 1557 proxime
374 1514 619 1554 celebravimus,
653 1514 747 1547 nobis
780 1520 812 1547 et
846 1525 963 1547 vene-1

204 1567 359 1600 rabilibus
375 1567 524 1600 fratribus
540 1568 658 1600 nostris
668 1567 812 1600 eiusdem
825 1566 938 1600 S.R.E.

204 1619 431 1659 cardinalibus,
457 1630 585 1652 necnon
611 1619 853 1653 venerabilibus
891 1619 963 1652 iti-¹

205 1673 278 1705 dem
311 1673 463 1705 fratribus
496 1672 606 1705 Ioanni
632 1673 792 1715 Baptistae
818 1671 964 1706 {trebie-t

204 1725 336 1768 piscopo
361 1725 515 1758 Nisibeno
541 1731 571 1758 et
588 1725 759 1758 Francisco
785 1726 941 1769 episcopo

204 1777 338 1810 Elusino
364 1778 523 1811 iudicibus
553 1779 761 1821 querelarum
795 1784 826 1811 et
863 1783 964 1811 (οη-ἐ

206 1830 435 1862 troversiarum
461 1830 604 1863 eiusdem
630 1830 764 1863 Concilii
791 1830 965 1863 exliibue-.

206 1888 292 1923 runt,
333 1894 369 1916 ac
406 1882 524 1915 deinde
563 1883 658 1916 etiam
697 1883 802 1925 palam
835 1874 965 1926 spargil

206 1941 381 1976 curarunt,
410 1937 584 1969 nonnullos
610 1936 739 1970 libellos
774 1937 856 1979 typis
887 1936 966 1984 ἰοὶ-ξ

205 1999 348 2032 pressos,
376 1989 522 2031 pluribus
554 1989 691 2022 resertos
723 1989 966 2030 contumeliis,'

207 2041 323 2084 quibus
349 2042 441 2074 enixe
467 2043 652 2084 summaque
678 2052 747 2074 cum
773 2036 967 2097 impactam}

206 2094 250 2126 tia
272 2094 469 2136 flagitabant,
495 2100 528 2126 nt
550 2095 618 2127 iura
637 2095 726 2137 quasi
747 2094 945 2137 episcopalia
965 2101 967 2138 l

207 2145 313 2179 abbati
337 2146 454 2180 Montis
478 2146 602 2180 Cassini
629 2147 660 2179 in
680 2147 822 2180 dioecesi
848 2143 967 2180 Cassi-i

207 2198 298 2231 nensi
325 2199 546 2241 competentia
570 2199 864 2242 supprimerentur,
894 2199 967 2248 iis„

208 2261 270 2294 que
301 2251 339 2283 ab
369 2251 439 2294 ipso
470 2252 500 2283 in
529 2257 722 2295 perpetuum
752 2251 876 2290 avulsis,
899 2254 968 2284 εει-5

209 2302 267 2336 des
284 2303 478 2346 episcopalis
493 2304 713 2347 propriusque
729 2304 945 2347 episcopusin

208 2355 331 2399 oppido
358 2367 413 2389 seu
440 2356 565 2389 civitate
592 2361 622 2389 et
648 2356 784 2389 ecclesia
810 2356 841 2389 S.
872 2352 969 2397 Ger-[

792 202 984 228 BENEDtCTUS
1010 203 1068 226 xm
1094 204 1142 226 FP.

967 2297 1079 2335 {colae
1112 2303 1149 2334 ab
1183 2302 1300 2334 iniusta
1326 2313 1360 2335 ac
1388 2303 1482 2345 plane
1508 2303 1618 2335 audaci
1646 2289 1770 2354 peti-{¹3¹1}

1618 192 1681 227 ⁶237
1729 201 1824 227 Aac.
1848 202 1914 230 1725

982 256 1136 294 peracto,
1172 252 1337 294 rebusque
1374 251 1528 294 expositis
1564 261 1626 293 qua
1662 260 1721 293 par

984 310 1052 336 erat
1077 305 1260 337 maturitate
1287 304 1452 343 discussis,
1474 304 1571 337 iidem
1601 303 1720 336 iudices

983 366 1076 388 suum
1116 356 1270 399 desuper·
1298 357 1504 399 protulerunt
1539 356 1719 394 decretum,

983 409 1074 441 cuius
1100 414 1192 441 tenor
1217 414 1266 441 est
1292 410 1345 452 qni
1372 409 1529 451 sequitur,
1552 408 1719 441 videlicet:

1022 460 1091 490 Cum
1113 470 1227 490 sacrum
1244 461 1414 490 Cassinense
1434 461 1654 499 monasterium,
1671 469 1722 489 au-

983 509 1072 538 ctoris
1090 509 1134 538 sui
1150 514 1178 538 et
1194 510 1400 539 monachorum
1418 510 1612 539 sanctimonia
1635 513 1722 547 atque

983 557 1180 586 Romanorum
1217 557 1390 587 Pontificum
1414 557 1564 586 beneflciis
1588 557 1720 593 celebre,

962 617 963 621 ¹
984 613 1035 643 per
1057 605 1196 643 quosdam
1220 605 1319 643 oppidi
1338 605 1464 634 civitatis
1480 606 1640 644 nuncupati
1657 614 1723 634 san-

983 652 1022 681 cti
1038 651 1175 681 Germani
1199 652 1320 686 incolas,
1338 652 1409 681 cleri
1431 657 1459 681 et
1475 653 1574 691 populi
1593 653 1721 687 nomine,

983 699 1091 729 libellis
1114 699 1247 738 pluribus
1269 700 1454 729 contumeliis
1476 701 1590 730 refertis
1621 710 1653 729 ac
1676 710 1724 739 pa-

983 748 1040 777 lam
1063 747 1184 786 sparsis,
1202 752 1230 777 et
1245 747 1382 777 exhibitis
1405 748 1591 777 sanctissimo
1606 748 1723 777 domino

983 800 1082 825 nostro
1114 796 1265 825 occasione
1289 796 1364 825 sacri
1386 796 1508 825 Concilii
1536 796 1658 825 Romani
1690 806 1723 825 ac

962 844 1069 878 ,nobis
1093 845 1134 874 uti
1157 844 1303 874 iudicibus
1336 845 1521 883 querelarum
1554 848 1582 873 et
1610 849 1724 874 contro-

985 894 1146 923 versiarum
1169 893 1199 922 in
1223 893 1323 922 eodem
1341 892 1484 930 Concilio,
1502 893 1530 921 in
1547 902 1612 922 eum
1635 893 1723 923 tinem

983 942 1149 980 impetitum
1183 941 1271 971 suerit
1303 945 1334 971 ut
1374 941 1629 980 supprimerentur
1660 942 1724 971 iura

983 990 1067 1029 quasi
1099 989 1275 1028 episcopalia
1298 989 1396 1018 abbati
1424 989 1529 1018 Montis
1551 989 1661 1019 Cassini
1695 989 1723 1018 in

983 1037 1107 1066 dioecesi
1130 1036 1295 1067 Cassinensi
1318 1037 1524 1076 competentia,
1543 1037 1637 1076 iisque
1660 1046 1725 1076 per-

984 1089 1069 1124 petuo
1102 1085 1137 1114 ab
1170 1085 1269 1115 eodem
1303 1085 1422 1120 avulsis,
1447 1085 1530 1115 sedes
1551 1085 1725 1124 episcopalis

983 1134 1198 1170 institueretur,
1221 1134 1293 1167 sive,
1314 1138 1345 1162 ut
1368 1133 1573 1172 praetendunt,
1589 1134 1725 1163 restitue-

983 1187 1074 1219 retur,
1099 1192 1131 1212 ac
1154 1183 1290 1222 proprius
1312 1183 1467 1221 episcopus
1500 1183 1528 1212 in
1559 1183 1675 1212 civitate
1697 1186 1725 1212 et.

982 1231 1109 1260 ecclesia
1130 1231 1158 1261 S.
1181 1231 1317 1261 Germani
1342 1236 1515 1260 crearetur:
1540 1240 1592 1260 nos
1615 1231 1725 1260 iudices

983 1280 1134 1318 praedicti,
1159 1283 1274 1308 maturo
1297 1279 1421 1318 desuper
1444 1288 1494 1317 pro
1516 1280 1559 1308 rei
1582 1280 1725 1317 gravitate

983 1327 1081 1358 habito
1104 1328 1251 1363 examine,
1271 1328 1469 1367 comperimus
1484 1329 1619 1367 querelas
1642 1338 1726 1367 expo-

982 1377 1053 1406 sitas
1086 1380 1187 1406 contra
1220 1376 1356 1406 abbatem
1379 1377 1581 1406 Cassinensem
1605 1377 1725 1416 eiusque

984 1425 1141 1454 monachos
1173 1425 1263 1454 fuisse
1295 1428 1323 1454 et
1355 1433 1418 1454 esse
1449 1424 1676 1454 insubsistentes
1698 1429 1726 1454 et

982 1473 1219 1511 contumeliosas,
1237 1477 1265 1502 et
1288 1477 1435 1512 tamquam
1460 1474 1530 1502 tales
1552 1473 1726 1503 reiiciendas

983 1526 1010 1551 et
1038 1521 1281 1560 proscribendas3
1306 1526 1539 1560 perpetuumque
1562 1521 1724 1558 silentium,

983 1570 1077 1609 quoad
1099 1570 1284 1609 episcopatus
1300 1571 1490 1609 erectionem,
1508 1570 1579 1607 sive,
1597 1574 1627 1599 ut
1646 1579 1727 1609 prae-

985 1618 1124 1656 tendunt,
1150 1618 1383 1653 restitutionem,
1408 1619 1521 1658 aliaque
1554 1619 1582 1648 in
1617 1618 1725 1648 eisdem

984 1666 1090 1696 libellis
1113 1670 1265 1704 contenta,
1290 1667 1368 1697 clero
1399 1671 1427 1697 et
1457 1667 1561 1706 populo
1584 1676 1615 1696 ac
1639 1666 1728 1705 parti-

984 1715 1134 1745 cularibus
1155 1715 1185 1745 S.
1209 1715 1347 1745 Germani
1371 1716 1517 1754 praesenti
1550 1718 1649 1744 nostro
1677 1714 1726 1744 de-

985 1768 1063 1793 creto
1076 1764 1255 1802 imponimus
1271 1773 1303 1793 ac
1317 1764 1483 1802 impositum
1501 1772 1563 1793 esse
1580 1763 1725 1799 volumus,

985 1817 1070 1852 prout
1094 1813 1182 1842 latius
1204 1813 1233 1842 in
1258 1812 1363 1842 litteris
1386 1812 1553 1851 apostolicis
1585 1811 1614 1840 in
1647 1811 1727 1840 calce

986 1860 1072 1889 huius
1088 1860 1208 1890 Concilii
1228 1860 1409 1899 apponendis
1425 1859 1581 1889 constabit.
1606 1859 1725 1895 Romae,

964 1922 965 1943 1
986 1908 1014 1937 in
1038 1909 1163 1938 ecclesia
1181 1908 1379 1945 Lateranensi,
1398 1916 1465 1937 xvni
1488 1907 1555 1936 maii
1578 1915 1725 1936 iinccxxv.

988 1973 1022 1977 -—-
1046 1955 1170 1985 Iomxes
1187 1956 1332 1986 Barrisra
1357 1955 1595 1994 archiepiscopus
1616 1954 1727 1984 Nisibe—

964 2013 966 2016 ·
987 2014 1042 2034 nus
1057 2027 1064 2040 ,
1088 2004 1176 2034 iudex
1205 2004 1391 2043 querelarum
1414 2008 1441 2033 et
1464 2003 1727 2033 controversiarum

987 2053 1062 2082 sacri
1090 2053 1211 2082 Concilii
1242 2052 1375 2082 Romani.
1400 2069 1437 2072 —
1460 2052 1643 2081 mecisctts
1666 2052 1729 2090 epi-

987 2108 1091 2137 scopus
1113 2098 1261 2135 Elusinus,
1290 2098 1377 2128 iudex
1403 2098 1588 2136 querelarum
1612 2102 1640 2127 et
1659 2107 1728 2127 con-

988 2145 1196 2175 troversiarum
1220 2145 1296 2174 sacri
1319 2145 1439 2175 Concilii
1463 2145 1596 2174 Romani.

1032 2198 1101 2241 {3-
1139 2198 1215 2230 Post
1249 2197 1435 2229 huiusmodi
1473 2198 1595 2230 decreti
1622 2197 1767 2249 publi-21·
1781 2203 1921 2250 13‘15'3mffiffjl‘22

988 2251 1160 2290 cntionem,
1190 2251 1247 2283 etsi
1283 2250 1418 2293 praefati
1445 2250 1475 2283 S.
1504 2250 1655 2283 Germani
1681 2237 1922 2302 innifffiisssshrsffgg

1815 2311 1920 2337 contume-

1770 2341 1778 2353 ς
1794 2338 1922 2354 monasterio

991 2355 1078 2388 tione
1106 2355 1313 2395 destiterint,
1340 2361 1372 2387 et
1397 2365 1456 2388 nos
1495 2355 1525 2387 in
1552 2350 1848 2407 novissimagjemcw
1877 2361 1923 2381 ¹¹¹³·

209 2409 295 2442 mani
314 2409 546 2449 institueretur,
569 2410 628 2448 vel,
649 2414 682 2440 ut
702 2408 840 2448 aiebant,
860 2408 948 2441 resti·
968 2442 969 2464 ¹
990 2408 1215 2451 praesynodali
1242 2407 1499 2450 Congregatione
1533 2419 1645 2441 eorum
1671 2408 1729 2440 im-

211 2467 368 2495 tueretur.
413 2462 606 2495 Eorumdem
646 2472 720 2494 vero
764 2461 948 2494 libellorum
968 2473 970 2526 i
990 2460 1179 2503 pudentiam
1198 2461 1305 2502 palam
1336 2471 1472 2502 arguere
1495 2466 1525 2493 et
1545 2460 1728 2503 improbare

211 2515 358 2548 examine
383 2514 471 2547 iussn
499 2519 608 2547 nostro
624 2525 640 2546 a
657 2514 841 2547 memoratis
860 2524 950 2557 prae·
968 2527 970 2586 ἴ
991 2513 1153 2555 simulque
1179 2511 1331 2545 Ordinem
1354 2513 1490 2545 maxime
1510 2512 1728 2545 venerabilem

211 2566 335 2601 sulibus
373 2566 533 2600 iudicibus
575 2566 737 2608 deputatis
775 2565 971 2609 diligenter.
992 2565 1111 2597 ettanti
1127 2564 1267 2597 nominis
1281 2565 1511 2598 monasterium
1525 2565 1727 2609 (lignalaude
