2170 3147
3 200 26 218 n,
44 191 74 219 G.
94 190 160 217 ¹725

12 1303 161 1328 nni-ngaioriae

0 1331 108 1352 neuturus.

780 187 976 212 nnnnnicrus
1001 187 1059 211 xm
1083 186 1131 211 rr.
1587 174 1651 208 389
1699 187 1748 210 An.
1772 184 1802 210 c.
1822 186 1888 213 1726

171 249 306 282 cumque
326 265 333 278 ‚
374 238 428 270 ubi
470 243 501 271 et
525 237 797 281 quandocumque
824 247 907 280 opus

172 290 275 328 suerit,
301 296 332 323 et
357 290 481 332 quoties
498 300 556 332 pro
575 295 665 332 parte
683 289 857 332 priorissae
876 293 905 321 et

170 343 359 377 monialium
390 353 475 375 nunc
506 348 536 375 et
569 353 629 385 pro
663 347 808 384 tempore
842 340 908 373 exi-

171 395 345 428 stentium¹
371 396 586 438 praefatarum
606 394 752 437 requisiti
772 392 906 433 fuerint,

171 449 362 481 solemniter
386 448 601 492 publicantes,
627 447 672 479 eis
694 447 725 478 in
751 446 909 489 praemis-

172 501 214 533 sis
240 501 377 533 efficacis
404 500 604 534 defensionis
636 499 799 542 praesidio
832 499 907 530 assi-

170 557 314 593 stentes,
342 554 460 585 faciant
484 552 677 585 auctoritate
702 552 809 584 nostra
835 551 907 583 illas

171 610 202 637 et
226 605 258 637 in
285 605 331 638 eis
357 611 510 638 contenta
534 604 719 638 huiusmodi
746 604 785 636 ab
806 604 909 637 onini-

170 657 231 690 bus
251 663 282 691 et
299 658 449 701 singulis,
476 658 515 690 ad
540 668 618 701 quos
644 662 770 700 spectat
794 661 824 689 et
849 666 908 699 pro

170 715 318 753 tempore
344 711 517 754 spectabit,
541 709 771 743 inviolabiliter
800 708 909 741 obser-

172 763 255 803 vari,
286 763 416 806 illisque
446 763 577 806 pacifice
607 763 668 795 frui
697 767 729 795 et
756 762 907 805 gaudere,

170 825 236 849 non
255 816 481 859 permittentes
499 816 683 860 quempiam
698 827 734 849 ex
756 814 910 859 priorissa

173 873 205 902 et
228 869 426 902 monialibus
447 879 533 902 nunc
552 875 583 901 et
597 879 658 912 pro
679 874 825 912 tempore
844 867 910 901 exi-

171 921 354 954 stentibus²
375 921 549 965 praedictis
574 922 714 964 desuper
731 920 910 964 quomodo-

170 974 251 1007 libet
275 973 421 1007 indebite
447 973 630 1013 molestari,
655 973 909 1006 contradictores

171 1027 334 1070 quoslibet
352 1032 382 1059 et
401 1028 541 1059 rebelles
559 1037 617 1069 per
634 1027 818 1071 sententias,
837 1036 910 1058 cen-

171 1090 262 1112 suras
287 1086 317 1112 et
349 1090 469 1122 poenas
496 1080 751 1119 ecclesiasticas,
782 1079 909 1122 aliaque

171 1139 355 1175 opportuna
376 1133 453 1165 iuris
473 1138 504 1165 et
522 1132 593 1165 facti
612 1132 766 1171 remedia,
785 1133 910 1164 servata

173 1192 281 1218 tamen
308 1186 408 1218 forma
433 1185 565 1218 Concilii
593 1185 781 1224 Trieentini‚
799 1186 910 1228 appel-

173 1238 294 1271 latione
321 1237 514 1281 posposita‚
543 1237 794 1281 compescendo.

217 1292 232 1334 ἓ
256 1290 287 1324 9.
314 1290 383 1324 Non
405 1291 608 1323 obstantibus
635 1290 735 1323 seticis
762 1290 912 1323 recorda-

174 1344 271 1377 tionis
297 1343 451 1377 ssonisacii
484 1343 542 1376 PP.
575 1343 660 1383 VIII,
692 1343 788 1376 etiam
819 1353 913 1386 prae-

175 1397 357 1431 decessoris
390 1397 493 1430 nostri
528 1397 567 1429 de
598 1399 683 1436 una,
719 1401 752 1428 et
783 1396 911 1430 concilii

174 1450 338 1493 generalis
369 1450 407 1483 de
439 1450 564 1482 duabus
599 1448 708 1489 dietis,
736 1449 912 1483 dummodo

174 1508 281 1536 tamen
310 1504 395 1536 ultra
426 1508 492 1535 tres
525 1503 627 1535 dietas
660 1502 776 1545 aliquis
806 1503 914 1545 vigore

174 1556 364 1589 earumdem
378 1556 598 1599 praesentium
618 1561 708 1588 extra
725 1566 814 1589 suam
831 1556 915 1589 dioc-

175 1609 271 1642 cesim
309 1609 348 1642 ad
385 1609 539 1641 iudicium
575 1619 641 1642 non
679 1609 848 1649 trabatur,
885 1616 916 1643 et

175 1661 434 1705 quibuscumque
452 1662 740 1705 praetensionibus
756 1663 915 1706 praedicti

175 1715 417 1759 archiepiscopi
447 1716 512 1748 sive
547 1716 615 1749 eius
652 1717 849 1759 promotoris
873 1717 912 1749 fi-

175 1769 281 1809 scalis,
303 1774 334 1802 et
351 1779 553 1812 quacumque
572 1769 627 1802 lite
652 1769 685 1802 in
710 1780 914 1813 quocumque

175 1822 329 1855 tribunali
367 1827 422 1855 aut
457 1821 717 1865 Congregatione
753 1822 848 1856 Urbis
885 1828 915 1856 ct

176 1875 215 1908 de
233 1875 379 1918 partibus
405 1875 550 1908 indecisa
575 1876 739 1918 pendente
749 1876 770 1915 ³,
791 1887 826 1908 ac
847 1876 916 1919 qui-

174 1927 282 1961 busvis
308 1928 506 1971 apostolicis,
522 1927 617 1961 etiam
643 1928 675 1960 in
701 1928 915 1971 synodalibus,

175 1981 445 2025 provincialibus,
476 1981 701 2023 generalibus,
728 1981 916 2015 universali-

175 2034 303 2077 busque
322 2033 466 2067 conciliis
493 2033 588 2066 editis
614 2036 663 2067 vel
682 2034 830 2074 edendis,
848 2045 918 2078 spe-

177 2086 314 2120 cialibus
332 2087 380 2119 vel
399 2086 613 2128 generalibus,
630 2086 916 2119 constitutionibus

177 2143 209 2172 et
233 2138 514 2179 ordinationibus,
549 2138 730 2181 privilegiis
766 2150 915 2182 quoquc,

177 2192 313 2225 indultis
332 2197 364 2225 et
380 2191 497 2225 litteris
514 2191 703 2235 apostolicis
721 2192 827 2225 eidem
852 2203 918 2225 mo-

177 2245 320 2278 nasterio
346 2255 382 2278 ac
407 2244 573 2288 quibusvis
598 2245 668 2278 aliis
695 2245 916 2288 superioribus

179 2303 210 2331 ct
227 2298 386 2342 personis,
404 2298 436 2330 in
462 2308 582 2340 genere
605 2299 653 2331 vel
676 2298 707 2330 in
726 2298 846 2341 specie,
864 2303 919 2331 aut

178 2352 257 2386 alias
274 2351 308 2384 in
324 2351 525 2385 contrarium
538 2351 795 2394 praemissorum
808 2351 917 2385 forsan

214 2441 225 2467 1
249 2439 321 2467 Edit.
343 2440 424 2466 Main.
445 2439 513 2473 legit
532 2439 685 2467 existentes
704 2440 747 2470 (n.
763 2441 813 2471 T.)-

213 2485 232 2512 2
250 2485 319 2512 Edit,
341 2484 423 2511 Main.
445 2484 512 2518 legit
531 2484 685 2511 eaeistentes
704 2488 746 2517 (n.
763 2485 811 2519 T.)-

213 2528 230 2556 3
241 2529 311 2556 Male
327 2529 391 2556 edit.
404 2528 482 2555 Main.
494 2528 560 2563 legit
574 2536 783 2563 quamcumque
800 2529 915 2557 litem...

176 2572 351 2608 pendentem
372 2574 408 2609 (a.
430 2574 481 2608 τ.).

950 234 1198 279 quomodolibet
1222 233 1404 273 concessis,
1430 232 1628 266 confirmatis
1661 236 1693 265 et

951 289 1154 331 approbatis,
1177 287 1297 330 quibus
1323 286 1476 320 omnibus
1499 291 1531 319 et
1544 285 1692 327 singulis,

951 341 1075 373 etiamsi
1102 351 1160 384 pro
1186 341 1317 373 illorum
1351 339 1530 373 sufficiente
1556 339 1694 380 deroga-

952 393 1039 425 tione
1061 393 1140 425 alias
1162 393 1201 425 de
1222 392 1286 425 illis
1304 402 1482 435 eorumque
1510 390 1582 424 totis
1608 396 1694 423 teno-

952 445 1059 488 ribus,
1086 446 1254 489 specialis,
1281 444 1452 489 specifica,
1479 454 1635 488 expressa
1663 449 1695 477 et

952 498 1129 538 individua,
1156 509 1191 531 ac
1223 498 1261 531 de
1288 498 1326 531 de
1352 498 1453 531 verbo
1479 498 1517 530 ad
1547 498 1694 539 verbum,

952 561 1018 583 non
1036 556 1143 583 autem
1162 561 1221 593 per
1237 551 1398 583 clausulas
1420 551 1590 593 generales
1608 550 1693 582 idem

952 602 1189 645 importantcS‚
1216 602 1338 635 mentio
1373 613 1428 635 seu
1466 603 1597 646 quaevis
1632 602 1695 635 alia

953 656 1118 698 expressio
1154 655 1304 688 habenda
1333 661 1386 688 aut
1422 656 1530 698 aliqua
1556 655 1620 688 alia
1646 666 1694 688 ex-

952 708 1072 750 quisita
1106 708 1210 741 forma
1238 708 1277 740 ad
1311 708 1374 741 hoc
1406 708 1565 741 servanda
1590 708 1694 748 soret,

954 766 1084 794 tenores
1116 761 1323 802 huiusmodi,
1351 772 1387 794 ac
1412 762 1438 794 si
1465 762 1503 794 de
1529 762 1630 794 verbo
1655 761 1695 794 ad

953 814 1098 854 verbum,
1127 814 1208 846 nihil
1233 814 1364 857 penitus
1390 814 1510 847 omisso
1537 819 1568 847 et
1593 814 1697 846 Forma

954 866 1068 900 inillis
1089 866 1206 899 tradita
1230 866 1410 907 observata,
1438 867 1553 900 inserti
1580 867 1695 907 forent,

953 919 1182 964 praesentibus
1196 930 1257 963 pro
1271 921 1368 963 plene
1383 926 1414 953 et
1431 920 1631 953 sufficienter
1647 930 1697 952 ex-

954 973 1075 1016 pressis
1089 973 1263 1012 habentes‚
1276 972 1339 1006 illis
1357 974 1436 1006 alias
1456 973 1487 1005 in
1506 984 1563 1006 suo
1580 973 1697 1006 robore

955 1026 1187 1069 permansuris,
1213 1026 1366 1059 latissime
1393 1032 1424 1059 et
1447 1026 1636 1070 plenissime
1662 1036 1699 1059 ac

955 1079 1145 1122 specialiter
1169 1084 1202 1112 et
1226 1090 1398 1122 expresse,
1422 1090 1551 1112 necnon
1577 1089 1700 1122 oppor-

956 1137 1031 1164 tune
1057 1136 1089 1165 et
1112 1132 1230 1171 valide,
1248 1132 1309 1164 hac
1326 1132 1395 1165 vice
1413 1132 1587 1172 dumtaxat,
1607 1137 1698 1165 motu

956 1185 1064 1224 simili,
1090 1185 1197 1228 deque
1224 1185 1359 1218 scientia
1385 1191 1417 1218 et
1441 1185 1611 1228 potestatis
1629 1186 1699 1229 ple-

956 1238 1105 1272 nitudine
1124 1239 1267 1282 paribus,
1282 1240 1493 1282 derogamus;
1515 1239 1698 1283 ceterisque

956 1292 1130 1325 contrariis
1155 1292 1426 1336 quibuscumque.

1001 1345 1115 1378 Datum
1129 1345 1259 1385 Romae,
1275 1346 1360 1389 apud
1379 1345 1408 1379 S.
1420 1345 1562 1386 Petrum,
1575 1346 1635 1379 sub
1650 1356 1701 1379 an·

956 1398 1035 1430 nulo
1050 1397 1234 1437 Piscatori3‚
1251 1398 1303 1431 die
1325 1408 1360 1432 111
1386 1399 1513 1441 augusti
1527 1408 1702 1440 Moccxxvi,

957 1450 1166 1495 pontificatus
1193 1451 1297 1484 nostri
1323 1462 1409 1485 anno
1435 1462 1484 1486 111.

995 1512 1054 1539 Dat.
1076 1512 1121 1539 die
1141 1512 1157 1539 3
1177 1512 1285 1547 augusti
1307 1513 1394 1548 1726,
1416 1513 1515 1548 pontif.
1534 1521 1607 1542 anno
1624 1520 1661 1541 ιιι.

1250 1655 1412 1689 CXXXIX.

959 1736 1169 1769 Adscribitur
1186 1737 1352 1769 bealorum
1368 1737 1516 1780 calaloyo
1536 1747 1628 1770 serva
1644 1737 1704 1770 Dei

1002 1789 1196 1831 Hyacineha
1226 1789 1264 1821 de
1296 1790 1515 1830 Marescoctis,
1547 1790 1703 1823 monialis

1008 1842 1109 1875 Tertii
1134 1841 1270 1875 Ordinis
1294 1842 1326 1875 S.
1352 1842 1525 1875 Fraucz‘sci
1549 1843 1570 1875 ¹.

1141 1921 1324 1949 Benedictus
1345 1922 1425 1955 Papa
1444 1922 1526 1955 XIII,

1084 1968 1119 1993 ad
1140 1969 1316 2000 perpetuam
1337 1966 1382 1993 rei
1402 1966 1585 1993 memoriam.

1005 2035 1281 2074 Quemadmodum
1297 2036 1488 2080 redemptor
1502 2042 1534 2069 et
1548 2036 1705 2079 magister
1716 2071 1727 2091 d
1743 2046 1874 2091 prooemium
1886 2052 1898 2067 a

962 2094 1071 2122 noster
1088 2088 1234 2122 Christus
1253 2089 1350 2129 Iesus,
1369 2089 1424 2133 qui
1450 2090 1542 2123 sedet
1567 2091 1606 2123 ad
1632 2074 1787 2123 dex-viiii?
1814 2078 1900 2128 Ρέῗιᾞιοιέ

963 2146 1064 2174 teram
1083 2142 1262 2174 maiestatis
1290 2142 1321 2174 in
1348 2142 1495 2184 excelsis,
1518 2153 1623 2176 sacras
1640 2143 1703 2175 vir·
1715 2127 1837 2176 {iiiiii-mm
1859 2131 1900 2146 w*

962 2194 1066 2237 gines,
1094 2205 1176 2238 quae
1202 2194 1234 2227 in
1261 2194 1375 2227 diebus
1405 2206 1483 2228 suae
1517 2197 1705 2238 peregrina-

962 2247 1071 2288 tionis,
1092 2248 1212 2280 oblitae
1231 2249 1387 2290 populum
1407 2259 1499 2281 suum
1519 2254 1549 2282 et
1570 2249 1703 2282 domum

962 2300 1063 2342 patris
1094 2300 1161 2341 sui,
1190 2300 1357 2343 propriam
1395 2302 1596 2334 voluntatem
1630 2313 1704 2334 cum

961 2353 1112 2385 omnibus
1137 2352 1411 2396 concupiscentiis
1436 2353 1620 2387 crucifixam
1637 2354 1702 2388 Dco

995 2441 1008 2467 1
1031 2440 1088 2467 Ati-:1
1107 2440 1186 2467 huius
1201 2441 1342 2468 Pontificis
1362 2445 1447 2469 const.
1469 2442 1513 2469 ed.
1531 2449 1684 2470 ninccxxvm
1697 2465 1703 2476 ,

961 2484 1003 2511 die
1020 2486 1051 2511 14
1068 2485 1140 2518 maii,
1159 2485 1253 2519 pontif.
1270 2492 1305 2518 lv,
1323 2486 1424 2513 Beatus
1440 2486 1593 2514 declaratur
1607 2496 1703 2515 servus

961 2528 1007 2555 Dei
1022 2529 1138 2556 Ioannes
1153 2529 1185 2555 de
1203 2529 1288 2557 Prado
1304 2530 1411 2558 Ordinis
1427 2531 1562 2559 Minorum
1577 2532 1605 2559 S.
1623 2531 1703 2559 Fran-

961 2573 1025 2601 cisci
1046 2573 1276 2601 Excalceatorum.
