<?xml version="1.0" encoding="UTF-8"?>
<!DOCTYPE html PUBLIC "-//W3C//DTD XHTML 1.0 Transitional//EN"
    "http://www.w3.org/TR/xhtml1/DTD/xhtml1-transitional.dtd">
<html xmlns="http://www.w3.org/1999/xhtml" xml:lang="en" lang="en">
 <head>
  <title>
</title>
<meta http-equiv="Content-Type" content="text/html;charset=utf-8" />
  <meta name='ocr-system' content='tesseract 3.04.00' />
  <meta name='ocr-capabilities' content='ocr_page ocr_carea ocr_par ocr_line ocrx_word'/>
</head>
<body>
  <div class='ocr_page' id='page_1' title='image "./bullarumdiplomat22cath_0270.png"; bbox 0 0 2170 3147; ppageno 0'>
   <div class='ocr_carea' id='block_1_1' title="bbox 254 232 550 269">
    <p class='ocr_par' dir='ltr' id='par_1_1' title="bbox 254 232 550 269">
     <span class='ocr_line' id='line_1_1' title="bbox 254 232 550 269; baseline -0.014 -1"><span class='ocrx_word' id='word_1_1' title='bbox 254 244 304 268; x_wconf 67' lang='lat' dir='ltr'>An.</span> <span class='ocrx_word' id='word_1_2' title='bbox 325 241 355 268; x_wconf 80' lang='lat' dir='ltr'>c.</span> <span class='ocrx_word' id='word_1_3' title='bbox 373 242 440 269; x_wconf 72' lang='lat'>1725</span> <span class='ocrx_word' id='word_1_4' title='bbox 487 232 550 265; x_wconf 70' lang='lat'>⁶2:32</span> 
     </span>
    </p>
   </div>
   <div class='ocr_carea' id='block_1_2' title="bbox 445 287 1198 2087">
    <p class='ocr_par' dir='ltr' id='par_1_2' title="bbox 445 287 1198 2087">
     <span class='ocr_line' id='line_1_2' title="bbox 445 287 1188 333; baseline 0 -14"><span class='ocrx_word' id='word_1_5' title='bbox 445 289 528 333; x_wconf 77' lang='lat' dir='ltr'>pro⁴</span> <span class='ocrx_word' id='word_1_6' title='bbox 556 288 726 331; x_wconf 77' lang='lat' dir='ltr'>religionis</span> <span class='ocrx_word' id='word_1_7' title='bbox 763 288 965 321; x_wconf 82' lang='lat' dir='ltr'>incremento</span> <span class='ocrx_word' id='word_1_8' title='bbox 1002 292 1035 321; x_wconf 89' lang='lat' dir='ltr'>et</span> <span class='ocrx_word' id='word_1_9' title='bbox 1071 287 1188 320; x_wconf 87' lang='lat' dir='ltr'>decore</span> 
     </span>
     <span class='ocr_line' id='line_1_3' title="bbox 447 340 1189 383; baseline -0.004 -8"><span class='ocrx_word' id='word_1_10' title='bbox 447 343 528 375; x_wconf 83' lang='lat' dir='ltr'>sacta</span> <span class='ocrx_word' id='word_1_11' title='bbox 556 341 654 374; x_wconf 80' lang='lat' dir='ltr'>fuisse</span> <span class='ocrx_word' id='word_1_12' title='bbox 680 346 879 381; x_wconf 84' lang='lat' dir='ltr'>noscuntur,</span> <span class='ocrx_word' id='word_1_13' title='bbox 905 340 1047 373; x_wconf 79' lang='lat' dir='ltr'>libenter</span> <span class='ocrx_word' id='word_1_14' title='bbox 1072 350 1189 383; x_wconf 85' lang='lat' dir='ltr'>appro-</span> 
     </span>
     <span class='ocr_line' id='line_1_4' title="bbox 446 393 1189 438; baseline -0.003 -11"><span class='ocrx_word' id='word_1_15' title='bbox 446 395 516 435; x_wconf 83' lang='lat' dir='ltr'>bat,</span> <span class='ocrx_word' id='word_1_16' title='bbox 543 394 655 438; x_wconf 81' lang='lat' dir='ltr'>cisque</span> <span class='ocrx_word' id='word_1_17' title='bbox 685 393 853 437; x_wconf 87' lang='lat' dir='ltr'>apostolici</span> <span class='ocrx_word' id='word_1_18' title='bbox 881 393 1070 426; x_wconf 80' lang='lat' dir='ltr'>muniminis</span> <span class='ocrx_word' id='word_1_19' title='bbox 1091 393 1189 426; x_wconf 87' lang='lat' dir='ltr'>robur</span> 
     </span>
     <span class='ocr_line' id='line_1_5' title="bbox 447 446 1190 490; baseline -0.004 -10"><span class='ocrx_word' id='word_1_20' title='bbox 447 448 566 487; x_wconf 80' lang='lat' dir='ltr'>adiicit,</span> <span class='ocrx_word' id='word_1_21' title='bbox 590 447 711 490; x_wconf 84' lang='lat' dir='ltr'>illaque</span> <span class='ocrx_word' id='word_1_22' title='bbox 738 447 776 479; x_wconf 89' lang='lat' dir='ltr'>de</span> <span class='ocrx_word' id='word_1_23' title='bbox 803 457 887 480; x_wconf 90' lang='lat' dir='ltr'>novo</span> <span class='ocrx_word' id='word_1_24' title='bbox 913 446 1072 485; x_wconf 85' lang='lat' dir='ltr'>concedit,</span> <span class='ocrx_word' id='word_1_25' title='bbox 1093 451 1190 489; x_wconf 88' lang='lat' dir='ltr'>prout</span> 
     </span>
     <span class='ocr_line' id='line_1_6' title="bbox 447 500 1186 544; baseline -0.003 -11"><span class='ocrx_word' id='word_1_26' title='bbox 447 500 609 544; x_wconf 84' lang='lat' dir='ltr'>conspicit</span> <span class='ocrx_word' id='word_1_27' title='bbox 644 500 676 532; x_wconf 92' lang='lat' dir='ltr'>in</span> <span class='ocrx_word' id='word_1_28' title='bbox 709 500 845 533; x_wconf 89' lang='lat' dir='ltr'>Domino</span> <span class='ocrx_word' id='word_1_29' title='bbox 883 500 1058 532; x_wconf 88' lang='lat' dir='ltr'>salubriter</span> <span class='ocrx_word' id='word_1_30' title='bbox 1087 509 1186 542; x_wconf 72' lang='lat' dir='ltr'>expe-</span> 
     </span>
     <span class='ocr_line' id='line_1_7' title="bbox 448 551 1188 596; baseline -0.003 -11"><span class='ocrx_word' id='word_1_31' title='bbox 448 552 530 585; x_wconf 84' lang='lat' dir='ltr'>dire.</span> <span class='ocrx_word' id='word_1_32' title='bbox 559 552 641 585; x_wconf 84' lang='lat' dir='ltr'>Sane</span> <span class='ocrx_word' id='word_1_33' title='bbox 673 563 732 596; x_wconf 90' lang='lat' dir='ltr'>pro</span> <span class='ocrx_word' id='word_1_34' title='bbox 758 557 850 595; x_wconf 85' lang='lat' dir='ltr'>parte</span> <span class='ocrx_word' id='word_1_35' title='bbox 884 552 1077 585; x_wconf 87' lang='lat' dir='ltr'>dilectorum</span> <span class='ocrx_word' id='word_1_36' title='bbox 1105 551 1188 584; x_wconf 77' lang='lat' dir='ltr'>tilio-</span> 
     </span>
     <span class='ocr_line' id='line_1_8' title="bbox 447 603 1188 638; baseline -0.003 -1"><span class='ocrx_word' id='word_1_37' title='bbox 447 617 519 638; x_wconf 81' lang='lat' dir='ltr'>rum</span> <span class='ocrx_word' id='word_1_38' title='bbox 559 605 685 638; x_wconf 83' lang='lat' dir='ltr'>abbatis</span> <span class='ocrx_word' id='word_1_39' title='bbox 722 610 752 638; x_wconf 91' lang='lat' dir='ltr'>et</span> <span class='ocrx_word' id='word_1_40' title='bbox 789 610 967 638; x_wconf 89' lang='lat' dir='ltr'>conventus</span> <span class='ocrx_word' id='word_1_41' title='bbox 1000 603 1188 637; x_wconf 85' lang='lat' dir='ltr'>monasterii</span> 
     </span>
     <span class='ocr_line' id='line_1_9' title="bbox 447 657 1189 691; baseline -0.004 0"><span class='ocrx_word' id='word_1_42' title='bbox 447 660 479 691; x_wconf 92' lang='lat' dir='ltr'>in</span> <span class='ocrx_word' id='word_1_43' title='bbox 507 658 612 691; x_wconf 79' lang='lat' dir='ltr'>Monte</span> <span class='ocrx_word' id='word_1_44' title='bbox 639 657 770 690; x_wconf 86' lang='lat' dir='ltr'>Cassino</span> <span class='ocrx_word' id='word_1_45' title='bbox 807 657 937 690; x_wconf 87' lang='lat' dir='ltr'>Ordinis</span> <span class='ocrx_word' id='word_1_46' title='bbox 963 657 994 690; x_wconf 87' lang='lat' dir='ltr'>S.</span> <span class='ocrx_word' id='word_1_47' title='bbox 1022 657 1189 689; x_wconf 71' lang='lat' dir='ltr'>Benedicti</span> 
     </span>
     <span class='ocr_line' id='line_1_10' title="bbox 447 709 1191 753; baseline -0.004 -9"><span class='ocrx_word' id='word_1_48' title='bbox 447 710 716 753; x_wconf 78' lang='lat' dir='ltr'>Congregationis</span> <span class='ocrx_word' id='word_1_49' title='bbox 734 709 936 743; x_wconf 87' lang='lat' dir='ltr'>Cassinensis</span> <span class='ocrx_word' id='word_1_50' title='bbox 957 710 1076 743; x_wconf 86' lang='lat' dir='ltr'>nullius</span> <span class='ocrx_word' id='word_1_51' title='bbox 1102 709 1191 742; x_wconf 86' lang='lat' dir='ltr'>dioe-</span> 
     </span>
     <span class='ocr_line' id='line_1_11' title="bbox 448 762 1190 806; baseline -0.005 -9"><span class='ocrx_word' id='word_1_52' title='bbox 448 765 530 797; x_wconf 84' lang='lat' dir='ltr'>cesis</span> <span class='ocrx_word' id='word_1_53' title='bbox 557 763 700 797; x_wconf 76' lang='lat' dir='ltr'>exhibita</span> <span class='ocrx_word' id='word_1_54' title='bbox 727 763 821 796; x_wconf 87' lang='lat' dir='ltr'>nobis</span> <span class='ocrx_word' id='word_1_55' title='bbox 847 762 960 806; x_wconf 87' lang='lat' dir='ltr'>petitio</span> <span class='ocrx_word' id='word_1_56' title='bbox 986 762 1190 801; x_wconf 86' lang='lat' dir='ltr'>continebat,</span> 
     </span>
     <span class='ocr_line' id='line_1_12' title="bbox 448 816 1190 862; baseline -0.003 -12"><span class='ocrx_word' id='word_1_57' title='bbox 448 818 536 862; x_wconf 88' lang='lat' dir='ltr'>quod</span> <span class='ocrx_word' id='word_1_58' title='bbox 563 818 684 850; x_wconf 90' lang='lat' dir='ltr'>dictum</span> <span class='ocrx_word' id='word_1_59' title='bbox 711 817 945 850; x_wconf 87' lang='lat' dir='ltr'>monasterium</span> <span class='ocrx_word' id='word_1_60' title='bbox 964 827 1023 860; x_wconf 89' lang='lat' dir='ltr'>per</span> <span class='ocrx_word' id='word_1_61' title='bbox 1047 816 1190 849; x_wconf 87' lang='lat' dir='ltr'>diversos</span> 
     </span>
     <span class='ocr_line' id='line_1_13' title="bbox 448 870 1192 914; baseline -0.004 -9"><span class='ocrx_word' id='word_1_62' title='bbox 448 872 612 906; x_wconf 79' lang='lat' dir='ltr'>Romanos</span> <span class='ocrx_word' id='word_1_63' title='bbox 637 870 808 904; x_wconf 80' lang='lat' dir='ltr'>Pontifices</span> <span class='ocrx_word' id='word_1_64' title='bbox 834 871 1104 914; x_wconf 74' lang='lat' dir='ltr'>praedecessores</span> <span class='ocrx_word' id='word_1_65' title='bbox 1138 880 1192 902; x_wconf 80' lang='lat' dir='ltr'>no-</span> 
     </span>
     <span class='ocr_line' id='line_1_14' title="bbox 449 923 1192 967; baseline -0.004 -9"><span class='ocrx_word' id='word_1_66' title='bbox 449 931 532 958; x_wconf 88' lang='lat' dir='ltr'>stros</span> <span class='ocrx_word' id='word_1_67' title='bbox 557 925 668 958; x_wconf 87' lang='lat' dir='ltr'>multis</span> <span class='ocrx_word' id='word_1_68' title='bbox 694 930 724 957; x_wconf 90' lang='lat' dir='ltr'>et</span> <span class='ocrx_word' id='word_1_69' title='bbox 753 924 848 957; x_wconf 82' lang='lat' dir='ltr'>variis</span> <span class='ocrx_word' id='word_1_70' title='bbox 880 924 1002 967; x_wconf 79' lang='lat' dir='ltr'>gratiis,</span> <span class='ocrx_word' id='word_1_71' title='bbox 1034 923 1192 956; x_wconf 78' lang='lat' dir='ltr'>facultati-</span> 
     </span>
     <span class='ocr_line' id='line_1_15' title="bbox 448 976 1192 1019; baseline -0.004 -8"><span class='ocrx_word' id='word_1_72' title='bbox 448 979 521 1019; x_wconf 85' lang='lat' dir='ltr'>bus,</span> <span class='ocrx_word' id='word_1_73' title='bbox 550 978 768 1018; x_wconf 68' lang='lat' dir='ltr'>libertatibus,</span> <span class='ocrx_word' id='word_1_74' title='bbox 801 977 1063 1010; x_wconf 89' lang='lat' dir='ltr'>immunitatibus</span> <span class='ocrx_word' id='word_1_75' title='bbox 1089 982 1120 1009; x_wconf 88' lang='lat' dir='ltr'>et</span> <span class='ocrx_word' id='word_1_76' title='bbox 1146 976 1192 1008; x_wconf 90' lang='lat' dir='ltr'>in-</span> 
     </span>
     <span class='ocr_line' id='line_1_16' title="bbox 450 1029 1190 1069; baseline -0.005 -5"><span class='ocrx_word' id='word_1_77' title='bbox 450 1031 547 1065; x_wconf 86' lang='lat' dir='ltr'>dultis</span> <span class='ocrx_word' id='word_1_78' title='bbox 587 1032 785 1064; x_wconf 88' lang='lat' dir='ltr'>cumulatum</span> <span class='ocrx_word' id='word_1_79' title='bbox 824 1036 854 1063; x_wconf 89' lang='lat' dir='ltr'>et</span> <span class='ocrx_word' id='word_1_80' title='bbox 892 1031 1082 1063; x_wconf 84' lang='lat' dir='ltr'>decoratum</span> <span class='ocrx_word' id='word_1_81' title='bbox 1121 1029 1190 1069; x_wconf 86' lang='lat' dir='ltr'>suit,</span> 
     </span>
     <span class='ocr_line' id='line_1_17' title="bbox 450 1083 1191 1128; baseline -0.005 -10"><span class='ocrx_word' id='word_1_82' title='bbox 450 1085 603 1128; x_wconf 88' lang='lat' dir='ltr'>illiusque</span> <span class='ocrx_word' id='word_1_83' title='bbox 629 1085 728 1117; x_wconf 85' lang='lat' dir='ltr'>abbas</span> <span class='ocrx_word' id='word_1_84' title='bbox 765 1094 824 1127; x_wconf 90' lang='lat' dir='ltr'>pro</span> <span class='ocrx_word' id='word_1_85' title='bbox 863 1090 1011 1127; x_wconf 90' lang='lat' dir='ltr'>tempore</span> <span class='ocrx_word' id='word_1_86' title='bbox 1049 1083 1191 1116; x_wconf 77' lang='lat' dir='ltr'>existens</span> 
     </span>
     <span class='ocr_line' id='line_1_18' title="bbox 450 1136 1192 1176; baseline -0.004 -5"><span class='ocrx_word' id='word_1_87' title='bbox 450 1138 574 1171; x_wconf 88' lang='lat' dir='ltr'>nemini</span> <span class='ocrx_word' id='word_1_88' title='bbox 611 1138 745 1176; x_wconf 81' lang='lat' dir='ltr'>subest,</span> <span class='ocrx_word' id='word_1_89' title='bbox 772 1137 828 1169; x_wconf 88' lang='lat' dir='ltr'>sed</span> <span class='ocrx_word' id='word_1_90' title='bbox 854 1137 1075 1169; x_wconf 82' lang='lat' dir='ltr'>omnimodam</span> <span class='ocrx_word' id='word_1_91' title='bbox 1100 1136 1192 1168; x_wconf 88' lang='lat' dir='ltr'>iuris-</span> 
     </span>
     <span class='ocr_line' id='line_1_19' title="bbox 451 1189 1191 1233; baseline -0.004 -10"><span class='ocrx_word' id='word_1_92' title='bbox 451 1191 654 1230; x_wconf 90' lang='lat' dir='ltr'>dictionem,</span> <span class='ocrx_word' id='word_1_93' title='bbox 682 1190 903 1233; x_wconf 80' lang='lat' dir='ltr'>episcopalem</span> <span class='ocrx_word' id='word_1_94' title='bbox 947 1200 985 1222; x_wconf 90' lang='lat' dir='ltr'>ac</span> <span class='ocrx_word' id='word_1_95' title='bbox 1025 1189 1191 1232; x_wconf 91' lang='lat' dir='ltr'>proprium</span> 
     </span>
     <span class='ocr_line' id='line_1_20' title="bbox 450 1243 1194 1285; baseline -0.003 -10"><span class='ocrx_word' id='word_1_96' title='bbox 450 1243 650 1276; x_wconf 83' lang='lat' dir='ltr'>territorium</span> <span class='ocrx_word' id='word_1_97' title='bbox 687 1254 723 1275; x_wconf 88' lang='lat' dir='ltr'>ac</span> <span class='ocrx_word' id='word_1_98' title='bbox 759 1243 806 1275; x_wconf 91' lang='lat' dir='ltr'>ius</span> <span class='ocrx_word' id='word_1_99' title='bbox 843 1243 1066 1285; x_wconf 73' lang='lat' dir='ltr'>congregandi</span> <span class='ocrx_word' id='word_1_100' title='bbox 1100 1252 1194 1285; x_wconf 55' lang='lat' dir='ltr'>syno-</span> 
     </span>
     <span class='ocr_line' id='line_1_21' title="bbox 452 1297 1193 1340; baseline -0.001 -11"><span class='ocrx_word' id='word_1_101' title='bbox 452 1298 526 1330; x_wconf 87' lang='lat' dir='ltr'>dum</span> <span class='ocrx_word' id='word_1_102' title='bbox 555 1297 684 1337; x_wconf 83' lang='lat' dir='ltr'>liabeat,</span> <span class='ocrx_word' id='word_1_103' title='bbox 717 1302 815 1340; x_wconf 92' lang='lat' dir='ltr'>prout</span> <span class='ocrx_word' id='word_1_104' title='bbox 851 1297 938 1329; x_wconf 87' lang='lat' dir='ltr'>illam</span> <span class='ocrx_word' id='word_1_105' title='bbox 973 1305 1193 1339; x_wconf 72' lang='lat' dir='ltr'>congregasse</span> 
     </span>
     <span class='ocr_line' id='line_1_22' title="bbox 452 1350 1193 1392; baseline -0.003 -10"><span class='ocrx_word' id='word_1_106' title='bbox 452 1356 484 1383; x_wconf 91' lang='lat' dir='ltr'>et</span> <span class='ocrx_word' id='word_1_107' title='bbox 507 1350 539 1382; x_wconf 88' lang='lat' dir='ltr'>in</span> <span class='ocrx_word' id='word_1_108' title='bbox 557 1351 591 1383; x_wconf 71' lang='lat' dir='ltr'>ea</span> <span class='ocrx_word' id='word_1_109' title='bbox 611 1350 853 1382; x_wconf 76' lang='lat' dir='ltr'>examinatores</span> <span class='ocrx_word' id='word_1_110' title='bbox 872 1350 1021 1392; x_wconf 80' lang='lat' dir='ltr'>elegisse,</span> <span class='ocrx_word' id='word_1_111' title='bbox 1038 1360 1074 1382; x_wconf 88' lang='lat' dir='ltr'>ac</span> <span class='ocrx_word' id='word_1_112' title='bbox 1095 1358 1193 1391; x_wconf 88' lang='lat' dir='ltr'>posse</span> 
     </span>
     <span class='ocr_line' id='line_1_23' title="bbox 452 1401 1194 1444; baseline -0.003 -9"><span class='ocrx_word' id='word_1_113' title='bbox 452 1413 647 1436; x_wconf 85' lang='lat' dir='ltr'>concursum</span> <span class='ocrx_word' id='word_1_114' title='bbox 667 1402 849 1441; x_wconf 79' lang='lat' dir='ltr'>instituere,</span> <span class='ocrx_word' id='word_1_115' title='bbox 865 1401 1062 1441; x_wconf 82' lang='lat' dir='ltr'>examinare,</span> <span class='ocrx_word' id='word_1_116' title='bbox 1079 1411 1194 1444; x_wconf 86' lang='lat' dir='ltr'>appro-</span> 
     </span>
     <span class='ocr_line' id='line_1_24' title="bbox 451 1457 1194 1499; baseline -0.004 -9"><span class='ocrx_word' id='word_1_117' title='bbox 451 1457 539 1498; x_wconf 84' lang='lat' dir='ltr'>bare,</span> <span class='ocrx_word' id='word_1_118' title='bbox 566 1466 763 1490; x_wconf 79' lang='lat' dir='ltr'>oeconomos</span> <span class='ocrx_word' id='word_1_119' title='bbox 790 1457 961 1499; x_wconf 81' lang='lat' dir='ltr'>deputare,</span> <span class='ocrx_word' id='word_1_120' title='bbox 988 1465 1118 1488; x_wconf 78' lang='lat' dir='ltr'>necnon</span> <span class='ocrx_word' id='word_1_121' title='bbox 1145 1465 1194 1487; x_wconf 83' lang='lat' dir='ltr'>sa-</span> 
     </span>
     <span class='ocr_line' id='line_1_25' title="bbox 453 1508 1195 1547; baseline -0.005 -5"><span class='ocrx_word' id='word_1_122' title='bbox 453 1516 655 1543; x_wconf 87' lang='lat' dir='ltr'>cramentum</span> <span class='ocrx_word' id='word_1_123' title='bbox 698 1508 890 1542; x_wconf 84' lang='lat' dir='ltr'>Chrismatis</span> <span class='ocrx_word' id='word_1_124' title='bbox 932 1508 1135 1547; x_wconf 80' lang='lat' dir='ltr'>contulisse,</span> <span class='ocrx_word' id='word_1_125' title='bbox 1164 1512 1195 1539; x_wconf 85' lang='lat' dir='ltr'>et</span> 
     </span>
     <span class='ocr_line' id='line_1_26' title="bbox 453 1562 1194 1606; baseline -0.007 -9"><span class='ocrx_word' id='word_1_126' title='bbox 453 1563 698 1597; x_wconf 85' lang='lat' dir='ltr'>commissiones</span> <span class='ocrx_word' id='word_1_127' title='bbox 730 1563 904 1606; x_wconf 81' lang='lat' dir='ltr'>gratiarnm</span> <span class='ocrx_word' id='word_1_128' title='bbox 939 1562 1194 1606; x_wconf 85' lang='lat' dir='ltr'>apostolicarum</span> 
     </span>
     <span class='ocr_line' id='line_1_27' title="bbox 454 1617 1194 1654; baseline -0.007 -3"><span class='ocrx_word' id='word_1_129' title='bbox 454 1618 583 1651; x_wconf 81' lang='lat' dir='ltr'>debitae</span> <span class='ocrx_word' id='word_1_130' title='bbox 610 1617 794 1651; x_wconf 76' lang='lat' dir='ltr'>executioni</span> <span class='ocrx_word' id='word_1_131' title='bbox 822 1617 1036 1650; x_wconf 79' lang='lat' dir='ltr'>demandasse</span> <span class='ocrx_word' id='word_1_132' title='bbox 1059 1620 1194 1654; x_wconf 81' lang='lat' dir='ltr'>constat,</span> 
     </span>
     <span class='ocr_line' id='line_1_28' title="bbox 453 1669 1195 1705; baseline -0.007 0"><span class='ocrx_word' id='word_1_133' title='bbox 453 1673 540 1705; x_wconf 74' lang='lat' dir='ltr'>iuxta</span> <span class='ocrx_word' id='word_1_134' title='bbox 570 1671 827 1704; x_wconf 79' lang='lat' dir='ltr'>declarationem</span> <span class='ocrx_word' id='word_1_135' title='bbox 867 1669 1103 1703; x_wconf 84' lang='lat' dir='ltr'>venerabilium</span> <span class='ocrx_word' id='word_1_136' title='bbox 1137 1669 1195 1701; x_wconf 88' lang='lat' dir='ltr'>sra-</span> 
     </span>
     <span class='ocr_line' id='line_1_29' title="bbox 453 1723 1193 1758; baseline -0.005 0"><span class='ocrx_word' id='word_1_137' title='bbox 453 1731 536 1758; x_wconf 84' lang='lat' dir='ltr'>trum</span> <span class='ocrx_word' id='word_1_138' title='bbox 570 1731 757 1758; x_wconf 88' lang='lat' dir='ltr'>nostrornm</span> <span class='ocrx_word' id='word_1_139' title='bbox 791 1724 823 1758; x_wconf 83' lang='lat' dir='ltr'>S.</span> <span class='ocrx_word' id='word_1_140' title='bbox 854 1725 891 1757; x_wconf 81' lang='lat' dir='ltr'>R.</span> <span class='ocrx_word' id='word_1_141' title='bbox 914 1724 949 1756; x_wconf 89' lang='lat' dir='ltr'>E.</span> <span class='ocrx_word' id='word_1_142' title='bbox 977 1723 1193 1757; x_wconf 79' lang='lat' dir='ltr'>cardinalium</span> 
     </span>
     <span class='ocr_line' id='line_1_30' title="bbox 454 1777 1196 1820; baseline -0.001 -9"><span class='ocrx_word' id='word_1_143' title='bbox 454 1778 599 1811; x_wconf 87' lang='lat' dir='ltr'>Concilio</span> <span class='ocrx_word' id='word_1_144' title='bbox 625 1778 815 1811; x_wconf 87' lang='lat' dir='ltr'>Tridentino</span> <span class='ocrx_word' id='word_1_145' title='bbox 835 1777 1083 1820; x_wconf 85' lang='lat' dir='ltr'>interpretando</span> <span class='ocrx_word' id='word_1_146' title='bbox 1108 1787 1196 1819; x_wconf 86' lang='lat' dir='ltr'>prae-</span> 
     </span>
     <span class='ocr_line' id='line_1_31' title="bbox 455 1830 1195 1874; baseline -0.001 -11"><span class='ocrx_word' id='word_1_147' title='bbox 455 1832 613 1865; x_wconf 78' lang='lat' dir='ltr'>fectorum</span> <span class='ocrx_word' id='word_1_148' title='bbox 639 1832 780 1874; x_wconf 86' lang='lat' dir='ltr'>desuper</span> <span class='ocrx_word' id='word_1_149' title='bbox 812 1832 935 1863; x_wconf 78' lang='lat' dir='ltr'>tactam.</span> <span class='ocrx_word' id='word_1_150' title='bbox 975 1830 1050 1863; x_wconf 89' lang='lat' dir='ltr'>Cum</span> <span class='ocrx_word' id='word_1_151' title='bbox 1088 1836 1195 1863; x_wconf 86' lang='lat' dir='ltr'>autem</span> 
     </span>
     <span class='ocr_line' id='line_1_32' title="bbox 455 1882 1196 1928; baseline -0.001 -12"><span class='ocrx_word' id='word_1_152' title='bbox 455 1895 502 1923; x_wconf 85' lang='lat' dir='ltr'>ea,</span> <span class='ocrx_word' id='word_1_153' title='bbox 529 1884 646 1928; x_wconf 87' lang='lat' dir='ltr'>quibus</span> <span class='ocrx_word' id='word_1_154' title='bbox 672 1884 777 1917; x_wconf 88' lang='lat' dir='ltr'>dictae</span> <span class='ocrx_word' id='word_1_155' title='bbox 803 1884 895 1917; x_wconf 84' lang='lat' dir='ltr'>Sedis</span> <span class='ocrx_word' id='word_1_156' title='bbox 921 1882 1117 1916; x_wconf 70' lang='lat' dir='ltr'>intercedit‘2</span> <span class='ocrx_word' id='word_1_157' title='bbox 1142 1894 1196 1915; x_wconf 88' lang='lat' dir='ltr'>au-</span> 
     </span>
     <span class='ocr_line' id='line_1_33' title="bbox 456 1936 1196 1979; baseline -0.003 -10"><span class='ocrx_word' id='word_1_158' title='bbox 456 1937 597 1977; x_wconf 84' lang='lat' dir='ltr'>ctoritas,</span> <span class='ocrx_word' id='word_1_159' title='bbox 616 1938 732 1970; x_wconf 88' lang='lat' dir='ltr'>melius</span> <span class='ocrx_word' id='word_1_160' title='bbox 754 1937 977 1976; x_wconf 76' lang='lat' dir='ltr'>observentur,</span> <span class='ocrx_word' id='word_1_161' title='bbox 995 1947 1030 1969; x_wconf 86' lang='lat' dir='ltr'>ac</span> <span class='ocrx_word' id='word_1_162' title='bbox 1048 1936 1196 1979; x_wconf 77' lang='lat' dir='ltr'>proinde,</span> 
     </span>
     <span class='ocr_line' id='line_1_34' title="bbox 456 1989 1196 2034; baseline -0.003 -11"><span class='ocrx_word' id='word_1_163' title='bbox 456 1990 540 2023; x_wconf 84' lang='lat' dir='ltr'>sicut</span> <span class='ocrx_word' id='word_1_164' title='bbox 567 1991 679 2023; x_wconf 82' lang='lat' dir='ltr'>cadem</span> <span class='ocrx_word' id='word_1_165' title='bbox 712 1991 828 2034; x_wconf 87' lang='lat' dir='ltr'>petitio</span> <span class='ocrx_word' id='word_1_166' title='bbox 864 1990 1091 2032; x_wconf 77' lang='lat' dir='ltr'>subiungebat,</span> <span class='ocrx_word' id='word_1_167' title='bbox 1129 1989 1196 2032; x_wconf 84' lang='lat' dir='ltr'>ipse</span> 
     </span>
     <span class='ocr_line' id='line_1_35' title="bbox 456 2043 1198 2087; baseline -0.003 -11"><span class='ocrx_word' id='word_1_168' title='bbox 456 2043 554 2076; x_wconf 83' lang='lat' dir='ltr'>abbas</span> <span class='ocrx_word' id='word_1_169' title='bbox 580 2050 612 2077; x_wconf 86' lang='lat' dir='ltr'>et</span> <span class='ocrx_word' id='word_1_170' title='bbox 646 2048 825 2076; x_wconf 86' lang='lat' dir='ltr'>conventus</span> <span class='ocrx_word' id='word_1_171' title='bbox 851 2043 982 2087; x_wconf 86' lang='lat' dir='ltr'>cupiant</span> <span class='ocrx_word' id='word_1_172' title='bbox 1021 2043 1198 2086; x_wconf 84' lang='lat' dir='ltr'>praeniissa</span> 
     </span>
    </p>
   </div>
   <div class='ocr_carea' id='block_1_3' title="bbox 457 2097 1201 2141">
    <p class='ocr_par' dir='ltr' id='par_1_3' title="bbox 457 2097 1201 2141">
     <span class='ocr_line' id='line_1_36' title="bbox 457 2097 1201 2141; baseline -0.001 -12"><span class='ocrx_word' id='word_1_173' title='bbox 457 2097 563 2131; x_wconf 89' lang='lat' dir='ltr'>dictae</span> <span class='ocrx_word' id='word_1_174' title='bbox 581 2097 673 2131; x_wconf 84' lang='lat' dir='ltr'>Sedis</span> <span class='ocrx_word' id='word_1_175' title='bbox 694 2098 877 2141; x_wconf 86' lang='lat' dir='ltr'>patrocinio</span> <span class='ocrx_word' id='word_1_176' title='bbox 900 2097 1114 2130; x_wconf 88' lang='lat' dir='ltr'>communiri:</span> <span class='ocrx_word' id='word_1_177' title='bbox 1138 2107 1201 2140; x_wconf 86' lang='lat' dir='ltr'>pro.</span> 
     </span>
    </p>
   </div>
   <div class='ocr_carea' id='block_1_4' title="bbox 457 2152 1199 2674">
    <p class='ocr_par' dir='ltr' id='par_1_4' title="bbox 457 2152 1199 2566">
     <span class='ocr_line' id='line_1_37' title="bbox 457 2152 1198 2195; baseline 0 -12"><span class='ocrx_word' id='word_1_178' title='bbox 457 2157 547 2195; x_wconf 85' lang='lat' dir='ltr'>parte</span> <span class='ocrx_word' id='word_1_179' title='bbox 573 2152 763 2185; x_wconf 88' lang='lat' dir='ltr'>eorumdem</span> <span class='ocrx_word' id='word_1_180' title='bbox 799 2152 925 2184; x_wconf 88' lang='lat' dir='ltr'>abbatis</span> <span class='ocrx_word' id='word_1_181' title='bbox 957 2157 987 2184; x_wconf 89' lang='lat' dir='ltr'>et</span> <span class='ocrx_word' id='word_1_182' title='bbox 1021 2156 1198 2184; x_wconf 87' lang='lat' dir='ltr'>conventus</span> 
     </span>
     <span class='ocr_line' id='line_1_38' title="bbox 457 2204 1198 2248; baseline -0.003 -11"><span class='ocrx_word' id='word_1_183' title='bbox 457 2204 552 2237; x_wconf 87' lang='lat' dir='ltr'>nobis</span> <span class='ocrx_word' id='word_1_184' title='bbox 578 2205 636 2237; x_wconf 90' lang='lat' dir='ltr'>suit</span> <span class='ocrx_word' id='word_1_185' title='bbox 673 2204 840 2237; x_wconf 83' lang='lat' dir='ltr'>humiliter</span> <span class='ocrx_word' id='word_1_186' title='bbox 869 2204 1087 2248; x_wconf 85' lang='lat' dir='ltr'>supplicatum</span> <span class='ocrx_word' id='word_1_187' title='bbox 1121 2214 1198 2247; x_wconf 84' lang='lat' dir='ltr'>qua-</span> 
     </span>
     <span class='ocr_line' id='line_1_39' title="bbox 459 2256 1197 2300; baseline 0.001 -12"><span class='ocrx_word' id='word_1_188' title='bbox 459 2261 553 2290; x_wconf 89' lang='lat' dir='ltr'>tenus</span> <span class='ocrx_word' id='word_1_189' title='bbox 585 2268 696 2291; x_wconf 84' lang='lat' dir='ltr'>eorum</span> <span class='ocrx_word' id='word_1_190' title='bbox 739 2257 903 2291; x_wconf 84' lang='lat' dir='ltr'>desiderio</span> <span class='ocrx_word' id='word_1_191' title='bbox 940 2257 972 2289; x_wconf 93' lang='lat' dir='ltr'>in</span> <span class='ocrx_word' id='word_1_192' title='bbox 1010 2256 1197 2300; x_wconf 72' lang='lat' dir='ltr'>praemissis</span> 
     </span>
     <span class='ocr_line' id='line_1_40' title="bbox 457 2310 1199 2354; baseline 0.001 -12"><span class='ocrx_word' id='word_1_193' title='bbox 457 2321 603 2344; x_wconf 85' lang='lat' dir='ltr'>annuere</span> <span class='ocrx_word' id='word_1_194' title='bbox 619 2312 657 2344; x_wconf 85' lang='lat' dir='ltr'>de</span> <span class='ocrx_word' id='word_1_195' title='bbox 672 2312 874 2354; x_wconf 76' lang='lat' dir='ltr'>benignitate</span> <span class='ocrx_word' id='word_1_196' title='bbox 892 2310 1071 2354; x_wconf 78' lang='lat' dir='ltr'>apostolica</span> <span class='ocrx_word' id='word_1_197' title='bbox 1092 2310 1199 2353; x_wconf 73' lang='lat' dir='ltr'>digna-</span> 
     </span>
     <span class='ocr_line' id='line_1_41' title="bbox 458 2363 1198 2407; baseline 0.001 -11"><span class='ocrx_word' id='word_1_198' title='bbox 458 2374 578 2397; x_wconf 85' lang='lat' dir='ltr'>remur.</span> <span class='ocrx_word' id='word_1_199' title='bbox 607 2364 671 2397; x_wconf 81' lang='lat' dir='ltr'>Nos</span> <span class='ocrx_word' id='word_1_200' title='bbox 696 2365 804 2407; x_wconf 74' lang='lat' dir='ltr'>igitur,</span> <span class='ocrx_word' id='word_1_201' title='bbox 825 2364 976 2397; x_wconf 80' lang='lat' dir='ltr'>abbatem</span> <span class='ocrx_word' id='word_1_202' title='bbox 1002 2369 1033 2396; x_wconf 87' lang='lat' dir='ltr'>et</span> <span class='ocrx_word' id='word_1_203' title='bbox 1058 2363 1198 2405; x_wconf 73' lang='lat' dir='ltr'>singula-</span> 
     </span>
     <span class='ocr_line' id='line_1_42' title="bbox 458 2417 1199 2460; baseline 0 -11"><span class='ocrx_word' id='word_1_204' title='bbox 458 2428 511 2450; x_wconf 88' lang='lat' dir='ltr'>res</span> <span class='ocrx_word' id='word_1_205' title='bbox 547 2428 703 2460; x_wconf 77' lang='lat' dir='ltr'>personas</span> <span class='ocrx_word' id='word_1_206' title='bbox 740 2419 920 2451; x_wconf 81' lang='lat' dir='ltr'>conventns</span> <span class='ocrx_word' id='word_1_207' title='bbox 958 2417 1144 2450; x_wconf 79' lang='lat' dir='ltr'>huiusmodi</span> <span class='ocrx_word' id='word_1_208' title='bbox 1183 2428 1199 2449; x_wconf 90' lang='lat' dir='ltr'>a</span> 
     </span>
     <span class='ocr_line' id='line_1_43' title="bbox 458 2469 1199 2513; baseline 0.003 -12"><span class='ocrx_word' id='word_1_209' title='bbox 458 2470 624 2513; x_wconf 84' lang='lat' dir='ltr'>quibusvis</span> <span class='ocrx_word' id='word_1_210' title='bbox 644 2469 997 2509; x_wconf 78' lang='lat' dir='ltr'>cxcommunicationis,</span> <span class='ocrx_word' id='word_1_211' title='bbox 1011 2470 1199 2513; x_wconf 82' lang='lat' dir='ltr'>suspensio-</span> 
     </span>
     <span class='ocr_line' id='line_1_44' title="bbox 458 2523 1199 2566; baseline 0 -11"><span class='ocrx_word' id='word_1_212' title='bbox 458 2523 508 2555; x_wconf 87' lang='lat' dir='ltr'>nis</span> <span class='ocrx_word' id='word_1_213' title='bbox 543 2528 573 2556; x_wconf 89' lang='lat' dir='ltr'>ct</span> <span class='ocrx_word' id='word_1_214' title='bbox 600 2523 775 2562; x_wconf 76' lang='lat' dir='ltr'>interdicti,</span> <span class='ocrx_word' id='word_1_215' title='bbox 803 2524 940 2566; x_wconf 72' lang='lat' dir='ltr'>aliisque</span> <span class='ocrx_word' id='word_1_216' title='bbox 968 2523 1199 2556; x_wconf 85' lang='lat' dir='ltr'>ecclesiasticis</span> 
     </span>
    </p>

    <p class='ocr_par' dir='ltr' id='par_1_5' title="bbox 493 2593 1090 2629">
     <span class='ocr_line' id='line_1_45' title="bbox 493 2593 1090 2629; baseline 0.002 -10"><span class='ocrx_word' id='word_1_217' title='bbox 493 2594 505 2620; x_wconf 83' lang='lat'><strong>1</strong></span> <span class='ocrx_word' id='word_1_218' title='bbox 531 2593 679 2628; x_wconf 86' lang='lat' dir='ltr'>Praeposit.</span> <span class='ocrx_word' id='word_1_219' title='bbox 697 2601 754 2628; x_wconf 75' lang='lat' dir='ltr'>pro</span> <span class='ocrx_word' id='word_1_220' title='bbox 775 2602 822 2620; x_wconf 89' lang='lat' dir='ltr'>nos</span> <span class='ocrx_word' id='word_1_221' title='bbox 843 2594 966 2620; x_wconf 83' lang='lat' dir='ltr'>addimus</span> <span class='ocrx_word' id='word_1_222' title='bbox 986 2595 1021 2629; x_wconf 63' lang='lat' dir='ltr'>(a⁴</span> <span class='ocrx_word' id='word_1_223' title='bbox 1043 2595 1090 2628; x_wconf 80' lang='lat' dir='ltr'>T.).</span> 
     </span>
    </p>

    <p class='ocr_par' dir='ltr' id='par_1_6' title="bbox 493 2637 985 2674">
     <span class='ocr_line' id='line_1_46' title="bbox 493 2637 985 2674; baseline -0.002 -9"><span class='ocrx_word' id='word_1_224' title='bbox 493 2638 509 2665; x_wconf 65' lang='grc' dir='ltr'>Ξ</span> <span class='ocrx_word' id='word_1_225' title='bbox 529 2637 623 2674; x_wconf 70' lang='lat' dir='ltr'>Aptius</span> <span class='ocrx_word' id='word_1_226' title='bbox 642 2637 732 2665; x_wconf 80' lang='lat' dir='ltr'>forsan</span> <span class='ocrx_word' id='word_1_227' title='bbox 753 2638 861 2666; x_wconf 74' lang='lat' dir='ltr'>accedit</span> <span class='ocrx_word' id='word_1_228' title='bbox 881 2642 919 2673; x_wconf 65' lang='lat' dir='ltr'>tn.</span> <span class='ocrx_word' id='word_1_229' title='bbox 937 2639 985 2672; x_wconf 80' lang='lat' dir='ltr'>T.).</span> 
     </span>
    </p>
   </div>
   <div class='ocr_carea' id='block_1_5' title="bbox 1210 303 1221 2131">
    <p class='ocr_par' dir='ltr' id='par_1_7' title="bbox 1210 303 1221 2131">
     <span class='ocr_line' id='line_1_47' title="bbox 1210 303 1221 2131; baseline 0 0"><span class='ocrx_word' id='word_1_230' title='bbox 1210 303 1221 2131; x_wconf 95' lang='lat' dir='ltr'> </span> 
     </span>
    </p>
   </div>
   <div class='ocr_carea' id='block_1_6' title="bbox 1209 303 1222 2299">
    <p class='ocr_par' dir='ltr' id='par_1_8' title="bbox 1209 303 1222 2299">
     <span class='ocr_line' id='line_1_48' title="bbox 1209 303 1222 2299; baseline 0 0"><span class='ocrx_word' id='word_1_231' title='bbox 1209 303 1222 2299; x_wconf 95' lang='lat' dir='ltr'> </span> 
     </span>
    </p>
   </div>
   <div class='ocr_carea' id='block_1_7' title="bbox 1035 238 1390 263">
    <p class='ocr_par' dir='ltr' id='par_1_9' title="bbox 1035 238 1390 263">
     <span class='ocr_line' id='line_1_49' title="bbox 1035 238 1390 263; baseline -0.003 0"><span class='ocrx_word' id='word_1_232' title='bbox 1035 239 1214 263; x_wconf 63' lang='lat' dir='ltr'>nummum</span> <span class='ocrx_word' id='word_1_233' title='bbox 1240 238 1390 262; x_wconf 71' lang='lat' dir='ltr'><strong>ROMANUM</strong></span> 
     </span>
    </p>
   </div>
   <div class='ocr_carea' id='block_1_8' title="bbox 1232 285 1983 2557">
    <p class='ocr_par' dir='ltr' id='par_1_10' title="bbox 1232 285 1983 2557">
     <span class='ocr_line' id='line_1_50' title="bbox 1232 285 1971 330; baseline -0.001 -11"><span class='ocrx_word' id='word_1_234' title='bbox 1232 285 1423 326; x_wconf 82' lang='lat' dir='ltr'>sententiis,</span> <span class='ocrx_word' id='word_1_235' title='bbox 1453 286 1602 319; x_wconf 85' lang='lat' dir='ltr'>censuris</span> <span class='ocrx_word' id='word_1_236' title='bbox 1635 292 1666 320; x_wconf 86' lang='lat' dir='ltr'>et</span> <span class='ocrx_word' id='word_1_237' title='bbox 1696 285 1833 330; x_wconf 88' lang='lat' dir='ltr'>poenis,</span> <span class='ocrx_word' id='word_1_238' title='bbox 1859 296 1876 318; x_wconf 83' lang='lat' dir='ltr'>a</span> <span class='ocrx_word' id='word_1_239' title='bbox 1901 286 1971 319; x_wconf 85' lang='lat' dir='ltr'>iure</span> 
     </span>
     <span class='ocr_line' id='line_1_51' title="bbox 1232 338 1971 383; baseline 0.001 -12"><span class='ocrx_word' id='word_1_240' title='bbox 1232 339 1281 371; x_wconf 90' lang='lat' dir='ltr'>vel</span> <span class='ocrx_word' id='word_1_241' title='bbox 1314 338 1353 371; x_wconf 79' lang='lat' dir='ltr'>ab</span> <span class='ocrx_word' id='word_1_242' title='bbox 1390 338 1536 379; x_wconf 89' lang='lat' dir='ltr'>homine,</span> <span class='ocrx_word' id='word_1_243' title='bbox 1569 339 1680 383; x_wconf 83' lang='lat' dir='ltr'>quavis</span> <span class='ocrx_word' id='word_1_244' title='bbox 1716 338 1888 373; x_wconf 73' lang='lat' dir='ltr'>occasione</span> <span class='ocrx_word' id='word_1_245' title='bbox 1921 341 1971 373; x_wconf 91' lang='lat' dir='ltr'>vel</span> 
     </span>
     <span class='ocr_line' id='line_1_52' title="bbox 1232 391 1972 436; baseline 0 -12"><span class='ocrx_word' id='word_1_246' title='bbox 1232 393 1327 424; x_wconf 78' lang='lat' dir='ltr'>causa</span> <span class='ocrx_word' id='word_1_247' title='bbox 1352 391 1436 432; x_wconf 89' lang='lat' dir='ltr'>latis,</span> <span class='ocrx_word' id='word_1_248' title='bbox 1457 392 1483 424; x_wconf 93' lang='lat' dir='ltr'>si</span> <span class='ocrx_word' id='word_1_249' title='bbox 1510 392 1627 436; x_wconf 86' lang='lat' dir='ltr'>quibus</span> <span class='ocrx_word' id='word_1_250' title='bbox 1653 391 1905 435; x_wconf 83' lang='lat' dir='ltr'>quomodolibet</span> <span class='ocrx_word' id='word_1_251' title='bbox 1924 392 1972 424; x_wconf 90' lang='lat' dir='ltr'>in-</span> 
     </span>
     <span class='ocr_line' id='line_1_53' title="bbox 1232 444 1973 488; baseline 0.003 -12"><span class='ocrx_word' id='word_1_252' title='bbox 1232 444 1344 477; x_wconf 87' lang='lat' dir='ltr'>nodati</span> <span class='ocrx_word' id='word_1_253' title='bbox 1382 445 1534 486; x_wconf 65' lang='lat' dir='ltr'>existunt,</span> <span class='ocrx_word' id='word_1_254' title='bbox 1560 446 1600 478; x_wconf 87' lang='lat' dir='ltr'>ad</span> <span class='ocrx_word' id='word_1_255' title='bbox 1630 445 1781 478; x_wconf 78' lang='lat' dir='ltr'>effectum</span> <span class='ocrx_word' id='word_1_256' title='bbox 1816 455 1973 488; x_wconf 79' lang='lat' dir='ltr'>praesen-</span> 
     </span>
     <span class='ocr_line' id='line_1_54' title="bbox 1234 498 1973 541; baseline 0.001 -11"><span class='ocrx_word' id='word_1_257' title='bbox 1234 498 1313 530; x_wconf 88' lang='lat' dir='ltr'>tium</span> <span class='ocrx_word' id='word_1_258' title='bbox 1345 498 1512 531; x_wconf 84' lang='lat' dir='ltr'>dumtaxat</span> <span class='ocrx_word' id='word_1_259' title='bbox 1542 498 1826 541; x_wconf 86' lang='lat' dir='ltr'>consequendum,</span> <span class='ocrx_word' id='word_1_260' title='bbox 1857 498 1973 531; x_wconf 82' lang='lat' dir='ltr'>harum</span> 
     </span>
     <span class='ocr_line' id='line_1_55' title="bbox 1233 550 1974 584; baseline 0.001 -1"><span class='ocrx_word' id='word_1_261' title='bbox 1233 551 1319 583; x_wconf 89' lang='lat' dir='ltr'>serie</span> <span class='ocrx_word' id='word_1_262' title='bbox 1345 551 1556 584; x_wconf 81' lang='lat' dir='ltr'>absolventes</span> <span class='ocrx_word' id='word_1_263' title='bbox 1578 556 1609 583; x_wconf 88' lang='lat' dir='ltr'>et</span> <span class='ocrx_word' id='word_1_264' title='bbox 1627 550 1795 583; x_wconf 87' lang='lat' dir='ltr'>absolutos</span> <span class='ocrx_word' id='word_1_265' title='bbox 1812 551 1881 584; x_wconf 87' lang='lat' dir='ltr'>sore</span> <span class='ocrx_word' id='word_1_266' title='bbox 1899 562 1974 584; x_wconf 90' lang='lat' dir='ltr'>cen-</span> 
     </span>
     <span class='ocr_line' id='line_1_56' title="bbox 1234 603 1975 642; baseline 0 -6"><span class='ocrx_word' id='word_1_267' title='bbox 1234 609 1355 642; x_wconf 83' lang='lat' dir='ltr'>sentes,</span> <span class='ocrx_word' id='word_1_268' title='bbox 1382 613 1509 636; x_wconf 88' lang='lat' dir='ltr'>necnon</span> <span class='ocrx_word' id='word_1_269' title='bbox 1536 609 1666 636; x_wconf 85' lang='lat' dir='ltr'>tenores</span> <span class='ocrx_word' id='word_1_270' title='bbox 1683 603 1829 635; x_wconf 91' lang='lat' dir='ltr'>omninm</span> <span class='ocrx_word' id='word_1_271' title='bbox 1856 608 1887 636; x_wconf 87' lang='lat' dir='ltr'>et</span> <span class='ocrx_word' id='word_1_272' title='bbox 1912 603 1975 636; x_wconf 88' lang='lat' dir='ltr'>sin-</span> 
     </span>
     <span class='ocr_line' id='line_1_57' title="bbox 1235 655 1974 699; baseline 0 -11"><span class='ocrx_word' id='word_1_273' title='bbox 1235 656 1385 699; x_wconf 76' lang='lat' dir='ltr'>gulorum</span> <span class='ocrx_word' id='word_1_274' title='bbox 1437 655 1685 699; x_wconf 80' lang='lat' dir='ltr'>privilegiorum</span> <span class='ocrx_word' id='word_1_275' title='bbox 1731 655 1974 699; x_wconf 82' lang='lat' dir='ltr'>praedictorum</span> 
     </span>
     <span class='ocr_line' id='line_1_58' title="bbox 1235 708 1974 752; baseline 0 -11"><span class='ocrx_word' id='word_1_276' title='bbox 1235 708 1462 752; x_wconf 85' lang='lat' dir='ltr'>praesentibus</span> <span class='ocrx_word' id='word_1_277' title='bbox 1498 719 1558 752; x_wconf 89' lang='lat' dir='ltr'>pro</span> <span class='ocrx_word' id='word_1_278' title='bbox 1591 708 1753 752; x_wconf 81' lang='lat' dir='ltr'>expressis</span> <span class='ocrx_word' id='word_1_279' title='bbox 1789 709 1974 748; x_wconf 87' lang='lat' dir='ltr'>habentes,</span> 
     </span>
     <span class='ocr_line' id='line_1_59' title="bbox 1236 761 1976 805; baseline 0 -10"><span class='ocrx_word' id='word_1_280' title='bbox 1236 761 1421 795; x_wconf 86' lang='lat' dir='ltr'>huiusmodi</span> <span class='ocrx_word' id='word_1_281' title='bbox 1443 761 1743 805; x_wconf 86' lang='lat' dir='ltr'>supplicationibus</span> <span class='ocrx_word' id='word_1_282' title='bbox 1764 761 1923 801; x_wconf 88' lang='lat' dir='ltr'>inclinati,</span> <span class='ocrx_word' id='word_1_283' title='bbox 1942 772 1976 795; x_wconf 92' lang='lat'>0-</span> 
     </span>
     <span class='ocr_line' id='line_1_60' title="bbox 1235 814 1975 857; baseline -0.001 -9"><span class='ocrx_word' id='word_1_284' title='bbox 1235 815 1323 848; x_wconf 86' lang='lat' dir='ltr'>mnia</span> <span class='ocrx_word' id='word_1_285' title='bbox 1340 820 1372 848; x_wconf 88' lang='lat' dir='ltr'>et</span> <span class='ocrx_word' id='word_1_286' title='bbox 1389 814 1519 857; x_wconf 75' lang='lat' dir='ltr'>singula</span> <span class='ocrx_word' id='word_1_287' title='bbox 1536 814 1720 857; x_wconf 81' lang='lat' dir='ltr'>privilegia,</span> <span class='ocrx_word' id='word_1_288' title='bbox 1745 814 1975 855; x_wconf 82' lang='lat' dir='ltr'>immunitates,</span> 
     </span>
     <span class='ocr_line' id='line_1_61' title="bbox 1236 867 1977 911; baseline 0 -11"><span class='ocrx_word' id='word_1_289' title='bbox 1236 868 1377 910; x_wconf 82' lang='lat' dir='ltr'>gratias,</span> <span class='ocrx_word' id='word_1_290' title='bbox 1402 867 1569 901; x_wconf 84' lang='lat' dir='ltr'>facultates</span> <span class='ocrx_word' id='word_1_291' title='bbox 1601 873 1631 900; x_wconf 88' lang='lat' dir='ltr'>et</span> <span class='ocrx_word' id='word_1_292' title='bbox 1656 868 1801 908; x_wconf 88' lang='lat' dir='ltr'>indulta,</span> <span class='ocrx_word' id='word_1_293' title='bbox 1829 877 1977 911; x_wconf 86' lang='lat' dir='ltr'>praeser-</span> 
     </span>
     <span class='ocr_line' id='line_1_62' title="bbox 1237 920 1976 960; baseline 0.001 -7"><span class='ocrx_word' id='word_1_294' title='bbox 1237 921 1292 953; x_wconf 89' lang='lat' dir='ltr'>tim</span> <span class='ocrx_word' id='word_1_295' title='bbox 1314 920 1506 954; x_wconf 83' lang='lat' dir='ltr'>conserendi</span> <span class='ocrx_word' id='word_1_296' title='bbox 1524 927 1761 953; x_wconf 87' lang='lat' dir='ltr'>sacramentum</span> <span class='ocrx_word' id='word_1_297' title='bbox 1777 920 1976 960; x_wconf 84' lang='lat' dir='ltr'>Chrismatis,</span> 
     </span>
     <span class='ocr_line' id='line_1_63' title="bbox 1237 973 1978 1018; baseline -0.001 -11"><span class='ocrx_word' id='word_1_298' title='bbox 1237 975 1414 1008; x_wconf 89' lang='lat' dir='ltr'>dummodo</span> <span class='ocrx_word' id='word_1_299' title='bbox 1440 974 1520 1008; x_wconf 90' lang='lat' dir='ltr'>illud</span> <span class='ocrx_word' id='word_1_300' title='bbox 1550 975 1591 1008; x_wconf 90' lang='lat' dir='ltr'>sit</span> <span class='ocrx_word' id='word_1_301' title='bbox 1620 975 1710 1018; x_wconf 87' lang='lat' dir='ltr'>prius</span> <span class='ocrx_word' id='word_1_302' title='bbox 1743 985 1802 1018; x_wconf 89' lang='lat' dir='ltr'>per</span> <span class='ocrx_word' id='word_1_303' title='bbox 1832 973 1978 1007; x_wconf 82' lang='lat' dir='ltr'>catholi-</span> 
     </span>
     <span class='ocr_line' id='line_1_64' title="bbox 1237 1025 1978 1071; baseline -0.001 -11"><span class='ocrx_word' id='word_1_304' title='bbox 1237 1038 1308 1061; x_wconf 89' lang='lat' dir='ltr'>cum</span> <span class='ocrx_word' id='word_1_305' title='bbox 1333 1028 1513 1061; x_wconf 88' lang='lat' dir='ltr'>antistitem</span> <span class='ocrx_word' id='word_1_306' title='bbox 1547 1028 1684 1071; x_wconf 83' lang='lat' dir='ltr'>gratiam</span> <span class='ocrx_word' id='word_1_307' title='bbox 1715 1033 1746 1060; x_wconf 89' lang='lat' dir='ltr'>et</span> <span class='ocrx_word' id='word_1_308' title='bbox 1777 1025 1978 1060; x_wconf 86' lang='lat' dir='ltr'>communio-</span> 
     </span>
     <span class='ocr_line' id='line_1_65' title="bbox 1237 1081 1978 1115; baseline -0.001 -2"><span class='ocrx_word' id='word_1_309' title='bbox 1237 1092 1311 1114; x_wconf 88' lang='lat' dir='ltr'>nem</span> <span class='ocrx_word' id='word_1_310' title='bbox 1339 1081 1442 1114; x_wconf 88' lang='lat' dir='ltr'>dictae</span> <span class='ocrx_word' id='word_1_311' title='bbox 1480 1081 1573 1115; x_wconf 84' lang='lat' dir='ltr'>Sedis</span> <span class='ocrx_word' id='word_1_312' title='bbox 1607 1081 1782 1115; x_wconf 86' lang='lat' dir='ltr'>habentem</span> <span class='ocrx_word' id='word_1_313' title='bbox 1808 1089 1978 1113; x_wconf 79' lang='lat' dir='ltr'>consecra-</span> 
     </span>
     <span class='ocr_line' id='line_1_66' title="bbox 1238 1133 1980 1177; baseline -0.001 -11"><span class='ocrx_word' id='word_1_314' title='bbox 1238 1140 1314 1174; x_wconf 89' lang='lat' dir='ltr'>tnm,</span> <span class='ocrx_word' id='word_1_315' title='bbox 1342 1144 1539 1167; x_wconf 85' lang='lat' dir='ltr'>concursum</span> <span class='ocrx_word' id='word_1_316' title='bbox 1565 1145 1624 1177; x_wconf 89' lang='lat' dir='ltr'>pro</span> <span class='ocrx_word' id='word_1_317' title='bbox 1651 1133 1860 1167; x_wconf 85' lang='lat' dir='ltr'>conserendis</span> <span class='ocrx_word' id='word_1_318' title='bbox 1884 1133 1980 1166; x_wconf 85' lang='lat' dir='ltr'>bene-</span> 
     </span>
     <span class='ocr_line' id='line_1_67' title="bbox 1238 1185 1978 1220; baseline -0.003 0"><span class='ocrx_word' id='word_1_319' title='bbox 1238 1188 1318 1220; x_wconf 80' lang='lat' dir='ltr'>ficiis</span> <span class='ocrx_word' id='word_1_320' title='bbox 1346 1187 1575 1220; x_wconf 84' lang='lat' dir='ltr'>ecclesiasticis</span> <span class='ocrx_word' id='word_1_321' title='bbox 1600 1187 1721 1220; x_wconf 72' lang='lat' dir='ltr'>eruatis</span> <span class='ocrx_word' id='word_1_322' title='bbox 1753 1186 1785 1219; x_wconf 90' lang='lat' dir='ltr'>in</span> <span class='ocrx_word' id='word_1_323' title='bbox 1810 1185 1978 1219; x_wconf 86' lang='lat' dir='ltr'>mensibus</span> 
     </span>
     <span class='ocr_line' id='line_1_68' title="bbox 1238 1239 1979 1284; baseline -0.004 -10"><span class='ocrx_word' id='word_1_324' title='bbox 1238 1241 1426 1284; x_wconf 85' lang='lat' dir='ltr'>apostolicis</span> <span class='ocrx_word' id='word_1_325' title='bbox 1467 1240 1620 1281; x_wconf 77' lang='lat' dir='ltr'>faciendi,</span> <span class='ocrx_word' id='word_1_326' title='bbox 1657 1251 1693 1273; x_wconf 87' lang='lat' dir='ltr'>ac</span> <span class='ocrx_word' id='word_1_327' title='bbox 1732 1239 1979 1273; x_wconf 86' lang='lat' dir='ltr'>commissiones</span> 
     </span>
     <span class='ocr_line' id='line_1_69' title="bbox 1238 1292 1979 1339; baseline -0.005 -11"><span class='ocrx_word' id='word_1_328' title='bbox 1238 1296 1412 1339; x_wconf 82' lang='lat' dir='ltr'>gratiarum</span> <span class='ocrx_word' id='word_1_329' title='bbox 1446 1300 1508 1326; x_wconf 92' lang='lat' dir='ltr'>tam</span> <span class='ocrx_word' id='word_1_330' title='bbox 1544 1293 1697 1327; x_wconf 84' lang='lat' dir='ltr'>iustitiam</span> <span class='ocrx_word' id='word_1_331' title='bbox 1723 1304 1817 1336; x_wconf 88' lang='lat' dir='ltr'>qnam</span> <span class='ocrx_word' id='word_1_332' title='bbox 1842 1292 1979 1335; x_wconf 81' lang='lat' dir='ltr'>gratiam</span> 
     </span>
     <span class='ocr_line' id='line_1_70' title="bbox 1238 1345 1976 1392; baseline -0.005 -10"><span class='ocrx_word' id='word_1_333' title='bbox 1238 1349 1333 1382; x_wconf 85' lang='lat' dir='ltr'>etiam</span> <span class='ocrx_word' id='word_1_334' title='bbox 1371 1349 1475 1392; x_wconf 86' lang='lat' dir='ltr'>quoad</span> <span class='ocrx_word' id='word_1_335' title='bbox 1510 1347 1771 1391; x_wconf 89' lang='lat' dir='ltr'>dispensationes</span> <span class='ocrx_word' id='word_1_336' title='bbox 1807 1345 1976 1378; x_wconf 86' lang='lat' dir='ltr'>matrimo-</span> 
     </span>
     <span class='ocr_line' id='line_1_71' title="bbox 1238 1397 1979 1441; baseline -0.005 -6"><span class='ocrx_word' id='word_1_337' title='bbox 1238 1403 1342 1436; x_wconf 83' lang='lat' dir='ltr'>niales</span> <span class='ocrx_word' id='word_1_338' title='bbox 1369 1407 1620 1441; x_wconf 85' lang='lat' dir='ltr'>concernentes,</span> <span class='ocrx_word' id='word_1_339' title='bbox 1655 1400 1765 1433; x_wconf 86' lang='lat' dir='ltr'>abbati</span> <span class='ocrx_word' id='word_1_340' title='bbox 1792 1397 1979 1432; x_wconf 85' lang='lat' dir='ltr'>monasterii</span> 
     </span>
     <span class='ocr_line' id='line_1_72' title="bbox 1238 1452 1979 1499; baseline -0.005 -10"><span class='ocrx_word' id='word_1_341' title='bbox 1238 1456 1443 1490; x_wconf 82' lang='lat' dir='ltr'>Cassinensis</span> <span class='ocrx_word' id='word_1_342' title='bbox 1480 1454 1643 1499; x_wconf 86' lang='lat' dir='ltr'>praesenti</span> <span class='ocrx_word' id='word_1_343' title='bbox 1676 1454 1741 1486; x_wconf 91' lang='lat' dir='ltr'>sive</span> <span class='ocrx_word' id='word_1_344' title='bbox 1767 1464 1823 1486; x_wconf 89' lang='lat' dir='ltr'>suo</span> <span class='ocrx_word' id='word_1_345' title='bbox 1859 1452 1979 1486; x_wconf 87' lang='lat' dir='ltr'>vicario</span> 
     </span>
     <span class='ocr_line' id='line_1_73' title="bbox 1239 1506 1980 1553; baseline -0.007 -9"><span class='ocrx_word' id='word_1_346' title='bbox 1239 1510 1385 1553; x_wconf 76' lang='lat' dir='ltr'>generali</span> <span class='ocrx_word' id='word_1_347' title='bbox 1421 1520 1481 1552; x_wconf 87' lang='lat' dir='ltr'>pro</span> <span class='ocrx_word' id='word_1_348' title='bbox 1516 1513 1662 1551; x_wconf 87' lang='lat' dir='ltr'>tempore</span> <span class='ocrx_word' id='word_1_349' title='bbox 1688 1507 1899 1546; x_wconf 90' lang='lat' dir='ltr'>directarum,</span> <span class='ocrx_word' id='word_1_350' title='bbox 1925 1506 1980 1540; x_wconf 83' lang='lat' dir='ltr'>de-</span> 
     </span>
     <span class='ocr_line' id='line_1_74' title="bbox 1239 1559 1979 1602; baseline -0.005 -6"><span class='ocrx_word' id='word_1_351' title='bbox 1239 1564 1325 1597; x_wconf 85' lang='lat' dir='ltr'>bitae</span> <span class='ocrx_word' id='word_1_352' title='bbox 1363 1562 1547 1596; x_wconf 83' lang='lat' dir='ltr'>executioni</span> <span class='ocrx_word' id='word_1_353' title='bbox 1585 1559 1815 1600; x_wconf 88' lang='lat' dir='ltr'>demandandi,</span> <span class='ocrx_word' id='word_1_354' title='bbox 1853 1559 1979 1602; x_wconf 86' lang='lat' dir='ltr'>aliaque</span> 
     </span>
     <span class='ocr_line' id='line_1_75' title="bbox 1240 1611 1981 1660; baseline -0.008 -10"><span class='ocrx_word' id='word_1_355' title='bbox 1240 1618 1379 1660; x_wconf 87' lang='lat' dir='ltr'>desuper</span> <span class='ocrx_word' id='word_1_356' title='bbox 1415 1614 1600 1648; x_wconf 84' lang='lat' dir='ltr'>necessaria</span> <span class='ocrx_word' id='word_1_357' title='bbox 1639 1619 1671 1646; x_wconf 89' lang='lat' dir='ltr'>et</span> <span class='ocrx_word' id='word_1_358' title='bbox 1706 1619 1890 1656; x_wconf 88' lang='lat' dir='ltr'>opportuna</span> <span class='ocrx_word' id='word_1_359' title='bbox 1928 1611 1981 1644; x_wconf 86' lang='lat' dir='ltr'>sa-</span> 
     </span>
     <span class='ocr_line' id='line_1_76' title="bbox 1239 1665 1981 1710; baseline -0.008 -7"><span class='ocrx_word' id='word_1_360' title='bbox 1239 1670 1358 1710; x_wconf 86' lang='lat' dir='ltr'>ciendi,</span> <span class='ocrx_word' id='word_1_361' title='bbox 1385 1669 1470 1701; x_wconf 84' lang='lat' dir='ltr'>iuxta</span> <span class='ocrx_word' id='word_1_362' title='bbox 1496 1668 1627 1700; x_wconf 87' lang='lat' dir='ltr'>decreta</span> <span class='ocrx_word' id='word_1_363' title='bbox 1649 1666 1723 1699; x_wconf 91' lang='lat' dir='ltr'>dicti</span> <span class='ocrx_word' id='word_1_364' title='bbox 1742 1665 1887 1706; x_wconf 85' lang='lat' dir='ltr'>Concilii,</span> <span class='ocrx_word' id='word_1_365' title='bbox 1909 1676 1981 1709; x_wconf 86' lang='lat' dir='ltr'>apo-</span> 
     </span>
     <span class='ocr_line' id='line_1_77' title="bbox 1239 1719 1980 1763; baseline -0.008 -6"><span class='ocrx_word' id='word_1_366' title='bbox 1239 1724 1349 1758; x_wconf 79' lang='lat' dir='ltr'>stolica</span> <span class='ocrx_word' id='word_1_367' title='bbox 1374 1722 1576 1763; x_wconf 86' lang='lat' dir='ltr'>auctoritate,</span> <span class='ocrx_word' id='word_1_368' title='bbox 1612 1727 1724 1753; x_wconf 86' lang='lat' dir='ltr'>tenore</span> <span class='ocrx_word' id='word_1_369' title='bbox 1749 1719 1980 1763; x_wconf 85' lang='lat' dir='ltr'>praesentium,</span> 
     </span>
     <span class='ocr_line' id='line_1_78' title="bbox 1240 1772 1980 1821; baseline -0.007 -11"><span class='ocrx_word' id='word_1_370' title='bbox 1240 1777 1459 1821; x_wconf 86' lang='lat' dir='ltr'>approbamus</span> <span class='ocrx_word' id='word_1_371' title='bbox 1499 1781 1530 1808; x_wconf 89' lang='lat' dir='ltr'>et</span> <span class='ocrx_word' id='word_1_372' title='bbox 1566 1774 1816 1814; x_wconf 76' lang='lat' dir='ltr'>confirmamus,</span> <span class='ocrx_word' id='word_1_373' title='bbox 1850 1772 1980 1816; x_wconf 88' lang='lat' dir='ltr'>illisque</span> 
     </span>
     <span class='ocr_line' id='line_1_79' title="bbox 1241 1826 1979 1874; baseline -0.008 -10"><span class='ocrx_word' id='word_1_374' title='bbox 1241 1836 1416 1874; x_wconf 87' lang='lat' dir='ltr'>perpetuae</span> <span class='ocrx_word' id='word_1_375' title='bbox 1442 1835 1472 1862; x_wconf 86' lang='lat' dir='ltr'>et</span> <span class='ocrx_word' id='word_1_376' title='bbox 1493 1828 1690 1861; x_wconf 84' lang='lat' dir='ltr'>inviolabilis</span> <span class='ocrx_word' id='word_1_377' title='bbox 1708 1827 1866 1860; x_wconf 77' lang='lat' dir='ltr'>firmitatis</span> <span class='ocrx_word' id='word_1_378' title='bbox 1882 1826 1979 1860; x_wconf 88' lang='lat' dir='ltr'>robur</span> 
     </span>
     <span class='ocr_line' id='line_1_80' title="bbox 1240 1881 1980 1924; baseline -0.007 -7"><span class='ocrx_word' id='word_1_379' title='bbox 1240 1884 1431 1923; x_wconf 87' lang='lat' dir='ltr'>adiicimus,</span> <span class='ocrx_word' id='word_1_380' title='bbox 1458 1893 1494 1916; x_wconf 85' lang='lat' dir='ltr'>ac</span> <span class='ocrx_word' id='word_1_381' title='bbox 1519 1892 1631 1916; x_wconf 86' lang='lat' dir='ltr'>omnes</span> <span class='ocrx_word' id='word_1_382' title='bbox 1669 1887 1699 1914; x_wconf 92' lang='lat' dir='ltr'>ct</span> <span class='ocrx_word' id='word_1_383' title='bbox 1735 1881 1879 1924; x_wconf 82' lang='lat' dir='ltr'>singulos</span> <span class='ocrx_word' id='word_1_384' title='bbox 1916 1885 1980 1912; x_wconf 87' lang='lat' dir='ltr'>tam</span> 
     </span>
     <span class='ocr_line' id='line_1_81' title="bbox 1241 1933 1981 1980; baseline -0.005 -11"><span class='ocrx_word' id='word_1_385' title='bbox 1241 1938 1320 1970; x_wconf 88' lang='lat' dir='ltr'>iuris</span> <span class='ocrx_word' id='word_1_386' title='bbox 1346 1947 1440 1980; x_wconf 87' lang='lat' dir='ltr'>qnam</span> <span class='ocrx_word' id='word_1_387' title='bbox 1464 1936 1535 1968; x_wconf 78' lang='lat' dir='ltr'>sacti</span> <span class='ocrx_word' id='word_1_388' title='bbox 1562 1935 1715 1975; x_wconf 78' lang='lat' dir='ltr'>desectus,</span> <span class='ocrx_word' id='word_1_389' title='bbox 1749 1933 1854 1977; x_wconf 80' lang='lat' dir='ltr'>siqui</span> <span class='ocrx_word' id='word_1_390' title='bbox 1888 1933 1981 1966; x_wconf 90' lang='lat' dir='ltr'>desu-</span> 
     </span>
     <span class='ocr_line' id='line_1_82' title="bbox 1241 1988 1979 2034; baseline -0.005 -11"><span class='ocrx_word' id='word_1_391' title='bbox 1241 2002 1300 2034; x_wconf 84' lang='lat' dir='ltr'>per</span> <span class='ocrx_word' id='word_1_392' title='bbox 1325 1988 1572 2028; x_wconf 84' lang='lat' dir='ltr'>intervenerint,</span> <span class='ocrx_word' id='word_1_393' title='bbox 1599 1989 1809 2031; x_wconf 81' lang='lat' dir='ltr'>supplemus3</span> <span class='ocrx_word' id='word_1_394' title='bbox 1841 1996 1979 2026; x_wconf 86' lang='lat' dir='ltr'>necnon,</span> 
     </span>
     <span class='ocr_line' id='line_1_83' title="bbox 1242 2041 1981 2086; baseline -0.005 -10"><span class='ocrx_word' id='word_1_395' title='bbox 1242 2054 1300 2086; x_wconf 90' lang='lat' dir='ltr'>pro</span> <span class='ocrx_word' id='word_1_396' title='bbox 1332 2042 1451 2086; x_wconf 87' lang='lat' dir='ltr'>potiori</span> <span class='ocrx_word' id='word_1_397' title='bbox 1488 2042 1626 2079; x_wconf 77' lang='lat' dir='ltr'>cautela,</span> <span class='ocrx_word' id='word_1_398' title='bbox 1667 2041 1825 2074; x_wconf 83' lang='lat' dir='ltr'>moderno</span> <span class='ocrx_word' id='word_1_399' title='bbox 1855 2044 1886 2072; x_wconf 90' lang='lat' dir='ltr'>et</span> <span class='ocrx_word' id='word_1_400' title='bbox 1921 2050 1981 2083; x_wconf 89' lang='lat' dir='ltr'>pro</span> 
     </span>
     <span class='ocr_line' id='line_1_84' title="bbox 1243 2094 1981 2141; baseline -0.004 -11"><span class='ocrx_word' id='word_1_401' title='bbox 1243 2104 1388 2141; x_wconf 87' lang='lat' dir='ltr'>tempore</span> <span class='ocrx_word' id='word_1_402' title='bbox 1415 2096 1566 2130; x_wconf 76' lang='lat' dir='ltr'>existenti</span> <span class='ocrx_word' id='word_1_403' title='bbox 1592 2095 1699 2128; x_wconf 86' lang='lat' dir='ltr'>abbati</span> <span class='ocrx_word' id='word_1_404' title='bbox 1722 2094 1799 2128; x_wconf 88' lang='lat' dir='ltr'>dicti</span> <span class='ocrx_word' id='word_1_405' title='bbox 1821 2099 1981 2127; x_wconf 86' lang='lat' dir='ltr'>monaste-</span> 
     </span>
     <span class='ocr_line' id='line_1_85' title="bbox 1242 2148 1980 2192; baseline -0.007 -8"><span class='ocrx_word' id='word_1_406' title='bbox 1242 2152 1298 2192; x_wconf 89' lang='lat' dir='ltr'>rii,</span> <span class='ocrx_word' id='word_1_407' title='bbox 1324 2152 1373 2184; x_wconf 81' lang='lat' dir='ltr'>vel</span> <span class='ocrx_word' id='word_1_408' title='bbox 1407 2161 1465 2183; x_wconf 89' lang='lat' dir='ltr'>suo</span> <span class='ocrx_word' id='word_1_409' title='bbox 1501 2149 1646 2192; x_wconf 83' lang='lat' dir='ltr'>generali</span> <span class='ocrx_word' id='word_1_410' title='bbox 1684 2148 1813 2189; x_wconf 71' lang='lat' dir='ltr'>vicario,</span> <span class='ocrx_word' id='word_1_411' title='bbox 1839 2153 1882 2187; x_wconf 89' lang='lat' dir='ltr'>ut,</span> <span class='ocrx_word' id='word_1_412' title='bbox 1909 2157 1980 2180; x_wconf 89' lang='lat' dir='ltr'>cum</span> 
     </span>
     <span class='ocr_line' id='line_1_86' title="bbox 1242 2200 1980 2248; baseline -0.007 -11"><span class='ocrx_word' id='word_1_413' title='bbox 1242 2204 1448 2248; x_wconf 85' lang='lat' dir='ltr'>parochiales</span> <span class='ocrx_word' id='word_1_414' title='bbox 1475 2201 1648 2236; x_wconf 81' lang='lat' dir='ltr'>ccclesias¹</span> <span class='ocrx_word' id='word_1_415' title='bbox 1678 2200 1913 2234; x_wconf 88' lang='lat' dir='ltr'>iurisdictionis</span> <span class='ocrx_word' id='word_1_416' title='bbox 1934 2200 1980 2233; x_wconf 93' lang='lat' dir='ltr'>di-</span> 
     </span>
     <span class='ocr_line' id='line_1_87' title="bbox 1242 2255 1983 2298; baseline -0.005 -7"><span class='ocrx_word' id='word_1_417' title='bbox 1242 2258 1284 2291; x_wconf 86' lang='lat' dir='ltr'>eti</span> <span class='ocrx_word' id='word_1_418' title='bbox 1321 2256 1508 2290; x_wconf 83' lang='lat' dir='ltr'>monasterii</span> <span class='ocrx_word' id='word_1_419' title='bbox 1544 2265 1660 2288; x_wconf 88' lang='lat' dir='ltr'>vacare</span> <span class='ocrx_word' id='word_1_420' title='bbox 1686 2255 1869 2298; x_wconf 83' lang='lat' dir='ltr'>contigerit,</span> <span class='ocrx_word' id='word_1_421' title='bbox 1907 2265 1983 2288; x_wconf 92' lang='lat' dir='ltr'>con-</span> 
     </span>
     <span class='ocr_line' id='line_1_88' title="bbox 1242 2308 1980 2352; baseline -0.005 -8"><span class='ocrx_word' id='word_1_422' title='bbox 1242 2322 1371 2345; x_wconf 89' lang='lat' dir='ltr'>cursum</span> <span class='ocrx_word' id='word_1_423' title='bbox 1387 2311 1565 2350; x_wconf 88' lang='lat' dir='ltr'>instituere,</span> <span class='ocrx_word' id='word_1_424' title='bbox 1581 2309 1774 2351; x_wconf 76' lang='lat' dir='ltr'>examinare,</span> <span class='ocrx_word' id='word_1_425' title='bbox 1790 2308 1980 2352; x_wconf 84' lang='lat' dir='ltr'>approbare,</span> 
     </span>
     <span class='ocr_line' id='line_1_89' title="bbox 1243 2361 1982 2407; baseline -0.005 -9"><span class='ocrx_word' id='word_1_426' title='bbox 1243 2371 1275 2398; x_wconf 89' lang='lat' dir='ltr'>et</span> <span class='ocrx_word' id='word_1_427' title='bbox 1299 2364 1400 2407; x_wconf 77' lang='lat' dir='ltr'>magis</span> <span class='ocrx_word' id='word_1_428' title='bbox 1436 2364 1574 2396; x_wconf 90' lang='lat' dir='ltr'>idoneos</span> <span class='ocrx_word' id='word_1_429' title='bbox 1599 2363 1720 2404; x_wconf 78' lang='lat' dir='ltr'>eligere</span> <span class='ocrx_word' id='word_1_430' title='bbox 1738 2389 1745 2402; x_wconf 93' lang='lat'><strong>‚</strong></span> <span class='ocrx_word' id='word_1_431' title='bbox 1773 2367 1804 2395; x_wconf 93' lang='lat' dir='ltr'>et</span> <span class='ocrx_word' id='word_1_432' title='bbox 1828 2361 1982 2394; x_wconf 83' lang='lat' dir='ltr'>ecclesias</span> 
     </span>
     <span class='ocr_line' id='line_1_90' title="bbox 1242 2414 1982 2458; baseline -0.005 -8"><span class='ocrx_word' id='word_1_433' title='bbox 1242 2416 1429 2450; x_wconf 87' lang='lat' dir='ltr'>huiusmodi</span> <span class='ocrx_word' id='word_1_434' title='bbox 1445 2415 1588 2458; x_wconf 83' lang='lat' dir='ltr'>legitime</span> <span class='ocrx_word' id='word_1_435' title='bbox 1605 2415 1767 2454; x_wconf 78' lang='lat' dir='ltr'>conferre,</span> <span class='ocrx_word' id='word_1_436' title='bbox 1783 2424 1829 2454; x_wconf 88' lang='lat' dir='ltr'>ac,</span> <span class='ocrx_word' id='word_1_437' title='bbox 1849 2414 1879 2446; x_wconf 93' lang='lat' dir='ltr'>in</span> <span class='ocrx_word' id='word_1_438' title='bbox 1898 2423 1982 2446; x_wconf 90' lang='lat' dir='ltr'>men-</span> 
     </span>
     <span class='ocr_line' id='line_1_91' title="bbox 1241 2467 1981 2503; baseline -0.007 0"><span class='ocrx_word' id='word_1_439' title='bbox 1241 2470 1329 2503; x_wconf 86' lang='lat' dir='ltr'>sibus</span> <span class='ocrx_word' id='word_1_440' title='bbox 1345 2467 1485 2503; x_wconf 68' lang='lat' dir='ltr'>nostris³</span> <span class='ocrx_word' id='word_1_441' title='bbox 1510 2474 1541 2502; x_wconf 88' lang='lat' dir='ltr'>et</span> <span class='ocrx_word' id='word_1_442' title='bbox 1554 2477 1777 2501; x_wconf 87' lang='lat' dir='ltr'>suceessorum</span> <span class='ocrx_word' id='word_1_443' title='bbox 1796 2473 1981 2500; x_wconf 88' lang='lat' dir='ltr'>nostrorum</span> 
     </span>
     <span class='ocr_line' id='line_1_92' title="bbox 1242 2519 1982 2557; baseline -0.007 0"><span class='ocrx_word' id='word_1_444' title='bbox 1242 2523 1461 2557; x_wconf 87' lang='lat' dir='ltr'>Romanorum</span> <span class='ocrx_word' id='word_1_445' title='bbox 1487 2520 1677 2555; x_wconf 83' lang='lat' dir='ltr'>Pontificum</span> <span class='ocrx_word' id='word_1_446' title='bbox 1697 2519 1861 2553; x_wconf 86' lang='lat' dir='ltr'>collationi</span> <span class='ocrx_word' id='word_1_447' title='bbox 1881 2530 1982 2554; x_wconf 86' lang='lat' dir='ltr'>reser-</span> 
     </span>
    </p>
   </div>
   <div class='ocr_carea' id='block_1_9' title="bbox 1277 2591 1850 2670">
    <p class='ocr_par' dir='ltr' id='par_1_11' title="bbox 1277 2591 1850 2670">
     <span class='ocr_line' id='line_1_93' title="bbox 1279 2591 1839 2627; baseline -0.005 -7"><span class='ocrx_word' id='word_1_448' title='bbox 1279 2596 1288 2620; x_wconf 83' lang='lat' dir='ltr'>t</span> <span class='ocrx_word' id='word_1_449' title='bbox 1314 2593 1383 2620; x_wconf 89' lang='lat' dir='ltr'>Edit.</span> <span class='ocrx_word' id='word_1_450' title='bbox 1402 2592 1481 2619; x_wconf 85' lang='lat' dir='ltr'>Main.</span> <span class='ocrx_word' id='word_1_451' title='bbox 1498 2592 1563 2627; x_wconf 85' lang='lat' dir='ltr'>legit</span> <span class='ocrx_word' id='word_1_452' title='bbox 1582 2591 1713 2618; x_wconf 78' lang='lat' dir='ltr'>ecclesiae</span> <span class='ocrx_word' id='word_1_453' title='bbox 1733 2593 1770 2625; x_wconf 69' lang='lat' dir='ltr'>(tt.</span> <span class='ocrx_word' id='word_1_454' title='bbox 1789 2591 1839 2626; x_wconf 60' lang='lat' dir='ltr'>r).</span> 
     </span>
     <span class='ocr_line' id='line_1_94' title="bbox 1277 2636 1850 2670; baseline -0.003 -6"><span class='ocrx_word' id='word_1_455' title='bbox 1277 2636 1293 2664; x_wconf 82' lang='lat'>2</span> <span class='ocrx_word' id='word_1_456' title='bbox 1313 2636 1414 2666; x_wconf 81' lang='lat' dir='ltr'>Forsan</span> <span class='ocrx_word' id='word_1_457' title='bbox 1434 2637 1528 2666; x_wconf 77' lang='lat' dir='ltr'>nostri</span> <span class='ocrx_word' id='word_1_458' title='bbox 1547 2639 1592 2664; x_wconf 88' lang='lat' dir='ltr'>aut</span> <span class='ocrx_word' id='word_1_459' title='bbox 1614 2638 1727 2664; x_wconf 72' lang='lat' dir='ltr'>nostrae</span> <span class='ocrx_word' id='word_1_460' title='bbox 1746 2637 1786 2670; x_wconf 81' lang='lat' dir='ltr'>(n.</span> <span class='ocrx_word' id='word_1_461' title='bbox 1802 2636 1850 2670; x_wconf 82' lang='lat' dir='ltr'>T.).</span> 
     </span>
    </p>
   </div>
   <div class='ocr_carea' id='block_1_10' title="bbox 1979 237 2162 267">
    <p class='ocr_par' dir='ltr' id='par_1_12' title="bbox 1979 237 2162 267">
     <span class='ocr_line' id='line_1_95' title="bbox 1979 237 2162 267; baseline 0.022 -4"><span class='ocrx_word' id='word_1_462' title='bbox 1979 238 2027 264; x_wconf 83' lang='lat' dir='ltr'>An.</span> <span class='ocrx_word' id='word_1_463' title='bbox 2049 237 2077 265; x_wconf 87' lang='lat' dir='ltr'>C.</span> <span class='ocrx_word' id='word_1_464' title='bbox 2096 237 2162 267; x_wconf 67' lang='lat'><strong>¹725</strong></span> 
     </span>
    </p>
   </div>
  </div>
 </body>
</html>
