2170 3147
0 234 40 259 ln.
56 231 84 259 C.
109 230 175 258 1727

771 225 967 250 BENEDICTUS

184 289 222 312 ne
246 278 388 322 qualibet
409 287 473 311 non
498 277 656 310 obstante:
676 287 715 308 ne
735 281 840 308 tamen
868 274 924 307 de-

183 342 281 375 super
300 329 457 363 tertiarias
473 335 505 363 et.
523 330 703 372 respective
730 330 843 360 fratres
867 327 924 359 Or-

184 384 266 417 dinis
291 382 556 416 Praedicatorum
583 381 730 414 indebite
756 379 923 413 molestari

183 437 363 479 contingat,
386 446 540 478 expressc
559 435 758 468 declaramus
780 438 811 466 et
836 433 923 465 volu-

182 500 265 530 muS‚
286 489 445 522 tertiarias
463 488 644 531 praedictas
670 487 707 519 de
722 485 923 530 poenitentia

182 542 212 575 S.
231 541 389 575 Dominici
415 541 481 573 sive
507 539 721 582 collegialiter
746 539 811 571 sive
837 548 925 580 sepa-

184 595 275 628 ratim
301 595 333 627 in
360 594 528 634 domibus,
556 599 588 625 ut
623 592 828 637 praedictum
854 595 922 630 est,

183 648 328 681 viventes
349 658 422 680 cum
444 657 596 689 expresso
622 651 707 685 voto,
728 656 743 677 a
761 644 837 678 solis
862 644 925 676 sra-

186 700 285 733 tribus
310 699 465 743 praedicti
492 699 620 732 Ordinis
645 698 922 736 Praedicatorum,

183 753 438 786 contradictione
476 752 620 796 qualibet
656 757 688 785 et
719 760 923 794 quacumque

184 805 421 839 consuetudine
461 806 556 838 etiam
602 803 851 837 immemorabili
891 803 923 835 in

183 858 383 892 contrarium
417 869 482 891 non
519 857 743 897 obstantibus,
769 855 865 888 etiam
891 856 923 888 in

184 912 237 945 die
262 917 392 945 sanctae
417 911 578 951 Paschae,
600 915 647 950 et,
674 911 706 943 in
732 919 807 942 casu
834 908 924 940 habi-

185 964 280 998 tualis
304 964 509 1004 infirmitatis,
528 963 623 996 etiam
650 973 709 1006 pro
736 961 853 995 effectu
879 972 925 994 sa—

185 1017 367 1051 tissaciendi
407 1022 580 1060 praecepto
616 1017 655 1049 de
691 1014 923 1049 communione

184 1070 344 1114 paschali,
371 1076 415 1110 et,
434 1070 465 1102 in
484 1080 557 1102 casu
583 1068 729 1101 mortalis
759 1067 925 1100 infirmita-

186 1123 225 1156 tis
250 1123 314 1156 sive
341 1123 373 1155 in
399 1122 513 1155 mortis
539 1122 695 1161 articulo,
717 1131 841 1154 sacram
865 1120 924 1153 Eu-

184 1176 380 1216 charistiam,
391 1175 573 1208 Extremam
588 1173 925 1217 insuperUnctionem

185 1229 335 1262 absolute
361 1229 511 1272 recipere
530 1238 625 1270 posse
652 1233 684 1260 et
709 1227 830 1260 debere
847 1238 854 1266 3
874 1237 925 1259 ea-

183 1284 398 1326 rumdemque
423 1287 498 1325 post
514 1287 649 1314 mortem
667 1281 825 1313 cadavera
850 1279 925 1321 (nisi

184 1337 293 1370 forsan
331 1335 549 1379 collegialiter
587 1333 731 1367 viventes
772 1333 924 1373 habeant,

185 1396 240 1424 aut
256 1388 336 1423 sint¹
354 1388 531 1432 aliquando
546 1388 690 1431 legitime
705 1386 874 1420 habiturae
894 1387 925 1419 in

186 1454 296 1477 earum
333 1442 488 1481 ecclesia,
515 1441 658 1474 oratorio
697 1446 751 1472 aut
786 1440 926 1482 collegio

184 1496 396 1540 sepulchrum
434 1495 622 1538 proprium,
655 1504 718 1537 quo
755 1504 831 1526 casu
868 1504 928 1536 per

185 1551 272 1583 solos
299 1550 414 1582 fratres
439 1547 569 1580 Ordinis
593 1548 658 1580 sint
682 1547 802 1579 ibidem
837 1557 928 1589 sepe-

186 1603 310 1645 lienda)
333 1602 371 1635 ad
390 1602 524 1634 l‘ratrum
551 1600 719 1633 ecclesiam
739 1601 927 1633 tumulanda

186 1657 305 1690 deferri
331 1666 425 1699 posse
448 1666 483 1688 ac
502 1655 636 1694 debere,
657 1660 688 1687 et
706 1654 837 1697 quidem
856 1654 927 1686 abs-

187 1719 249 1752 que
273 1709 472 1747 interventu‚
500 1707 632 1740 licentia
658 1712 688 1740 et
713 1706 926 1750 requisitione

186 1762 323 1806 parochi
352 1762 504 1803 nullaque
531 1761 637 1793 eidem
663 1761 768 1794 soluta
801 1762 924 1803 quarta.

187 1815 243 1856 Et,
270 1815 362 1848 sicuti
395 1815 561 1854 volumus,
598 1814 685 1857 quod
714 1819 775 1845 tam
812 1814 927 1846 fratres

188 1879 286 1912 quam
311 1867 465 1908 tertiarii,
493 1873 582 1900 extra
618 1873 796 1900 conventus
822 1873 854 1899 et
880 1878 927 1899 re-

189 1921 329 1964 spective
348 1920 486 1962 collegia
507 1925 538 1953 et
559 1920 670 1953 domos
689 1921 856 1959 obeuntes,
876 1920 929 1953 de-

188 1973 286 2006 beant
310 1972 540 2005 sacramentari
566 1977 597 2005 et
623 1972 804 2015 respective
824 1978 928 2005 tumu-

191 2026 250 2059 lari
274 2036 334 2068 per
359 2025 473 2058 fratres
498 2030 529 2058 et
553 2025 585 2057 in
611 2025 757 2058 ecclesiis
783 2026 926 2067 illorum,

191 2078 236 2111 ita
252 2078 455 2121 disponimus
481 2083 513 2110 et
537 2079 726 2111 mandamus
745 2079 847 2121 quoad
868 2085 930 2112 ter-

195 2131 303 2164 tiarias
324 2131 515 2174 praedictas.
536 2132 708 2164 Praeterea
729 2133 930 2166 declaramus

193 2189 225 2217 et
238 2185 398 2224 volumus,
415 2184 500 2226 qnod
520 2184 648 2224 fratres,
665 2185 703 2216 ad
718 2184 931 2217 ministranda

193 2241 396 2269 sacramenta
433 2236 526 2269 dictis
567 2236 720 2269 tertiariis
760 2237 930 2280 utriusque

193 2301 307 2330 sexus,
334 2289 461 2333 possint
492 2294 522 2321 et
548 2289 687 2322 debeant
715 2289 930 2332 ingrediendo

193 2343 313 2377 limites
332 2343 563 2386 cuiuscumque
582 2343 758 2386 parochiae
776 2353 847 2376 cum
864 2353 932 2377 cru-

193 2407 229 2430 ce
253 2397 361 2430 erecta
393 2401 426 2429 et
458 2396 746 2438 processionaliter
769 2396 931 2439 condigne

194 2450 308 2484 afferre
347 2450 533 2483 venerabile
566 2449 788 2482 Eucharistiae
825 2461 932 2483 sacra-

194 2508 348 2545 mentum,
368 2508 431 2535 tam
451 2503 482 2536 in
500 2513 575 2535 casu
603 2503 705 2545 gravis
732 2508 764 2535 et
788 2503 932 2537 mortalis

195 2556 391 2590 infirmitatis
428 2567 487 2600 per
523 2556 656 2589 modum
685 2556 809 2598 viatici,
834 2568 929 2601 quam

228 2619 242 2646 1
264 2618 334 2652 Edit.
355 2618 439 2647 Main.
460 2618 526 2655 legit
544 2619 581 2647 sil
602 2627 649 2654 pro
669 2619 727 2646 sint
748 2620 786 2655 (n.
810 2619 857 2655 T.).

993 226 1049 248 xul
1075 226 1123 248 PP.

966 273 997 305 in
1024 284 1096 306 casu
1124 274 1195 306 talis
1222 273 1419 306 infirmitatis
1444 283 1526 316 quae
1553 271 1707 315 impediat

965 338 1131 360 accessum
1147 328 1186 360 ad
1202 327 1372 360 ecclesiam
1387 326 1546 359 dictorum
1562 326 1708 363 fratrum,

965 390 1026 423 pro
1063 379 1282 413 satisfactione
1316 378 1484 422 praecepti
1517 378 1706 421 paschalis,

966 443 1002 465 ac
1023 432 1118 465 ctiam
1144 433 1235 466 titulo
1253 432 1450 471 devotionis,
1469 431 1555 464 circa
1574 442 1709 478 consue-

969 490 1014 517 tas
1049 485 1190 517 maiores
1215 484 1378 517 Ecclesiae
1405 484 1653 524 solemnitates;
1677 489 1709 517 et

967 537 1118 570 similiter
1143 537 1370 570 defunctorum
1396 537 1553 569 cadavera
1578 536 1615 569 ad
1637 546 1710 579 pro-

968 589 1070 633 priam
1096 590 1268 622 ccclesiam
1289 595 1466 633 asportare,
1487 589 1583 622 etiam
1608 589 1709 622 invito

968 648 999 676 et
1024 644 1204 676 reluctante
1229 643 1387 686 parocho,
1415 642 1464 674 cui
1491 647 1614 675 tautum
1640 643 1710 675 lici-

969 703 1035 729 tum
1053 696 1094 729 sit
1112 696 1299 728 ministrare
1325 701 1563 729 sacramentum
1581 695 1614 728 in
1635 706 1709 728 casu

967 749 1160 792 repentinae
1175 748 1372 782 infirmitatis
1388 760 1468 792 quae
1485 749 1625 792 spatium
1646 759 1708 782 non

968 803 1133 845 permittat
1157 802 1294 835 vocandi
1317 803 1433 835 fratres
1458 802 1657 845 praedictos.

1012 855 1026 898 g
1051 854 1103 888 39.
1129 854 1167 887 Ut
1191 864 1302 898 porro,
1329 859 1486 898 qnantum
1511 855 1545 887 in
1569 854 1708 888 Domino

968 919 1151 952 possumus,
1174 908 1383 942 consulamus
1409 908 1617 941 indemnitati
1639 900 1782 941 olie-·-21'1¹iss

968 962 1111 995 dicutiae
1145 961 1367 1004 superioribus
1392 961 1568 1004 praedictis
1594 961 1633 994 ab
1660 972 1711 994 eo·
1733 952 1761 992 ι-ἶῖ

970 1026 1038 1047 rum
1064 1015 1242 1058 respective
1267 1015 1428 1057 religiosis
1453 1015 1593 1055 debitae,
1623 1020 1654 1047 et
1679 1021 1712 1047 ut
1743 1003 1798 1020 “³¹⁰³

969 1069 1159 1112 simpliciori
1187 1068 1237 1101 via
1261 1069 1407 1101 nitantur
1428 1078 1541 1101 omnes
1560 1068 1592 1100 in
1611 1069 1710 1100 semel

969 1122 1033 1155 Deo
1048 1121 1241 1164 promissam
1257 1123 1441 1164 regularem
1460 1121 1710 1159 observantiam,

970 1178 1079 1214 motu,
1104 1174 1240 1207 scientia
1271 1180 1302 1207 et
1327 1179 1486 1217 potestate
1516 1174 1712 1217 saepedictis

969 1228 1001 1260 in
1034 1227 1148 1271 primis
1181 1228 1288 1270 quoad
1322 1227 1432 1260 omnia
1465 1232 1495 1260 et
1526 1227 1654 1269 singula
1680 1227 1712 1260 in

971 1281 1017 1314 eis
1035 1286 1188 1314 contenta
1205 1280 1435 1313 confirmamus
1462 1286 1493 1313 et
1522 1280 1714 1313 innovamus

970 1334 1221 1367 constitutiones
1240 1339 1404 1366 emanatas
1425 1333 1578 1367 adversus
1597 1333 1713 1367 fratres

970 1387 1100 1420 Ordinis
1126 1388 1268 1420 serentes
1294 1397 1353 1430 pro
1376 1387 1611 1430 extorquendis
1632 1387 1715 1420 savo-

971 1441 1061 1473 ribus
1086 1441 1125 1473 ad
1150 1451 1309 1484 personas
1343 1445 1532 1481 extraneas,
1559 1440 1713 1473 nimirum

971 1494 1119 1536 Gregorii
1146 1494 1211 1526 XIII
1236 1494 1451 1537 incipientem
1490 1493 1600 1534 Quum
1625 1495 1714 1527 nillil

971 1548 1092 1590 magis,
1119 1557 1137 1580 v
1162 1547 1243 1579 iunii
1275 1557 1423 1587 nomn,
1450 1547 1624 1581 Clementis
1650 1547 1712 1579 Vlll

971 1601 1150 1643 Relz'qiosos
1178 1601 1285 1641 viros,
1312 1611 1390 1634 xxm
1416 1601 1491 1633 maii
1523 1610 1656 1640 naxon,
1684 1606 1715 1634 ct.

972 1654 1062 1687 Pauli
1075 1654 1097 1686 V
1112 1653 1349 1694 Admonemur,
1365 1665 1407 1688 vn
1423 1655 1562 1687 ianuarii
1577 1664 1713 1688 nincvui.

972 1707 1158 1750 Deindeque
1184 1717 1243 1750 pro
1270 1707 1387 1740 tuenda
1408 1707 1552 1750 regulari
1573 1707 1716 1750 discipli-

973 1762 1013 1793 na
1039 1761 1269 1794 confirmamus
1296 1766 1328 1793 et
1352 1761 1546 1793 innovamus
1564 1761 1717 1794 constitu-

974 1814 1095 1846 tionem
1115 1824 1145 1847 iv
1171 1813 1326 1846 Bonisacii
1346 1814 1408 1846 vul
1425 1813 1478 1847 Ad
1495 1818 1715 1856 auymenlum,

971 1878 1002 1900 v1
1029 1867 1101 1900 idus
1139 1867 1215 1900 maii
1252 1876 1415 1907 mccxcvt;
1442 1867 1475 1899 in
1513 1867 1716 1910 corrigendis

973 1920 1092 1953 etenim
1119 1925 1150 1953 et
1175 1920 1352 1963 puniendis
1385 1919 1575 1952 excessibus
1607 1920 1717 1953 subdi-

973 1979 1077 2006 torum
1099 1974 1246 2006 volumus
1272 1974 1508 2017 peragendum,
1530 1974 1716 2016 postpositis

972 2027 1105 2060 rimulis
1124 2031 1152 2060 et
1170 2027 1316 2070 apicibus
1341 2027 1426 2059 iuris
1449 2027 1624 2060 seeundum
1648 2037 1718 2060 con-

972 2079 1160 2112 suetudines
1185 2085 1212 2113 et
1237 2084 1359 2113 statuta
1386 2079 1520 2114 Ordinis
1545 2081 1642 2113 etiam
1666 2081 1716 2123 fa-

974 2133 1097 2165 cienda.
1118 2134 1163 2165 Ad
1191 2134 1351 2167 tollendas
1377 2144 1452 2166 vero
1479 2133 1716 2177 appellationes

975 2195 1198 2229 quascumque
1223 2185 1406 2226 indebitas,
1433 2197 1469 2219 ac
1493 2190 1591 2220 totam
1616 2186 1716 2220 ferme

976 2238 1198 2271 oeconomiam
1224 2239 1385 2281 regularis
1417 2239 1645 2273 observantiae
1677 2250 1713 2273 e-

975 2296 1147 2323 nervantes
1174 2302 1210 2324 ac
1234 2297 1426 2334 evertentes,
1451 2291 1513 2325 nisi
1537 2292 1717 2326 retineatur

977 2348 1008 2375 et
1032 2349 1179 2377 servetur
1204 2344 1352 2377 ordinata
1378 2345 1554 2388 appellatio
1580 2356 1597 2379 a
1622 2356 1717 2390 supe-

977 2396 1061 2429 riore
1087 2397 1181 2430 locali
1207 2398 1245 2430 ad
1271 2398 1520 2441 provincialem,
1546 2399 1584 2432 ab
1609 2410 1716 2443 eoque

976 2449 1014 2481 ad
1033 2451 1229 2492 generalem,
1249 2452 1440 2494 exindeque,
1460 2453 1485 2484 si
1511 2453 1577 2486 fieri
1603 2454 1715 2496 possit,

976 2501 1015 2534 ad
1031 2501 1207 2545 capitulum
1226 2505 1390 2546 generale,
1406 2515 1441 2537 ac
1459 2505 1601 2549 denique
1617 2506 1655 2539 ad
1667 2506 1718 2540 Se-

976 2554 1048 2586 dem
1074 2556 1304 2598 Apostolicam,
1324 2558 1409 2591 iuxta
1428 2558 1558 2592 decreta
1575 2560 1613 2592 de
1631 2570 1717 2592 man-

976 2606 1049 2642 dato
1074 2609 1152 2642 Sixti
1171 2610 1193 2643 V
1212 2609 1299 2643 edita
1317 2610 1348 2643 in
1367 2611 1627 2656 Congregatione
1649 2612 1717 2656 epi-

1604 213 1667 247 543
1715 224 1763 249 An.
1783 224 1809 249 c.
1835 222 1900 250 επὶ-ι

1835 924 1905 937 ΙΙΙΑΙΗᾸ·

1768 952 1805 964 Μιι
1815 953 1824 964 ,ι
1837 945 1905 964 ‹iii-bi-

1765 979 1787 991 ιη
1821 972 1905 992 Oiduus
