2170 3147
0 236 39 277 λος
52 233 82 262 C.
103 234 171 263 1726

763 234 958 259 BENEDICTUS
982 234 1038 258 xm
1062 234 1112 258 PP.

181 287 294 327 postea
321 283 415 316 etiam
433 293 491 326 per
516 283 606 322 alias,
627 283 664 316 ad
687 284 751 317 hoc
775 289 811 316 ut
837 284 922 316 dicta

185 336 286 369 forma
304 336 336 369 in
354 336 614 369 absolutionibus
643 347 706 370 non
731 338 832 369 solum
851 348 921 369 cum

184 389 418 428 sacerdotibus,
435 389 491 422 sed
509 390 604 422 etiam
621 400 691 422 cum
706 390 777 422 aliis
794 389 922 422 clericis

186 447 217 474 et
241 442 332 475 laicis
358 442 629 484 Congregationis
655 442 841 484 praedictae
862 453 922 485 pro

185 501 332 539 tempore
359 496 586 536 existentibus,
612 496 707 528 nobis
733 501 765 527 et
790 495 835 528 eis
861 506 922 538 pro

186 552 332 590 tempore
361 547 601 588 confitentibus,
628 548 672 580 uti
701 558 872 591 possemus
893 554 923 580 et

186 605 336 644 possent,
368 602 560 634 extenderat
585 607 617 634 et
641 602 865 644 ampliaverat)
891 601 921 633 in

186 660 383 696 perpetuum
405 660 614 687 concesserat
629 660 661 687 et
678 654 873 693 indulserat3
894 660 924 687 et

188 705 426 749 subsequenter
444 706 545 739 idem¹
565 707 924 750 praedeeessm*,etian1

187 759 310 792 nostris
326 765 402 792 tunc
421 765 452 792 et
465 770 579 793 eorum
594 761 626 793 in
646 763 682 793 ea
699 766 789 804 parte
805 761 924 804 suppli-

188 812 369 845 cationibus
387 813 577 853 inclinatus,
593 815 772 857 praemissa
792 814 899 847 omnia
916 841 922 853 ,

189 870 220 899 et
233 866 296 899 alia
310 876 534 909 quaecumque
553 877 613 910 per
631 878 703 899 eum
723 867 817 899 nobis
831 872 863 899 et
880 867 925 899 eis

190 920 324 951 eatenus
337 929 501 958 concessa,
517 930 575 962 per
589 920 666 953 alias
683 920 924 959 innovaverat²3

189 976 220 1003 et
236 971 331 1004 nobis
345 982 382 1004 ae
397 971 459 1004 eis⁸
475 977 506 1004 ut
521 973 579 1004 sub
596 974 652 1004 sua
668 978 699 1005 et
714 973 818 1005 dietae
836 972 926 1009 Sedis

189 1024 322 1066 speciali
345 1025 551 1067 protectione
571 1032 604 1058 et
621 1025 735 1058 humili
754 1025 928 1058 subiectio·

189 1087 231 1109 ne
258 1077 464 1118 huiusmodi,
492 1079 531 1110 ab
557 1079 643 1111 omni
669 1078 732 1111 alio
758 1079 927 1122 superiore

190 1130 320 1173 penitus
346 1131 441 1164 liberi
464 1137 495 1164 et
519 1132 675 1176 exempti,
696 1133 755 1165 soli
783 1133 927 1166 Romano

191 1182 338 1216 Pontifici
360 1185 516 1217 canonice
542 1185 687 1225 intranti,
708 1192 739 1218 et
763 1191 875 1219 nostro
894 1197 929 1219 ac

192 1247 302 1270 eorum
334 1238 497 1281 superiori
531 1240 687 1271 canonice
714 1240 839 1279 eleeto,
869 1250 929 1282 pro

192 1294 341 1333 tempore
360 1291 585 1332 existentibus,
605 1292 723 1325 subditi
744 1293 862 1335 degere
883 1293 931 1325 de-

192 1341 342 1375 beremus
367 1349 398 1376 et
425 1343 602 1385 deberent,
632 1355 683 1385 ac,
710 1346 763 1389 qui
792 1351 866 1378 tunc
892 1346 929 1379 ad

192 1402 337 1429 nostrum
364 1403 395 1429 et
420 1408 532 1430 eorum
566 1408 770 1432 communem
802 1399 930 1433 vivendi

193 1450 326 1482 modum
360 1461 393 1483 se
429 1451 616 1483 conferrent
648 1457 679 1484 et
712 1453 750 1485 ad
784 1459 931 1485 votorum

194 1502 434 1545 professionem
457 1504 645 1537 huiusmodi
666 1505 762 1538 modo
780 1510 811 1538 et
830 1506 932 1538 forma

195 1556 384 1598 praemissis
399 1556 531 1589 admissi
548 1558 749 1596 soi-ent,v0to
765 1559 932 1602 religionis

195 1607 228 1641 in
246 1619 366 1651 genere
393 1610 512 1643 emisso
538 1611 732 1644 satisfecisse
759 1622 933 1645 censeren-

196 1666 258 1702 tur,
269 1662 364 1695 etiam
378 1669 536 1706 perpetuo
548 1670 764 1705 concesserat,
779 1665 933 1709 quodque

196 1715 314 1758 singuli
341 1717 444 1750 nostri
472 1723 504 1750 et
528 1728 640 1750 eorum
662 1719 850 1762 superiores
876 1729 934 1762 pro

198 1772 346 1811 tempore
367 1769 474 1810 electi,
493 1769 586 1803 finito
609 1771 761 1811 triennio,
781 1782 843 1814 quo
862 1782 934 1804 con-

197 1819 315 1855 firmati
332 1822 446 1861 forent,
469 1822 501 1855 in
523 1823 586 1856 alio
604 1824 677 1857 loeo
699 1824 730 1856 in
748 1825 935 1867 superiores

199 1874 288 1917 eligi,
305 1881 338 1908 et
362 1876 400 1909 ad
424 1876 510 1909 aliud
530 1876 705 1910 triennium
724 1888 760 1910 ex
781 1884 856 1911 tunc
877 1878 936 1911 im-

199 1929 338 1962 mediate
364 1940 505 1973 sequens
523 1930 719 1971 confirmari,
739 1942 775 1964 ae
796 1937 857 1964 tam
876 1942 936 1964 nos

201 1987 232 2015 et
253 1982 327 2025 ipsi,
345 1993 440 2026 quam
466 1984 567 2016 nostri
590 1989 621 2016 et
639 1994 751 2017 eorum
771 1985 849 2017 socii
875 1995 936 2028 pro

202 2038 349 2078 tempore
364 2036 552 2076 existentes,
568 2037 761 2070 vestimenta
780 2049 851 2070 cum
871 2048 938 2070 ma-

201 2088 283 2121 nicis
309 2098 409 2132 super
434 2089 568 2132 pallium
595 2091 712 2123 exertis
738 2091 879 2131 deferre,
902 2101 938 2123 ac

203 2145 267 2174 tam
293 2142 396 2175 circa·
421 2143 643 2176 caeremonias
670 2143 722 2176 in⁵
748 2144 862 2177 officiis
888 2154 940 2177 ec-

203 2195 394 2228 clesiasticis
411 2200 442 2228 et
458 2195 585 2239 reliquo
602 2197 686 2229 vitae
702 2198 789 2230 cultu
808 2203 839 2230 et
855 2197 938 2229 victu

239 2275 253 2302 1
275 2275 347 2303 Infra
369 2284 430 2311 pag.
452 2277 502 2303 415
523 2276 538 2302 b
557 2276 664 2303 additur
685 2277 815 2304 Clemens
833 2278 871 2310 (n.
891 2277 940 2310 τ).

239 2320 256 2348 2
275 2321 367 2348 Verba
396 2325 426 2348 ut
454 2322 536 2349 nobis
555 2326 580 2348 el
600 2322 639 2348 eis
668 2323 869 2356 confitentibus
898 2323 942 2350 uti

201 2372 349 2400 possemus
368 2368 395 2393 et
411 2369 528 2400 possent
548 2367 719 2394 extenderat
739 2369 765 2394 et
784 2366 943 2401 ampliave-

205 2413 264 2444 rat,
284 2410 440 2444 importune
459 2410 505 2437 hic
524 2410 649 2445 repetita,
670 2411 792 2438 delemus
810 2412 849 2445 (n.
865 2411 915 2442 ⁶12).

242 2453 259 2481 3
272 2453 359 2481 Verba
374 2457 401 2482 et
415 2454 497 2481 nobis
511 2462 545 2481 ac
559 2456 600 2481 eis
615 2454 740 2482 addimus
763 2463 795 2482 ex
817 2456 878 2482 loco
897 2463 946 2490 pa-

206 2498 303 2526 rallelo
319 2502 383 2526 tom.
400 2505 435 2529 vi,
452 2507 511 2534 pag.
533 2499 577 2526 161
597 2499 612 2526 b
625 2502 667 2532 (n.
683 2501 732 2527 TA.

242 2543 259 2570 ⁴
275 2543 311 2570 Ex
327 2543 378 2571 loc.
402 2544 498 2579 parali.
516 2548 582 2571 tom.
599 2552 642 2578 vi,
660 2552 722 2580 pag.
739 2545 789 2572 162
804 2553 822 2571 α
836 2544 944 2580 legend.

209 2590 268 2618 tam
281 2589 360 2617 circa
373 2590 541 2617 vestimenta
556 2597 639 2624 quam
653 2589 732 2617 circa
747 2592 784 2617 (R.
802 2591 850 2621 72).

242 2632 261 2662 5
276 2632 371 2669 Praep.
384 2634 416 2661 in
427 2633 554 2661 addimus
565 2642 596 2662 ex
608 2637 673 2661 tom.
687 2640 723 2668 vi,
740 2642 766 2669 p.
780 2633 830 2661 162
841 2640 857 2661 a
868 2633 946 2669 (ΞΠ).

1596 222 1661 256 405
1706 231 1895 260 Amet-126

966 282 1161 316 servandas¹
1180 293 1251 316 eum
1269 282 1414 315 moribus
1433 287 1464 315 et
1480 281 1701 315 laudabilibus

965 336 1254 368 consuetudinibus
1280 336 1473 368 clericorum
1508 334 1645 367 civitatis
1671 339 1704 366 et.

966 389 1051 428 loci,
1078 389 1110 420 in
1149 399 1210 432 qua
1236 399 1292 421 seu
1318 399 1382 431 quo
1408 399 1466 421 nos
1493 393 1524 420 et
1549 398 1605 420 eos
1641 397 1701 430 pro

967 447 1112 483 tempore
1139 442 1257 483 degere
1276 443 1324 474 vel
1343 441 1461 474 morari
1484 441 1700 482 contingeret,

967 494 1162 533 convenire,
1190 504 1226 526 ac
1251 495 1310 526 sul)
1336 493 1471 536 singulis
1504 492 1704 536 praepositis

967 546 1304 589 archipresbyterum,
1331 547 1383 589 qui
1411 547 1443 579 in
1468 545 1704 588 spiritualibus,

968 598 1258 637 archidiaconum,
1297 599 1350 642 qui
1392 599 1423 631 in
1469 598 1706 642 temporalibus

969 657 1156 693 praeessent
1193 658 1223 684 et
1259 652 1359 685 nostri
1391 657 1422 684 el.
1455 662 1569 685 eorum
1596 660 1706 683 curam

970 703 1140 743 baberent,
1160 716 1196 737 ae
1222 705 1408 747 plebanum,
1428 705 1480 747 qui
1508 715 1618 737 curam
1644 703 1708 736 ani-

970 767 1093 790 marum
1120 757 1214 790 nobis
1241 763 1272 790 et
1298 758 1344 790 eis
1370 758 1596 790 imminentem
1616 766 1708 790 exer-

970 816 1070 850 ceret,
1094 811 1217 853 eligere
1236 812 1419 844 valeremus
1446 817 1477 843 et
1503 812 1658 849 valerent,
1677 814 1710 842 et

969 864 1055 896 omni
1082 870 1231 907 tempore
1258 865 1289 897 in
1315 864 1545 897 benedictione
1577 872 1709 896 mensae

971 918 1128 959 psalmum
1147 917 1296 950 Laudale
1313 918 1494 950 Dominum
1511 927 1617 949 onmes
1637 926 1712 958 yen-

972 974 1025 1009 leS,
1043 974 1112 1008 ela,
1134 970 1284 1008 recitare,
1304 981 1363 1003 nec
1381 971 1419 1003 ad
1438 971 1534 1003 alium
1554 971 1710 1012 psalmum

973 1023 1172 1056 recitandum
1210 1024 1441 1067 quoquomodo
1469 1030 1656 1057 teneremur
1681 1026 1713 1055 et

973 1081 1184 1117 tenerentur,
1216 1078 1368 1120 quodque
1394 1078 1427 1110 in
1452 1077 1573 1110 nostris
1599 1081 1631 1109 et
1662 1086 1714 1108 eo-

973 1140 1043 1161 rum
1070 1130 1220 1173 capitulis
1246 1130 1293 1163 illi
1321 1136 1456 1171 tantum,
1474 1131 1528 1174 qui
1550 1130 1587 1162 ad
1615 1129 1646 1162 id
1665 1139 1714 1161 ea-

973 1182 1135 1225 pitulatim
1162 1183 1293 1216 admissi
1321 1183 1439 1223 forent,
1471 1193 1581 1216 vocem
1615 1183 1715 1215 habe-

974 1241 1058 1276 rent,
1079 1241 1109 1268 et
1129 1236 1194 1275 alii,
1221 1241 1255 1268 ut
1276 1237 1469 1279 praefertur,
1488 1247 1552 1269 non
1571 1235 1713 1275 admissi,

976 1288 1006 1320 in
1032 1299 1070 1321 eo
1106 1289 1238 1322 minime
1276 1289 1475 1323 intervenire
1513 1294 1567 1322 aut
1601 1299 1716 1321 vocem

977 1341 1099 1375 babere
1124 1347 1267 1385 possent,
1290 1342 1386 1375 etiam
1412 1348 1573 1385 perpetuo
1598 1347 1717 1374 statue-

977 1401 1025 1428 rat
1049 1401 1080 1428 et
1105 1396 1326 1436 ordinaverat;
1347 1406 1382 1428 ac
1408 1396 1541 1439 insuper
1565 1396 1661 1429 nobis
1687 1401 1718 1428 et

977 1449 1034 1489 eis,
1063 1450 1149 1492 quod
1176 1449 1328 1482 omnibus
1359 1455 1390 1482 et
1415 1449 1553 1492 singulis
1586 1448 1718 1492 privile-

975 1502 1046 1545 giis,
1072 1503 1303 1545 indulgentiis,
1330 1504 1582 1547 praerogativis,
1611 1514 1718 1536 exem-

977 1556 1150 1599 ptionibus
1177 1557 1451 1598 immunitatibus,
1475 1557 1588 1599 gratiis
1614 1563 1645 1589 et
1670 1556 1719 1589 in—

977 1609 1073 1642 dultis
1099 1610 1288 1653 quorumvis
1325 1610 1421 1643 etiam
1447 1610 1718 1644 Cisterciensibus

977 1668 1008 1696 et
1025 1662 1293 1696 Cluniacensibus
1307 1662 1318 1680 ²
1335 1662 1504 1698 monachis
1529 1674 1565 1697 ac
1582 1663 1720 1697 aliorum

978 1721 1042 1749 tam
1073 1716 1326 1749 Mendicantium
1364 1728 1459 1760 quam
1497 1727 1563 1750 non
1600 1716 1721 1750 Mendi-

979 1770 1121 1802 cantiurn
1139 1769 1296 1802 Ordinum
1324 1771 1488 1811 fratribus,
1511 1776 1572 1803 tam
1598 1771 1630 1803 in
1656 1770 1722 1814 spi-

979 1823 1151 1856 ritualibus
1188 1835 1285 1867 quam
1322 1823 1354 1856 in
1390 1824 1645 1867 temporalibus,
1688 1824 1721 1856 in

979 1876 1090 1920 speeie
1116 1877 1165 1910 vel
1193 1877 1224 1909 in
1252 1887 1391 1919 genere,
1419 1876 1516 1910 etiam
1542 1877 1720 1910 communi-

980 1930 1091 1969 cative,
1108 1940 1168 1974 per
1189 1940 1416 1974 quoscumque
1435 1931 1598 1964 Romanos
1617 1931 1723 1964 Ponti-

981 1983 1057 2017 fices
1077 1983 1345 2026 praedecessores
1367 1994 1455 2024 sum,
1475 1989 1507 2017 et
1526 1995 1587 2028 pro
1606 1984 1723 2017 talibus

982 2037 1110 2070 habitos
1125 2036 1143 2077 ³,
1170 2048 1207 2070 ac
1231 2036 1349 2070 Sedem
1369 2037 1569 2080 praedictam
1588 2047 1724 2081 quomo-

983 2091 1109 2124 dolibet
1134 2090 1299 2123 concessis
1324 2096 1354 2123 et
1375 2090 1588 2133 imposterum
1613 2100 1724 2124 eonce-

983 2143 1111 2184 dendis‚
1129 2149 1161 2177 et
1187 2143 1306 2187 quibus
1333 2140 1379 2176 illi
1408 2149 1470 2176 tam
1491 2144 1523 2176 in
1544 2144 1609 2176 vita
1626 2154 1722 2187 quam

984 2198 1016 2230 in
1042 2197 1154 2231 mortis
1179 2197 1336 2237 articulo,
1374 2197 1470 2230 etiam
1504 2197 1588 2230 cirea
1612 2208 1727 2241 peeca-

986 2257 1092 2284 torum
1118 2250 1328 2284 remissiones
1353 2255 1385 2283 et
1409 2250 1624 2283 iniunctarum
1650 2261 1728 2294 poe-

986 2305 1196 2338 nitentiarum
1222 2303 1445 2344 relaxationes,
1472 2309 1527 2337 aut
1549 2303 1628 2337 alias
1646 2313 1728 2347 quo-

987 2358 1177 2397 modolibet,
1192 2357 1247 2396 uti,
1263 2356 1359 2399 potiri
1376 2363 1406 2389 et
1420 2357 1561 2400 gaudere
1575 2362 1728 2400 poterant

987 2416 1042 2444 aut
1065 2415 1199 2454 possent
1230 2409 1479 2453 quomodolibet
1515 2410 1547 2442 in
1573 2410 1726 2450 futurum,

1025 2501 1035 2526 l
1059 2499 1125 2526 Male
1145 2498 1210 2526 edit.
1231 2498 1310 2525 lllain.
1331 2498 1397 2534 legit
1415 2499 1568 2526 servandis
1587 2500 1625 2533 (n.
1643 2499 1693 2533 τ.).

1023 2543 1039 2570 2
1060 2543 1152 2570 Potius
1179 2543 1240 2577 lege
1262 2543 1462 2571 Cisterciensis
1487 2547 1514 2571 et
1531 2544 1730 2571 cluniacensis

990 2596 1087 2624 nempe
1109 2588 1271 2622 Ordinum,
1292 2591 1321 2615 ut
1340 2588 1465 2624 sequitur
1484 2589 1521 2622 (R.
1544 2589 1592 2622 T.).

1026 2633 1042 2660 3
1062 2632 1184 2660 Pessime
1204 2632 1268 2661 edit.
1290 2632 1370 2661 illain.
1390 2631 1465 2669 legit.
1487 2633 1602 2661 habitas
1623 2636 1659 2670 tn.
1681 2630 1730 2667 Τ.).
