2170 3147
456 258 520 293 798

421 322 602 351 conventus
636 317 667 349 in
696 316 810 349 eadem
843 315 956 348 nostra
993 314 1165 348 Paeniten-

423 371 516 403 tiaria
541 370 742 410 exhibitam,
770 379 828 402 nos
854 368 996 411 benigne
1022 367 1164 401 deelara-

421 424 525 456 vimus
563 423 764 466 praedictam
801 422 963 455 civitatem
1003 421 1165 464 Pampilo-

420 487 572 515 nensem,
599 477 733 519 eiusque
758 475 1000 518 magistratum,
1028 475 1112 508 cives
1134 479 1165 507 et

421 531 545 563 incolas
576 529 614 562 de
647 535 759 563 cetero
797 529 836 562 ab
868 528 1074 562 observantia
1106 528 1165 560 liu-

421 584 561 616 iusmodi
600 583 709 616 emissi
748 583 813 616 voti
851 583 883 615 in
919 588 1058 625 utroque
1096 582 1164 614 soro

420 638 546 670 solutos
573 647 642 670 esse
670 647 706 670 ac
731 646 915 675 remanere,
942 641 977 668 ut
1002 635 1091 678 prius
1114 646 1166 667 an-

422 696 550 734 tequam
588 690 669 723 illud
707 689 932 728 emitteretur,
967 690 1011 721 ita
1037 689 1122 732 quod
1150 699 1165 720 a

421 743 552 776 nemine
580 743 693 786 quavis
719 742 913 775 auctoritate
945 742 1101 784 fungente
1135 747 1167 774 ct

421 797 534 841 quovis
554 797 672 830 intuitu
692 802 725 830 et
741 801 912 840 praetextu
931 796 1044 829 eadem
1066 806 1166 839 opera

422 857 453 884 et
467 851 617 884 scenicae
636 851 858 884 recreationes
876 850 1094 894 imposterum
1110 850 1166 882 im-

421 904 528 948 pediri
554 909 706 947 possent,
734 909 830 947 prout
856 915 893 937 ex
919 903 983 936 alio
1004 902 1164 936 consimlii

422 958 513 991 Brevi
541 958 689 991 eiusdem
722 963 855 991 nostrae
890 956 1166 990 Poenitentiariae

423 1012 462 1044 de
488 1011 585 1044 simili
604 1012 757 1044 mandato
779 1011 929 1054 expedito
948 1021 992 1043 ΧΠ
1010 1009 1166 1042 kalendas

421 1064 534 1108 aprilis
558 1064 765 1108 pontificatus
791 1064 897 1097 nostri
924 1074 1011 1096 anno
1037 1073 1084 1096 111.

226 1126 410 1153 1·v¹0<t=2³v-=2ti¹0r
466 1118 537 1162 §5
566 1119 598 1151 ln
630 1118 719 1151 cuius
757 1118 879 1162 pariter
915 1117 1165 1160 exequutionem

225 1155 496 1204 33:3¹5:‘854¹:1'ftxeum
523 1171 583 1214 ipsi
609 1177 765 1209 oratores,
792 1171 926 1204 obtenta
947 1170 1038 1213 prius
1058 1169 1165 1201 debita

226 1209 554 1256 tssl.'›'.l{3‚‘'1·[¹i¹¹{31¹2}licentia
579 1222 618 1254 ab
644 1221 774 1255 officiali
805 1221 979 1265 principali
1006 1221 1165 1254 Ordinarii

225 1261 327 1280 Pontium*
341 1264 409 1281 totum

225 1289 356 1338 ss‘?5‘i¹12‘{'.31'¹'
373 1288 408 1333 (aba
422 1276 691 1319 Pampilonensis‚
711 1282 891 1318 coeperunt
909 1275 1093 1308 comoedias
1112 1285 1167 1318 pa-

225 1344 354 1374 Δ..ωυιιιιιιι
378 1340 493 1362 «οη-«πο
514 1335 546 1362 et
563 1336 726 1362 assuetam
748 1330 948 1362 comicorum
975 1328 1165 1361 societatem

225 1369 381 1387 ⁵²¹¹¹¹¹u¹¹'¹¹'¹⁸'
421 1383 594 1423 instruere,
621 1383 813 1426 paratisque
842 1382 991 1416 omnibus
1018 1382 1057 1415 ad
1086 1382 1168 1415 reei-

421 1437 568 1476 tandum,
595 1436 786 1469 Ordinarius
811 1437 1009 1480 praedictus,
1034 1436 1166 1469 nemine

422 1490 562 1522 instante
603 1495 655 1522 aut
696 1490 919 1529 reclamante,
963 1488 1165 1521 diffinitivam

421 1543 640 1586 promulgarit
676 1543 897 1582 sententiam,
924 1543 954 1575 in
990 1553 1066 1585 (lua,
1096 1542 1164 1575 sine

422 1596 626 1639 praeiudicio
652 1596 897 1639 praedictorum
924 1596 1090 1635 Brevimn,
1114 1596 1166 1629 ‹zle-

422 1650 557 1683 claravit
592 1650 815 1693 saepedictum
850 1655 959 1682 votum
1000 1650 1163 1689 validum,

422 1703 602 1746 legitimum
625 1714 662 1736 ac
688 1703 940 1746 obligatorium,
967 1708 995 1735 et
1016 1703 1165 1735 omnibus

423 1757 591 1789 interdixit
605 1757 831 1789 recitationem
847 1757 1089 1789 comoediarum
1105 1758 1165 1789 sub

422 1811 539 1853 poenis
568 1811 768 1853 pecuniariis
793 1816 825 1843 ct
846 1811 993 1844 censuris
1014 1811 1165 1844 ecelesia-

422 1864 518 1903 sticis,
540 1869 569 1896 et
589 1864 761 1897 occasione
776 1864 965 1897 huiusmodi
987 1865 1165 1897 sententifie

423 1919 535 1961 plures
561 1928 712 1950 recursus
739 1918 815 1951 binc
841 1918 915 1951 inde
942 1918 1044 1950 babiti
1078 1918 1165 1951 suere

423 1972 462 2003 ad
488 1971 794 2004 revercndissii‘num
822 1975 968 2004 nostrum
995 1971 1026 2003 in
1054 1971 1167 2014 llispa-

424 2025 486 2057 niis
513 2024 687 2064 nuncium,
726 2025 856 2067 aliaque
894 2024 1091 2062 tribunalia3
1131 2035 1167 2057 ac

424 2078 570 2121 exposito
597 2078 735 2111 subinde
772 2078 867 2111 nobis
901 2089 936 2111 ex
975 2084 1065 2121 parte
1093 2088 1167 2121 pro-

424 2132 541 2164 visoris
579 2142 635 2164 seu
674 2132 784 2164 vicarii
822 2133 987 2175 generalis
1019 2132 1165 2164 eiusdem

425 2185 581 2225 civitam,
608 2197 624 2218 a
649 2185 784 2219 veritate
811 2186 952 2219 alienum
978 2196 1047 2219 esse
1074 2185 1167 2228 quid-

424 2240 499 2282 quid
525 2250 585 2282 per
610 2245 756 2271 oratores
783 2250 841 2282 pro
864 2240 1042 2273 obtinenda
1064 2240 1166 2272 relata

425 2293 679 2325 commutatione
707 2293 812 2325 suerat
845 2293 1082 2336 praecedenter
1111 2302 1167 2326 no-

425 2345 473 2378 bis
498 2351 681 2387 narratum,
709 2357 791 2390 quae
817 2351 993 2390 propterea
1023 2357 1167 2390 exequu-

427 2399 505 2431 tioni
532 2399 720 2431 nullatenus
748 2399 959 2438 demandari,
985 2400 1040 2432 sed
1068 2400 1166 2432 immo

426 2452 556 2493 penitus
574 2453 718 2485 revocari
739 2452 893 2492 debebat,
914 2453 1010 2486 veluti
1031 2453 1166 2496 subrep-

428 2504 525 2536 tionis
551 2511 605 2536 aut,
641 2505 847 2548 obreptionis
879 2506 955 2538 vitio
989 2505 1164 2547 laborans,

426 2557 546 2589 nedum
566 2558 651 2589 cirea
670 2558 818 2600 exposita
838 2559 971 2592 minime
992 2560 1166 2599 verificata,

426 2619 534 2642 verum
562 2609 657 2642 etiam
683 2611 788 2652 quoad
827 2612 947 2644 realem
978 2612 1166 2654 qualitatem

429 2662 669 2697 comoediarum
689 2668 719 2695 et
739 2663 950 2705 histrionum,
973 2675 1008 2697 ex
1028 2676 1167 2708 quorum

225 269 275 296 An.
296 267 410 296 &1799

1012 264 1194 290 B‘ULLARIUM
1218 264 1375 291 ROMANUM

1960 268 2009 296 An.
2031 268 2060 297 C.
2078 269 2144 299 1729

1208 315 1361 348 obscenis
1377 315 1500 348 artibus
1515 316 1694 349 animarum
1709 316 1854 359 pericula
1872 316 1951 350 oriri

1209 370 1331 409 solent,
1360 374 1483 402 attento
1503 379 1650 413 quoque,
1672 371 1759 414 quod
1780 371 1953 404 enunciata

1210 427 1301 456 scuta
1334 422 1535 465 quingenta,
1568 422 1598 455 in
1638 423 1880 467 eleemosynam
1917 429 1953 456 ut

1210 486 1308 518 supra
1333 476 1451 514 soluta,
1478 481 1619 509 extracta
1645 476 1796 517 fuissent,
1822 482 1858 509 ut
1881 477 1951 521 ipse

1210 529 1394 569 asserebat,
1422 529 1460 562 ab
1487 528 1706 572 hospitalibus
1723 529 1883 562 dictorum
1902 540 1954 563 or-

1209 582 1396 625 phanorum
1436 588 1467 615 et
1502 582 1745 626 expositorum,
1778 593 1844 616 non
1877 592 1953 615 vero

1211 641 1345 678 erogata
1371 636 1410 669 de
1436 636 1586 679 proprio,
1617 641 1714 679 prout
1745 636 1783 669 ab
1815 636 1954 669 oratori-

1210 689 1270 721 bus
1296 694 1454 722 assertum
1493 690 1613 722 suerat:
1652 700 1736 729 nos,
1772 695 1894 723 mutato
1922 690 1954 722 in

1211 742 1328 775 melius
1354 743 1513 782 consilio,
1547 753 1647 786 supra
1684 743 1875 776 enunciatas
1902 743 1954 776 lit-

1211 802 1297 828 teras
1324 795 1355 828 in
1383 796 1486 829 forma
1511 796 1620 829 Brevis
1647 796 1750 829 editas
1774 806 1833 840 pro
1867 807 1955 830 com-

1210 849 1389 882 mutationc
1414 849 1618 893 praelaudati
1635 849 1697 882 voti
1719 859 1872 883 revocare
1888 859 1953 883 non

1211 902 1438 942 dubitavimus,
1465 908 1564 945 prout
1587 903 1658 936 illas
1677 902 1899 936 revocavimus
1918 913 1954 935 ac

1210 966 1269 999 pro
1288 956 1447 989 revocatis
1465 956 1581 989 baberi
1597 956 1761 989 voluimus
1780 966 1815 989 ac
1834 956 1858 988 si
1877 966 1955 988 nun-

1211 1020 1305 1052 quam
1332 1009 1439 1042 editae
1462 1009 1613 1050 fuissent,
1639 1015 1748 1042 votum
1767 1008 1954 1042 huiusmodi

1211 1068 1398 1106 propterea,
1414 1073 1472 1106 per
1492 1073 1552 1096 nos
1567 1063 1762 1106 subreptitie
1781 1068 1955 1096 eommuta-

1213 1121 1289 1156 tum,
1309 1116 1347 1149 ad
1375 1116 1544 1159 pristinam
1574 1121 1606 1149 et
1628 1117 1759 1160 plenam
1779 1117 1955 1149 observan-

1211 1170 1286 1202 tiam
1308 1170 1525 1209 restituimus,
1545 1180 1581 1203 ex
1602 1180 1686 1203 novo
1705 1170 1854 1203 eiusdem
1873 1169 1954 1203 Poe-

1211 1223 1420 1256 nitentiariae
1436 1222 1547 1262 Brevi,
1562 1223 1621 1255 sub
1637 1223 1747 1255 datum
1762 1233 1780 1256 x
1797 1223 1954 1256 kalendas

1211 1276 1367 1315 ianuarii,
1389 1275 1599 1319 pontificatus
1618 1276 1723 1309 nostri
1741 1286 1828 1309 anno
1847 1286 1890 1309 lv.

1256 1330 1269 1372 ἓ
1294 1329 1325 1362 G.
1353 1329 1396 1361 De
1423 1339 1487 1372 quo
1526 1329 1637 1361 habita
1672 1339 1732 1372 per
1757 1333 1956 1372 exponentes
1980 1338 2146 1370 Procespriemj-

1212 1382 1335 1422 notitia,
1365 1388 1397 1414 et
1422 1382 1461 1415 de
1487 1381 1668 1414 rationibus
1687 1381 1908 1425 subreptionis
1926 1368 2148 1424 eisslsslllllmp'lffl‘.

1211 1436 1415 1480 obreptionis
1456 1447 1516 1480 per
1554 1436 1711 1469 vicarium
1752 1436 1955 1479 praedictum
1968 1420 2146 1478 {gssissii'n'imiii‘if

1211 1489 1304 1522 nobis
1331 1489 1487 1529 deductis,
1509 1489 1609 1522 iidem
1635 1494 1794 1530 oratores,
1813 1480 2007 1522 sennen-”⁵⁴

1213 1549 1259 1576 tes
1287 1553 1358 1576 sese
1385 1543 1477 1576 valde
1514 1544 1620 1576 laesos
1654 1549 1715 1576 tam
1742 1548 1877 1586 propter
1901 1553 1954 1576 ex·

1210 1597 1413 1640 pressionem
1440 1597 1527 1640 quod
1554 1596 1743 1630 comoediae
1767 1596 1832 1629 sint
1858 1596 1955 1629 inlio-

1210 1656 1322 1683 nostae
1338 1655 1368 1683 et
1382 1651 1558 1691 obscenae,
1575 1650 1707 1693 quando
1721 1650 1753 1682 in
1768 1649 1954 1693 oppositum

1211 1710 1272 1735 tam
1298 1713 1397 1746 opera
1423 1714 1519 1746 quam
1541 1703 1750 1737 recitationes
1783 1703 1873 1736 omni
1895 1703 1955 1736 ho-

1210 1762 1334 1789 nestate
1368 1761 1658 1799 impraesentantur
1692 1762 1723 1789 et
1748 1767 1764 1788 a
1790 1755 1953 1789 catholico

1210 1820 1285 1852 rege
1310 1810 1560 1853 permittuntur,
1600 1821 1694 1852 quam
1722 1820 1759 1842 ex
1785 1812 1879 1842 causa
1904 1819 1954 1843 so-

1210 1864 1344 1896 lutionis
1389 1863 1580 1896 enunciatae
1625 1865 1852 1907 eleemosynae
1895 1872 1954 1906 per

1210 1917 1298 1960 ipsos
1317 1917 1355 1949 de
1374 1917 1509 1960 proprio
1527 1917 1736 1960 adimpletae,
1753 1927 1819 1949 non
1845 1921 1954 1949 autem

1212 1982 1246 2003 ex
1274 1970 1442 2003 effectibus
1469 1970 1615 2002 ciusdem
1642 1969 1833 2012 hospitalis:
1860 1969 1954 2002 nobis

1211 2025 1333 2058 idcireo
1354 2025 1473 2057 iterum
1492 2024 1732 2067 supplicarunt,
1752 2028 1802 2065 ut,
1820 2023 1954 2067 praevia

1211 2077 1457 2111 continuatione
1483 2077 1631 2120 priorum
1650 2076 1818 2117 Brevium,
1838 2077 1877 2110 ad
1895 2086 1952 2109 nos

1211 2132 1379 2164 avocanda
1406 2136 1435 2163 et
1462 2130 1682 2173 extinguendo
1715 2140 1953 2173 quamcumque

1211 2185 1301 2218 litem
1337 2184 1478 2226 desuper
1510 2183 1759 2226 quomodolibet
1783 2188 1815 2216 et
1838 2183 1876 2216 ad
1901 2192 1955 2216 cu-

1212 2237 1308 2270 iusvis
1336 2236 1524 2269 instantiam
1560 2242 1724 2278 exortam,
1755 2246 1792 2270 ac
1825 2236 1953 2270 sublato

1211 2292 1250 2324 de
1286 2290 1395 2324 medio
1433 2300 1641 2334 quocumque
1677 2290 1742 2323 alio
1778 2289 1954 2333 posteriori

1211 2345 1303 2378 Brevi
1329 2345 1361 2377 in
1387 2345 1587 2377 contrarium
1615 2350 1648 2377 ut
1673 2355 1771 2388 supra
1797 2344 1951 2384 obtento,

1211 2399 1353 2441 benigne
1387 2398 1551 2431 declarare
1588 2399 1821 2441 dignaremur,
1855 2397 1954 2440 magi-

1210 2458 1344 2486 stratum
1358 2451 1534 2486 oratorum¹
1550 2457 1580 2485 et
1595 2453 1751 2496 populum
1768 2451 1953 2496 praedictae

1211 2506 1346 2539 civitatis
1373 2505 1489 2539 baberi
1517 2511 1547 2538 et
1573 2505 1718 2548 reputari
1756 2515 1814 2548 pro
1840 2504 1952 2538 liberis

1211 2565 1242 2591 et
1267 2559 1424 2592 absolutis
1449 2570 1466 2591 a
1492 2569 1699 2602 quocumque
1725 2563 1800 2592 voto
1826 2563 1858 2592 et
1873 2558 1953 2600 liga-

1211 2613 1297 2645 mine
1324 2613 1435 2654 vigore
1462 2612 1709 2645 enunciatorum
1746 2611 1893 2645 Brevium
1918 2610 1955 2645 in

1249 2675 1255 2700 t
1280 2675 1382 2702 Forsan
1403 2677 1550 2704 oratorem
1569 2675 1606 2710 (a.
1623 2676 1670 2710 τ.).
