2170 3147
0 226 17 246 ι.
37 218 68 246 C.
89 218 157 245 t72t

0 1388 83 1416 :positio
93 1388 147 1409 facit.

160 277 320 311 personae
346 269 377 301 in
404 269 621 301 ecclesiastica
646 268 799 310 dignitate
825 279 895 300 con-

160 321 287 353 stitutae
314 321 454 359 munitis,
473 321 585 353 eadem
603 331 735 363 prorsus
763 320 839 352 tides
865 320 895 351 in

159 372 279 405 iudicio
306 378 336 405 et
362 377 450 405 extra
477 372 680 411 adhibeatur,
707 383 788 414 qliae
808 382 896 414 prae-

160 425 303 457 sentibus
322 425 398 468 ipsIs
415 425 626 457 adhiberetur
643 425 668 456 si
689 424 794 457 forent
812 424 895 456 cxlii-

159 477 243 510 bitae
271 478 319 510 rel
345 483 507 510 ostensae.

201 531 314 564 Datum
339 531 470 570 Romae,
493 530 577 574 apud
598 530 628 562 S.
650 529 779 562 Mariam
799 529 896 562 Maio-

159 594 249 623 rem,
287 584 346 616 sub
379 585 499 616 annulo
527 582 700 615 Piscatoris
721 609 728 621 ,
763 582 813 614 die
849 592 895 615 xxl

160 636 345 668 novembris
369 645 539 675 iiuccxxiv,
562 634 771 678 pontificatus
795 634 896 667 nostri
918 639 920 652 ¹

160 698 244 721 anno
275 699 294 721 t.

194 751 256 777 Dat.
271 749 315 776 die
339 751 370 777 16
390 749 546 777 nobembris
569 750 645 785 1724,
668 750 767 785 pontif.
784 757 856 776 anno
878 757 896 775 1.

496 892 559 924 XL.

158 972 352 1005 Reservatur
369 971 513 1003 Romano
526 971 682 1012 Pontifici
702 971 899 1013 dispensatio

202 1033 297 1066 super
324 1027 390 1056 voto
409 1023 669 1066 perseverantiae
693 1034 751 1066 pro
777 1023 899 1065 inares-

202 1077 289 1108 surt's
307 1080 414 1109 lamen
432 1076 604 1108 dumtaxat
616 1076 711 1117 Conqi
722 1077 899 1117 effationem

202 1128 377 1162 Docti-{nae
403 1129 610 1162 Christianae
636 1129 671 1161 in
696 1139 793 1170 regino
819 1128 899 1161 Nea-

200 1182 286 1227 polis
311 1181 331 1214 ¹.

335 1261 513 1288 Benedictus
534 1261 614 1294 Papa
634 1261 715 1291 xm.

281 1305 315 1332 ad
336 1309 513 1338 perpetuam
532 1306 577 1332 rei
594 1305 775 1332 memoriam.

202 1377 258 1421 §I
277 1376 401 1419 Exponi
419 1376 514 1408 nobis
538 1386 640 1419 nuper
660 1375 807 1408 fecerunt
825 1376 899 1409 dile-

159 1430 199 1463 cti
222 1429 277 1463 tilii
297 1429 476 1473 presbyteri
497 1429 763 1471 Congregationis
781 1429 899 1462 Doctri-
920 1450 922 1458 ι

158 1493 218 1516 nae
238 1482 442 1516 Christianae
462 1482 494 1513 in
512 1492 614 1524 regno
632 1481 794 1525 Neapolis,
814 1482 898 1525 quod

159 1546 218 1580 pro
237 1536 384 1578 augenda
403 1540 434 1567 et
453 1536 670 1568 conservanda
688 1546 798 1568 eorum
818 1535 899 1568 Cou-

162 1588 351 1632 gregatioue
371 1588 462 1620 valde
481 1586 640 1630 expediat,
660 1593 702 1627 ut,
722 1598 840 1620 nomen
856 1589 899 1621 ei-

161 1643 232 1675 dem
257 1641 508 1684 Congrcgationi
536 1641 611 1673 dare
638 1642 796 1681 volentes,
824 1647 898 1684 post

158 1694 359 1737 probationis
397 1703 537 1733 annum,
573 1699 682 1726 votum
721 1699 897 1736 perpetuae
919 1717 920 1723 1

160 1747 360 1787 stabilitatis,
388 1747 479 1779 cuius
514 1746 714 1789 dispensatio
740 1747 834 1780 uobis
867 1752 898 1779 et

161 1801 304 1833 Romano
327 1800 472 1832 Pontifici
499 1810 558 1842 pro
581 1805 726 1842 tempore
748 1799 896 1832 existenti
918 1836 920 1842 s

160 1858 322 1886 reservata
348 1853 398 1892 sit,
421 1852 567 1885 emittere
595 1858 777 1885 teneantur.
798 1852 896 1886 Nobis
918 1862 920 1892 3

161 1910 334 1948 propterea
373 1905 447 1937 dicti
487 1910 686 1948 exponentes
727 1905 898 1938 humiliter

162 1958 337 2001 supplicari
383 1958 529 1990 fecerunt
564 1964 598 1991 ut
634 1958 665 1990 in
707 1958 895 2001 praemissis

163 2015 346 2052 opportune
372 2010 546 2053 providere
570 2016 601 2043 et
627 2016 661 2043 ut
685 2011 766 2044 infra
791 2011 898 2044 indul-

163 2072 239 2104 gere
265 2062 303 2094 de
323 2062 522 2104 benignitate
545 2064 723 2106 apostolica
748 2064 898 2106 dignare·
919 2095 920 2098 ,

0 2119 118 2140 morvano
131 2122 150 2141 u¹
164 2123 246 2146 mur.
272 2113 333 2146 Nos
358 2113 465 2155 igitur,
492 2115 578 2157 ipsos
604 2122 802 2158 exponentes
829 2128 898 2160 spe-

2 2146 93 2167 rubrica.

163 2165 297 2199 cialibus
337 2166 497 2199 favoribus
533 2173 563 2200 et
599 2169 708 2210 gratiis
743 2171 897 2212 prosequi

162 2219 318 2258 volentes,
344 2224 375 2252 et
399 2229 510 2252 eorum
534 2221 713 2263 singulares
740 2218 897 2264 personas

197 2334 206 2359 1
227 2332 310 2360 Huius
327 2332 462 2360 Pontiticis
478 2338 563 2361 const.
582 2334 645 2361 edit.
664 2341 797 2368 Moccxxv,
809 2336 853 2362 dte
866 2335 900 2363 28

160 2377 331 2412 septembris,
353 2377 449 2412 pontif.
471 2384 500 2412 u,
521 2378 612 2405 unitur
632 2379 809 2414 CongregatIo
832 2379 899 2407 Nea-

161 2421 280 2456 politana
304 2420 447 2448 Doctrinae
467 2421 635 2449 Christianae
663 2431 724 2449 cum
749 2423 900 2459 Congrega-

162 2465 233 2491 tione
249 2464 448 2496 Avenionenst;
471 2468 498 2492 et
513 2465 658 2493 Clementis
674 2466 704 2493 xl
724 2470 810 2493 const.
833 2467 897 2494 edit.

160 2515 286 2541 noccxiv,
312 2508 355 2535 die
387 2510 413 2535 11
446 2510 523 2543 iunii,
544 2511 639 2545 pontif.
662 2518 717 2545 xiv,
743 2511 900 2538 conceditur

162 2551 318 2587 suffragium
351 2552 556 2579 deliberativum
589 2554 734 2581 detinitorii
766 2554 899 2582 adiunctis

743 220 936 244 BENEDICTUS
965 221 1021 244 XIII
1046 222 1094 245 1²1³<

162 2595 282 2624 eiusdem
301 2595 522 2632 Congregationis
541 2596 651 2625 Galliae.

940 279 955 301 a
979 269 1146 312 quibusvis
1169 271 1527 310 excommunicationis,
1547 281 1680 314 suspen-

939 322 1041 353 sionis
1057 327 1087 354 et
1104 323 1279 361 interdicti,
1296 324 1430 366 aliisque
1450 324 1681 356 ecclesiasticis

939 374 1123 413 sententiis,
1143 376 1291 408 censuris
1310 381 1338 407 et
1359 376 1482 418 poenis,
1502 387 1516 407 a
1542 377 1611 408 inre
1631 377 1680 408 vel

917 426 978 460 *ab
1007 426 1148 465 bomine,
1171 428 1282 469 quavis
1308 429 1480 461 occasione
1506 430 1554 461 vel
1584 431 1679 461 causa

940 478 1025 516 latis,
1052 478 1075 509 si
1099 479 1216 520 quibus
1238 481 1484 522 quomodolibet
1507 481 1681 514 innodatae

941 530 1098 567 existunt,
1116 532 1153 562 ad
1173 531 1321 564 ett‘ectum
1344 534 1567 575 praesentium
1594 535 1680 566 dnm-

942 587 1027 614 taxat
1056 585 1339 626 consequendum,
1364 585 1479 617 Irarum
1515 586 1599 618 serie
1631 587 1681 618 ab·

941 637 1103 668 solventes
1136 642 1166 668 et
1202 637 1370 669 absolutas
1397 638 1463 670 I‘ore
1489 644 1679 678 censentes,

919 700 920 703 ¹
943 689 1127 721 huiusmodi
1144 690 1438 732 supplicationibus
1454 690 1610 731 inclinati,
1622 690 1680 722 dis-

942 741 1166 784 pensationem
1195 752 1292 784 super
1323 742 1408 775 dicto
1434 747 1508 775 voto
1533 753 1683 785 perseve-

942 793 1064 826 rantiae
1089 804 1148 836 pro
1174 794 1371 836 ingressuris
1399 799 1523 827 tantum
1550 795 1679 837 praedi-

942 852 1023 879 ctam
1049 846 1342 889 Congregationem
1368 847 1461 880 nobis
1483 853 1514 880 et
1532 848 1679 880 Romano

943 899 1086 931 Pontilici
1106 910 1164 942 pro
1182 904 1326 942 tempore
1343 899 1491 932 existenti
1508 900 1682 940 dumtaxat,

943 952 1132 985 auctoritate
1165 953 1351 995 apostolica,
1380 958 1492 985 tenore
1531 963 1684 995 praesen-

945 1005 1031 1044 tium,
1060 1015 1272 1045 reservamus,
1288 1010 1328 1044 et,
1344 1010 1504 1048 quatenus
1530 1016 1545 1038 e
1568 1017 1683 1039 memo-

945 1060 1012 1090 rata
1025 1057 1282 1100 Congregatione
1301 1058 1520 1100 egrediantur,
1538 1059 1575 1091 ab
1595 1070 1684 1092 exer-

943 1111 1019 1144 citio
1039 1121 1169 1143 suorum
1186 1111 1334 1143 ordinum
1350 1112 1496 1155 suspensi
1514 1122 1683 1146 remane-re

944 1164 1095 1196 debeant.

987 1217 1000 1259 ἓ
1026 1216 1054 1248 2.
1084 1216 1318 1255 Deceruentes‚
1337 1217 1466 1249 easdem
1493 1223 1682 1260 praesentes

943 1270 1068 1301 litteras
1091 1268 1208 1309 tirmas,
1225 1269 1345 1302 validas
1357 1275 1388 1302 et
1402 1270 1548 1303 efficaces
1567 1271 1683 1304 existe-

945 1333 977 1355 re
993 1328 1024 1355 et
1044 1324 1123 1362 sore,
1140 1333 1283 1366 suosque
1303 1324 1469 1366 plenarios
1489 1330 1519 1357 et
1537 1326 1682 1367 integros

944 1376 1077 1408 effectus
1104 1376 1213 1408 sortiri
1232 1381 1263 1408 et
1285 1376 1442 1417 obtinere,
1467 1388 1501 1409 ac
1526 1377 1583 1410 ab¹
1609 1378 1683 1418 illis,

943 1430 981 1462 ad
1007 1440 1087 1472 quos
1114 1434 1237 1472 spectat
1263 1435 1294 1462 et
1318 1440 1378 1472 pro
1412 1435 1561 1473 ternpore
1587 1442 1683 1474 quan-

944 1482 1126 1524 documque
1158 1482 1336 1524 spectabit,
1365 1483 1596 1516 inviolabiliter
1629 1485 1683 1517 ob-

943 1535 1083 1574 servari,
1105 1535 1215 1577 sieque
1241 1535 1272 1566 in
1300 1535 1484 1577 praemissis
1506 1547 1564 1579 per
1589 1547 1684 1579 quos-

943 1596 1077 1630 cumque
1103 1587 1226 1619 iudiees
1253 1587 1434 1620 ordinarios
1454 1594 1483 1621 ct
1502 1589 1682 1631 delegatos,

943 1640 1038 1672 etiam
1068 1650 1236 1672 causarum
1266 1640 1374 1683 palatii
1400 1641 1567 1683 apostolici
1594 1643 1684 1675 audi-

944 1698 1046 1734 tores7
1078 1692 1214 1725 iudicari
1249 1698 1279 1725 et
1316 1692 1444 1726 definiri
1482 1694 1622 1733 debere,
1648 1706 1683 1728 ac

942 1744 1066 1776 irritum
1099 1750 1131 1777 et
1164 1745 1259 1778 inane
1291 1746 1316 1778 si
1349 1756 1440 1778 secus
1467 1757 1564 1790 super
1591 1748 1641 1779 liis
1667 1758 1683 1780 a

942 1809 1120 1841 quoquam,
1155 1799 1264 1841 quavis
1292 1799 1508 1840 auctoritate,
1544 1800 1685 1833 scienter

941 1852 989 1883 vel
1015 1851 1213 1893 ignoranter,
1233 1852 1403 1894 contigerit
1428 1853 1593 1885 attentari.

985 1905 1000 1947 g
1024 1904 1055 1937 3.
1082 1904 1150 1937 Nou
1178 1905 1383 1937 obstantibus
1409 1906 1618 1948 praemissis,
1648 1918 1683 1940 ac

919 1955 1228 1991 Iconstituuonibus
1262 1963 1294 1990 et
1318 1958 1580 1992 ordinationilms
1609 1970 1684 2002 ape-

941 2011 1068 2043 stolicis
1101 2020 1229 2043 necnon
1260 2011 1365 2043 dietae
1399 2011 1684 2054 Congregationis,

942 2062 1038 2095 etiam
1066 2063 1259 2102 iuramento,
1285 2069 1316 2096 et
1341 2063 1591 2097 confirmatione
1610 2075 1686 2107 apo-

942 2116 1066 2156 stolica,
1084 2117 1132 2148 vel
1152 2117 1263 2158 quavis
1289 2116 1442 2149 firmitate
1469 2116 1529 2149 alia
1556 2118 1687 2150 robora-

943 2168 991 2209 tis,
1017 2168 1145 2201 statutis
1171 2175 1202 2201 et
1227 2168 1529 2209 consuetudinibus,
1554 2169 1686 2212 privile-

942 2221 1002 2262 giis
1028 2231 1169 2264 quoque,
1196 2221 1330 2253 indultis
1356 2225 1388 2253 et
1412 2220 1528 2254 litteris
1559 2227 1687 2265 aposto-

944 2273 1025 2312 licis,
1051 2274 1082 2305 in
1109 2274 1308 2306 contrarium
1327 2274 1580 2316 praemissorum
1606 2285 1686 2318 quo-

942 2326 1123 2359 modolibet
1148 2325 1325 2365 concessis,
1350 2325 1549 2358 confirmatis
1582 2332 1613 2360 et
1638 2328 1686 2360 in-

943 2378 1087 2418 novatis3
1126 2379 1241 2421 quibus
1278 2379 1426 2412 omnibus
1460 2384 1492 2412 et
1529 2380 1684 2423 singulis,

944 2431 1076 2463 illorum
1101 2436 1233 2464 tenores
1260 2432 1487 2474 praesentibus
1513 2444 1571 2476 pro
1590 2435 1685 2476 plene

944 2489 976 2514 et
1000 2483 1201 2516 sut'IiCienter
1226 2484 1386 2527 expressis
1412 2496 1448 2517 ae
1481 2487 1519 2517 ad
1552 2487 1685 2518 verbum

943 2536 1072 2568 insertis
1095 2537 1266 2575 liabenteS,
1284 2537 1349 2569 illis
1364 2538 1442 2570 alias
1464 2538 1494 2570 in
1513 2548 1570 2571 suo
1596 2539 1687 2571 robo-

981 2599 987 2625 t
1014 2598 1160 2635 praeposit.
1184 2599 1219 2626 ab
1239 2607 1288 2627 nos
1308 2599 1432 2628 addimus
1451 2601 1492 2636 (R.
1509 2602 1560 2635 T.).

1675 224 1722 247 Au.
1746 221 1774 247 C.
1800 221 1830 246 17
1841 221 1874 247 24

1765 1227 1877 1248 ‹adtenta-³

1694 1254 1807 1274 initiantes.

1767 1914 1880 1936 [iuret-nun

1708 1942 1870 1961 eontrariaiutu.
