<?xml version="1.0" encoding="UTF-8"?>
<!DOCTYPE html PUBLIC "-//W3C//DTD XHTML 1.0 Transitional//EN"
    "http://www.w3.org/TR/xhtml1/DTD/xhtml1-transitional.dtd">
<html xmlns="http://www.w3.org/1999/xhtml" xml:lang="en" lang="en">
 <head>
  <title>
</title>
<meta http-equiv="Content-Type" content="text/html;charset=utf-8" />
  <meta name='ocr-system' content='tesseract 3.04.00' />
  <meta name='ocr-capabilities' content='ocr_page ocr_carea ocr_par ocr_line ocrx_word'/>
</head>
<body>
  <div class='ocr_page' id='page_1' title='image "./bullarumdiplomat22cath_0881.png"; bbox 0 0 2170 3147; ppageno 0'>
   <div class='ocr_carea' id='block_1_1' title="bbox 5 144 187 177">
    <p class='ocr_par' dir='ltr' id='par_1_1' title="bbox 5 144 187 177">
     <span class='ocr_line' id='line_1_1' title="bbox 5 144 187 177; baseline -0.016 0"><span class='ocrx_word' id='word_1_1' title='bbox 5 144 53 177; x_wconf 75' lang='grc' dir='ltr'><strong>Ᾱιι.</strong></span> <span class='ocrx_word' id='word_1_2' title='bbox 69 148 98 175; x_wconf 89' lang='lat' dir='ltr'><strong>c.</strong></span> <span class='ocrx_word' id='word_1_3' title='bbox 121 148 187 175; x_wconf 77' lang='lat'>¹729</span> 
     </span>
    </p>
   </div>
   <div class='ocr_carea' id='block_1_2' title="bbox 0 787 180 914">
    <p class='ocr_par' dir='ltr' id='par_1_2' title="bbox 0 787 180 914">
     <span class='ocr_line' id='line_1_2' title="bbox 32 787 180 809; baseline -0.014 0"><span class='ocrx_word' id='word_1_4' title='bbox 32 787 180 809; x_wconf 73' lang='lat' dir='ltr'><strong>Ordinationes</strong></span> 
     </span>
     <span class='ocr_line' id='line_1_3' title="bbox 0 813 180 841; baseline -0.011 -6"><span class='ocrx_word' id='word_1_5' title='bbox 0 815 20 835; x_wconf 83' lang='lat' dir='ltr'><strong>in</strong></span> <span class='ocrx_word' id='word_1_6' title='bbox 35 813 135 841; x_wconf 69' lang='lat' dir='ltr'><strong>praefatis</strong></span> <span class='ocrx_word' id='word_1_7' title='bbox 151 813 180 833; x_wconf 82' lang='lat' dir='ltr'><strong>(o-</strong></span> 
     </span>
     <span class='ocr_line' id='line_1_4' title="bbox 0 841 180 863; baseline -0.017 -1"><span class='ocrx_word' id='word_1_8' title='bbox 0 841 34 862; x_wconf 79' lang='lat' dir='ltr'><strong>tiis</strong></span> <span class='ocrx_word' id='word_1_9' title='bbox 52 842 162 860; x_wconf 76' lang='lat' dir='ltr'><strong>contentae</strong></span> <span class='ocrx_word' id='word_1_10' title='bbox 176 855 180 863; x_wconf 91' lang='lat'><strong>,</strong></span> 
     </span>
     <span class='ocr_line' id='line_1_5' title="bbox 0 866 179 887; baseline -0.006 0"><span class='ocrx_word' id='word_1_11' title='bbox 0 867 70 887; x_wconf 76' lang='lat' dir='ltr'><strong>irritae</strong></span> <span class='ocrx_word' id='word_1_12' title='bbox 107 866 179 886; x_wconf 80' lang='lat' dir='ltr'><strong>decla-</strong></span> 
     </span>
     <span class='ocr_line' id='line_1_6' title="bbox 0 895 77 914; baseline -0.013 0"><span class='ocrx_word' id='word_1_13' title='bbox 0 895 77 914; x_wconf 80' lang='lat' dir='ltr'><strong>rantur.</strong></span> 
     </span>
    </p>
   </div>
   <div class='ocr_carea' id='block_1_3' title="bbox 0 2043 177 2092">
    <p class='ocr_par' dir='ltr' id='par_1_3' title="bbox 0 2043 177 2092">
     <span class='ocr_line' id='line_1_7' title="bbox 0 2043 177 2064; baseline 0.006 0"><span class='ocrx_word' id='word_1_14' title='bbox 0 2044 72 2064; x_wconf 68' lang='lat' dir='ltr'><strong>sorum</strong></span> <span class='ocrx_word' id='word_1_15' title='bbox 87 2043 177 2064; x_wconf 57' lang='lat' dir='ltr'><strong>retentio</strong></span> 
     </span>
     <span class='ocr_line' id='line_1_8' title="bbox 3 2071 136 2092; baseline 0.008 -1"><span class='ocrx_word' id='word_1_16' title='bbox 3 2071 136 2092; x_wconf 76' lang='lat' dir='ltr'><strong>nierdicitur.</strong></span> 
     </span>
    </p>
   </div>
   <div class='ocr_carea' id='block_1_4' title="bbox 784 147 1125 172">
    <p class='ocr_par' dir='ltr' id='par_1_4' title="bbox 784 147 1125 172">
     <span class='ocr_line' id='line_1_9' title="bbox 784 147 1125 172; baseline 0.003 -2"><span class='ocrx_word' id='word_1_17' title='bbox 784 147 974 171; x_wconf 73' lang='lat' dir='ltr'><strong>BENEDICTI‘S</strong></span> <span class='ocrx_word' id='word_1_18' title='bbox 998 148 1053 171; x_wconf 75' lang='lat' dir='ltr'><strong>xm</strong></span> <span class='ocrx_word' id='word_1_19' title='bbox 1078 150 1125 172; x_wconf 76' lang='lat' dir='ltr'><strong>Pr.</strong></span> 
     </span>
    </p>
   </div>
   <div class='ocr_carea' id='block_1_5' title="bbox 461 195 666 229">
    <p class='ocr_par' dir='ltr' id='par_1_5' title="bbox 461 195 666 229">
     <span class='ocr_line' id='line_1_10' title="bbox 461 195 666 229; baseline 0 -1"><span class='ocrx_word' id='word_1_20' title='bbox 461 195 666 229; x_wconf 78' lang='lat' dir='ltr'>CCLXXXIV.</span> 
     </span>
    </p>
   </div>
   <div class='ocr_carea' id='block_1_6' title="bbox 195 265 932 623">
    <p class='ocr_par' dir='ltr' id='par_1_6' title="bbox 195 265 932 623">
     <span class='ocr_line' id='line_1_11' title="bbox 195 265 932 300; baseline -0.004 0"><span class='ocrx_word' id='word_1_21' title='bbox 195 267 397 300; x_wconf 75' lang='lat' dir='ltr'><strong>Revocancur</strong></span> <span class='ocrx_word' id='word_1_22' title='bbox 420 270 448 298; x_wconf 80' lang='lat' dir='ltr'><strong>et</strong></span> <span class='ocrx_word' id='word_1_23' title='bbox 468 266 689 299; x_wconf 76' lang='lat' dir='ltr'><strong>annullantur</strong></span> <span class='ocrx_word' id='word_1_24' title='bbox 712 265 932 298; x_wconf 71' lang='lat' dir='ltr'><strong>ordinationes</strong></span> 
     </span>
     <span class='ocr_line' id='line_1_12' title="bbox 238 318 932 360; baseline 0 -11"><span class='ocrx_word' id='word_1_25' title='bbox 238 322 402 350; x_wconf 72' lang='lat' dir='ltr'><strong>contentae</strong></span> <span class='ocrx_word' id='word_1_26' title='bbox 419 318 452 349; x_wconf 77' lang='lat' dir='ltr'><strong>in</strong></span> <span class='ocrx_word' id='word_1_27' title='bbox 475 318 672 360; x_wconf 70' lang='lat' dir='ltr'><strong>quibusdam</strong></span> <span class='ocrx_word' id='word_1_28' title='bbox 692 318 781 360; x_wconf 77' lang='lat' dir='ltr'><strong>foliis</strong></span> <span class='ocrx_word' id='word_1_29' title='bbox 799 319 932 360; x_wconf 76' lang='lat' dir='ltr'><strong>impres-</strong></span> 
     </span>
     <span class='ocr_line' id='line_1_13' title="bbox 236 370 932 403; baseline -0.003 0"><span class='ocrx_word' id='word_1_30' title='bbox 236 371 281 403; x_wconf 82' lang='lat' dir='ltr'><strong>sis</strong></span> <span class='ocrx_word' id='word_1_31' title='bbox 306 371 364 402; x_wconf 75' lang='lat' dir='ltr'><strong>suh</strong></span> <span class='ocrx_word' id='word_1_32' title='bbox 391 370 486 402; x_wconf 77' lang='lat' dir='ltr'><strong>tilulo</strong></span> <span class='ocrx_word' id='word_1_33' title='bbox 512 370 716 403; x_wconf 82' lang='lat' dir='ltr'><strong>Mandement</strong></span> <span class='ocrx_word' id='word_1_34' title='bbox 733 371 772 403; x_wconf 83' lang='lat' dir='ltr'><strong>(le</strong></span> <span class='ocrx_word' id='word_1_35' title='bbox 794 370 932 403; x_wconf 78' lang='lat' dir='ltr'><strong>mousci-</strong></span> 
     </span>
     <span class='ocr_line' id='line_1_14' title="bbox 237 422 929 466; baseline 0 -11"><span class='ocrx_word' id='word_1_36' title='bbox 237 433 341 465; x_wconf 85' lang='lat' dir='ltr'><strong>gncur</strong></span> <span class='ocrx_word' id='word_1_37' title='bbox 356 422 520 466; x_wconf 65' lang='lat' dir='ltr'><strong>l&#39;evesque</strong></span> <span class='ocrx_word' id='word_1_38' title='bbox 536 423 726 463; x_wconf 78' lang='lat' dir='ltr'><strong>d&#39;Auxerre,</strong></span> <span class='ocrx_word' id='word_1_39' title='bbox 744 424 796 466; x_wconf 88' lang='lat' dir='ltr'><strong>qui</strong></span> <span class='ocrx_word' id='word_1_40' title='bbox 814 423 929 456; x_wconf 82' lang='lat' dir='ltr'><strong>defend</strong></span> 
     </span>
     <span class='ocr_line' id='line_1_15' title="bbox 235 475 930 518; baseline 0 -10"><span class='ocrx_word' id='word_1_41' title='bbox 235 475 357 508; x_wconf 83' lang='lat' dir='ltr'><strong>l&#39;office</strong></span> <span class='ocrx_word' id='word_1_42' title='bbox 383 475 533 518; x_wconf 73' lang='lat' dir='ltr'><strong>imprime</strong></span> <span class='ocrx_word' id='word_1_43' title='bbox 569 486 624 507; x_wconf 88' lang='lat' dir='ltr'><strong>sur</strong></span> <span class='ocrx_word' id='word_1_44' title='bbox 659 486 722 508; x_wconf 89' lang='lat' dir='ltr'><strong>une</strong></span> <span class='ocrx_word' id='word_1_45' title='bbox 748 475 857 508; x_wconf 89' lang='lat' dir='ltr'><strong>seuille</strong></span> <span class='ocrx_word' id='word_1_46' title='bbox 882 486 930 508; x_wconf 89' lang='lat' dir='ltr'><strong>vo-</strong></span> 
     </span>
     <span class='ocr_line' id='line_1_16' title="bbox 234 526 931 570; baseline 0 -11"><span class='ocrx_word' id='word_1_47' title='bbox 234 528 334 567; x_wconf 85' lang='lat' dir='ltr'><strong>lante,</strong></span> <span class='ocrx_word' id='word_1_48' title='bbox 362 532 443 566; x_wconf 85' lang='lat' dir='ltr'><strong>etc.‚</strong></span> <span class='ocrx_word' id='word_1_49' title='bbox 469 537 541 559; x_wconf 80' lang='lat' dir='ltr'><strong>cum</strong></span> <span class='ocrx_word' id='word_1_50' title='bbox 564 526 782 570; x_wconf 75' lang='lat' dir='ltr'><em>prohibitione</em></span> <span class='ocrx_word' id='word_1_51' title='bbox 807 537 931 559; x_wconf 80' lang='lat' dir='ltr'><strong>eorum-</strong></span> 
     </span>
     <span class='ocr_line' id='line_1_17' title="bbox 236 578 526 623; baseline -0.003 -12"><span class='ocrx_word' id='word_1_52' title='bbox 236 579 308 612; x_wconf 82' lang='lat' dir='ltr'><strong>dem</strong></span> <span class='ocrx_word' id='word_1_53' title='bbox 330 579 488 623; x_wconf 80' lang='lat' dir='ltr'><strong>soliorum</strong></span> <span class='ocrx_word' id='word_1_54' title='bbox 506 578 526 611; x_wconf 90' lang='lat'><strong>.¹</strong></span> 
     </span>
    </p>
   </div>
   <div class='ocr_carea' id='block_1_7' title="bbox 307 658 816 737">
    <p class='ocr_par' dir='ltr' id='par_1_7' title="bbox 307 658 816 737">
     <span class='ocr_line' id='line_1_18' title="bbox 358 658 746 692; baseline -0.005 -6"><span class='ocrx_word' id='word_1_55' title='bbox 358 658 540 686; x_wconf 79' lang='lat' dir='ltr'><strong>Benedictus</strong></span> <span class='ocrx_word' id='word_1_56' title='bbox 562 659 642 692; x_wconf 82' lang='lat' dir='ltr'><strong>Papa</strong></span> <span class='ocrx_word' id='word_1_57' title='bbox 662 658 746 692; x_wconf 87' lang='lat' dir='ltr'><strong>xm,</strong></span> 
     </span>
     <span class='ocr_line' id='line_1_19' title="bbox 307 702 816 737; baseline -0.006 -6"><span class='ocrx_word' id='word_1_58' title='bbox 307 703 345 731; x_wconf 85' lang='lat' dir='ltr'><strong>ad</strong></span> <span class='ocrx_word' id='word_1_59' title='bbox 366 706 544 737; x_wconf 80' lang='lat' dir='ltr'><strong>perpetuam</strong></span> <span class='ocrx_word' id='word_1_60' title='bbox 563 703 610 730; x_wconf 83' lang='lat' dir='ltr'><strong>rei</strong></span> <span class='ocrx_word' id='word_1_61' title='bbox 631 702 816 730; x_wconf 82' lang='lat' dir='ltr'><strong>memoriam.</strong></span> 
     </span>
    </p>
   </div>
   <div class='ocr_carea' id='block_1_8' title="bbox 188 773 930 2393">
    <p class='ocr_par' dir='ltr' id='par_1_8' title="bbox 188 773 930 2026">
     <span class='ocr_line' id='line_1_20' title="bbox 234 773 930 817; baseline -0.003 -11"><span class='ocrx_word' id='word_1_62' title='bbox 234 774 249 817; x_wconf 63' lang='grc' dir='ltr'>ἓ</span> <span class='ocrx_word' id='word_1_63' title='bbox 273 774 304 806; x_wconf 57' lang='grc'><strong>’1.</strong></span> <span class='ocrx_word' id='word_1_64' title='bbox 333 773 408 807; x_wconf 90' lang='lat' dir='ltr'><strong>Cum</strong></span> <span class='ocrx_word' id='word_1_65' title='bbox 434 773 471 806; x_wconf 86' lang='lat' dir='ltr'><strong>ad</strong></span> <span class='ocrx_word' id='word_1_66' title='bbox 491 775 692 817; x_wconf 86' lang='lat' dir='ltr'><strong>apostolatus</strong></span> <span class='ocrx_word' id='word_1_67' title='bbox 718 773 821 806; x_wconf 87' lang='lat' dir='ltr'><strong>nostri</strong></span> <span class='ocrx_word' id='word_1_68' title='bbox 846 773 930 805; x_wconf 91' lang='lat' dir='ltr'><strong>noti-</strong></span> 
     </span>
     <span class='ocr_line' id='line_1_21' title="bbox 192 825 928 869; baseline -0.003 -10"><span class='ocrx_word' id='word_1_69' title='bbox 192 827 266 860; x_wconf 86' lang='lat' dir='ltr'><strong>tiam</strong></span> <span class='ocrx_word' id='word_1_70' title='bbox 292 826 505 869; x_wconf 78' lang='lat' dir='ltr'><strong>pervenisset,</strong></span> <span class='ocrx_word' id='word_1_71' title='bbox 529 827 561 858; x_wconf 89' lang='lat' dir='ltr'><strong>in</strong></span> <span class='ocrx_word' id='word_1_72' title='bbox 586 826 702 868; x_wconf 84' lang='lat' dir='ltr'><strong>vulgus</strong></span> <span class='ocrx_word' id='word_1_73' title='bbox 728 825 928 858; x_wconf 78' lang='lat' dir='ltr'><strong>circumferri</strong></span> 
     </span>
     <span class='ocr_line' id='line_1_22' title="bbox 192 878 929 922; baseline -0.003 -10"><span class='ocrx_word' id='word_1_74' title='bbox 192 879 350 922; x_wconf 82' lang='lat' dir='ltr'><strong>quaedam</strong></span> <span class='ocrx_word' id='word_1_75' title='bbox 372 879 447 912; x_wconf 86' lang='lat' dir='ltr'><strong>solia</strong></span> <span class='ocrx_word' id='word_1_76' title='bbox 464 879 581 920; x_wconf 79' lang='lat' dir='ltr'><strong>gallico</strong></span> <span class='ocrx_word' id='word_1_77' title='bbox 599 878 753 911; x_wconf 79' lang='lat' dir='ltr'><strong>idiomate</strong></span> <span class='ocrx_word' id='word_1_78' title='bbox 772 878 852 922; x_wconf 70' lang='lat' dir='ltr'><strong>typis</strong></span> <span class='ocrx_word' id='word_1_79' title='bbox 871 878 929 910; x_wconf 87' lang='lat' dir='ltr'><strong>im-</strong></span> 
     </span>
     <span class='ocr_line' id='line_1_23' title="bbox 190 930 929 975; baseline -0.004 -10"><span class='ocrx_word' id='word_1_80' title='bbox 190 942 314 975; x_wconf 86' lang='lat' dir='ltr'><strong>pressa,</strong></span> <span class='ocrx_word' id='word_1_81' title='bbox 332 931 391 964; x_wconf 91' lang='lat' dir='ltr'><strong>sub</strong></span> <span class='ocrx_word' id='word_1_82' title='bbox 410 931 502 964; x_wconf 87' lang='lat' dir='ltr'><strong>titulo</strong></span> <span class='ocrx_word' id='word_1_83' title='bbox 519 931 725 963; x_wconf 79' lang='lat' dir='ltr'><strong>Mandement</strong></span> <span class='ocrx_word' id='word_1_84' title='bbox 742 930 780 963; x_wconf 77' lang='lat' dir='ltr'><strong>de</strong></span> <span class='ocrx_word' id='word_1_85' title='bbox 796 933 929 963; x_wconf 77' lang='lat' dir='ltr'><strong>nzonsei-</strong></span> 
     </span>
     <span class='ocr_line' id='line_1_24' title="bbox 189 983 929 1028; baseline 0 -12"><span class='ocrx_word' id='word_1_86' title='bbox 189 994 293 1028; x_wconf 74' lang='lat' dir='ltr'><strong>yneur</strong></span> <span class='ocrx_word' id='word_1_87' title='bbox 320 984 474 1026; x_wconf 79' lang='lat' dir='ltr'><strong>l&#39;evesque</strong></span> <span class='ocrx_word' id='word_1_88' title='bbox 497 983 688 1023; x_wconf 73' lang='lat' dir='ltr'><strong>d&#39;Auccerre,</strong></span> <span class='ocrx_word' id='word_1_89' title='bbox 716 984 775 1026; x_wconf 76' lang='lat' dir='ltr'><strong>qui</strong></span> <span class='ocrx_word' id='word_1_90' title='bbox 798 983 929 1025; x_wconf 64' lang='lat' dir='ltr'><strong>defende</strong></span> 
     </span>
     <span class='ocr_line' id='line_1_25' title="bbox 190 1035 928 1078; baseline -0.001 -10"><span class='ocrx_word' id='word_1_91' title='bbox 190 1036 306 1069; x_wconf 65' lang='lat' dir='ltr'><strong>recitet·</strong></span> <span class='ocrx_word' id='word_1_92' title='bbox 329 1035 442 1078; x_wconf 74' lang='lat' dir='ltr'><strong>l&#39;osfice</strong></span> <span class='ocrx_word' id='word_1_93' title='bbox 474 1035 627 1078; x_wconf 69' lang='lat' dir='ltr'><strong>imprime</strong></span> <span class='ocrx_word' id='word_1_94' title='bbox 650 1045 707 1068; x_wconf 76' lang='lat' dir='ltr'><strong>sur</strong></span> <span class='ocrx_word' id='word_1_95' title='bbox 730 1045 793 1067; x_wconf 78' lang='lat' dir='ltr'><strong>une</strong></span> <span class='ocrx_word' id='word_1_96' title='bbox 815 1035 928 1077; x_wconf 77' lang='lat' dir='ltr'><strong>feuille</strong></span> 
     </span>
     <span class='ocr_line' id='line_1_26' title="bbox 190 1088 926 1131; baseline 0 -10"><span class='ocrx_word' id='word_1_97' title='bbox 190 1089 327 1125; x_wconf 65' lang='lat' dir='ltr'><strong>volante,</strong></span> <span class='ocrx_word' id='word_1_98' title='bbox 346 1088 405 1131; x_wconf 82' lang='lat' dir='ltr'><strong>qui</strong></span> <span class='ocrx_word' id='word_1_99' title='bbox 429 1097 604 1120; x_wconf 78' lang='lat' dir='ltr'><strong>commence</strong></span> <span class='ocrx_word' id='word_1_100' title='bbox 617 1098 677 1130; x_wconf 82' lang='lat' dir='ltr'><strong>par</strong></span> <span class='ocrx_word' id='word_1_101' title='bbox 694 1098 740 1120; x_wconf 84' lang='lat' dir='ltr'><strong>ces</strong></span> <span class='ocrx_word' id='word_1_102' title='bbox 760 1092 852 1120; x_wconf 63' lang='lat' dir='ltr'><strong>oriols:</strong></span> <span class='ocrx_word' id='word_1_103' title='bbox 873 1088 926 1121; x_wconf 88' lang='lat' dir='ltr'><strong>Die</strong></span> 
     </span>
     <span class='ocr_line' id='line_1_27' title="bbox 190 1139 926 1184; baseline -0.001 -10"><span class='ocrx_word' id='word_1_104' title='bbox 190 1151 250 1175; x_wconf 84' lang='lat' dir='ltr'><strong>xxv</strong></span> <span class='ocrx_word' id='word_1_105' title='bbox 274 1141 351 1173; x_wconf 87' lang='lat' dir='ltr'><strong>maii</strong></span> <span class='ocrx_word' id='word_1_106' title='bbox 378 1141 410 1173; x_wconf 91' lang='lat' dir='ltr'><strong>in</strong></span> <span class='ocrx_word' id='word_1_107' title='bbox 436 1140 516 1173; x_wconf 83' lang='lat' dir='ltr'><strong>sesto</strong></span> <span class='ocrx_word' id='word_1_108' title='bbox 541 1140 572 1172; x_wconf 82' lang='lat' dir='ltr'><strong>S.</strong></span> <span class='ocrx_word' id='word_1_109' title='bbox 593 1139 737 1182; x_wconf 77' lang='lat' dir='ltr'><strong>Gregorii</strong></span> <span class='ocrx_word' id='word_1_110' title='bbox 755 1140 804 1172; x_wconf 69' lang='lat' dir='ltr'><strong>Vll</strong></span> <span class='ocrx_word' id='word_1_111' title='bbox 821 1140 926 1184; x_wconf 83' lang='lat' dir='ltr'><strong>Papae</strong></span> 
     </span>
     <span class='ocr_line' id='line_1_28' title="bbox 191 1193 927 1235; baseline -0.003 -8"><span class='ocrx_word' id='word_1_112' title='bbox 191 1199 222 1227; x_wconf 87' lang='lat' dir='ltr'><strong>et</strong></span> <span class='ocrx_word' id='word_1_113' title='bbox 246 1194 470 1231; x_wconf 84' lang='lat' dir='ltr'><strong>confessoris,</strong></span> <span class='ocrx_word' id='word_1_114' title='bbox 494 1193 610 1225; x_wconf 63' lang='lat' dir='ltr'><strong>Danu&amp;</strong></span> <span class='ocrx_word' id='word_1_115' title='bbox 645 1193 665 1224; x_wconf 77' lang='grc' dir='ltr'><em>ὰ</em></span> <span class='ocrx_word' id='word_1_116' title='bbox 696 1193 860 1235; x_wconf 67' lang='lat' dir='ltr'><strong>Reqennes</strong></span> <span class='ocrx_word' id='word_1_117' title='bbox 896 1204 927 1225; x_wconf 82' lang='lat' dir='ltr'><strong>cc</strong></span> 
     </span>
     <span class='ocr_line' id='line_1_29' title="bbox 190 1245 924 1288; baseline -0.003 -8"><span class='ocrx_word' id='word_1_118' title='bbox 190 1247 237 1280; x_wconf 74' lang='lat'><strong>24</strong></span> <span class='ocrx_word' id='word_1_119' title='bbox 262 1246 372 1279; x_wconf 65' lang='lat' dir='ltr'><strong>titillet</strong></span> <span class='ocrx_word' id='word_1_120' title='bbox 409 1245 605 1278; x_wconf 65' lang='lat'>172921103</span> <span class='ocrx_word' id='word_1_121' title='bbox 643 1247 852 1288; x_wconf 74' lang='lat' dir='ltr'><strong>quamplures</strong></span> <span class='ocrx_word' id='word_1_122' title='bbox 888 1257 924 1279; x_wconf 85' lang='lat' dir='ltr'><strong>ex</strong></span> 
     </span>
     <span class='ocr_line' id='line_1_30' title="bbox 189 1298 922 1332; baseline -0.001 0"><span class='ocrx_word' id='word_1_123' title='bbox 189 1298 430 1332; x_wconf 87' lang='lat' dir='ltr'><strong>venerabilibus</strong></span> <span class='ocrx_word' id='word_1_124' title='bbox 450 1299 601 1331; x_wconf 81' lang='lat' dir='ltr'><strong>fratribus</strong></span> <span class='ocrx_word' id='word_1_125' title='bbox 627 1298 748 1331; x_wconf 88' lang='lat' dir='ltr'><strong>nostris</strong></span> <span class='ocrx_word' id='word_1_126' title='bbox 773 1298 804 1331; x_wconf 82' lang='lat' dir='ltr'><strong>S.</strong></span> <span class='ocrx_word' id='word_1_127' title='bbox 832 1299 869 1331; x_wconf 76' lang='lat' dir='ltr'><strong>R.</strong></span> <span class='ocrx_word' id='word_1_128' title='bbox 888 1299 922 1331; x_wconf 88' lang='lat' dir='ltr'><strong>E.</strong></span> 
     </span>
     <span class='ocr_line' id='line_1_31' title="bbox 190 1351 926 1394; baseline -0.003 -8"><span class='ocrx_word' id='word_1_129' title='bbox 190 1351 411 1386; x_wconf 78' lang='lat' dir='ltr'><strong>cardinalibus</strong></span> <span class='ocrx_word' id='word_1_130' title='bbox 436 1351 581 1393; x_wconf 88' lang='lat' dir='ltr'><strong>aliosque</strong></span> <span class='ocrx_word' id='word_1_131' title='bbox 599 1351 631 1383; x_wconf 78' lang='lat' dir='ltr'><strong>in</strong></span> <span class='ocrx_word' id='word_1_132' title='bbox 649 1352 737 1383; x_wconf 79' lang='lat' dir='ltr'><strong>sacra</strong></span> <span class='ocrx_word' id='word_1_133' title='bbox 762 1351 926 1394; x_wconf 74' lang='lat' dir='ltr'><strong>theologia</strong></span> 
     </span>
     <span class='ocr_line' id='line_1_32' title="bbox 190 1403 923 1448; baseline -0.001 -10"><span class='ocrx_word' id='word_1_134' title='bbox 190 1405 362 1448; x_wconf 80' lang='lat' dir='ltr'><strong>magistros</strong></span> <span class='ocrx_word' id='word_1_135' title='bbox 379 1405 417 1437; x_wconf 85' lang='lat' dir='ltr'><strong>ad</strong></span> <span class='ocrx_word' id='word_1_136' title='bbox 436 1404 567 1437; x_wconf 91' lang='lat' dir='ltr'><strong>illorum</strong></span> <span class='ocrx_word' id='word_1_137' title='bbox 582 1414 714 1436; x_wconf 80' lang='lat' dir='ltr'><strong>examen</strong></span> <span class='ocrx_word' id='word_1_138' title='bbox 732 1403 923 1445; x_wconf 83' lang='lat' dir='ltr'><strong>delegimus,</strong></span> 
     </span>
     <span class='ocr_line' id='line_1_33' title="bbox 190 1456 924 1502; baseline -0.004 -11"><span class='ocrx_word' id='word_1_139' title='bbox 190 1460 255 1502; x_wconf 90' lang='lat' dir='ltr'><strong>qui,</strong></span> <span class='ocrx_word' id='word_1_140' title='bbox 280 1462 354 1501; x_wconf 90' lang='lat' dir='ltr'><strong>post</strong></span> <span class='ocrx_word' id='word_1_141' title='bbox 378 1462 535 1489; x_wconf 83' lang='lat' dir='ltr'><strong>maturam</strong></span> <span class='ocrx_word' id='word_1_142' title='bbox 559 1456 748 1489; x_wconf 87' lang='lat' dir='ltr'><strong>eorumdem</strong></span> <span class='ocrx_word' id='word_1_143' title='bbox 773 1457 924 1489; x_wconf 85' lang='lat' dir='ltr'><strong>soliorum</strong></span> 
     </span>
     <span class='ocr_line' id='line_1_34' title="bbox 190 1509 923 1551; baseline -0.004 -8"><span class='ocrx_word' id='word_1_144' title='bbox 190 1510 433 1548; x_wconf 79' lang='lat' dir='ltr'><strong>discussionem,</strong></span> <span class='ocrx_word' id='word_1_145' title='bbox 458 1509 535 1551; x_wconf 80' lang='lat' dir='ltr'><strong>quid</strong></span> <span class='ocrx_word' id='word_1_146' title='bbox 561 1509 623 1541; x_wconf 89' lang='lat' dir='ltr'><strong>sibi</strong></span> <span class='ocrx_word' id='word_1_147' title='bbox 649 1510 685 1541; x_wconf 77' lang='lat' dir='ltr'><strong>ea</strong></span> <span class='ocrx_word' id='word_1_148' title='bbox 710 1518 807 1551; x_wconf 88' lang='lat' dir='ltr'><strong>super</strong></span> <span class='ocrx_word' id='word_1_149' title='bbox 831 1519 865 1541; x_wconf 91' lang='lat' dir='ltr'><strong>rc</strong></span> <span class='ocrx_word' id='word_1_150' title='bbox 883 1509 923 1540; x_wconf 86' lang='lat' dir='ltr'><strong>vi-</strong></span> 
     </span>
     <span class='ocr_line' id='line_1_35' title="bbox 190 1561 924 1602; baseline -0.004 -6"><span class='ocrx_word' id='word_1_151' title='bbox 190 1563 340 1602; x_wconf 85' lang='lat' dir='ltr'><strong>deretur,</strong></span> <span class='ocrx_word' id='word_1_152' title='bbox 366 1561 460 1594; x_wconf 89' lang='lat' dir='ltr'><strong>nobis</strong></span> <span class='ocrx_word' id='word_1_153' title='bbox 497 1562 689 1593; x_wconf 80' lang='lat' dir='ltr'><strong>retulerunt.</strong></span> <span class='ocrx_word' id='word_1_154' title='bbox 718 1561 842 1593; x_wconf 81' lang='lat' dir='ltr'><strong>Auditis</strong></span> <span class='ocrx_word' id='word_1_155' title='bbox 867 1561 924 1593; x_wconf 88' lang='lat' dir='ltr'><strong>ita-</strong></span> 
     </span>
     <span class='ocr_line' id='line_1_36' title="bbox 190 1613 923 1659; baseline -0.001 -13"><span class='ocrx_word' id='word_1_156' title='bbox 190 1626 252 1659; x_wconf 84' lang='lat' dir='ltr'><strong>que</strong></span> <span class='ocrx_word' id='word_1_157' title='bbox 291 1621 545 1648; x_wconf 86' lang='lat' dir='ltr'><strong>memoratorum</strong></span> <span class='ocrx_word' id='word_1_158' title='bbox 582 1613 794 1646; x_wconf 77' lang='lat' dir='ltr'><strong>cardinalium</strong></span> <span class='ocrx_word' id='word_1_159' title='bbox 828 1619 860 1646; x_wconf 86' lang='lat' dir='ltr'><strong>et</strong></span> <span class='ocrx_word' id='word_1_160' title='bbox 892 1614 923 1646; x_wconf 87' lang='lat' dir='ltr'><strong>in</strong></span> 
     </span>
     <span class='ocr_line' id='line_1_37' title="bbox 188 1666 922 1709; baseline -0.004 -8"><span class='ocrx_word' id='word_1_161' title='bbox 188 1669 278 1701; x_wconf 71' lang='lat' dir='ltr'><strong>sacra</strong></span> <span class='ocrx_word' id='word_1_162' title='bbox 301 1667 466 1709; x_wconf 74' lang='lat' dir='ltr'><strong>theologia</strong></span> <span class='ocrx_word' id='word_1_163' title='bbox 490 1666 719 1708; x_wconf 77' lang='lat' dir='ltr'><strong>magistrorum</strong></span> <span class='ocrx_word' id='word_1_164' title='bbox 744 1667 922 1705; x_wconf 68' lang='lat' dir='ltr'><strong>sententiis,</strong></span> 
     </span>
     <span class='ocr_line' id='line_1_38' title="bbox 189 1718 923 1764; baseline -0.004 -10"><span class='ocrx_word' id='word_1_165' title='bbox 189 1721 228 1754; x_wconf 90' lang='lat' dir='ltr'><strong>de</strong></span> <span class='ocrx_word' id='word_1_166' title='bbox 265 1720 462 1764; x_wconf 84' lang='lat' dir='ltr'><strong>apostolicae</strong></span> <span class='ocrx_word' id='word_1_167' title='bbox 497 1718 666 1762; x_wconf 86' lang='lat' dir='ltr'><strong>potestatis</strong></span> <span class='ocrx_word' id='word_1_168' title='bbox 702 1719 923 1762; x_wconf 81' lang='lat' dir='ltr'><strong>plenitudine,</strong></span> 
     </span>
     <span class='ocr_line' id='line_1_39' title="bbox 189 1771 924 1815; baseline -0.003 -9"><span class='ocrx_word' id='word_1_169' title='bbox 189 1773 412 1806; x_wconf 77' lang='lat' dir='ltr'><strong>ordinationes</strong></span> <span class='ocrx_word' id='word_1_170' title='bbox 434 1773 465 1805; x_wconf 90' lang='lat' dir='ltr'><strong>in</strong></span> <span class='ocrx_word' id='word_1_171' title='bbox 485 1772 635 1815; x_wconf 62' lang='lat' dir='ltr'><strong>praestitis</strong></span> <span class='ocrx_word' id='word_1_172' title='bbox 655 1771 738 1804; x_wconf 88' lang='lat' dir='ltr'><strong>foliis</strong></span> <span class='ocrx_word' id='word_1_173' title='bbox 755 1777 924 1804; x_wconf 86' lang='lat' dir='ltr'><strong>contentas</strong></span> 
     </span>
     <span class='ocr_line' id='line_1_40' title="bbox 189 1823 923 1865; baseline -0.003 -7"><span class='ocrx_word' id='word_1_174' title='bbox 189 1827 307 1865; x_wconf 89' lang='lat' dir='ltr'><strong>nullas,</strong></span> <span class='ocrx_word' id='word_1_175' title='bbox 332 1826 457 1864; x_wconf 88' lang='lat' dir='ltr'><strong>inanes,</strong></span> <span class='ocrx_word' id='word_1_176' title='bbox 483 1824 649 1863; x_wconf 85' lang='lat' dir='ltr'><strong>invalidas,</strong></span> <span class='ocrx_word' id='word_1_177' title='bbox 675 1823 796 1863; x_wconf 86' lang='lat' dir='ltr'><strong>irritas,</strong></span> <span class='ocrx_word' id='word_1_178' title='bbox 822 1829 923 1856; x_wconf 84' lang='lat' dir='ltr'><strong>atten-</strong></span> 
     </span>
     <span class='ocr_line' id='line_1_41' title="bbox 191 1877 924 1920; baseline 0 -11"><span class='ocrx_word' id='word_1_179' title='bbox 191 1883 279 1917; x_wconf 87' lang='lat' dir='ltr'><strong>tatas,</strong></span> <span class='ocrx_word' id='word_1_180' title='bbox 298 1878 485 1920; x_wconf 81' lang='lat' dir='ltr'><strong>nulliusque</strong></span> <span class='ocrx_word' id='word_1_181' title='bbox 509 1877 640 1910; x_wconf 89' lang='lat' dir='ltr'><strong>omnino</strong></span> <span class='ocrx_word' id='word_1_182' title='bbox 663 1878 789 1910; x_wconf 81' lang='lat' dir='ltr'><strong>roboris</strong></span> <span class='ocrx_word' id='word_1_183' title='bbox 807 1882 839 1909; x_wconf 85' lang='lat' dir='ltr'><strong>ct</strong></span> <span class='ocrx_word' id='word_1_184' title='bbox 858 1887 924 1910; x_wconf 82' lang='lat' dir='ltr'><strong>rno-</strong></span> 
     </span>
     <span class='ocr_line' id='line_1_42' title="bbox 190 1930 923 1973; baseline 0 -10"><span class='ocrx_word' id='word_1_185' title='bbox 190 1930 291 1963; x_wconf 82' lang='lat' dir='ltr'><strong>menti</strong></span> <span class='ocrx_word' id='word_1_186' title='bbox 322 1940 393 1963; x_wconf 84' lang='lat' dir='ltr'><strong>esse</strong></span> <span class='ocrx_word' id='word_1_187' title='bbox 425 1935 455 1962; x_wconf 86' lang='lat' dir='ltr'><strong>et</strong></span> <span class='ocrx_word' id='word_1_188' title='bbox 490 1935 650 1973; x_wconf 87' lang='lat' dir='ltr'><strong>perpetuo</strong></span> <span class='ocrx_word' id='word_1_189' title='bbox 682 1931 773 1969; x_wconf 81' lang='lat' dir='ltr'><strong>sore,</strong></span> <span class='ocrx_word' id='word_1_190' title='bbox 811 1933 923 1963; x_wconf 87' lang='lat' dir='ltr'><strong>tenore</strong></span> 
     </span>
     <span class='ocr_line' id='line_1_43' title="bbox 189 1982 657 2026; baseline -0.006 -10"><span class='ocrx_word' id='word_1_191' title='bbox 189 1982 410 2026; x_wconf 83' lang='lat' dir='ltr'><strong>praesentium</strong></span> <span class='ocrx_word' id='word_1_192' title='bbox 435 1982 657 2021; x_wconf 79' lang='lat' dir='ltr'><strong>declaranms3</strong></span> 
     </span>
    </p>

    <p class='ocr_par' dir='ltr' id='par_1_9' title="bbox 188 2034 924 2393">
     <span class='ocr_line' id='line_1_44' title="bbox 232 2034 923 2079; baseline 0 -11"><span class='ocrx_word' id='word_1_193' title='bbox 232 2037 247 2079; x_wconf 61' lang='grc' dir='ltr'><strong>ἓ</strong></span> <span class='ocrx_word' id='word_1_194' title='bbox 271 2035 302 2068; x_wconf 69' lang='lat'><strong>2.</strong></span> <span class='ocrx_word' id='word_1_195' title='bbox 321 2035 359 2067; x_wconf 89' lang='lat' dir='ltr'><strong>Et</strong></span> <span class='ocrx_word' id='word_1_196' title='bbox 383 2034 607 2074; x_wconf 79' lang='lat' dir='ltr'><strong>nihilominus,</strong></span> <span class='ocrx_word' id='word_1_197' title='bbox 628 2034 665 2066; x_wconf 90' lang='lat' dir='ltr'><strong>ad</strong></span> <span class='ocrx_word' id='word_1_198' title='bbox 687 2035 840 2068; x_wconf 87' lang='lat' dir='ltr'><strong>maiorem</strong></span> <span class='ocrx_word' id='word_1_199' title='bbox 855 2046 923 2068; x_wconf 88' lang='lat' dir='ltr'><strong>cau-</strong></span> 
     </span>
     <span class='ocr_line' id='line_1_45' title="bbox 190 2087 922 2130; baseline 0 -9"><span class='ocrx_word' id='word_1_200' title='bbox 190 2089 295 2126; x_wconf 82' lang='lat' dir='ltr'><strong>telam,</strong></span> <span class='ocrx_word' id='word_1_201' title='bbox 314 2092 345 2120; x_wconf 90' lang='lat' dir='ltr'><strong>et</strong></span> <span class='ocrx_word' id='word_1_202' title='bbox 363 2092 519 2130; x_wconf 84' lang='lat' dir='ltr'><strong>quatenus</strong></span> <span class='ocrx_word' id='word_1_203' title='bbox 537 2097 618 2129; x_wconf 86' lang='lat' dir='ltr'><strong>opus</strong></span> <span class='ocrx_word' id='word_1_204' title='bbox 635 2087 685 2126; x_wconf 89' lang='lat' dir='ltr'><strong>sit,</strong></span> <span class='ocrx_word' id='word_1_205' title='bbox 701 2088 813 2119; x_wconf 84' lang='lat' dir='ltr'><strong>harum</strong></span> <span class='ocrx_word' id='word_1_206' title='bbox 839 2089 922 2121; x_wconf 88' lang='lat' dir='ltr'><strong>serie</strong></span> 
     </span>
     <span class='ocr_line' id='line_1_46' title="bbox 189 2138 923 2179; baseline -0.001 -6"><span class='ocrx_word' id='word_1_207' title='bbox 189 2149 387 2179; x_wconf 82' lang='lat' dir='ltr'><strong>revocamus,</strong></span> <span class='ocrx_word' id='word_1_208' title='bbox 414 2148 586 2177; x_wconf 77' lang='lat' dir='ltr'><strong>cassamus,</strong></span> <span class='ocrx_word' id='word_1_209' title='bbox 611 2138 785 2179; x_wconf 81' lang='lat' dir='ltr'><strong>irritamus,</strong></span> <span class='ocrx_word' id='word_1_210' title='bbox 811 2141 923 2172; x_wconf 88' lang='lat' dir='ltr'><strong>annul-</strong></span> 
     </span>
     <span class='ocr_line' id='line_1_47' title="bbox 188 2190 924 2234; baseline -0.001 -8"><span class='ocrx_word' id='word_1_211' title='bbox 188 2194 308 2231; x_wconf 84' lang='lat' dir='ltr'><strong>lamus,</strong></span> <span class='ocrx_word' id='word_1_212' title='bbox 333 2191 517 2234; x_wconf 86' lang='lat' dir='ltr'><strong>viribusque</strong></span> <span class='ocrx_word' id='word_1_213' title='bbox 544 2196 576 2223; x_wconf 89' lang='lat' dir='ltr'><strong>et</strong></span> <span class='ocrx_word' id='word_1_214' title='bbox 600 2190 714 2224; x_wconf 76' lang='lat' dir='ltr'><strong>effectu</strong></span> <span class='ocrx_word' id='word_1_215' title='bbox 738 2192 867 2234; x_wconf 87' lang='lat' dir='ltr'><strong>penitus</strong></span> <span class='ocrx_word' id='word_1_216' title='bbox 893 2198 924 2225; x_wconf 88' lang='lat' dir='ltr'><strong>et</strong></span> 
     </span>
     <span class='ocr_line' id='line_1_48' title="bbox 188 2245 921 2286; baseline -0.003 -7"><span class='ocrx_word' id='word_1_217' title='bbox 188 2245 321 2280; x_wconf 88' lang='lat' dir='ltr'><strong>omnino</strong></span> <span class='ocrx_word' id='word_1_218' title='bbox 358 2254 550 2283; x_wconf 82' lang='lat' dir='ltr'><strong>vacuamus,</strong></span> <span class='ocrx_word' id='word_1_219' title='bbox 576 2254 612 2277; x_wconf 87' lang='lat' dir='ltr'><strong>ac</strong></span> <span class='ocrx_word' id='word_1_220' title='bbox 647 2254 706 2286; x_wconf 87' lang='lat' dir='ltr'><strong>pro</strong></span> <span class='ocrx_word' id='word_1_221' title='bbox 744 2245 921 2286; x_wconf 86' lang='lat' dir='ltr'><strong>revocatis,</strong></span> 
     </span>
     <span class='ocr_line' id='line_1_49' title="bbox 189 2296 922 2337; baseline -0.001 -5"><span class='ocrx_word' id='word_1_222' title='bbox 189 2298 330 2337; x_wconf 81' lang='lat' dir='ltr'><strong>cassatis,</strong></span> <span class='ocrx_word' id='word_1_223' title='bbox 355 2297 465 2336; x_wconf 81' lang='lat' dir='ltr'><strong>irritis,</strong></span> <span class='ocrx_word' id='word_1_224' title='bbox 490 2296 598 2336; x_wconf 86' lang='lat' dir='ltr'><strong>nullis,</strong></span> <span class='ocrx_word' id='word_1_225' title='bbox 620 2297 768 2329; x_wconf 77' lang='lat' dir='ltr'><strong>invalidis</strong></span> <span class='ocrx_word' id='word_1_226' title='bbox 793 2302 824 2329; x_wconf 91' lang='lat' dir='ltr'><strong>et</strong></span> <span class='ocrx_word' id='word_1_227' title='bbox 848 2298 922 2331; x_wconf 85' lang='lat' dir='ltr'><strong>abo-</strong></span> 
     </span>
     <span class='ocr_line' id='line_1_50' title="bbox 189 2348 923 2393; baseline 0 -9"><span class='ocrx_word' id='word_1_228' title='bbox 189 2351 276 2391; x_wconf 91' lang='lat' dir='ltr'><strong>litis,</strong></span> <span class='ocrx_word' id='word_1_229' title='bbox 301 2349 487 2392; x_wconf 87' lang='lat' dir='ltr'><strong>viribusque</strong></span> <span class='ocrx_word' id='word_1_230' title='bbox 524 2354 555 2382; x_wconf 86' lang='lat' dir='ltr'><strong>et</strong></span> <span class='ocrx_word' id='word_1_231' title='bbox 589 2348 703 2382; x_wconf 75' lang='lat' dir='ltr'><strong>effectu</strong></span> <span class='ocrx_word' id='word_1_232' title='bbox 738 2350 866 2393; x_wconf 89' lang='lat' dir='ltr'><strong>penitus</strong></span> <span class='ocrx_word' id='word_1_233' title='bbox 891 2360 923 2384; x_wconf 83' lang='lat' dir='ltr'><strong>et</strong></span> 
     </span>
    </p>
   </div>
   <div class='ocr_carea' id='block_1_9' title="bbox 224 2428 922 2463">
    <p class='ocr_par' dir='ltr' id='par_1_10' title="bbox 224 2428 922 2463">
     <span class='ocr_line' id='line_1_51' title="bbox 224 2428 922 2463; baseline 0 -6"><span class='ocrx_word' id='word_1_234' title='bbox 224 2431 236 2457; x_wconf 88' lang='lat'>1</span> <span class='ocrx_word' id='word_1_235' title='bbox 259 2429 358 2456; x_wconf 90' lang='lat' dir='ltr'><strong>Similis</strong></span> <span class='ocrx_word' id='word_1_236' title='bbox 372 2428 506 2455; x_wconf 86' lang='lat' dir='ltr'><strong>revocatio</strong></span> <span class='ocrx_word' id='word_1_237' title='bbox 522 2429 702 2463; x_wconf 82' lang='lat' dir='ltr'><strong>quarumdam</strong></span> <span class='ocrx_word' id='word_1_238' title='bbox 724 2428 922 2457; x_wconf 83' lang='lat' dir='ltr'><strong>ordinationum</strong></span> 
     </span>
    </p>
   </div>
   <div class='ocr_carea' id='block_1_10' title="bbox 965 138 1714 2450">
    <p class='ocr_par' dir='ltr' id='par_1_11' title="bbox 967 138 1714 1552">
     <span class='ocr_line' id='line_1_52' title="bbox 1609 138 1667 171; baseline -0.017 0"><span class='ocrx_word' id='word_1_239' title='bbox 1609 138 1667 171; x_wconf 49' lang='lat'><strong>8411</strong></span> 
     </span>
     <span class='ocr_line' id='line_1_53' title="bbox 976 196 1714 240; baseline 0.001 -12"><span class='ocrx_word' id='word_1_240' title='bbox 976 196 1110 230; x_wconf 88' lang='lat' dir='ltr'><strong>omnino</strong></span> <span class='ocrx_word' id='word_1_241' title='bbox 1136 197 1241 230; x_wconf 87' lang='lat' dir='ltr'><strong>vacuis</strong></span> <span class='ocrx_word' id='word_1_242' title='bbox 1267 206 1394 240; x_wconf 84' lang='lat' dir='ltr'><strong>semper</strong></span> <span class='ocrx_word' id='word_1_243' title='bbox 1420 197 1534 230; x_wconf 86' lang='lat' dir='ltr'><strong>haberi</strong></span> <span class='ocrx_word' id='word_1_244' title='bbox 1569 198 1714 230; x_wconf 74' lang='lat' dir='ltr'><strong>volumus</strong></span> 
     </span>
     <span class='ocr_line' id='line_1_54' title="bbox 975 251 1713 294; baseline 0 -12"><span class='ocrx_word' id='word_1_245' title='bbox 975 254 1006 282; x_wconf 86' lang='lat' dir='ltr'><strong>et</strong></span> <span class='ocrx_word' id='word_1_246' title='bbox 1030 251 1230 283; x_wconf 79' lang='lat' dir='ltr'><strong>mandamus.</strong></span> <span class='ocrx_word' id='word_1_247' title='bbox 1257 251 1347 283; x_wconf 87' lang='lat' dir='ltr'><strong>Folia</strong></span> <span class='ocrx_word' id='word_1_248' title='bbox 1373 261 1446 284; x_wconf 84' lang='lat' dir='ltr'><strong>vero</strong></span> <span class='ocrx_word' id='word_1_249' title='bbox 1468 251 1634 294; x_wconf 78' lang='lat' dir='ltr'><strong>praedicta</strong></span> <span class='ocrx_word' id='word_1_250' title='bbox 1654 256 1713 282; x_wconf 87' lang='lat' dir='ltr'><strong>tam</strong></span> 
     </span>
     <span class='ocr_line' id='line_1_55' title="bbox 976 301 1711 346; baseline 0.001 -13"><span class='ocrx_word' id='word_1_251' title='bbox 976 301 1145 344; x_wconf 85' lang='lat' dir='ltr'><strong>impressa,</strong></span> <span class='ocrx_word' id='word_1_252' title='bbox 1167 313 1262 345; x_wconf 87' lang='lat' dir='ltr'><strong>quam</strong></span> <span class='ocrx_word' id='word_1_253' title='bbox 1280 303 1376 335; x_wconf 86' lang='lat' dir='ltr'><strong>etiam</strong></span> <span class='ocrx_word' id='word_1_254' title='bbox 1396 304 1613 346; x_wconf 83' lang='lat' dir='ltr'><strong>manuscripta</strong></span> <span class='ocrx_word' id='word_1_255' title='bbox 1638 303 1711 345; x_wconf 80' lang='lat' dir='ltr'><strong>legi,</strong></span> 
     </span>
     <span class='ocr_line' id='line_1_56' title="bbox 974 355 1711 399; baseline 0.001 -13"><span class='ocrx_word' id='word_1_256' title='bbox 974 364 1030 386; x_wconf 87' lang='lat' dir='ltr'><strong>seu</strong></span> <span class='ocrx_word' id='word_1_257' title='bbox 1056 355 1200 394; x_wconf 87' lang='lat' dir='ltr'><strong>retineri,</strong></span> <span class='ocrx_word' id='word_1_258' title='bbox 1217 360 1326 388; x_wconf 85' lang='lat' dir='ltr'><strong>tenore</strong></span> <span class='ocrx_word' id='word_1_259' title='bbox 1352 356 1475 398; x_wconf 89' lang='lat' dir='ltr'><strong>pariter</strong></span> <span class='ocrx_word' id='word_1_260' title='bbox 1495 357 1711 399; x_wconf 77' lang='lat' dir='ltr'><strong>praesentium</strong></span> 
     </span>
     <span class='ocr_line' id='line_1_57' title="bbox 975 407 1708 451; baseline 0.003 -13"><span class='ocrx_word' id='word_1_261' title='bbox 975 407 1200 449; x_wconf 81' lang='lat' dir='ltr'><strong>probibemus,</strong></span> <span class='ocrx_word' id='word_1_262' title='bbox 1228 408 1422 451; x_wconf 85' lang='lat' dir='ltr'><strong>illorumque</strong></span> <span class='ocrx_word' id='word_1_263' title='bbox 1449 409 1708 451; x_wconf 76' lang='lat' dir='ltr'><strong>impressionem⁷</strong></span> 
     </span>
     <span class='ocr_line' id='line_1_58' title="bbox 975 458 1709 501; baseline 0.005 -12"><span class='ocrx_word' id='word_1_264' title='bbox 975 458 1241 501; x_wconf 82' lang='lat' dir='ltr'><strong>descriptionem,</strong></span> <span class='ocrx_word' id='word_1_265' title='bbox 1269 461 1453 499; x_wconf 88' lang='lat' dir='ltr'><strong>lectionem,</strong></span> <span class='ocrx_word' id='word_1_266' title='bbox 1479 461 1709 500; x_wconf 80' lang='lat' dir='ltr'><strong>retentionem,</strong></span> 
     </span>
     <span class='ocr_line' id='line_1_59' title="bbox 975 512 1710 555; baseline 0.004 -13"><span class='ocrx_word' id='word_1_267' title='bbox 975 515 1006 543; x_wconf 87' lang='lat' dir='ltr'><strong>et</strong></span> <span class='ocrx_word' id='word_1_268' title='bbox 1022 521 1111 543; x_wconf 86' lang='lat' dir='ltr'><strong>usum</strong></span> <span class='ocrx_word' id='word_1_269' title='bbox 1138 512 1288 544; x_wconf 88' lang='lat' dir='ltr'><strong>omnibus</strong></span> <span class='ocrx_word' id='word_1_270' title='bbox 1306 518 1337 545; x_wconf 90' lang='lat' dir='ltr'><strong>et</strong></span> <span class='ocrx_word' id='word_1_271' title='bbox 1354 513 1489 555; x_wconf 80' lang='lat' dir='ltr'><strong>singulis</strong></span> <span class='ocrx_word' id='word_1_272' title='bbox 1515 513 1710 545; x_wconf 76' lang='lat' dir='ltr'><strong>christifide-</strong></span> 
     </span>
     <span class='ocr_line' id='line_1_60' title="bbox 974 562 1711 606; baseline 0.003 -11"><span class='ocrx_word' id='word_1_273' title='bbox 974 562 1058 595; x_wconf 89' lang='lat' dir='ltr'><strong>libus</strong></span> <span class='ocrx_word' id='word_1_274' title='bbox 1084 563 1180 595; x_wconf 84' lang='lat' dir='ltr'><strong>etiam</strong></span> <span class='ocrx_word' id='word_1_275' title='bbox 1206 564 1357 606; x_wconf 78' lang='lat' dir='ltr'><strong>specifica</strong></span> <span class='ocrx_word' id='word_1_276' title='bbox 1382 570 1411 597; x_wconf 88' lang='lat' dir='ltr'><strong>et</strong></span> <span class='ocrx_word' id='word_1_277' title='bbox 1437 565 1602 597; x_wconf 79' lang='lat' dir='ltr'><strong>individua</strong></span> <span class='ocrx_word' id='word_1_278' title='bbox 1623 576 1711 597; x_wconf 86' lang='lat' dir='ltr'><strong>meii-</strong></span> 
     </span>
     <span class='ocr_line' id='line_1_61' title="bbox 976 615 1710 660; baseline 0.005 -14"><span class='ocrx_word' id='word_1_279' title='bbox 976 615 1062 648; x_wconf 87' lang='lat' dir='ltr'><strong>tione</strong></span> <span class='ocrx_word' id='word_1_280' title='bbox 1088 619 1120 647; x_wconf 88' lang='lat' dir='ltr'><strong>et</strong></span> <span class='ocrx_word' id='word_1_281' title='bbox 1144 615 1354 658; x_wconf 83' lang='lat' dir='ltr'><strong>expressione</strong></span> <span class='ocrx_word' id='word_1_282' title='bbox 1381 616 1495 659; x_wconf 77' lang='lat' dir='ltr'><strong>dignis,</strong></span> <span class='ocrx_word' id='word_1_283' title='bbox 1518 617 1578 649; x_wconf 83' lang='lat' dir='ltr'><strong>sub</strong></span> <span class='ocrx_word' id='word_1_284' title='bbox 1604 620 1710 660; x_wconf 78' lang='lat' dir='ltr'><strong>poena</strong></span> 
     </span>
     <span class='ocr_line' id='line_1_62' title="bbox 974 668 1709 713; baseline 0.003 -13"><span class='ocrx_word' id='word_1_285' title='bbox 974 668 1314 702; x_wconf 84' lang='lat' dir='ltr'><strong>excommunicationis</strong></span> <span class='ocrx_word' id='word_1_286' title='bbox 1349 680 1409 713; x_wconf 86' lang='lat' dir='ltr'><strong>per</strong></span> <span class='ocrx_word' id='word_1_287' title='bbox 1440 670 1709 703; x_wconf 80' lang='lat' dir='ltr'><strong>contrafacientes</strong></span> 
     </span>
     <span class='ocr_line' id='line_1_63' title="bbox 973 719 1709 764; baseline 0.003 -12"><span class='ocrx_word' id='word_1_288' title='bbox 973 719 1044 763; x_wconf 87' lang='lat' dir='ltr'><strong>ipso</strong></span> <span class='ocrx_word' id='word_1_289' title='bbox 1068 720 1153 753; x_wconf 87' lang='lat' dir='ltr'><strong>sacto</strong></span> <span class='ocrx_word' id='word_1_290' title='bbox 1180 720 1302 764; x_wconf 86' lang='lat' dir='ltr'><strong>absque</strong></span> <span class='ocrx_word' id='word_1_291' title='bbox 1328 721 1390 754; x_wconf 72' lang='lat' dir='ltr'><strong>alia</strong></span> <span class='ocrx_word' id='word_1_292' title='bbox 1416 722 1636 754; x_wconf 86' lang='lat' dir='ltr'><strong>declaratione</strong></span> <span class='ocrx_word' id='word_1_293' title='bbox 1663 722 1709 753; x_wconf 88' lang='lat' dir='ltr'><strong>iu-</strong></span> 
     </span>
     <span class='ocr_line' id='line_1_64' title="bbox 973 774 1709 818; baseline 0.003 -13"><span class='ocrx_word' id='word_1_294' title='bbox 973 774 1140 813; x_wconf 75' lang='lat' dir='ltr'><strong>currenda,</strong></span> <span class='ocrx_word' id='word_1_295' title='bbox 1159 785 1176 806; x_wconf 88' lang='lat' dir='ltr'><strong>a</strong></span> <span class='ocrx_word' id='word_1_296' title='bbox 1194 785 1255 817; x_wconf 86' lang='lat' dir='ltr'><strong>qua</strong></span> <span class='ocrx_word' id='word_1_297' title='bbox 1272 784 1369 807; x_wconf 83' lang='lat' dir='ltr'><strong>nemo</strong></span> <span class='ocrx_word' id='word_1_298' title='bbox 1388 785 1404 807; x_wconf 88' lang='lat' dir='ltr'><strong>a</strong></span> <span class='ocrx_word' id='word_1_299' title='bbox 1421 785 1595 817; x_wconf 82' lang='lat' dir='ltr'><strong>quoquam,</strong></span> <span class='ocrx_word' id='word_1_300' title='bbox 1614 785 1709 818; x_wconf 87' lang='lat' dir='ltr'><strong>prae-</strong></span> 
     </span>
     <span class='ocr_line' id='line_1_65' title="bbox 974 827 1708 869; baseline 0.001 -11"><span class='ocrx_word' id='word_1_301' title='bbox 974 831 1119 869; x_wconf 85' lang='lat' dir='ltr'><strong>terquam</strong></span> <span class='ocrx_word' id='word_1_302' title='bbox 1145 837 1162 859; x_wconf 86' lang='lat' dir='ltr'><strong>a</strong></span> <span class='ocrx_word' id='word_1_303' title='bbox 1186 827 1279 860; x_wconf 89' lang='lat' dir='ltr'><strong>nobis</strong></span> <span class='ocrx_word' id='word_1_304' title='bbox 1303 837 1360 859; x_wconf 83' lang='lat' dir='ltr'><strong>seu</strong></span> <span class='ocrx_word' id='word_1_305' title='bbox 1385 828 1529 860; x_wconf 84' lang='lat' dir='ltr'><strong>Romano</strong></span> <span class='ocrx_word' id='word_1_306' title='bbox 1555 827 1708 860; x_wconf 82' lang='lat' dir='ltr'><strong>Pontilice</strong></span> 
     </span>
     <span class='ocr_line' id='line_1_66' title="bbox 973 880 1708 922; baseline 0.001 -12"><span class='ocrx_word' id='word_1_307' title='bbox 973 888 1032 920; x_wconf 89' lang='lat' dir='ltr'><strong>pro</strong></span> <span class='ocrx_word' id='word_1_308' title='bbox 1058 884 1204 922; x_wconf 87' lang='lat' dir='ltr'><strong>tempore</strong></span> <span class='ocrx_word' id='word_1_309' title='bbox 1236 880 1415 919; x_wconf 78' lang='lat' dir='ltr'><strong>existente,</strong></span> <span class='ocrx_word' id='word_1_310' title='bbox 1440 880 1502 912; x_wconf 89' lang='lat' dir='ltr'><strong>nisi</strong></span> <span class='ocrx_word' id='word_1_311' title='bbox 1528 880 1559 912; x_wconf 87' lang='lat' dir='ltr'><strong>in</strong></span> <span class='ocrx_word' id='word_1_312' title='bbox 1597 880 1708 912; x_wconf 85' lang='lat' dir='ltr'><strong>mortis</strong></span> 
     </span>
     <span class='ocr_line' id='line_1_67' title="bbox 972 931 1709 970; baseline 0.001 -8"><span class='ocrx_word' id='word_1_313' title='bbox 972 931 1108 964; x_wconf 87' lang='lat' dir='ltr'><strong>articulo</strong></span> <span class='ocrx_word' id='word_1_314' title='bbox 1133 932 1333 970; x_wconf 84' lang='lat' dir='ltr'><strong>constitutus,</strong></span> <span class='ocrx_word' id='word_1_315' title='bbox 1350 932 1566 965; x_wconf 85' lang='lat' dir='ltr'><strong>absolutionis</strong></span> <span class='ocrx_word' id='word_1_316' title='bbox 1591 932 1709 965; x_wconf 81' lang='lat' dir='ltr'><strong>beneti-</strong></span> 
     </span>
     <span class='ocr_line' id='line_1_68' title="bbox 972 983 1707 1027; baseline 0 -12"><span class='ocrx_word' id='word_1_317' title='bbox 972 983 1054 1015; x_wconf 89' lang='lat' dir='ltr'><strong>cium</strong></span> <span class='ocrx_word' id='word_1_318' title='bbox 1078 984 1182 1016; x_wconf 86' lang='lat' dir='ltr'><strong>valeat</strong></span> <span class='ocrx_word' id='word_1_319' title='bbox 1218 984 1386 1023; x_wconf 86' lang='lat' dir='ltr'><strong>obtinere,</strong></span> <span class='ocrx_word' id='word_1_320' title='bbox 1410 985 1543 1017; x_wconf 86' lang='lat' dir='ltr'><strong>omnino</strong></span> <span class='ocrx_word' id='word_1_321' title='bbox 1577 995 1707 1027; x_wconf 84' lang='lat' dir='ltr'><strong>quoque</strong></span> 
     </span>
     <span class='ocr_line' id='line_1_69' title="bbox 971 1035 1708 1079; baseline 0.003 -12"><span class='ocrx_word' id='word_1_322' title='bbox 971 1035 1207 1069; x_wconf 88' lang='lat' dir='ltr'><strong>interdicimus.</strong></span> <span class='ocrx_word' id='word_1_323' title='bbox 1222 1036 1385 1076; x_wconf 62' lang='lat' dir='ltr'><strong>volentes,</strong></span> <span class='ocrx_word' id='word_1_324' title='bbox 1396 1042 1427 1069; x_wconf 87' lang='lat' dir='ltr'><strong>et</strong></span> <span class='ocrx_word' id='word_1_325' title='bbox 1438 1037 1624 1070; x_wconf 84' lang='lat' dir='ltr'><strong>auctoritate</strong></span> <span class='ocrx_word' id='word_1_326' title='bbox 1636 1048 1708 1079; x_wconf 87' lang='lat' dir='ltr'><strong>apo-</strong></span> 
     </span>
     <span class='ocr_line' id='line_1_70' title="bbox 970 1088 1707 1133; baseline 0.001 -13"><span class='ocrx_word' id='word_1_327' title='bbox 970 1088 1082 1121; x_wconf 77' lang='lat' dir='ltr'><strong>stolica</strong></span> <span class='ocrx_word' id='word_1_328' title='bbox 1107 1089 1315 1129; x_wconf 82' lang='lat' dir='ltr'><strong>mandantes,</strong></span> <span class='ocrx_word' id='word_1_329' title='bbox 1342 1095 1376 1122; x_wconf 86' lang='lat' dir='ltr'><strong>ut</strong></span> <span class='ocrx_word' id='word_1_330' title='bbox 1409 1092 1606 1133; x_wconf 84' lang='lat' dir='ltr'><strong>quicumque</strong></span> <span class='ocrx_word' id='word_1_331' title='bbox 1632 1090 1707 1122; x_wconf 78' lang='lat' dir='ltr'><strong>folia</strong></span> 
     </span>
     <span class='ocr_line' id='line_1_71' title="bbox 972 1141 1707 1183; baseline 0.003 -10"><span class='ocrx_word' id='word_1_332' title='bbox 972 1141 1156 1174; x_wconf 76' lang='lat' dir='ltr'><strong>huiusmodi</strong></span> <span class='ocrx_word' id='word_1_333' title='bbox 1181 1152 1282 1183; x_wconf 84' lang='lat' dir='ltr'><strong>penos</strong></span> <span class='ocrx_word' id='word_1_334' title='bbox 1308 1152 1342 1175; x_wconf 87' lang='lat' dir='ltr'><strong>se</strong></span> <span class='ocrx_word' id='word_1_335' title='bbox 1364 1142 1548 1181; x_wconf 84' lang='lat' dir='ltr'><strong>habuerint,</strong></span> <span class='ocrx_word' id='word_1_336' title='bbox 1566 1143 1707 1178; x_wconf 74' lang='lat' dir='ltr'><strong>illa.st‘1-</strong></span> 
     </span>
     <span class='ocr_line' id='line_1_72' title="bbox 971 1194 1707 1237; baseline 0.003 -12"><span class='ocrx_word' id='word_1_337' title='bbox 971 1194 1026 1226; x_wconf 85' lang='lat' dir='ltr'><strong>tim</strong></span> <span class='ocrx_word' id='word_1_338' title='bbox 1062 1200 1157 1237; x_wconf 85' lang='lat' dir='ltr'><strong>atque</strong></span> <span class='ocrx_word' id='word_1_339' title='bbox 1182 1200 1369 1237; x_wconf 85' lang='lat' dir='ltr'><strong>praesentes</strong></span> <span class='ocrx_word' id='word_1_340' title='bbox 1395 1195 1521 1228; x_wconf 83' lang='lat' dir='ltr'><strong>litterae</strong></span> <span class='ocrx_word' id='word_1_341' title='bbox 1548 1195 1592 1228; x_wconf 87' lang='lat' dir='ltr'><strong>cis</strong></span> <span class='ocrx_word' id='word_1_342' title='bbox 1617 1195 1707 1227; x_wconf 82' lang='lat' dir='ltr'><strong>inno-</strong></span> 
     </span>
     <span class='ocr_line' id='line_1_73' title="bbox 971 1246 1706 1286; baseline 0.001 -8"><span class='ocrx_word' id='word_1_343' title='bbox 971 1246 1102 1286; x_wconf 84' lang='lat' dir='ltr'><strong>tuerint,</strong></span> <span class='ocrx_word' id='word_1_344' title='bbox 1130 1247 1275 1279; x_wconf 84' lang='lat' dir='ltr'><strong>locorum</strong></span> <span class='ocrx_word' id='word_1_345' title='bbox 1293 1247 1468 1280; x_wconf 83' lang='lat' dir='ltr'><strong>Ordinariis</strong></span> <span class='ocrx_word' id='word_1_346' title='bbox 1493 1249 1542 1280; x_wconf 82' lang='lat' dir='ltr'><strong>vel</strong></span> <span class='ocrx_word' id='word_1_347' title='bbox 1568 1248 1706 1280; x_wconf 84' lang='lat' dir='ltr'><strong>baereti-</strong></span> 
     </span>
     <span class='ocr_line' id='line_1_74' title="bbox 970 1299 1707 1342; baseline 0.001 -11"><span class='ocrx_word' id='word_1_348' title='bbox 970 1310 1025 1331; x_wconf 83' lang='lat' dir='ltr'><strong>cae</strong></span> <span class='ocrx_word' id='word_1_349' title='bbox 1051 1299 1215 1341; x_wconf 83' lang='lat' dir='ltr'><strong>pravitatis</strong></span> <span class='ocrx_word' id='word_1_350' title='bbox 1240 1299 1490 1342; x_wconf 86' lang='lat' dir='ltr'><strong>inquisitoribus</strong></span> <span class='ocrx_word' id='word_1_351' title='bbox 1512 1300 1639 1332; x_wconf 82' lang='lat' dir='ltr'><strong>tradere</strong></span> <span class='ocrx_word' id='word_1_352' title='bbox 1665 1305 1707 1332; x_wconf 85' lang='lat' dir='ltr'><strong>at-</strong></span> 
     </span>
     <span class='ocr_line' id='line_1_75' title="bbox 970 1351 1707 1394; baseline 0.003 -11"><span class='ocrx_word' id='word_1_353' title='bbox 970 1362 1031 1394; x_wconf 85' lang='lat' dir='ltr'><strong>que</strong></span> <span class='ocrx_word' id='word_1_354' title='bbox 1057 1351 1249 1394; x_wconf 79' lang='lat' dir='ltr'><strong>consignare</strong></span> <span class='ocrx_word' id='word_1_355' title='bbox 1274 1356 1466 1391; x_wconf 80' lang='lat' dir='ltr'><strong>teneantur;</strong></span> <span class='ocrx_word' id='word_1_356' title='bbox 1505 1352 1537 1384; x_wconf 87' lang='lat' dir='ltr'><strong>bi</strong></span> <span class='ocrx_word' id='word_1_357' title='bbox 1564 1363 1637 1385; x_wconf 88' lang='lat' dir='ltr'><strong>vero</strong></span> <span class='ocrx_word' id='word_1_358' title='bbox 1670 1362 1707 1385; x_wconf 81' lang='lat' dir='ltr'><strong>ea</strong></span> 
     </span>
     <span class='ocr_line' id='line_1_76' title="bbox 969 1404 1702 1438; baseline 0 -2"><span class='ocrx_word' id='word_1_359' title='bbox 969 1404 1028 1436; x_wconf 89' lang='lat' dir='ltr'><strong>sibi</strong></span> <span class='ocrx_word' id='word_1_360' title='bbox 1062 1405 1109 1436; x_wconf 87' lang='lat' dir='ltr'><strong>sic</strong></span> <span class='ocrx_word' id='word_1_361' title='bbox 1142 1404 1258 1436; x_wconf 86' lang='lat' dir='ltr'><strong>tradita</strong></span> <span class='ocrx_word' id='word_1_362' title='bbox 1294 1404 1381 1437; x_wconf 90' lang='lat' dir='ltr'><strong>illico</strong></span> <span class='ocrx_word' id='word_1_363' title='bbox 1414 1404 1548 1437; x_wconf 79' lang='lat' dir='ltr'><strong>flammis</strong></span> <span class='ocrx_word' id='word_1_364' title='bbox 1580 1405 1702 1438; x_wconf 85' lang='lat' dir='ltr'><strong>aboleri</strong></span> 
     </span>
     <span class='ocr_line' id='line_1_77' title="bbox 969 1456 1703 1490; baseline 0.003 -2"><span class='ocrx_word' id='word_1_365' title='bbox 969 1462 1094 1489; x_wconf 77' lang='lat' dir='ltr'><strong>curent.</strong></span> <span class='ocrx_word' id='word_1_366' title='bbox 1122 1457 1155 1489; x_wconf 90' lang='lat' dir='ltr'><strong>In</strong></span> <span class='ocrx_word' id='word_1_367' title='bbox 1188 1456 1387 1490; x_wconf 85' lang='lat' dir='ltr'><strong>contrarium</strong></span> <span class='ocrx_word' id='word_1_368' title='bbox 1423 1457 1613 1490; x_wconf 80' lang='lat' dir='ltr'><strong>facientibus</strong></span> <span class='ocrx_word' id='word_1_369' title='bbox 1639 1467 1703 1490; x_wconf 87' lang='lat' dir='ltr'><strong>non</strong></span> 
     </span>
     <span class='ocr_line' id='line_1_78' title="bbox 967 1509 1464 1552; baseline -0.002 -10"><span class='ocrx_word' id='word_1_370' title='bbox 967 1509 1168 1542; x_wconf 82' lang='lat' dir='ltr'><strong>obstantibus</strong></span> <span class='ocrx_word' id='word_1_371' title='bbox 1195 1509 1464 1552; x_wconf 81' lang='lat' dir='ltr'><strong>quibuscumque.</strong></span> 
     </span>
    </p>

    <p class='ocr_par' dir='ltr' id='par_1_12' title="bbox 965 1562 1704 2450">
     <span class='ocr_line' id='line_1_79' title="bbox 1011 1562 1704 1605; baseline 0.003 -11"><span class='ocrx_word' id='word_1_372' title='bbox 1011 1562 1025 1604; x_wconf 64' lang='grc' dir='ltr'><strong>ἓ</strong></span> <span class='ocrx_word' id='word_1_373' title='bbox 1050 1562 1081 1595; x_wconf 78' lang='lat'><strong>3.</strong></span> <span class='ocrx_word' id='word_1_374' title='bbox 1102 1562 1141 1594; x_wconf 89' lang='lat' dir='ltr'><strong>Ut</strong></span> <span class='ocrx_word' id='word_1_375' title='bbox 1164 1568 1271 1594; x_wconf 86' lang='lat' dir='ltr'><strong>autem</strong></span> <span class='ocrx_word' id='word_1_376' title='bbox 1296 1563 1430 1596; x_wconf 87' lang='lat' dir='ltr'><strong>eaedem</strong></span> <span class='ocrx_word' id='word_1_377' title='bbox 1451 1568 1639 1605; x_wconf 82' lang='lat' dir='ltr'><strong>praesentes</strong></span> <span class='ocrx_word' id='word_1_378' title='bbox 1657 1564 1704 1596; x_wconf 91' lang='lat' dir='ltr'><strong>lit-</strong></span> 
     </span>
     <span class='ocr_line' id='line_1_80' title="bbox 969 1615 1703 1658; baseline 0.003 -12"><span class='ocrx_word' id='word_1_379' title='bbox 969 1620 1055 1647; x_wconf 85' lang='lat' dir='ltr'><strong>terae</strong></span> <span class='ocrx_word' id='word_1_380' title='bbox 1080 1615 1120 1648; x_wconf 83' lang='lat' dir='ltr'><strong>ad</strong></span> <span class='ocrx_word' id='word_1_381' title='bbox 1145 1615 1287 1647; x_wconf 79' lang='lat' dir='ltr'><strong>omnium</strong></span> <span class='ocrx_word' id='word_1_382' title='bbox 1317 1615 1462 1648; x_wconf 84' lang='lat' dir='ltr'><strong>notitiam</strong></span> <span class='ocrx_word' id='word_1_383' title='bbox 1488 1616 1610 1648; x_wconf 81' lang='lat' dir='ltr'><strong>facilius</strong></span> <span class='ocrx_word' id='word_1_384' title='bbox 1635 1626 1703 1658; x_wconf 56' lang='lat' dir='ltr'><strong>peu</strong></span> 
     </span>
     <span class='ocr_line' id='line_1_81' title="bbox 967 1667 1703 1711; baseline 0.003 -12"><span class='ocrx_word' id='word_1_385' title='bbox 967 1667 1108 1707; x_wconf 86' lang='lat' dir='ltr'><strong>veniant,</strong></span> <span class='ocrx_word' id='word_1_386' title='bbox 1128 1677 1187 1700; x_wconf 88' lang='lat' dir='ltr'><strong>nec</strong></span> <span class='ocrx_word' id='word_1_387' title='bbox 1213 1668 1382 1711; x_wconf 87' lang='lat' dir='ltr'><strong>quisquam</strong></span> <span class='ocrx_word' id='word_1_388' title='bbox 1407 1668 1532 1701; x_wconf 82' lang='lat' dir='ltr'><strong>illarum</strong></span> <span class='ocrx_word' id='word_1_389' title='bbox 1550 1668 1703 1710; x_wconf 77' lang='lat' dir='ltr'><strong>ignoran-</strong></span> 
     </span>
     <span class='ocr_line' id='line_1_82' title="bbox 968 1720 1704 1762; baseline 0.001 -10"><span class='ocrx_word' id='word_1_390' title='bbox 968 1720 1042 1753; x_wconf 86' lang='lat' dir='ltr'><strong>tiam</strong></span> <span class='ocrx_word' id='word_1_391' title='bbox 1067 1720 1209 1762; x_wconf 79' lang='lat' dir='ltr'><strong>allegare</strong></span> <span class='ocrx_word' id='word_1_392' title='bbox 1234 1720 1347 1762; x_wconf 86' lang='lat' dir='ltr'><strong>possit,</strong></span> <span class='ocrx_word' id='word_1_393' title='bbox 1374 1722 1520 1753; x_wconf 89' lang='lat' dir='ltr'><strong>volumus</strong></span> <span class='ocrx_word' id='word_1_394' title='bbox 1545 1720 1650 1760; x_wconf 87' lang='lat' dir='ltr'><strong>etiam,</strong></span> <span class='ocrx_word' id='word_1_395' title='bbox 1673 1727 1704 1754; x_wconf 84' lang='lat' dir='ltr'><strong>et</strong></span> 
     </span>
     <span class='ocr_line' id='line_1_83' title="bbox 966 1772 1702 1814; baseline 0.001 -9"><span class='ocrx_word' id='word_1_396' title='bbox 966 1772 1157 1805; x_wconf 86' lang='lat' dir='ltr'><strong>auctoritate</strong></span> <span class='ocrx_word' id='word_1_397' title='bbox 1182 1772 1325 1814; x_wconf 73' lang='lat' dir='ltr'><strong>praefata</strong></span> <span class='ocrx_word' id='word_1_398' title='bbox 1342 1772 1556 1813; x_wconf 85' lang='lat' dir='ltr'><strong>decernimus,</strong></span> <span class='ocrx_word' id='word_1_399' title='bbox 1576 1779 1610 1805; x_wconf 85' lang='lat' dir='ltr'><strong>ut</strong></span> <span class='ocrx_word' id='word_1_400' title='bbox 1627 1774 1702 1806; x_wconf 82' lang='lat' dir='ltr'><strong>illac</strong></span> 
     </span>
     <span class='ocr_line' id='line_1_84' title="bbox 967 1825 1702 1869; baseline 0.003 -11"><span class='ocrx_word' id='word_1_401' title='bbox 967 1826 1006 1858; x_wconf 86' lang='lat' dir='ltr'><strong>ad</strong></span> <span class='ocrx_word' id='word_1_402' title='bbox 1031 1826 1134 1858; x_wconf 86' lang='lat' dir='ltr'><strong>valvas</strong></span> <span class='ocrx_word' id='word_1_403' title='bbox 1167 1825 1320 1858; x_wconf 86' lang='lat' dir='ltr'><strong>basilicae</strong></span> <span class='ocrx_word' id='word_1_404' title='bbox 1347 1825 1504 1869; x_wconf 85' lang='lat' dir='ltr'><strong>Principis</strong></span> <span class='ocrx_word' id='word_1_405' title='bbox 1529 1827 1702 1869; x_wconf 85' lang='lat' dir='ltr'><strong>Apostolo-</strong></span> 
     </span>
     <span class='ocr_line' id='line_1_85' title="bbox 966 1878 1704 1921; baseline 0.004 -11"><span class='ocrx_word' id='word_1_406' title='bbox 966 1889 1036 1912; x_wconf 85' lang='lat' dir='ltr'><strong>rum</strong></span> <span class='ocrx_word' id='word_1_407' title='bbox 1052 1889 1089 1911; x_wconf 89' lang='lat' dir='ltr'><strong>ac</strong></span> <span class='ocrx_word' id='word_1_408' title='bbox 1106 1878 1324 1911; x_wconf 85' lang='lat' dir='ltr'><strong>Cancellariae</strong></span> <span class='ocrx_word' id='word_1_409' title='bbox 1344 1879 1550 1921; x_wconf 86' lang='lat' dir='ltr'><strong>Apostolicae</strong></span> <span class='ocrx_word' id='word_1_410' title='bbox 1575 1880 1704 1914; x_wconf 87' lang='lat' dir='ltr'><strong>Curiae-</strong></span> 
     </span>
     <span class='ocr_line' id='line_1_86' title="bbox 967 1931 1703 1974; baseline 0.004 -11"><span class='ocrx_word' id='word_1_411' title='bbox 967 1941 1030 1974; x_wconf 88' lang='lat' dir='ltr'><strong>que</strong></span> <span class='ocrx_word' id='word_1_412' title='bbox 1056 1931 1216 1973; x_wconf 84' lang='lat' dir='ltr'><strong>generalis</strong></span> <span class='ocrx_word' id='word_1_413' title='bbox 1241 1931 1274 1964; x_wconf 92' lang='lat' dir='ltr'><strong>in</strong></span> <span class='ocrx_word' id='word_1_414' title='bbox 1298 1931 1405 1964; x_wconf 88' lang='lat' dir='ltr'><strong>Monte</strong></span> <span class='ocrx_word' id='word_1_415' title='bbox 1436 1931 1590 1965; x_wconf 84' lang='lat' dir='ltr'><strong>Citatorio</strong></span> <span class='ocrx_word' id='word_1_416' title='bbox 1616 1938 1646 1966; x_wconf 87' lang='lat' dir='ltr'><strong>ct</strong></span> <span class='ocrx_word' id='word_1_417' title='bbox 1670 1934 1703 1966; x_wconf 89' lang='lat' dir='ltr'><strong>in</strong></span> 
     </span>
     <span class='ocr_line' id='line_1_87' title="bbox 967 1983 1701 2028; baseline 0.003 -12"><span class='ocrx_word' id='word_1_418' title='bbox 967 1983 1034 2016; x_wconf 83' lang='lat' dir='ltr'><strong>acie</strong></span> <span class='ocrx_word' id='word_1_419' title='bbox 1059 1983 1269 2026; x_wconf 85' lang='lat' dir='ltr'><strong>Campissorae</strong></span> <span class='ocrx_word' id='word_1_420' title='bbox 1302 1984 1341 2016; x_wconf 91' lang='lat' dir='ltr'><strong>de</strong></span> <span class='ocrx_word' id='word_1_421' title='bbox 1366 1983 1451 2017; x_wconf 90' lang='lat' dir='ltr'><strong>Urbe</strong></span> <span class='ocrx_word' id='word_1_422' title='bbox 1485 1995 1545 2027; x_wconf 89' lang='lat' dir='ltr'><strong>per</strong></span> <span class='ocrx_word' id='word_1_423' title='bbox 1576 1986 1701 2028; x_wconf 85' lang='lat' dir='ltr'><strong>aliquos</strong></span> 
     </span>
     <span class='ocr_line' id='line_1_88' title="bbox 966 2036 1700 2080; baseline 0.003 -12"><span class='ocrx_word' id='word_1_424' title='bbox 966 2047 1003 2069; x_wconf 87' lang='lat' dir='ltr'><strong>ex</strong></span> <span class='ocrx_word' id='word_1_425' title='bbox 1029 2036 1217 2068; x_wconf 84' lang='lat' dir='ltr'><strong>cursoribus</strong></span> <span class='ocrx_word' id='word_1_426' title='bbox 1242 2036 1368 2076; x_wconf 86' lang='lat' dir='ltr'><strong>nostris,</strong></span> <span class='ocrx_word' id='word_1_427' title='bbox 1391 2041 1423 2068; x_wconf 88' lang='lat' dir='ltr'><strong>ut</strong></span> <span class='ocrx_word' id='word_1_428' title='bbox 1449 2037 1548 2070; x_wconf 89' lang='lat' dir='ltr'><strong>moris</strong></span> <span class='ocrx_word' id='word_1_429' title='bbox 1574 2042 1700 2080; x_wconf 85' lang='lat' dir='ltr'><strong>est‚pu-</strong></span> 
     </span>
     <span class='ocr_line' id='line_1_89' title="bbox 965 2089 1701 2132; baseline 0.004 -12"><span class='ocrx_word' id='word_1_430' title='bbox 965 2089 1150 2129; x_wconf 87' lang='lat' dir='ltr'><strong>blicentur,</strong></span> <span class='ocrx_word' id='word_1_431' title='bbox 1177 2089 1369 2132; x_wconf 86' lang='lat' dir='ltr'><strong>illarumque</strong></span> <span class='ocrx_word' id='word_1_432' title='bbox 1401 2091 1549 2132; x_wconf 87' lang='lat' dir='ltr'><strong>exempla</strong></span> <span class='ocrx_word' id='word_1_433' title='bbox 1580 2091 1701 2123; x_wconf 82' lang='lat' dir='ltr'><strong>ibidem</strong></span> 
     </span>
     <span class='ocr_line' id='line_1_90' title="bbox 966 2142 1701 2187; baseline 0.004 -13"><span class='ocrx_word' id='word_1_434' title='bbox 966 2142 1057 2174; x_wconf 80' lang='lat' dir='ltr'><strong>affixa</strong></span> <span class='ocrx_word' id='word_1_435' title='bbox 1093 2142 1342 2184; x_wconf 83' lang='lat' dir='ltr'><strong>relinquantur,</strong></span> <span class='ocrx_word' id='word_1_436' title='bbox 1382 2149 1413 2176; x_wconf 86' lang='lat' dir='ltr'><strong>et</strong></span> <span class='ocrx_word' id='word_1_437' title='bbox 1451 2144 1497 2176; x_wconf 81' lang='lat' dir='ltr'><strong>sic</strong></span> <span class='ocrx_word' id='word_1_438' title='bbox 1535 2145 1701 2187; x_wconf 81' lang='lat' dir='ltr'><strong>publicato</strong></span> 
     </span>
     <span class='ocr_line' id='line_1_91' title="bbox 966 2194 1701 2238; baseline 0.001 -10"><span class='ocrx_word' id='word_1_439' title='bbox 966 2205 1077 2228; x_wconf 90' lang='lat' dir='ltr'><strong>omnes</strong></span> <span class='ocrx_word' id='word_1_440' title='bbox 1114 2199 1145 2227; x_wconf 88' lang='lat' dir='ltr'><strong>et</strong></span> <span class='ocrx_word' id='word_1_441' title='bbox 1181 2194 1352 2237; x_wconf 80' lang='lat' dir='ltr'><strong>singulos,</strong></span> <span class='ocrx_word' id='word_1_442' title='bbox 1384 2206 1463 2238; x_wconf 87' lang='lat' dir='ltr'><strong>quos</strong></span> <span class='ocrx_word' id='word_1_443' title='bbox 1490 2202 1701 2237; x_wconf 83' lang='lat' dir='ltr'><strong>concernunt,</strong></span> 
     </span>
     <span class='ocr_line' id='line_1_92' title="bbox 966 2246 1703 2291; baseline 0.003 -12"><span class='ocrx_word' id='word_1_444' title='bbox 966 2246 1100 2289; x_wconf 84' lang='lat' dir='ltr'><strong>perinde</strong></span> <span class='ocrx_word' id='word_1_445' title='bbox 1126 2246 1282 2287; x_wconf 84' lang='lat' dir='ltr'><strong>afficiant,</strong></span> <span class='ocrx_word' id='word_1_446' title='bbox 1315 2258 1351 2281; x_wconf 85' lang='lat' dir='ltr'><strong>ac</strong></span> <span class='ocrx_word' id='word_1_447' title='bbox 1377 2248 1403 2280; x_wconf 90' lang='lat' dir='ltr'><strong>si</strong></span> <span class='ocrx_word' id='word_1_448' title='bbox 1430 2248 1604 2291; x_wconf 85' lang='lat' dir='ltr'><strong>unicuique</strong></span> <span class='ocrx_word' id='word_1_449' title='bbox 1629 2249 1703 2282; x_wconf 92' lang='lat' dir='ltr'><strong>illo-</strong></span> 
     </span>
     <span class='ocr_line' id='line_1_93' title="bbox 965 2299 1702 2343; baseline 0.004 -12"><span class='ocrx_word' id='word_1_450' title='bbox 965 2309 1034 2332; x_wconf 89' lang='lat' dir='ltr'><strong>rum</strong></span> <span class='ocrx_word' id='word_1_451' title='bbox 1065 2299 1280 2343; x_wconf 85' lang='lat' dir='ltr'><strong>personaliter</strong></span> <span class='ocrx_word' id='word_1_452' title='bbox 1308 2300 1492 2334; x_wconf 77' lang='lat' dir='ltr'><strong>notificatae</strong></span> <span class='ocrx_word' id='word_1_453' title='bbox 1518 2307 1550 2334; x_wconf 88' lang='lat' dir='ltr'><strong>et</strong></span> <span class='ocrx_word' id='word_1_454' title='bbox 1576 2301 1702 2334; x_wconf 83' lang='lat' dir='ltr'><strong>intima-</strong></span> 
     </span>
     <span class='ocr_line' id='line_1_94' title="bbox 966 2352 1701 2396; baseline 0.004 -12"><span class='ocrx_word' id='word_1_455' title='bbox 966 2357 1015 2385; x_wconf 84' lang='lat' dir='ltr'><strong>tae</strong></span> <span class='ocrx_word' id='word_1_456' title='bbox 1041 2352 1196 2393; x_wconf 81' lang='lat' dir='ltr'><strong>fuissent,</strong></span> <span class='ocrx_word' id='word_1_457' title='bbox 1235 2358 1335 2396; x_wconf 85' lang='lat' dir='ltr'><strong>utque</strong></span> <span class='ocrx_word' id='word_1_458' title='bbox 1373 2353 1516 2396; x_wconf 85' lang='lat' dir='ltr'><strong>ipsarum</strong></span> <span class='ocrx_word' id='word_1_459' title='bbox 1548 2364 1701 2396; x_wconf 86' lang='lat' dir='ltr'><strong>praesen-</strong></span> 
     </span>
     <span class='ocr_line' id='line_1_95' title="bbox 966 2405 1701 2450; baseline 0.005 -13"><span class='ocrx_word' id='word_1_460' title='bbox 966 2405 1045 2438; x_wconf 88' lang='lat' dir='ltr'><strong>tium</strong></span> <span class='ocrx_word' id='word_1_461' title='bbox 1062 2405 1245 2438; x_wconf 87' lang='lat' dir='ltr'><strong>litterarum</strong></span> <span class='ocrx_word' id='word_1_462' title='bbox 1272 2407 1492 2450; x_wconf 87' lang='lat' dir='ltr'><strong>transumptis,</strong></span> <span class='ocrx_word' id='word_1_463' title='bbox 1515 2417 1570 2440; x_wconf 90' lang='lat' dir='ltr'><strong>seu</strong></span> <span class='ocrx_word' id='word_1_464' title='bbox 1594 2418 1701 2441; x_wconf 79' lang='lat' dir='ltr'><strong>exem-</strong></span> 
     </span>
    </p>
   </div>
   <div class='ocr_carea' id='block_1_11' title="bbox 189 2457 1153 2510">
    <p class='ocr_par' dir='ltr' id='par_1_13' title="bbox 189 2457 1153 2510">
     <span class='ocr_line' id='line_1_96' title="bbox 189 2457 1153 2510; baseline -0.003 -8"><span class='ocrx_word' id='word_1_465' title='bbox 189 2473 309 2510; x_wconf 78' lang='lat' dir='ltr'><strong>episcopi</strong></span> <span class='ocrx_word' id='word_1_466' title='bbox 328 2472 453 2500; x_wconf 69' lang='lat' dir='ltr'><strong>liletensis</strong></span> <span class='ocrx_word' id='word_1_467' title='bbox 472 2471 587 2499; x_wconf 86' lang='lat' dir='ltr'><strong>habetur</strong></span> <span class='ocrx_word' id='word_1_468' title='bbox 598 2473 624 2499; x_wconf 88' lang='lat' dir='ltr'><strong>in</strong></span> <span class='ocrx_word' id='word_1_469' title='bbox 635 2473 687 2500; x_wconf 76' lang='lat' dir='ltr'><strong>alia</strong></span> <span class='ocrx_word' id='word_1_470' title='bbox 697 2472 776 2499; x_wconf 88' lang='lat' dir='ltr'><strong>liuius</strong></span> <span class='ocrx_word' id='word_1_471' title='bbox 788 2472 923 2501; x_wconf 85' lang='lat' dir='ltr'><strong>Pontificis</strong></span> <span class='ocrx_word' id='word_1_472' title='bbox 964 2457 1044 2501; x_wconf 89' lang='lat' dir='ltr'><strong>plis,</strong></span> <span class='ocrx_word' id='word_1_473' title='bbox 1071 2462 1130 2490; x_wconf 59' lang='lat' dir='ltr'><strong>etc·</strong></span> <span class='ocrx_word' id='word_1_474' title='bbox 1144 2458 1153 2473; x_wconf 72' lang='lat'>¹</span> 
     </span>
    </p>
   </div>
   <div class='ocr_carea' id='block_1_12' title="bbox 189 2515 921 2604">
    <p class='ocr_par' dir='ltr' id='par_1_14' title="bbox 189 2515 921 2604">
     <span class='ocr_line' id='line_1_97' title="bbox 189 2515 921 2552; baseline -0.003 -5"><span class='ocrx_word' id='word_1_475' title='bbox 189 2517 295 2548; x_wconf 85' lang='lat' dir='ltr'><strong>constit.</strong></span> <span class='ocrx_word' id='word_1_476' title='bbox 306 2517 370 2545; x_wconf 81' lang='lat' dir='ltr'><strong>edit.</strong></span> <span class='ocrx_word' id='word_1_477' title='bbox 386 2522 533 2550; x_wconf 70' lang='lat' dir='ltr'><strong>moccxmx,</strong></span> <span class='ocrx_word' id='word_1_478' title='bbox 545 2515 588 2543; x_wconf 84' lang='lat' dir='ltr'><strong>die</strong></span> <span class='ocrx_word' id='word_1_479' title='bbox 602 2516 617 2544; x_wconf 88' lang='lat'><em>8</em></span> <span class='ocrx_word' id='word_1_480' title='bbox 633 2516 763 2551; x_wconf 85' lang='lat' dir='ltr'><strong>octobris,</strong></span> <span class='ocrx_word' id='word_1_481' title='bbox 776 2517 871 2552; x_wconf 78' lang='lat' dir='ltr'><strong>pontis.</strong></span> <span class='ocrx_word' id='word_1_482' title='bbox 884 2525 921 2545; x_wconf 72' lang='lat' dir='ltr'><strong>v-i.</strong></span> 
     </span>
     <span class='ocr_line' id='line_1_98' title="bbox 259 2569 908 2604; baseline -0.003 -5"><span class='ocrx_word' id='word_1_483' title='bbox 259 2570 339 2604; x_wconf 77' lang='lat' dir='ltr'><strong>Bull,</strong></span> <span class='ocrx_word' id='word_1_484' title='bbox 360 2569 443 2598; x_wconf 83' lang='lat' dir='ltr'><strong>Rom.</strong></span> <span class='ocrx_word' id='word_1_485' title='bbox 464 2584 499 2592; x_wconf 91' lang='lat'>—</span> <span class='ocrx_word' id='word_1_486' title='bbox 522 2569 582 2599; x_wconf 85' lang='lat' dir='ltr'><strong>Vol.</strong></span> <span class='ocrx_word' id='word_1_487' title='bbox 604 2569 698 2598; x_wconf 84' lang='lat' dir='ltr'><strong><em>XXII.</em></strong></span> <span class='ocrx_word' id='word_1_488' title='bbox 858 2570 908 2598; x_wconf 84' lang='grc'><strong>106</strong></span> 
     </span>
    </p>
   </div>
   <div class='ocr_carea' id='block_1_13' title="bbox 1001 2518 1443 2556">
    <p class='ocr_par' dir='ltr' id='par_1_15' title="bbox 1001 2518 1443 2556">
     <span class='ocr_line' id='line_1_99' title="bbox 1001 2518 1443 2556; baseline 0.007 -10"><span class='ocrx_word' id='word_1_489' title='bbox 1001 2519 1013 2546; x_wconf 84' lang='grc'><strong>1</strong></span> <span class='ocrx_word' id='word_1_490' title='bbox 1035 2518 1069 2547; x_wconf 84' lang='lat' dir='ltr'><strong>Ut</strong></span> <span class='ocrx_word' id='word_1_491' title='bbox 1082 2527 1163 2555; x_wconf 82' lang='lat' dir='ltr'><strong>supra</strong></span> <span class='ocrx_word' id='word_1_492' title='bbox 1177 2526 1240 2555; x_wconf 82' lang='lat' dir='ltr'><strong>pag.</strong></span> <span class='ocrx_word' id='word_1_493' title='bbox 1259 2519 1291 2548; x_wconf 79' lang='lat'><strong>72</strong></span> <span class='ocrx_word' id='word_1_494' title='bbox 1307 2520 1322 2548; x_wconf 84' lang='lat' dir='ltr'><strong><em>b</em></strong></span> <span class='ocrx_word' id='word_1_495' title='bbox 1337 2519 1376 2556; x_wconf 73' lang='lat' dir='ltr'><strong>(a.</strong></span> <span class='ocrx_word' id='word_1_496' title='bbox 1395 2521 1443 2556; x_wconf 53' lang='grc' dir='ltr'><strong>ιη).</strong></span> 
     </span>
    </p>
   </div>
   <div class='ocr_carea' id='block_1_14' title="bbox 1719 148 1905 175">
    <p class='ocr_par' dir='ltr' id='par_1_16' title="bbox 1719 148 1905 175">
     <span class='ocr_line' id='line_1_100' title="bbox 1719 148 1905 175; baseline 0.016 -3"><span class='ocrx_word' id='word_1_497' title='bbox 1719 149 1766 174; x_wconf 71' lang='lat' dir='ltr'><strong>An.</strong></span> <span class='ocrx_word' id='word_1_498' title='bbox 1783 149 1810 174; x_wconf 73' lang='lat' dir='ltr'><strong>C.</strong></span> <span class='ocrx_word' id='word_1_499' title='bbox 1836 148 1905 175; x_wconf 63' lang='lat'>¹799</span> 
     </span>
    </p>
   </div>
   <div class='ocr_carea' id='block_1_15' title="bbox 1715 1573 1896 1646">
    <p class='ocr_par' dir='ltr' id='par_1_17' title="bbox 1715 1573 1896 1646">
     <span class='ocr_line' id='line_1_101' title="bbox 1730 1573 1896 1598; baseline 0 -5"><span class='ocrx_word' id='word_1_500' title='bbox 1730 1573 1746 1593; x_wconf 67' lang='lat' dir='ltr'><strong>i:</strong></span> <span class='ocrx_word' id='word_1_501' title='bbox 1757 1573 1841 1593; x_wconf 70' lang='lat' dir='ltr'><strong>tii-latur</strong></span> <span class='ocrx_word' id='word_1_502' title='bbox 1859 1579 1896 1598; x_wconf 72' lang='lat' dir='ltr'><strong>pii·</strong></span> 
     </span>
     <span class='ocr_line' id='line_1_102' title="bbox 1715 1601 1896 1620; baseline 0.006 -1"><span class='ocrx_word' id='word_1_503' title='bbox 1715 1601 1803 1620; x_wconf 57' lang='lat' dir='ltr'><strong>llaatio</strong></span> <span class='ocrx_word' id='word_1_504' title='bbox 1823 1601 1896 1620; x_wconf 65' lang='lat' dir='ltr'><strong>aarum</strong></span> 
     </span>
     <span class='ocr_line' id='line_1_103' title="bbox 1715 1626 1838 1646; baseline 0.008 -1"><span class='ocrx_word' id='word_1_505' title='bbox 1715 1626 1838 1646; x_wconf 59' lang='lat' dir='ltr'><strong>latinarum.</strong></span> 
     </span>
    </p>
   </div>
  </div>
 </body>
</html>
