2170 3147
451 208 515 240 sot
999 214 1182 239 semanimi

414 264 620 308 provincialis
640 292 648 305 ,
675 264 792 308 reliqui
819 274 895 297 vero
921 274 973 297 sex
1001 274 1039 297 ex
1065 269 1157 308 parte

413 319 554 351 custodis
572 331 578 359 3
599 330 635 351 ac
662 319 798 362 insuper
823 323 1048 352 convenerant
1073 318 1157 361 quod

414 373 632 405 confessarius
659 372 847 405 monialium
873 372 1064 405 monasterii
1090 382 1159 404 san-

413 432 481 458 ctae
503 427 616 459 liuciae
643 427 854 459 assumendus
879 427 920 459 sit
945 438 980 459 ex
1008 432 1097 469 parte
1124 438 1158 458 cx

415 491 475 522 qua
497 487 682 523 assumptus
701 480 798 512 fuerit
823 479 909 512 idem
929 479 1158 522 provincialis,

414 541 444 565 et
471 534 557 576 quod
578 534 719 566 lectores
747 539 812 565 tum
840 533 1071 576 philosophiae
1095 538 1159 565 tum

415 598 524 619 sacrae
552 587 735 629 theologiae
772 591 803 619 et
835 585 922 618 verbi
949 585 1004 618 Dei
1032 586 1160 629 praedi-

414 645 551 679 catores,
577 640 630 682 qui
657 639 886 672 conventuales
913 639 1082 678 dicuntur,
1110 650 1161 671 ac-

415 693 555 736 qualiter
574 693 704 736 utrique
732 692 812 735 parti
840 692 1092 732 distribuantur3
1113 697 1160 731 et,

415 746 445 778 in
473 757 546 779 casu
573 745 750 779 vacationis
777 756 812 779 ex
836 756 1038 789 quacumque
1065 748 1162 779 causa

417 799 650 842 provenientis,
676 798 863 842 subrogatio
890 797 961 837 fiat,
988 797 1074 831 iuxta
1100 799 1162 831 for—

417 864 500 885 mam
539 852 809 886 constitutionum
846 852 1047 895 generalium
1086 851 1161 885 dieti

416 906 544 939 Ordinis
566 906 756 939 auctoritate
786 906 967 949 apostolica
991 905 1163 939 confirma-

417 959 556 999 taiuin,¹
577 959 629 992 uhi
656 959 779 992 vacatio
799 959 971 999 acciderit3
1001 958 1031 991 in
1049 958 1163 991 admit-

419 1013 523 1045 tendis
549 1018 654 1045 autem
675 1013 713 1045 ad
734 1012 890 1051 habitum,
905 1012 1010 1045 nova²
1027 1012 1163 1044 alterna-

419 1065 480 1098 tiva
506 1067 663 1098 servanda
688 1065 760 1105 erit,
787 1066 853 1105 sed,
875 1066 1015 1108 probata
1040 1064 1163 1098 idonei-

418 1123 490 1158 tate,
517 1119 715 1161 set-vatisque
742 1120 828 1151 iuxta
853 1123 972 1151 statuta
997 1117 1162 1160 generalia

417 1171 547 1204 Ordinis
562 1171 720 1215 praedicti
741 1172 918 1211 servandis,
942 1170 1164 1204 indifferenter

418 1225 641 1264 admittantur,
671 1224 847 1257 dummodo
873 1224 904 1256 in
930 1234 1032 1267 regno
1057 1223 1164 1256 Sardi-

417 1278 489 1311 niae
510 1278 571 1311 sint
591 1277 676 1318 nati,
698 1283 729 1311 et
746 1277 828 1310 haec
846 1277 966 1317 omnia,
988 1288 1005 1310 a
1021 1277 1165 1320 praefata

418 1333 585 1375 provincia
609 1332 823 1373 concordata,
852 1343 868 1365 a
894 1331 1081 1365 definitorio
1112 1342 1165 1374 ge-

419 1386 523 1418 nerali
554 1387 603 1419 die
636 1395 701 1419 xxu
727 1386 801 1419 maii
827 1395 994 1420 Moccxxm
1030 1384 1164 1428 speciali

420 1439 552 1472 decreto
578 1439 638 1472 sub
664 1439 823 1472 nullitatis
844 1441 952 1482 poena
977 1437 1166 1471 confirmata

422 1493 573 1525 fuerant:
603 1493 742 1536 ideoque
767 1504 827 1537 pro
854 1498 944 1536 parte
971 1492 1046 1526 dicti
1074 1493 1167 1525 Anto-

422 1546 466 1578 nii
504 1546 600 1579 etiam
638 1547 733 1579 totius
771 1546 954 1589 provinciae
981 1546 1165 1579 huiusmodi

424 1599 556 1632 nominc
576 1600 670 1633 nobis
693 1600 878 1643 supplicato
897 1605 931 1632 ut
955 1599 1166 1633 concordiam

423 1658 455 1684 <t
491 1653 716 1686 alternativam
751 1653 950 1696 praedictam
987 1652 1167 1696 approbare

423 1713 454 1740 ct
479 1709 539 1740 suh
566 1708 680 1740 eadem
706 1709 813 1750 poena
839 1706 1005 1740 observari
1036 1705 1169 1739 manda-

421 1772 546 1793 remus:

279 1825 292 1845 Α
311 1824 410 1845 enormen
468 1816 481 1858 ἓ
507 1814 537 1847 ⁶2.
565 1814 627 1848 Nos
653 1814 835 1857 supplicem
872 1813 1043 1854 libellum,
1070 1824 1170 1856 super

228 1859 315 1872 nuum<a
359 1852 412 1871 unum

228 1878 355 1929 ff'lss'ss'hssil‘]
371 1868 608 1923 ¹¹:3¹1¹praemissis
627 1867 721 1900 nobis
743 1873 949 1910 porrectum,
969 1867 1009 1900 ad
1027 1866 1169 1909 Congre-

245 1916 255 1922 ..
274 1912 283 1929 g
299 1912 306 1921 ,Δ
325 1912 329 1923 2
357 1912 366 1920 a
391 1911 394 1917 ·

228 1937 376 1957 esu->vaporum
393 1922 588 1964 utgationem
615 1921 852 1954 venerabilium
877 1922 1012 1954 fratrum
1045 1926 1168 1954 nostro-

248 1960 392 1980 regutiruini,

343 1986 498 2022 ==g=31-311·um
536 1975 566 2008 S.
589 1975 625 2007 R.
646 1975 680 2007 E.
712 1975 923 2007 cardinalium
962 1974 1102 2017 negotiis
1139 1979 1169 2007 et

350 2017 719 2061 ‘*¹'‘'‘consultationibus
744 2028 974 2072 episcoporum
996 2033 1027 2060 ct
1044 2028 1170 2071 regula-

425 2084 508 2115 rium
537 2083 756 2126 praepositam
777 2083 979 2123 remisimus3
1000 2093 1082 2125 quae
1102 2083 1170 2125 qui-

426 2137 497 2168 dem
524 2135 742 2178 Congregatio
780 2146 840 2179 per
877 2146 967 2168 suum
1002 2136 1168 2168 decretum

427 2189 477 2221 die
497 2199 532 2221 xx
550 2189 660 2232 aprilis
677 2189 821 2231 proxime
840 2188 1008 2232 praeteriti
1035 2189 1169 2227 editum,

426 2245 547 2275 attenta
586 2243 743 2275 relatione
782 2242 889 2275 dilecti
927 2242 982 2275 filii
1022 2231 1193 2280 modernil

428 2296 639 2327 eonnnissarii
676 2296 839 2338 generalis
877 2295 992 2328 Curiae
1026 2295 1168 2328 eiusdem

427 2347 563 2385 Ordinis,
584 2349 723 2391 henigne
738 2348 897 2381 commisit
913 2349 1032 2381 dilecto
1049 2348 1171 2392 pariter

427 2400 494 2433 filio
531 2402 616 2433 illius
652 2402 800 2435 ministro
837 2402 992 2444 generali,
1018 2407 1062 2443 ut,
1088 2402 1171 2434 veris

429 2455 640 2486 existentibus
667 2455 815 2495 narratis,
836 2461 1042 2497 etquatcnus
1070 2455 1112 2487 ita
1138 2455 1169 2487 in

427 2507 563 2539 Domino
591 2507 742 2549 expedire
768 2508 965 2547 censuisset,
994 2507 1172 2550 suprascri-

220 219 256 243 Au
286 218 315 244 C.
338 217 403 243 ¹795

228 1990 283 2010 qnae

228 2013 323 2031 nnnissro

229 2038 276 2058 rata.

464 2581 475 2606 1
500 2578 613 2605 Yidetur
633 2578 727 2604 deesse
748 2586 782 2605 etc
802 2579 853 2605 itta
872 2581 957 2612 parte
979 2579 1015 2612 (ἢ.
1032 2578 1081 2612 Τ,).

464 2623 479 2650 2
500 2623 614 2650 t'idctur
634 2623 778 2657 legendum
800 2623 882 2648 nulla
904 2630 952 2656 pro
973 2630 1046 2649 noca
1062 2625 1102 2653 (ιι.
1121 2628 1169 2656 T.)

1207 214 1363 239 ROMANUM

1203 268 1272 306 ptas
1310 263 1520 296 concordiam
1557 267 1588 296 et
1624 262 1847 297 alternativam
1884 273 1944 306 pro

1203 327 1260 349 suo
1294 316 1430 349 arbitrio
1457 321 1487 350 et
1512 316 1711 350 conscientia
1747 316 1946 359 approbaret

1203 374 1300 413 atque
1327 369 1555 410 confirmaret,
1582 376 1613 403 et
1637 370 1669 403 in
1706 377 1873 413 posterum
1907 370 1946 402 ab

1203 423 1355 455 omnibus
1392 423 1450 456 sub
1486 425 1592 466 poena
1628 423 1785 456 nullitatis
1826 423 1946 455 servari

1205 476 1387 508 mandaret.
1427 475 1516 508 Unde
1542 476 1645 508 dictus
1670 476 1819 508 minister
1849 485 1948 517 gene-

1206 528 1291 567 ralis,
1311 528 1342 560 in
1361 528 1422 561 vim
1442 528 1597 561 facultatis
1616 527 1677 560 sibi
1699 527 1743 560 sic
1765 527 1948 568 attributae,

1205 581 1305 613 edidit
1337 581 1502 614 decretum
1542 581 1662 615 tenoris
1700 581 1752 624 qui
1790 581 1945 624 sequitur,

1204 634 1353 668 videlieet
1370 646 1376 667 :

1244 692 1326 731 Cum,
1350 693 1425 722 sieut
1448 692 1614 732 acecpimus
1637 702 1671 722 ex
1694 692 1883 732 retroscripto
1901 692 1949 722 de·
1986 698 2000 718 Α
2016 699 2139 724 quodum·

1205 746 1285 771 creto
1308 751 1407 771 sacrae
1427 741 1668 780 Congregationis
1691 741 1817 779 negotiis
1839 725 2066 780 episco-fffl‘v'afm‘
2086 731 2141 747 (Μ’

1207 800 1309 829 porum
1327 795 1355 820 et
1372 791 1549 829 regularium
1575 790 1774 830 praepositae,
1799 790 1949 830 provincia

1206 842 1304 868 nostra
1327 838 1356 869 S.
1375 839 1527 869 Saturnini
1552 839 1687 878 martyris
1720 838 1747 868 iu
1771 848 1862 877 regno
1884 840 1951 869 Sar—

1205 887 1302 930 diniae
1325 888 1358 917 ad
1383 888 1512 917 eamdem
1547 896 1661 917 sacram
1690 887 1950 926 Congregationem

1206 932 1331 976 supplici
1354 936 1454 967 libello
1477 937 1638 966 recurrerit
1654 946 1707 975 pro
1729 936 1952 967 confirmatione

1206 986 1357 1014 cuiusdam
1392 985 1568 1014 concordiae
1597 990 1625 1015 et
1655 985 1851 1015 alternativae
1873 993 1952 1014 com-

1207 1034 1287 1063 muni
1310 1038 1376 1063 voto
1398 1038 1427 1064 et
1450 1043 1596 1063 consensu
1617 1034 1732 1063 decisae
1755 1033 1901 1064 stabilitae
1924 1038 1953 1063 et

1206 1083 1253 1112 die
1276 1092 1324 1112 xix
1347 1083 1487 1112 februarii
1519 1083 1588 1112 anni
1623 1091 1731 1112 muccw
1754 1082 1951 1122 approbatae,

1208 1141 1322 1162 necnon
1353 1142 1369 1162 a
1401 1132 1570 1162 definitorio
1599 1132 1731 1170 generali
1764 1133 1795 1162 in
1823 1132 1954 1171 capitulo

1208 1181 1311 1211 ultimo
1345 1182 1455 1211 Itomae
1488 1181 1647 1219 celebrato,
1682 1181 1800 1211 decreto
1833 1181 1954 1220 speciali

1208 1234 1343 1259 emanata
1367 1230 1413 1259 die
1436 1239 1495 1260 xxii
1520 1230 1586 1259 maii
1610 1238 1772 1269 mccxxiii,
1796 1233 1886 1270 atque
1908 1239 1955 1260 ea-

1207 1279 1272 1308 dem
1296 1279 1500 1317 congregatio,
1524 1279 1622 1309 audito
1645 1285 1728 1319 patre
1751 1279 1954 1309 commissario

1208 1328 1338 1366 generali
1371 1329 1471 1358 curiae
1503 1338 1553 1368 pro
1587 1328 1698 1358 familia
1726 1328 1953 1366 ultramontana,

1209 1378 1380 1416 attentaque
1415 1377 1546 1406 eiusdem
1580 1377 1741 1415 relatione,
1770 1377 1895 1407 arbitrio
1927 1382 1955 1406 et

1209 1426 1406 1455 conscientiae
1431 1430 1559 1461 nostrae,
1578 1431 1663 1465 prout
1680 1426 1709 1456 in
1729 1426 1852 1456 Domino
1869 1435 1956 1466 expe-

1209 1475 1272 1505 dire
1288 1475 1502 1511 censuerimus,
1523 1475 1694 1505 convenerit
1710 1476 1717 1492 ¹
1734 1480 1954 1515 praenarratam

1210 1524 1398 1554 concordiam
1423 1533 1473 1553 seu
1497 1525 1703 1554 alternativam
1737 1524 1900 1564 approbare
1927 1529 1955 1553 et

1210 1574 1397 1610 confirmare,
1421 1578 1507 1612 atque
1529 1569 1563 1603 ad
1587 1574 1650 1603 eius
1674 1573 1833 1603 firmiorem
1857 1572 1956 1603 ohser-

1211 1623 1356 1652 vationem
1376 1631 1462 1652 omne
1481 1622 1572 1652 robur
1594 1627 1794 1661 opportunum
1816 1622 1953 1652 adiicere:

1212 1681 1264 1701 nos
1292 1675 1459 1710 propterea,
1485 1671 1652 1701 huiusmodi
1669 1671 1806 1700 facultate
1828 1676 1856 1701 et
1877 1680 1956 1700 com-

1213 1720 1363 1756 missione,
1381 1729 1467 1759 quam
1491 1723 1660 1749 reverenter
1676 1719 1855 1758 accepimus,
1873 1723 1957 1749 uten-

1214 1774 1268 1806 tes,
1286 1769 1427 1798 certiores
1450 1768 1546 1798 effecti
1564 1769 1599 1798 de
1616 1769 1737 1798 veritate
1756 1773 1954 1805 narratorum,

1213 1817 1300 1848 Deum
1318 1828 1351 1848 ac
1368 1817 1477 1847 bouum
1501 1827 1655 1848 commune
1674 1818 1821 1857 praefatae
1839 1821 1957 1848 nostrae

1213 1867 1380 1907 provinciae
1415 1876 1483 1906 prae
1515 1867 1607 1896 oculis
1640 1866 1793 1905 habentes,
1817 1866 1954 1905 dicimus,

1213 1925 1368 1946 censemus
1391 1926 1423 1945 ac
1440 1916 1634 1954 declaramus,
1653 1916 1813 1955 praefatam
1836 1925 1957 1946 concor-

1212 1965 1288 1995 diam
1319 1975 1371 1995 seu
1403 1965 1610 1995 alternativam
1644 1968 1861 2004 opportunam,
1885 1965 1956 2005 quin

1213 2019 1241 2045 et
1264 2015 1463 2044 necessariam
1488 2015 1549 2044 fore
1572 2014 1606 2043 ad
1630 2014 1826 2043 eliminandas
1848 2014 1957 2044 discor-

1213 2063 1274 2092 dias
1307 2072 1382 2102 quae
1406 2072 1439 2092 ex
1462 2062 1671 2092 distributione
1704 2062 1867 2107 officiorum
1897 2066 1955 2092 tam

1214 2112 1357 2141 maiorum
1382 2121 1469 2151 quam
1486 2111 1659 2141 inferiorum
1687 2111 1716 2140 in
1740 2111 1877 2150 capitulis
1899 2115 1956 2141 tam

1215 2160 1446 2200 provincialibus
1470 2170 1557 2200 quam
1582 2160 1766 2190 intermediis
1789 2160 1861 2190 oriri
1888 2169 1958 2190 con-

1214 2214 1343 2248 tingunt,
1364 2219 1525 2248 pacemque
1544 2218 1730 2239 communem
1751 2213 1893 2248 perpetuo
1910 2209 1958 2238 fir-

1214 2259 1370 2296 mandam,
1394 2268 1517 2297 eamque
1541 2262 1694 2297 propterea
1711 2257 1907 2296 approbamus
1929 2260 1958 2286 et

1214 2308 1434 2344 confirmamus,
1455 2311 1542 2345 atque
1566 2307 1672 2336 suturis
1696 2306 1877 2345 temporibus
1894 2315 1958 2345 per-

1215 2362 1301 2396 petuo
1315 2358 1323 2373 ²
1346 2356 1400 2386 sub
1418 2358 1512 2395 poena
1525 2356 1669 2386 nullitatis
1687 2356 1898 2394 cuiuscumque
1914 2359 1956 2384 at-

1215 2406 1318 2436 tentati
1340 2410 1440 2435 contra
1461 2406 1565 2445 ipsam.
1590 2406 1637 2435 Sic
1661 2405 1820 2440 nimirum⁷
1845 2407 1892 2440 ut,
1916 2403 1957 2433 bi-

1215 2456 1323 2495 partita
1340 2455 1491 2494 provincia
1514 2454 1591 2484 inter
1614 2458 1768 2483 montanos
1790 2457 1819 2482 et
1841 2461 1957 2491 campe-

1955 213 2004 240 An.
2025 213 2053 242 C.
2070 214 2134 245 1725

1251 2532 1259 2556 1
1286 2530 1396 2557 Videtur
1418 2529 1559 2564 legendum
1580 2528 1755 2556 commiserit
1775 2529 1813 2560 (n.
1834 2527 1884 2561 τ.).

1249 2579 1263 2600 2
1285 2575 1398 2602 Videtur
1422 2575 1517 2601 deesse
1543 2574 1717 2602 servandam
1745 2581 1802 2600 esse
1825 2571 1954 2601 decerni-

1213 2627 1278 2648 mus
1298 2624 1343 2647 aut
1364 2619 1460 2646 similia
1483 2621 1518 2655 gn.
1535 2619 1583 2653 T.).
