2170 3147
227 261 277 288 An.
295 261 324 289 C.
347 261 414 289 1727

297 908 417 928 Drimati«)

235 937 339 962 quaeda-u
361 940 418 954 riu-ca

235 963 356 982 rwuuulcin
370 967 418 981 con·

234 992 335 1008 nullorum
388 994 420 1008 bo·

266 1494 386 1515 claumiae.

268 2025 429 2050 {tenemusne

462 252 526 284 604

424 312 477 343 ubi
506 313 543 343 ab
571 309 686 342 iisdem
713 306 941 352 superioribus
960 307 1172 340 collocabun-

426 371 497 405 tur,
523 364 674 397 alin'ieuta
700 362 738 395 ad
764 362 925 395 rationem
960 361 1096 393 duorum
1123 361 1173 393 iu-

424 416 543 448 liorum
581 413 717 456 singulis
755 413 870 445 diebus
904 412 1090 455 persolvere
1128 417 1172 445 te-

425 474 581 507 neantur·,
620 472 651 500 et
687 466 763 499 inde
797 477 814 499 a
844 465 910 498 suis
946 465 1172 509 superioribus

426 522 523 554 toties
549 520 678 564 quotics
715 519 796 563 ipsis
829 519 1022 552 benevisum
1057 518 1172 558 suerit,

427 575 522 608 eliam
548 580 636 606 extra
662 573 810 605 eamdem
833 572 966 613 Urbem,
990 573 1072 605 mitti
1098 582 1174 615 pos-

427 628 506 667 sint,
540 638 601 660 nee
634 626 684 658 isti
722 626 929 669 privilegium
966 625 1172 668 praedictum

427 681 523 713 etiam
549 691 566 712 a
591 680 684 713 nobis
720 685 751 712 et
784 679 937 712 Romanis
964 678 1174 711 Pontificibus

426 734 739 776 praedecessoribus
758 733 878 766 nostris
898 733 1021 775 absque
1039 732 1172 775 speciali

428 788 642 830 derogatione
677 793 708 820 et
739 787 962 830 praesentium
989 791 1174 818 nostrarum

428 842 609 874 litterarum
634 840 802 874 mentione
837 840 1013 882 impetrare
1039 843 1172 882 queant.

474 895 488 938 ἓ
514 894 545 927 4.
566 895 774 927 Deolarantes
791 893 930 926 ulterius
948 892 1035 936 quod
1062 891 1176 924 liuius-

429 947 515 980 modi
542 946 747 989 privilegium
776 945 1022 979 consultoribus
1047 945 1176 988 praedi-

430 1006 499 1034 ctae
513 999 784 1042 Congregationis
803 999 967 1032 dumtaxat
985 1008 1174 1031 concessum

431 1054 487 1093 sit,
513 1060 546 1086 et
570 1054 657 1097 quod
684 1059 746 1086 tam
773 1053 943 1086 memorati
969 1053 1177 1086 consultores

430 1107 602 1151 privilegio
633 1107 818 1140 huiusmodi
853 1107 1051 1150 gaudentes,
1081 1116 1175 1149 quarn

431 1161 557 1204 pariter
574 1161 628 1194 alii
647 1161 702 1193 illo
724 1161 857 1193 minime
876 1160 1033 1199 fruentes,
1053 1159 1176 1192 socium

432 1215 492 1246 sibi
520 1214 685 1247 addietum
712 1214 846 1253 habere,
864 1223 925 1246 nec
941 1214 1107 1256 postulare
1126 1224 1178 1245 va—

432 1269 544 1307 leant,
580 1267 636 1300 sed
674 1267 767 1300 illum
803 1268 974 1306 volentes,
1007 1271 1039 1299 et
1070 1277 1086 1299 a
1111 1267 1177 1298 suis

433 1320 659 1364 superioribus
696 1322 903 1363 permissum,
930 1320 1084 1352 alimenta
1117 1324 1201 1362 pro'

434 1375 548 1407 eodem
577 1375 679 1415 socio,
707 1375 790 1407 sieut
823 1374 1056 1417 praemittitur,
1084 1383 1178 1416 prae-

435 1433 519 1459 stare
546 1428 700 1460 debeant.

480 1481 494 1523 ἓ
520 1480 550 1513 5.
578 1481 798 1514 Deeernentes
823 1481 954 1514 easdem
988 1486 1179 1525 praesentes

435 1534 560 1567 litteras
585 1544 713 1577 semper
738 1533 857 1574 sirmas,
873 1535 996 1567 validas
1019 1540 1051 1567 et
1074 1534 1180 1567 effica-

436 1597 489 1620 ces
515 1587 654 1620 existere
681 1593 713 1620 et
738 1588 816 1629 sore,
843 1598 984 1631 suosque
1011 1587 1179 1631 plenarios

437 1647 468 1674 et
492 1642 637 1684 integros
662 1641 793 1674 effectus
826 1641 933 1674 sortiri
961 1647 991 1674 et
1017 1641 1181 1681 obtinere,

436 1706 472 1728 ac
496 1695 669 1738 praedictis
702 1695 944 1728 consultoribus
975 1695 1181 1737 regularibus

436 1749 469 1780 in
496 1749 649 1782 omnibus
683 1754 714 1781 et
749 1759 810 1792 per
845 1748 955 1781 omnia
990 1747 1181 1791 plenissime

438 1800 628 1844 suffragari,
654 1807 686 1834 et
711 1801 750 1834 ab
775 1801 857 1841 illis,
884 1802 921 1834 ad
949 1811 1031 1844 quos
1057 1807 1183 1844 spectat

439 1860 471 1886 et
495 1865 554 1897 pro
582 1860 728 1898 tempore
754 1854 923 1897 spectabit,
950 1854 1183 1886 inviolabiliter

440 1913 471 1939 et
496 1908 694 1940 inconcusse
721 1907 907 1947 observari;
933 1907 1044 1950 sicque
1067 1912 1099 1939 et
1117 1916 1181 1939 non

440 1961 534 1993 aliter
560 1962 591 1993 in
617 1962 817 2004 praemissis,
843 1960 917 1994 ete.¹

485 2014 499 2056 ξ
523 2015 553 2046 ti.
582 2014 651 2047 Non
670 2015 876 2047 obstantibus
894 2014 1183 2047 constitutionibus

441 2074 472 2101 et
502 2068 763 2101 ordinationibus
797 2069 1003 2111 apostolicis,
1030 2079 1079 2108 ae,
1106 2079 1183 2111 qua-

442 2127 534 2154 tenus
554 2133 636 2164 opus
654 2121 708 2163 sit,
724 2122 913 2165 quorumvis
927 2121 1093 2162 Ordinum,
1109 2132 1183 2155 eon-

442 2175 690 2218 gregationuin,
726 2175 969 2216 institutorum,
1004 2175 1185 2218 provincia-

442 2238 525 2268 rum,
540 2229 824 2267 monasteriorum,
844 2234 1073 2268 conventuum,
1088 2229 1185 2261 colle-

443 2281 571 2322 giorum
594 2288 626 2314 et
647 2282 819 2314 domorum
837 2281 1049 2324 regularium,
1073 2281 1185 2314 aliisve

443 2335 626 2376 quibusvis,
652 2336 748 2368 ctiam
779 2335 982 2375 iuramento,
1012 2336 1186 2368 confirma-

445 2388 533 2419 tione
570 2389 767 2430 apostolica,
801 2395 855 2422 aut
886 2389 999 2432 quavis
1031 2389 1185 2421 firmitate

445 2439 508 2471 alia
533 2441 705 2480 roboratis,
733 2442 859 2474 statutis
885 2448 916 2474 et
940 2442 1186 2474 consuetudini-

446 2494 514 2533 bus,
529 2493 707 2535 privilegiis
725 2505 853 2538 quoque
872 2496 1006 2528 indultis
1023 2501 1056 2528 et
1073 2496 1187 2529 litteris

447 2546 648 2588 apostolicis,
665 2547 787 2579 eisdem
805 2548 994 2588 Ordinibus,
1011 2558 1188 2591 congrega-

447 2599 610 2638 tionibus,
643 2599 818 2639 institutis‚
848 2601 1080 2640 monasteriis,
1115 2611 1188 2643 pro-

482 2663 495 2688 1
520 2661 551 2688 Ut
571 2670 651 2697 supra
673 2670 734 2696 pag.
755 2662 807 2689 586
827 2671 844 2689 α
863 2663 901 2696 (n.
919 2664 967 2695 T.).

1004 255 1185 282 BULLARIUM

1214 254 1370 280 ROMANUM

1215 305 1339 346 vinciis,
1358 304 1583 345 conventibus,
1601 303 1750 346 collegiis
1765 309 1796 336 et
1811 302 1959 336 domibus

1214 358 1427 402 regularibus,
1448 359 1646 402 illorumque
1665 357 1889 400 superioribus
1909 367 1960 399 ge·

1216 413 1402 451 neralibus,
1442 418 1472 445 ct
1505 410 1783 455 provincialibus,
1822 410 1959 452 aliisque

1215 465 1366 509 personis
1385 465 1603 509 quibuslibet,
1621 464 1679 496 sub
1699 463 1959 506 quibuscumque

1215 520 1390 552 verborum
1417 518 1586 551 tenoribus
1612 523 1644 550 et
1669 516 1799 556 formis,
1824 526 1860 549 ac
1886 526 1959 548 cum

1217 572 1385 616 quibusvis
1422 572 1517 604 etiam
1552 570 1831 613 derogatoriarum
1866 569 1962 602 dero-

1217 626 1369 668 gatoriis,
1398 625 1534 668 aliisque
1571 623 1827 662 efficacioribus,
1855 622 1962 655 effica-

1218 679 1357 711 cissimis
1383 684 1413 711 et
1438 677 1578 710 insolitis
1605 676 1778 714 clausulis,
1805 675 1962 708 irritanti-

1218 733 1343 775 busque
1362 736 1392 763 et
1410 731 1482 763 aliis
1502 730 1656 767 decretis⁷
1676 730 1707 762 in
1725 739 1847 771 genere
1862 729 1911 762 vel
1929 729 1961 760 in

1218 785 1378 828 specie,in
1395 784 1594 817 contrarium
1611 783 1867 826 praemissorum
1883 792 1964 825 quo-

1219 838 1399 871 modolihot
1426 837 1612 875 concessis,
1639 847 1675 868 ae
1699 836 1824 879 pluries
1849 834 1964 868 confir-

1219 891 1326 931 matis,
1353 890 1513 923 innovatis
1547 895 1579 922 et
1611 889 1819 932 approbatis;
1847 888 1964 931 quibus

1220 945 1371 978 omnibus
1388 950 1419 976 et
1433 944 1581 986 singulis,
1600 943 1736 976 etiamsi
1755 953 1814 986 pro
1832 942 1962 975 illorum

1220 998 1391 1031 sufficienti
1419 998 1632 1040 derogatione
1664 997 1703 1030 de
1735 996 1800 1029 illis
1833 1006 1964 1028 eorum-

1221 1062 1283 1095 que
1310 1052 1385 1084 totis
1413 1051 1580 1084 tenoribus
1607 1050 1773 1094 specialis,
1804 1049 1964 1092 specifica,

1222 1113 1373 1148 expressa
1401 1109 1432 1136 et
1457 1103 1639 1142 individua,
1667 1113 1702 1135 ae
1728 1103 1767 1135 de
1799 1102 1900 1135 verbo
1927 1102 1964 1134 ad

1221 1157 1372 1196 verbum,
1403 1168 1468 1189 non
1505 1162 1612 1189 autem
1647 1166 1706 1199 per
1730 1156 1894 1188 clausulas
1912 1165 1966 1197 ge-

1223 1212 1349 1243 nerales
1381 1212 1466 1243 idem
1498 1211 1730 1253 importantes,
1757 1210 1880 1242 mentio
1910 1219 1965 1242 seu

1223 1264 1354 1308 quaevis
1380 1265 1442 1296 alia
1467 1264 1635 1305 expressio
1662 1263 1815 1295 habenda
1840 1267 1894 1296 aut
1914 1262 1967 1295 ali·

1223 1328 1285 1361 qua
1303 1318 1365 1350 alia
1382 1317 1538 1359 exquisita
1555 1318 1656 1348 l'orma
1675 1317 1712 1348 ad
1732 1316 1795 1348 lioe
1810 1316 1967 1348 servanda

1225 1373 1322 1410 soret,
1339 1376 1469 1403 tenores
1490 1370 1693 1408 huiusmodi,
1712 1379 1747 1401 ac
1765 1369 1788 1401 si
1809 1369 1849 1402 de
1867 1369 1966 1402 verbo

1224 1425 1409 1457 adverbum
1428 1423 1511 1456 nihil
1529 1423 1660 1466 penitus
1677 1422 1799 1455 omisso
1818 1427 1848 1455 et
1867 1422 1968 1455 forma

1224 1478 1255 1510 in
1294 1477 1357 1510 illis
1389 1477 1505 1509 tradita
1539 1477 1709 1508 observata
1744 1476 1968 1508 insererentur

1224 1537 1255 1564 et
1289 1531 1567 1574 exprimerentur,
1593 1529 1707 1562 iisdem
1738 1529 1968 1572 praesentibus

1226 1595 1284 1628 pro
1310 1585 1408 1627 plene
1440 1589 1471 1616 et
1502 1583 1708 1616 sufficientur
1737 1582 1900 1626 expressis
1933 1592 1970 1614 ae

1226 1639 1263 1671 ad
1292 1639 1427 1671 verbuni
1455 1638 1587 1670 insertis
1611 1637 1783 1676 habentes,
1807 1636 1872 1669 illis
1890 1636 1969 1669 alias

1227 1693 1257 1723 in
1283 1702 1343 1724 suo
1381 1693 1502 1725 robore
1529 1691 1769 1733 permansuris,
1803 1690 1841 1722 ad
1875 1700 1970 1733 prae-

1227 1745 1400 1777 missorum
1426 1744 1592 1783 effectum,
1612 1745 1673 1776 liae
1698 1744 1767 1776 vice
1794 1744 1968 1782 dumtaxat,

1227 1798 1413 1842 specialiter
1439 1803 1470 1830 et
1495 1808 1647 1840 expresse
1680 1798 1891 1839 derogamus,
1919 1807 1970 1829 ce-

1228 1851 1370 1895 terisque
1397 1851 1571 1884 contrariis
1594 1850 1864 1893 cpiibuscumque.

1271 1905 1385 1938 Datum
1412 1905 1544 1943 Romae,
1570 1904 1654 1947 apud
1676 1903 1708 1937 S.
1728 1903 1856 1936 Mariam
1874 1903 1972 1937 Maio-

1228 1969 1307 1997 rem,
1328 1959 1388 1991 sub
1413 1959 1535 1990 annulo
1561 1957 1749 1994 piscatoris,
1776 1956 1828 1989 die
1846 1967 1896 1990 xxl
1918 1967 1972 1989 au-

1229 2012 1313 2054 gusti
1340 2021 1534 2051 nneexxvn‚
1560 2009 1770 2053 pontificatus
1787 2010 1889 2042 nostri
1915 2019 1972 2042 an-

1230 2076 1271 2097 no
1303 2075 1346 2098 1v.

1264 2128 1325 2154 Dat.
1344 2127 1386 2154 dic
1403 2128 1431 2153 ‘Pl
1452 2127 1559 2162 augusti
1578 2127 1655 2160 1727,
1679 2125 1774 2162 pontis.
1797 2133 1867 2152 auno
1888 2131 1923 2152 iv.

1573 2263 1629 2296 CC.

1231 2334 1457 2367 conceduntur
1480 2333 1658 2372 nonnulla,
1686 2337 1713 2365 et
1737 2332 1974 2375 confirmantur

1273 2387 1435 2430 «praedam
1453 2387 1522 2418 aliu
1548 2387 1659 2418 abbati
1682 2386 1801 2418 Montis
1823 2385 1969 2425 Cossini,

1276 2440 1412 2474 Ordinis
1436 2441 1468 2474 S.
1498 2440 1683 2477 Benedicti,
1718 2440 1851 2483 eiusque
1880 2439 1973 2472 eccle·

1274 2494 1342 2525 siae
1367 2498 1394 2526 et
1418 2492 1647 2526 monastcrio¹.

1269 2576 1277 2599 l
1304 2573 1338 2599 tie
1359 2573 1508 2608 privilegiis
1524 2572 1681 2599 monasterii
1702 2576 1728 2598 et
1748 2571 1852 2598 abbatis
1872 2571 1972 2598 Montis

1232 2618 1333 2645 Cassini
1355 2618 1414 2645 vide
1429 2617 1508 2645 aliam
1526 2617 1605 2644 huius
1627 2616 1763 2643 Pontificis
1778 2616 1821 2643 ed.
1837 2622 1970 2651 MDccxxv,

1232 2662 1275 2689 die
1296 2669 1320 2689 lv
1341 2661 1458 2697 augusti,
1479 2661 1573 2696 pontif.
1596 2668 1624 2687 Π.

1960 251 2009 280 An.
2025 252 2053 280 C.
2074 253 2139 284 1727
