2170 3147
8 227 54 254 An.
77 225 108 254 C.
125 223 191 251 ¹727

47 442 188 464 Commiuitm·

16 469 182 496 quibuscumque

7 497 28 517 in
43 495 187 516 ecclesiastica

7 522 108 546 dignitate
141 527 188 541 con⁴

8 548 84 569 antuus
94 548 190 567 executio

9 574 130 600 prunetae
140 579 189 594 con-

9 600 128 622 stitutionis.

782 222 978 244 ttffiiililss'rt‘s
1005 222 1060 244 xm
1088 222 1135 244 1³1⁸,

201 270 378 303 stitutionis
418 269 609 302 executione
651 269 737 312 apud
770 268 941 305 Pontifices

203 324 277 357 tetis
302 323 423 356 viribus
449 323 656 365 zelanterque
689 321 864 364 advigilent
896 327 940 354 at-

201 387 262 420 que
287 381 478 419 procurent.

244 429 259 472 §
286 429 340 461 51.
366 428 596 461 Exccntionem
618 438 692 459 vero
711 433 939 460 contentorum

201 480 233 512 in
258 478 481 523 praesentibus
507 478 625 510 nostris
653 477 768 510 litteris
795 478 939 509 commit-

203 533 296 565 timus
321 537 352 565 et
370 532 559 564 mandamus
577 531 735 563 universis
755 537 785 563 et
803 531 940 573 singulis

201 585 441 619 venerabilibus
456 584 607 617 fratribus
623 584 827 627 ApostoliCae
842 584 939 616 huius

202 639 294 672 Sedis
332 638 624 681 legatis,‹nuntiis
661 643 693 669 et
729 637 938 669 internuntiis

203 703 261 736 pro
287 698 435 735 tempore
462 691 703 730 existentibus,
729 700 853 723 necnon
883 701 939 733 pa-

204 745 352 778 triarchis
370 771 379 788 ,K
404 744 680 787 archiepiscopis,
708 742 871 786 episcopis
903 754 938 775 ac

203 799 329 831 ‹lilectis
357 798 429 830 liliis
455 807 621 830 causarum
647 796 753 829 curiae
785 795 937 829 Gamerae

203 851 411 894 Apostolicae
436 849 580 893 generali
613 849 778 889 auditori,
817 848 939 880 abbati-

201 904 279 943 bus,
303 902 484 946 prioribus,
511 908 542 935 et
573 902 642 934 aliis
679 901 936 945 quibuscumque

202 956 352 999 personis
375 955 408 987 in
434 955 588 998 dignitate
615 954 835 987 ecclesiastica
859 964 936 987 con-

202 1009 341 1049 stitutis,
369 1015 526 1052 quatenus
564 1007 648 1050 ipsi,
673 1007 721 1039 vel
758 1007 846 1046 duo,
884 1011 938 1038 aut

202 1072 287 1094 unus
326 1071 459 1101 eorum,
485 1071 543 1103 per
573 1070 626 1100 sc,
653 1061 701 1092 rel
736 1060 853 1099 alium,
880 1070 935 1092 seu

203 1114 297 1155 alios,
318 1114 445 1147 easdem
466 1118 656 1156 lraescntes
681 1118 712 1145 et
736 1112 769 1144 in
795 1112 840 1145 eis
865 1122 937 1144 con-

202 1173 287 1201 tenta
312 1177 545 1210 quaecumque,
569 1166 623 1199 ubi
650 1171 680 1198 et
705 1166 834 1208 quando
853 1176 936 1208 opus

194 1220 311 1260 tuerit,
337 1230 373 1252 ac
399 1220 526 1263 quoties
552 1230 647 1262 snper
672 1219 734 1251 boe
760 1229 818 1261 pro
844 1225 936 1261 parte

201 1273 345 1316 magistri
373 1273 535 1316 generalis
562 1278 593 1304 ct
627 1272 760 1304 fratrum
795 1282 882 1303 nunc
907 1274 937 1304 et

200 1336 259 1369 pro
291 1332 435 1368 temsorc
473 1325 679 1358 existentium
716 1330 769 1356 aut
800 1324 935 1356 alieuius

201 1391 312 1412 eorum
340 1379 487 1422 requisiti
515 1379 643 1418 suerint,
663 1378 854 1410 solemniter
878 1388 936 1421 pu-

200 1433 377 1471 blicantes,
406 1433 515 1475 eisque
542 1437 571 1464 et
597 1443 709 1464 eorum
745 1431 880 1463 cuilibet
905 1431 936 1462 in

201 1486 388 1530 praemissis
405 1486 541 1519 etlicacis
560 1485 757 1518 detensionis
774 1484 936 1527 praesidio

201 1541 413 1579 assistentes,
451 1540 567 1572 saciant
604 1540 792 1572 auctoritate
828 1541 936 1571 nostra

161 1633 164 1634 ⁷
200 1593 336 1626 firmiter
358 1593 537 1631 observari,
556 1603 678 1634 eosque
704 1598 736 1625 et
761 1592 939 1635 quemlibet

29 2340 191 2368 nerogaroriae.

201 1658 312 1681 corum
338 1647 402 1679 illis
422 1645 553 1689 pacifice
572 1646 631 1677 frui
651 1651 681 1678 et
699 1646 853 1688 gaudere,
873 1656 936 1678 non

201 1701 428 1744 permittentes
455 1709 510 1731 eos
536 1705 589 1731 ant
614 1709 723 1731 eorum
753 1699 936 1742 qnempiam

201 1765 260 1797 per
279 1763 501 1796 quoscumque
519 1758 629 1785 contra
647 1753 830 1795 earumdem
849 1763 937 1795 prae-

202 1807 341 1840 sentium
368 1811 512 1838 tenorem
534 1806 675 1848 desuper
689 1806 936 1848 quomodolibet

202 1860 348 1893 indebite
372 1859 552 1899 molestari,
570 1859 826 1892 contradictores
846 1869 936 1902 quos-

204 1914 284 1947 libet
310 1919 341 1946 et
359 1914 500 1946 rebelles
519 1923 576 1956 per
594 1923 744 1946 censuras
764 1918 794 1945 ct
811 1923 935 1956 poenas

205 1967 437 2000 ecclesiasticas
473 1977 508 1998 ac
544 1966 605 1998 alia
641 1971 822 2008 opportuna
857 1967 935 1999 iuris

205 2019 360 2058 remedia,
387 2018 605 2061 appellatione
631 2019 828 2061 postposita,
850 2029 936 2051 corn-

204 2072 387 2115 pcscend0‚
414 2082 465 2110 ac,
493 2071 644 2113 legitimis
677 2082 776 2114 super
801 2072 850 2104 liis
880 2072 936 2105 lia-

205 2125 321 2158 bendis
347 2124 479 2157 servatis
513 2124 721 2166 processibus
740 2154 747 2165 ,
783 2135 935 2157 censuras

206 2184 238 2211 ct
262 2187 382 2221 poenas
409 2177 494 2220 ipsas
529 2176 621 2210 etiam
658 2177 782 2210 iteratis
815 2178 935 2210 vicibus

205 2230 431 2273 aggravando,
457 2229 605 2262 invocato
632 2230 727 2262 etiam
755 2230 793 2262 ad
820 2230 891 2271 boc,
909 2231 935 2262 si

204 2294 286 2328 opus
313 2283 429 2321 suerit,
456 2282 575 2316 auxilio
600 2282 724 2315 bracliii
750 2283 933 2315 saecularis.

248 2338 262 2381 g
287 2335 340 2369 5⁶2.
367 2336 436 2369 Non
462 2336 667 2369 obstantibus
691 2335 792 2378 priori
826 2335 934 2368 volun-

203 2395 267 2423 tate
293 2392 402 2422 nostra
437 2399 472 2421 ac
507 2388 625 2421 nostris
656 2393 687 2421 et
718 2388 935 2422 Cancellariae

202 2442 406 2485 Apostolicae
426 2441 546 2483 regulis
566 2441 605 2473 de
623 2450 687 2473 non
707 2441 852 2474 tollendo
867 2441 936 2474 iure

202 2494 348 2539 quaesito
369 2521 376 2534 ,
404 2504 438 2527 ac
464 2493 537 2537 piae
569 2494 745 2526 memoriae
782 2493 936 2527 Bonisacii

1624 212 1687 245 553

987 268 1151 301 civitatem
1178 270 1226 302 vel
1253 269 1458 305 dioecesim,
1485 269 1545 301 nisi
1579 269 1611 302 in
1629 270 1728 303 certis

985 323 1128 366 exceptis
1155 322 1303 362 casibus,
1321 327 1353 355 et
1377 323 1408 355 in
1435 323 1501 356 illis
1525 323 1611 356 ultra
1632 333 1727 355 unam

986 375 1103 408 dietam
1129 386 1146 408 a
1171 375 1234 408 fine
1260 386 1336 408 suae
1374 375 1535 409 dioecesis
1573 376 1611 408 ad
1645 376 1728 409 iudi-

985 429 1069 460 cium
1095 434 1272 469 evocetur,
1298 439 1354 461 seu
1381 439 1421 461 ne
1448 429 1569 462 iudices
1596 440 1613 462 a
1643 429 1727 463 Sede

985 480 1169 523 Apostoliea
1196 481 1339 524 deputati
1365 487 1477 514 contra
1503 492 1726 524 quoscumque

984 534 1162 576 procedere
1179 561 1186 574 ,
1211 545 1267 567 seu
1294 535 1347 567 alii
1374 537 1423 569 vel
1449 535 1520 568 aliis
1545 535 1631 568 vices
1651 546 1725 568 suas

984 585 1183 619 committere
1209 593 1446 630 praesumant,
1473 600 1509 621 ae
1535 588 1567 620 in
1584 588 1726 621 concilio

984 639 1127 681 generali
1154 639 1239 672 edita
1264 640 1303 673 de
1329 641 1454 673 duabus
1493 641 1609 680 dietis,
1638 641 1726 674 duin-

984 692 1080 724 modo
1105 693 1190 725 ultra
1216 698 1280 725 tres
1306 693 1408 725 dietas
1442 693 1559 737 aliquis
1591 693 1727 726 auctori-

985 748 1048 776 tate
1072 744 1294 787 praesentium
1319 746 1358 778 ad
1385 745 1540 778 iudicium
1567 756 1630 778 non
1657 752 1722 778 tra-

984 797 1093 837 batur,
1120 802 1151 830 et
1176 798 1343 840 quibusvis
1369 799 1623 838 universalibus,
1649 810 1726 842 pro-

982 849 1173 883 vincialibus
1199 857 1232 883 et
1255 852 1467 895 synodalibus
1493 852 1658 893 conciliis,
1675 854 1726 886 vel

982 902 1052 935 aliis
1087 904 1278 945 apostolicis
1299 931 1305 944 ,
1344 904 1539 947 specialibus
1579 906 1628 938 vel
1669 915 1724 948 ge-

982 956 1172 997 neralibus,
1200 957 1491 990 constitutionibus
1526 963 1558 990 et
1596 957 1726 991 ordina-

983 1009 1124 1043 tionibus
1162 1009 1374 1053 apostolicis‚
1401 1021 1528 1043 necnon
1566 1011 1724 1054 praedicti

982 1061 1186 1105 aliorumque
1218 1061 1375 1095 Ordinum
1410 1063 1609 1105 regularium
1643 1074 1724 1106 quo-

981 1124 1214 1158 rumcumque,
1243 1115 1338 1148 etiam
1364 1115 1572 1155 iuramento,
1607 1117 1725 1149 confir-

981 1167 1122 1200 matione
1148 1168 1342 1210 apostolica,
1362 1169 1411 1201 vel
1438 1168 1549 1212 quavis
1572 1168 1724 1203 firmitate

981 1221 1043 1254 alia
1068 1221 1246 1261 roboratis,
1274 1223 1402 1255 statutis
1432 1229 1464 1256 et
1494 1224 1723 1256 conventioni-

981 1276 1101 1316 bus7ac
1127 1275 1222 1308 etiam
1248 1275 1561 1310 immemorabilibus
1583 1287 1722 1310 consuc-

983 1327 1170 1368 tudinibus,
1195 1329 1373 1371 privilegiis
1399 1340 1555 1372 quoqne,
1587 1329 1721 1363 indultis

982 1386 1013 1412 ct
1043 1381 1160 1413 litteris
1193 1382 1406 1424 apostolicis,
1443 1382 1611 1425 quibusvis
1649 1393 1722 1426 per-

981 1433 1068 1465 sonis
1094 1439 1125 1466 ct
1150 1434 1239 1473 locis,
1266 1434 1295 1466 in
1323 1445 1442 1477 genere
1468 1436 1518 1467 vel
1540 1435 1571 1466 in
1595 1436 1720 1477 specie,

982 1487 1042 1518 sub
1068 1487 1326 1531 quibuscumque
1355 1489 1521 1521 tenoribus
1547 1495 1578 1521 et
1602 1489 1722 1529 formis,

981 1550 1015 1571 ac
1041 1550 1113 1572 cuni
1139 1540 1305 1582 quibusvis
1322 1541 1418 1573 etiam
1438 1541 1722 1583 derogatoriarum

982 1593 1221 1635 derogatoriis,
1249 1593 1387 1636 aliisque
1420 1594 1657 1627 efficacioribus
1690 1601 1723 1627 et

980 1647 1120 1679 insolitis
1145 1647 1320 1687 clausulis,
1358 1658 1484 1680 necnon
1518 1648 1720 1682 irritantibus

982 1705 1010 1731 et
1038 1700 1109 1732 aliis
1135 1700 1274 1733 decretis
1295 1727 1301 1740 ‚
1329 1712 1366 1733 ac
1391 1702 1487 1734 ctiam
1512 1702 1721 1735 consistoria-

982 1753 1076 1792 liter,
1102 1763 1138 1785 ac
1162 1753 1240 1785 alias
1268 1754 1530 1796 quomodolibet,
1558 1755 1655 1788 etiam
1681 1756 1720 1788 ad

982 1806 1203 1849 imperatoris,
1231 1817 1363 1848 regum,
1391 1807 1572 1849 reginarum
1592 1813 1624 1841 et
1640 1808 1721 1842 alio-

981 1870 1050 1891 rum
1076 1870 1353 1902 quorumcumque
1378 1860 1563 1903 principum
1598 1861 1720 1894 instan-

982 1913 1072 1952 tiam,
1099 1913 1223 1945 iteratis
1251 1913 1371 1945 vicibus
1396 1913 1575 1953 concessis,
1601 1925 1720 1957 appro-

980 1965 1063 1998 batis
1089 1970 1121 1998 ct
1146 1965 1325 2006 innovatis,
1352 1965 1469 2008 quibus
1502 1966 1652 2000 omnibus
1688 1973 1721 2000 et

980 2018 1137 2060 singulis,
1163 2018 1288 2051 etiamsi
1307 2028 1364 2061 pro
1389 2018 1518 2052 illorum
1544 2020 1718 2053 sufficienti

980 2071 1191 2113 derogatione
1231 2071 1309 2104 alias
1351 2072 1390 2104 de
1434 2072 1498 2104 illis
1542 2083 1718 2116 eorumque

980 2123 1054 2155 totis
1095 2123 1286 2163 tenoribus,
1325 2124 1478 2167 specialis
1498 2151 1505 2164 ,
1544 2126 1717 2168 specifica,

979 2175 1144 2208 individua
1169 2180 1201 2209 et
1226 2186 1395 2219 expressa,
1420 2186 1455 2208 ac
1480 2177 1519 2209 de
1544 2177 1642 2210 verbo
1678 2178 1719 2211 ad

979 2229 1122 2268 verbum,
1140 2239 1205 2261 non
1230 2234 1336 2262 autem
1363 2240 1421 2272 per
1440 2231 1602 2263 clausulas
1617 2242 1717 2273 gene-

980 2283 1064 2314 rales
1100 2282 1187 2315 idem
1224 2282 1466 2325 importantes,
1504 2285 1626 2317 mentio
1659 2295 1718 2317 seu

980 2335 1113 2378 quaevis
1137 2335 1199 2368 alia
1224 2337 1389 2379 expressio
1415 2337 1562 2371 habenda
1588 2343 1644 2371 aut
1660 2339 1718 2371 ali-

980 2399 1042 2431 qua
1067 2388 1129 2421 alia
1155 2388 1314 2432 exquisita
1346 2389 1448 2422 fornia
1483 2391 1522 2423 ad
1556 2391 1617 2424 hoc
1650 2402 1718 2424 ser-

980 2441 1083 2473 vanda
1108 2441 1189 2474 soret
1205 2468 1212 2481 ,
1239 2447 1368 2475 tenores
1398 2443 1606 2484 huiusmodi,
1631 2455 1666 2478 ac
1691 2445 1716 2478 si

980 2494 1018 2527 de
1058 2494 1157 2527 verbo
1197 2494 1237 2527 ad
1281 2496 1415 2528 verbum
1461 2497 1543 2530 nihil
1583 2498 1715 2541 penitus

201 2548 304 2592 Papae
330 2547 419 2586 VIII,
445 2546 568 2590 pariter
593 2547 853 2590 praedecessoris
878 2558 936 2581 no-
979 2547 1100 2581 omisso
1125 2553 1156 2580 et
1179 2547 1282 2580 forma
1311 2548 1343 2581 in
1368 2549 1433 2583 illis
1459 2550 1575 2584 tradita
1599 2551 1715 2585 obser-

201 2601 280 2643 stri‚
305 2611 368 2645 qua
391 2605 521 2633 cavetur
554 2610 594 2633 ne
621 2600 691 2643 quis
727 2605 816 2634 extra
846 2611 936 2635 suain
978 2603 1050 2635 vata
1081 2601 1195 2635 inserti
1232 2601 1360 2645 forent,
1392 2604 1621 2648 praesentibus
1656 2615 1716 2649 pro

286 2663 366 2691 Bull.
386 2663 470 2692 Rom.
491 2679 525 2684 --
549 2664 609 2692 I'ol.
629 2663 722 2692 XXII.
867 2663 900 2692 70

1737 223 1783 249 An.
1807 224 1834 248 (ἶ.
1856 223 1919 250 ΓΓΞἹ
