<?xml version="1.0" encoding="UTF-8"?>
<!DOCTYPE html PUBLIC "-//W3C//DTD XHTML 1.0 Transitional//EN"
    "http://www.w3.org/TR/xhtml1/DTD/xhtml1-transitional.dtd">
<html xmlns="http://www.w3.org/1999/xhtml" xml:lang="en" lang="en">
 <head>
  <title>
</title>
<meta http-equiv="Content-Type" content="text/html;charset=utf-8" />
  <meta name='ocr-system' content='tesseract 3.04.00' />
  <meta name='ocr-capabilities' content='ocr_page ocr_carea ocr_par ocr_line ocrx_word'/>
</head>
<body>
  <div class='ocr_page' id='page_1' title='image "./bullarumdiplomat22cath_0522.png"; bbox 0 0 2170 3147; ppageno 0'>
   <div class='ocr_carea' id='block_1_1' title="bbox 238 162 1176 317">
    <p class='ocr_par' dir='ltr' id='par_1_1' title="bbox 238 162 1176 317">
     <span class='ocr_line' id='line_1_1' title="bbox 238 162 541 197; baseline -0.007 0"><span class='ocrx_word' id='word_1_1' title='bbox 238 171 288 197; x_wconf 73' lang='lat' dir='ltr'>An.</span> <span class='ocrx_word' id='word_1_2' title='bbox 311 171 339 197; x_wconf 89' lang='lat' dir='ltr'>c.</span> <span class='ocrx_word' id='word_1_3' title='bbox 362 170 433 197; x_wconf 67' lang='lat'>1726</span> <span class='ocrx_word' id='word_1_4' title='bbox 478 162 541 196; x_wconf 65' lang='grc'>482</span> 
     </span>
     <span class='ocr_line' id='line_1_2' title="bbox 436 221 1174 265; baseline 0.001 -14"><span class='ocrx_word' id='word_1_5' title='bbox 436 224 516 259; x_wconf 76' lang='lat' dir='ltr'>tuas,</span> <span class='ocrx_word' id='word_1_6' title='bbox 533 221 678 261; x_wconf 81' lang='lat' dir='ltr'>Domine,</span> <span class='ocrx_word' id='word_1_7' title='bbox 693 222 875 254; x_wconf 71' lang='lat' dir='ltr'>commendo</span> <span class='ocrx_word' id='word_1_8' title='bbox 889 222 1044 265; x_wconf 79' lang='lat' dir='ltr'>spiritum</span> <span class='ocrx_word' id='word_1_9' title='bbox 1058 230 1174 259; x_wconf 82' lang='lat' dir='ltr'>meum,</span> 
     </span>
     <span class='ocr_line' id='line_1_3' title="bbox 434 272 1176 317; baseline 0 -12"><span class='ocrx_word' id='word_1_10' title='bbox 434 272 578 316; x_wconf 73' lang='lat' dir='ltr'>piissime</span> <span class='ocrx_word' id='word_1_11' title='bbox 605 275 831 317; x_wconf 84' lang='lat' dir='ltr'>pronunciato,</span> <span class='ocrx_word' id='word_1_12' title='bbox 860 275 911 308; x_wconf 88' lang='lat' dir='ltr'>die</span> <span class='ocrx_word' id='word_1_13' title='bbox 938 280 968 308; x_wconf 89' lang='lat' dir='ltr'>et</span> <span class='ocrx_word' id='word_1_14' title='bbox 993 274 1075 307; x_wconf 73' lang='lat' dir='ltr'>hora</span> <span class='ocrx_word' id='word_1_15' title='bbox 1100 285 1116 306; x_wconf 87' lang='lat' dir='ltr'>a</span> <span class='ocrx_word' id='word_1_16' title='bbox 1142 283 1176 305; x_wconf 86' lang='lat' dir='ltr'>se</span> 
     </span>
    </p>
   </div>
   <div class='ocr_carea' id='block_1_2' title="bbox 435 327 1199 368">
    <p class='ocr_par' dir='ltr' id='par_1_2' title="bbox 435 327 1199 368">
     <span class='ocr_line' id='line_1_4' title="bbox 435 327 1199 368; baseline -0.001 -9"><span class='ocrx_word' id='word_1_17' title='bbox 435 327 629 368; x_wconf 86' lang='lat' dir='ltr'>praedictis,</span> <span class='ocrx_word' id='word_1_18' title='bbox 662 328 694 360; x_wconf 89' lang='lat' dir='ltr'>in</span> <span class='ocrx_word' id='word_1_19' title='bbox 729 328 861 361; x_wconf 70' lang='lat' dir='ltr'>[bedae</span> <span class='ocrx_word' id='word_1_20' title='bbox 900 327 1071 366; x_wconf 83' lang='lat' dir='ltr'>coenobio,</span> <span class='ocrx_word' id='word_1_21' title='bbox 1102 336 1199 359; x_wconf 65' lang='lat' dir='ltr'>mix&lt;</span> 
     </span>
    </p>
   </div>
   <div class='ocr_carea' id='block_1_3' title="bbox 237 380 1178 1699">
    <p class='ocr_par' dir='ltr' id='par_1_3' title="bbox 435 380 1177 421">
     <span class='ocr_line' id='line_1_5' title="bbox 435 380 1177 421; baseline 0 -9"><span class='ocrx_word' id='word_1_22' title='bbox 435 380 589 412; x_wconf 76' lang='lat' dir='ltr'>kalendas</span> <span class='ocrx_word' id='word_1_23' title='bbox 615 381 791 421; x_wconf 85' lang='lat' dir='ltr'>ianuarias,</span> <span class='ocrx_word' id='word_1_24' title='bbox 817 392 902 414; x_wconf 83' lang='lat' dir='ltr'>anno</span> <span class='ocrx_word' id='word_1_25' title='bbox 921 380 1041 414; x_wconf 88' lang='lat' dir='ltr'>Salutis</span> <span class='ocrx_word' id='word_1_26' title='bbox 1066 389 1177 419; x_wconf 72' lang='lat' dir='ltr'>mxci,</span> 
     </span>
    </p>

    <p class='ocr_par' dir='ltr' id='par_1_4' title="bbox 435 433 1174 473">
     <span class='ocr_line' id='line_1_6' title="bbox 435 433 1174 473; baseline 0.001 -9"><span class='ocrx_word' id='word_1_27' title='bbox 435 433 550 465; x_wconf 81' lang='lat' dir='ltr'>aetatis</span> <span class='ocrx_word' id='word_1_28' title='bbox 586 443 676 473; x_wconf 59' lang='grc' dir='ltr'>κως,</span> <span class='ocrx_word' id='word_1_29' title='bbox 715 434 798 467; x_wconf 84' lang='lat' dir='ltr'>vitae</span> <span class='ocrx_word' id='word_1_30' title='bbox 839 434 1064 467; x_wconf 77' lang='lat' dir='ltr'>coenobiticae</span> <span class='ocrx_word' id='word_1_31' title='bbox 1089 443 1174 472; x_wconf 78' lang='lat' dir='ltr'>xxix,</span> 
     </span>
    </p>

    <p class='ocr_par' dir='ltr' id='par_1_5' title="bbox 435 485 1176 527">
     <span class='ocr_line' id='line_1_7' title="bbox 435 485 1176 527; baseline 0.001 -10"><span class='ocrx_word' id='word_1_32' title='bbox 435 485 643 527; x_wconf 83' lang='lat' dir='ltr'>purissimam</span> <span class='ocrx_word' id='word_1_33' title='bbox 684 487 802 519; x_wconf 77' lang='lat' dir='ltr'>efflavit</span> <span class='ocrx_word' id='word_1_34' title='bbox 846 487 986 519; x_wconf 88' lang='lat' dir='ltr'>animam</span> <span class='ocrx_word' id='word_1_35' title='bbox 1028 486 1075 518; x_wconf 88' lang='lat' dir='ltr'>vir</span> <span class='ocrx_word' id='word_1_36' title='bbox 1112 486 1176 518; x_wconf 89' lang='lat' dir='ltr'>Deo</span> 
     </span>
    </p>

    <p class='ocr_par' dir='ltr' id='par_1_6' title="bbox 433 539 1175 581">
     <span class='ocr_line' id='line_1_8' title="bbox 433 539 1175 581; baseline 0.001 -11"><span class='ocrx_word' id='word_1_37' title='bbox 433 549 608 581; x_wconf 78' lang='lat' dir='ltr'>percarus,</span> <span class='ocrx_word' id='word_1_38' title='bbox 647 539 794 573; x_wconf 75' lang='lat' dir='ltr'>daemoni</span> <span class='ocrx_word' id='word_1_39' title='bbox 828 540 1042 578; x_wconf 83' lang='lat' dir='ltr'>formidatus,</span> <span class='ocrx_word' id='word_1_40' title='bbox 1076 539 1175 571; x_wconf 86' lang='lat' dir='ltr'>animi</span> 
     </span>
    </p>

    <p class='ocr_par' dir='ltr' id='par_1_7' title="bbox 434 591 1177 632">
     <span class='ocr_line' id='line_1_9' title="bbox 434 591 1177 632; baseline -0.001 -8"><span class='ocrx_word' id='word_1_41' title='bbox 434 591 580 631; x_wconf 90' lang='lat' dir='ltr'>lenitate,</span> <span class='ocrx_word' id='word_1_42' title='bbox 599 592 777 625; x_wconf 76' lang='lat' dir='ltr'>constantia</span> <span class='ocrx_word' id='word_1_43' title='bbox 802 591 845 625; x_wconf 83' lang='lat' dir='ltr'>in&#39;</span> <span class='ocrx_word' id='word_1_44' title='bbox 860 592 1016 632; x_wconf 85' lang='lat' dir='ltr'>adversis,</span> <span class='ocrx_word' id='word_1_45' title='bbox 1039 592 1177 624; x_wconf 83' lang='lat' dir='ltr'>miracu-</span> 
     </span>
    </p>

    <p class='ocr_par' dir='ltr' id='par_1_8' title="bbox 435 645 1176 689">
     <span class='ocr_line' id='line_1_10' title="bbox 435 645 1176 689; baseline 0 -12"><span class='ocrx_word' id='word_1_46' title='bbox 435 645 539 678; x_wconf 87' lang='lat' dir='ltr'>lorum</span> <span class='ocrx_word' id='word_1_47' title='bbox 570 657 606 678; x_wconf 87' lang='lat' dir='ltr'>ac</span> <span class='ocrx_word' id='word_1_48' title='bbox 632 646 827 689; x_wconf 76' lang='lat' dir='ltr'>prophetiae</span> <span class='ocrx_word' id='word_1_49' title='bbox 865 647 950 680; x_wconf 91' lang='lat' dir='ltr'>dono</span> <span class='ocrx_word' id='word_1_50' title='bbox 988 657 1047 689; x_wconf 88' lang='lat' dir='ltr'>per</span> <span class='ocrx_word' id='word_1_51' title='bbox 1077 651 1176 678; x_wconf 85' lang='lat' dir='ltr'>totam</span> 
     </span>
    </p>

    <p class='ocr_par' dir='ltr' id='par_1_9' title="bbox 434 698 1177 743">
     <span class='ocr_line' id='line_1_11' title="bbox 434 698 1177 743; baseline 0.001 -13"><span class='ocrx_word' id='word_1_52' title='bbox 434 698 623 742; x_wconf 75' lang='lat' dir='ltr'>Hispaniam</span> <span class='ocrx_word' id='word_1_53' title='bbox 638 699 784 741; x_wconf 80' lang='lat' dir='ltr'>illustris,</span> <span class='ocrx_word' id='word_1_54' title='bbox 803 702 902 743; x_wconf 87' lang='lat' dir='ltr'>inque</span> <span class='ocrx_word' id='word_1_55' title='bbox 921 699 1072 743; x_wconf 67' lang='lat' dir='ltr'>mysticae</span> <span class='ocrx_word' id='word_1_56' title='bbox 1091 699 1177 731; x_wconf 78' lang='lat' dir='ltr'>tlieo-</span> 
     </span>
    </p>

    <p class='ocr_par' dir='ltr' id='par_1_10' title="bbox 434 751 1176 795">
     <span class='ocr_line' id='line_1_12' title="bbox 434 751 1176 795; baseline 0.001 -12"><span class='ocrx_word' id='word_1_57' title='bbox 434 751 540 793; x_wconf 74' lang='lat' dir='ltr'>logiae</span> <span class='ocrx_word' id='word_1_58' title='bbox 559 752 685 785; x_wconf 80' lang='lat' dir='ltr'>arcanis</span> <span class='ocrx_word' id='word_1_59' title='bbox 702 753 824 795; x_wconf 87' lang='lat' dir='ltr'>scripto</span> <span class='ocrx_word' id='word_1_60' title='bbox 844 752 1055 795; x_wconf 81' lang='lat' dir='ltr'>explicandis,</span> <span class='ocrx_word' id='word_1_61' title='bbox 1075 762 1176 794; x_wconf 82' lang='lat' dir='ltr'>aeque</span> 
     </span>
    </p>

    <p class='ocr_par' dir='ltr' id='par_1_11' title="bbox 435 805 1174 847">
     <span class='ocr_line' id='line_1_13' title="bbox 435 805 1174 847; baseline -0.003 -10"><span class='ocrx_word' id='word_1_62' title='bbox 435 815 470 837; x_wconf 86' lang='lat' dir='ltr'>ac</span> <span class='ocrx_word' id='word_1_63' title='bbox 488 805 657 845; x_wconf 76' lang='lat' dir='ltr'>Theresia‚</span> <span class='ocrx_word' id='word_1_64' title='bbox 677 805 830 838; x_wconf 88' lang='lat' dir='ltr'>divinitus</span> <span class='ocrx_word' id='word_1_65' title='bbox 849 805 1049 843; x_wconf 87' lang='lat' dir='ltr'>instructus,</span> <span class='ocrx_word' id='word_1_66' title='bbox 1067 815 1174 847; x_wconf 84' lang='lat' dir='ltr'>quam,</span> 
     </span>
    </p>

    <p class='ocr_par' dir='ltr' id='par_1_12' title="bbox 436 857 1177 891">
     <span class='ocr_line' id='line_1_14' title="bbox 436 857 1177 891; baseline -0.003 -1"><span class='ocrx_word' id='word_1_67' title='bbox 436 858 569 891; x_wconf 88' lang='lat' dir='ltr'>decreto</span> <span class='ocrx_word' id='word_1_68' title='bbox 596 858 627 891; x_wconf 88' lang='lat' dir='ltr'>S.</span> <span class='ocrx_word' id='word_1_69' title='bbox 655 858 692 891; x_wconf 82' lang='lat' dir='ltr'>R.</span> <span class='ocrx_word' id='word_1_70' title='bbox 720 858 754 891; x_wconf 88' lang='grc' dir='ltr'>Ε.</span> <span class='ocrx_word' id='word_1_71' title='bbox 784 859 928 891; x_wconf 90' lang='lat' dir='ltr'>nondum</span> <span class='ocrx_word' id='word_1_72' title='bbox 950 857 1055 890; x_wconf 81' lang='lat' dir='ltr'>beatis</span> <span class='ocrx_word' id='word_1_73' title='bbox 1077 857 1177 889; x_wconf 88' lang='lat' dir='ltr'>adnu-</span> 
     </span>
    </p>

    <p class='ocr_par' dir='ltr' id='par_1_13' title="bbox 435 911 1176 955">
     <span class='ocr_line' id='line_1_15' title="bbox 435 911 1176 955; baseline -0.004 -11"><span class='ocrx_word' id='word_1_74' title='bbox 435 917 605 952; x_wconf 82' lang='lat' dir='ltr'>meratam,</span> <span class='ocrx_word' id='word_1_75' title='bbox 631 912 700 955; x_wconf 82' lang='lat' dir='ltr'>ipse</span> <span class='ocrx_word' id='word_1_76' title='bbox 726 911 827 945; x_wconf 86' lang='lat' dir='ltr'>sodali</span> <span class='ocrx_word' id='word_1_77' title='bbox 855 922 913 943; x_wconf 86' lang='lat' dir='ltr'>suo</span> <span class='ocrx_word' id='word_1_78' title='bbox 943 911 1028 942; x_wconf 88' lang='lat' dir='ltr'>inter</span> <span class='ocrx_word' id='word_1_79' title='bbox 1049 915 1176 942; x_wconf 85' lang='lat' dir='ltr'>sanctas</span> 
     </span>
    </p>

    <p class='ocr_par' dir='ltr' id='par_1_14' title="bbox 433 963 1176 1062">
     <span class='ocr_line' id='line_1_16' title="bbox 433 963 1176 1008; baseline -0.004 -10"><span class='ocrx_word' id='word_1_80' title='bbox 433 965 488 998; x_wconf 84' lang='lat' dir='ltr'>Dei</span> <span class='ocrx_word' id='word_1_81' title='bbox 515 965 667 1007; x_wconf 74' lang='lat' dir='ltr'>virgines,</span> <span class='ocrx_word' id='word_1_82' title='bbox 692 976 731 998; x_wconf 88' lang='lat' dir='ltr'>eo</span> <span class='ocrx_word' id='word_1_83' title='bbox 757 966 944 1008; x_wconf 84' lang='lat' dir='ltr'>superstite,</span> <span class='ocrx_word' id='word_1_84' title='bbox 970 963 1176 996; x_wconf 71' lang='lat' dir='ltr'>referendam</span> 
     </span>
     <span class='ocr_line' id='line_1_17' title="bbox 433 1019 690 1062; baseline 0 -12"><span class='ocrx_word' id='word_1_85' title='bbox 433 1019 690 1062; x_wconf 76' lang='lat' dir='ltr'>praenunciavit.</span> 
     </span>
    </p>

    <p class='ocr_par' dir='ltr' id='par_1_15' title="bbox 290 1068 1176 1115">
     <span class='ocr_line' id='line_1_18' title="bbox 290 1068 1176 1115; baseline -0.001 -14"><span class='ocrx_word' id='word_1_86' title='bbox 290 1082 321 1111; x_wconf 69' lang='lat' dir='ltr'>ci</span> <span class='ocrx_word' id='word_1_87' title='bbox 337 1085 422 1102; x_wconf 60' lang='lat' dir='ltr'>„nexus</span> <span class='ocrx_word' id='word_1_88' title='bbox 477 1072 537 1115; x_wconf 54' lang='lat' dir='ltr'>§la</span> <span class='ocrx_word' id='word_1_89' title='bbox 555 1073 600 1104; x_wconf 83' lang='lat' dir='ltr'>Ad</span> <span class='ocrx_word' id='word_1_90' title='bbox 619 1071 698 1104; x_wconf 79' lang='lat' dir='ltr'>servi</span> <span class='ocrx_word' id='word_1_91' title='bbox 718 1071 773 1104; x_wconf 83' lang='lat' dir='ltr'>Dei</span> <span class='ocrx_word' id='word_1_92' title='bbox 793 1070 931 1107; x_wconf 62' lang='lat' dir='ltr'>exuvias,</span> <span class='ocrx_word' id='word_1_93' title='bbox 950 1068 1055 1112; x_wconf 72' lang='lat' dir='ltr'>quasi*</span> <span class='ocrx_word' id='word_1_94' title='bbox 1075 1069 1176 1102; x_wconf 90' lang='lat' dir='ltr'>odore</span> 
     </span>
    </p>

    <p class='ocr_par' dir='ltr' id='par_1_16' title="bbox 237 1112 1178 1168">
     <span class='ocr_line' id='line_1_19' title="bbox 237 1112 1178 1168; baseline 0.001 -14"><span class='ocrx_word' id='word_1_95' title='bbox 237 1112 594 1168; x_wconf 48' lang='lat' dir='ltr'>{ills-‘&#39;llllfflnssfpei-susas,</span> <span class='ocrx_word' id='word_1_96' title='bbox 623 1130 655 1157; x_wconf 91' lang='lat' dir='ltr'>et</span> <span class='ocrx_word' id='word_1_97' title='bbox 678 1130 793 1168; x_wconf 78' lang='lat' dir='ltr'>postca</span> <span class='ocrx_word' id='word_1_98' title='bbox 819 1123 1040 1166; x_wconf 68' lang='lat' dir='ltr'>corruptionis</span> <span class='ocrx_word' id='word_1_99' title='bbox 1062 1133 1178 1165; x_wconf 74' lang='lat' dir='ltr'>exper-</span> 
     </span>
    </p>

    <p class='ocr_par' dir='ltr' id='par_1_17' title="bbox 238 1165 1177 1220">
     <span class='ocr_line' id='line_1_20' title="bbox 238 1165 1177 1220; baseline -0.003 -9"><span class='ocrx_word' id='word_1_100' title='bbox 238 1165 302 1184; x_wconf 54' lang='lat'>¹⁸¹⁰¹²</span> <span class='ocrx_word' id='word_1_101' title='bbox 433 1184 500 1217; x_wconf 87' lang='lat' dir='ltr'>tes,</span> <span class='ocrx_word' id='word_1_102' title='bbox 529 1178 679 1210; x_wconf 83' lang='lat' dir='ltr'>eumdem</span> <span class='ocrx_word' id='word_1_103' title='bbox 704 1177 803 1209; x_wconf 83' lang='lat' dir='ltr'>veluti</span> <span class='ocrx_word' id='word_1_104' title='bbox 831 1176 960 1220; x_wconf 84' lang='lat' dir='ltr'>placido</span> <span class='ocrx_word' id='word_1_105' title='bbox 987 1186 1103 1209; x_wconf 86' lang='lat' dir='ltr'>somno</span> <span class='ocrx_word' id='word_1_106' title='bbox 1126 1187 1177 1209; x_wconf 87' lang='lat' dir='ltr'>so-</span> 
     </span>
    </p>

    <p class='ocr_par' dir='ltr' id='par_1_18' title="bbox 433 1229 1176 1274">
     <span class='ocr_line' id='line_1_21' title="bbox 433 1229 1176 1274; baseline 0.001 -13"><span class='ocrx_word' id='word_1_107' title='bbox 433 1231 536 1274; x_wconf 84' lang='lat' dir='ltr'>pitum</span> <span class='ocrx_word' id='word_1_108' title='bbox 563 1231 755 1267; x_wconf 85' lang='lat' dir='ltr'>referentes,</span> <span class='ocrx_word' id='word_1_109' title='bbox 781 1229 893 1273; x_wconf 87' lang='lat' dir='ltr'>populi</span> <span class='ocrx_word' id='word_1_110' title='bbox 920 1239 973 1262; x_wconf 86' lang='lat' dir='ltr'>eas</span> <span class='ocrx_word' id='word_1_111' title='bbox 1001 1229 1176 1262; x_wconf 85' lang='lat' dir='ltr'>osculantis</span> 
     </span>
    </p>

    <p class='ocr_par' dir='ltr' id='par_1_19' title="bbox 431 1284 1174 1327">
     <span class='ocr_line' id='line_1_22' title="bbox 431 1284 1174 1327; baseline -0.001 -10"><span class='ocrx_word' id='word_1_112' title='bbox 431 1285 603 1317; x_wconf 81' lang='lat' dir='ltr'>multitudo</span> <span class='ocrx_word' id='word_1_113' title='bbox 637 1285 768 1327; x_wconf 82' lang='lat' dir='ltr'>copiosa</span> <span class='ocrx_word' id='word_1_114' title='bbox 804 1284 965 1316; x_wconf 79' lang='lat' dir='ltr'>turmatim</span> <span class='ocrx_word' id='word_1_115' title='bbox 995 1284 1174 1324; x_wconf 78' lang='lat' dir='ltr'>confluxit,</span> 
     </span>
    </p>

    <p class='ocr_par' dir='ltr' id='par_1_20' title="bbox 431 1337 1177 1380">
     <span class='ocr_line' id='line_1_23' title="bbox 431 1337 1177 1380; baseline 0 -11"><span class='ocrx_word' id='word_1_116' title='bbox 431 1338 567 1371; x_wconf 81' lang='lat' dir='ltr'>vestium</span> <span class='ocrx_word' id='word_1_117' title='bbox 595 1342 627 1369; x_wconf 91' lang='lat' dir='ltr'>et</span> <span class='ocrx_word' id='word_1_118' title='bbox 653 1337 753 1380; x_wconf 84' lang='lat' dir='ltr'>ipsius</span> <span class='ocrx_word' id='word_1_119' title='bbox 780 1337 874 1368; x_wconf 86' lang='lat' dir='ltr'>etiam</span> <span class='ocrx_word' id='word_1_120' title='bbox 894 1337 1081 1379; x_wconf 86' lang='lat' dir='ltr'>corpusculi</span> <span class='ocrx_word' id='word_1_121' title='bbox 1104 1347 1177 1379; x_wconf 85' lang='lat' dir='ltr'>par-</span> 
     </span>
    </p>

    <p class='ocr_par' dir='ltr' id='par_1_21' title="bbox 433 1389 1175 1430">
     <span class='ocr_line' id='line_1_24' title="bbox 433 1389 1175 1430; baseline -0.001 -7"><span class='ocrx_word' id='word_1_122' title='bbox 433 1391 565 1429; x_wconf 84' lang='lat' dir='ltr'>ticulas,</span> <span class='ocrx_word' id='word_1_123' title='bbox 594 1390 814 1422; x_wconf 75' lang='lat' dir='ltr'>venerationis</span> <span class='ocrx_word' id='word_1_124' title='bbox 848 1389 1020 1430; x_wconf 82' lang='lat' dir='ltr'>instinctu,</span> <span class='ocrx_word' id='word_1_125' title='bbox 1048 1391 1175 1423; x_wconf 84' lang='lat' dir='ltr'>auferre</span> 
     </span>
    </p>

    <p class='ocr_par' dir='ltr' id='par_1_22' title="bbox 433 1443 1176 1486">
     <span class='ocr_line' id='line_1_25' title="bbox 433 1443 1176 1486; baseline -0.003 -9"><span class='ocrx_word' id='word_1_126' title='bbox 433 1450 559 1477; x_wconf 83' lang='lat' dir='ltr'>conata.</span> <span class='ocrx_word' id='word_1_127' title='bbox 598 1443 688 1476; x_wconf 88' lang='lat' dir='ltr'>Tanti</span> <span class='ocrx_word' id='word_1_128' title='bbox 728 1443 784 1475; x_wconf 76' lang='lat' dir='ltr'>viri</span> <span class='ocrx_word' id='word_1_129' title='bbox 802 1470 809 1483; x_wconf 94' lang='lat'>‚</span> <span class='ocrx_word' id='word_1_130' title='bbox 838 1454 934 1486; x_wconf 82' lang='lat' dir='ltr'>quem</span> <span class='ocrx_word' id='word_1_131' title='bbox 960 1443 1116 1476; x_wconf 79' lang='lat' dir='ltr'>Tlieresia</span> <span class='ocrx_word' id='word_1_132' title='bbox 1143 1449 1176 1475; x_wconf 92' lang='lat' dir='ltr'>ut</span> 
     </span>
    </p>

    <p class='ocr_par' dir='ltr' id='par_1_23' title="bbox 432 1496 1176 1540">
     <span class='ocr_line' id='line_1_26' title="bbox 432 1496 1176 1540; baseline 0 -11"><span class='ocrx_word' id='word_1_133' title='bbox 432 1502 579 1529; x_wconf 81' lang='lat' dir='ltr'>sanetum</span> <span class='ocrx_word' id='word_1_134' title='bbox 625 1502 816 1540; x_wconf 71' lang='lat' dir='ltr'>suspexerat</span> <span class='ocrx_word' id='word_1_135' title='bbox 859 1496 1025 1539; x_wconf 80' lang='lat' dir='ltr'>sanctique</span> <span class='ocrx_word' id='word_1_136' title='bbox 1068 1497 1176 1538; x_wconf 74' lang='lat' dir='ltr'>elogio</span> 
     </span>
    </p>

    <p class='ocr_par' dir='ltr' id='par_1_24' title="bbox 432 1550 1177 1594">
     <span class='ocr_line' id='line_1_27' title="bbox 432 1550 1177 1594; baseline -0.001 -10"><span class='ocrx_word' id='word_1_137' title='bbox 432 1550 630 1594; x_wconf 74' lang='lat' dir='ltr'>compluries</span> <span class='ocrx_word' id='word_1_138' title='bbox 656 1556 843 1590; x_wconf 80' lang='lat' dir='ltr'>ornaverat,</span> <span class='ocrx_word' id='word_1_139' title='bbox 871 1551 1022 1583; x_wconf 84' lang='lat' dir='ltr'>virtutum</span> <span class='ocrx_word' id='word_1_140' title='bbox 1050 1556 1082 1583; x_wconf 86' lang='lat' dir='ltr'>ct</span> <span class='ocrx_word' id='word_1_141' title='bbox 1102 1561 1177 1593; x_wconf 91' lang='lat' dir='ltr'>pro-</span> 
     </span>
    </p>

    <p class='ocr_par' dir='ltr' id='par_1_25' title="bbox 435 1603 1172 1646">
     <span class='ocr_line' id='line_1_28' title="bbox 435 1603 1172 1646; baseline 0 -10"><span class='ocrx_word' id='word_1_142' title='bbox 435 1603 597 1646; x_wconf 85' lang='lat' dir='ltr'>digiorum</span> <span class='ocrx_word' id='word_1_143' title='bbox 626 1604 706 1636; x_wconf 74' lang='lat' dir='ltr'>fama</span> <span class='ocrx_word' id='word_1_144' title='bbox 732 1603 763 1635; x_wconf 88' lang='lat' dir='ltr'>in</span> <span class='ocrx_word' id='word_1_145' title='bbox 786 1603 854 1636; x_wconf 85' lang='lat' dir='ltr'>dies</span> <span class='ocrx_word' id='word_1_146' title='bbox 879 1604 1172 1646; x_wconf 77' lang='lat' dir='ltr'>percrebescentc,</span> 
     </span>
    </p>

    <p class='ocr_par' dir='ltr' id='par_1_26' title="bbox 432 1657 1173 1699">
     <span class='ocr_line' id='line_1_29' title="bbox 432 1657 1173 1699; baseline 0 -10"><span class='ocrx_word' id='word_1_147' title='bbox 432 1663 522 1699; x_wconf 76' lang='lat' dir='ltr'>gesta</span> <span class='ocrx_word' id='word_1_148' title='bbox 548 1657 623 1689; x_wconf 77' lang='lat' dir='ltr'>eius·</span> <span class='ocrx_word' id='word_1_149' title='bbox 643 1662 767 1689; x_wconf 87' lang='lat' dir='ltr'>maturo</span> <span class='ocrx_word' id='word_1_150' title='bbox 794 1657 913 1689; x_wconf 69' lang='lat' dir='ltr'>iudicio</span> <span class='ocrx_word' id='word_1_151' title='bbox 939 1657 1173 1689; x_wconf 73' lang='lat' dir='ltr'>venerabilium</span> 
     </span>
    </p>
   </div>
   <div class='ocr_carea' id='block_1_4' title="bbox 433 1709 1197 1749">
    <p class='ocr_par' dir='ltr' id='par_1_27' title="bbox 433 1709 1197 1749">
     <span class='ocr_line' id='line_1_30' title="bbox 433 1709 1197 1749; baseline 0.001 -8"><span class='ocrx_word' id='word_1_152' title='bbox 433 1710 567 1742; x_wconf 89' lang='lat' dir='ltr'>fratrum</span> <span class='ocrx_word' id='word_1_153' title='bbox 593 1709 624 1741; x_wconf 88' lang='lat' dir='ltr'>S.</span> <span class='ocrx_word' id='word_1_154' title='bbox 653 1709 689 1741; x_wconf 80' lang='lat' dir='ltr'>R.</span> <span class='ocrx_word' id='word_1_155' title='bbox 717 1709 751 1741; x_wconf 87' lang='grc' dir='ltr'>Ε.</span> <span class='ocrx_word' id='word_1_156' title='bbox 780 1710 1010 1749; x_wconf 85' lang='lat' dir='ltr'>cardinalium,</span> <span class='ocrx_word' id='word_1_157' title='bbox 1040 1710 1197 1743; x_wconf 63' lang='lat' dir='ltr'>sedente:</span> 
     </span>
    </p>
   </div>
   <div class='ocr_carea' id='block_1_5' title="bbox 432 1763 1175 1967">
    <p class='ocr_par' dir='ltr' id='par_1_28' title="bbox 432 1763 1175 1967">
     <span class='ocr_line' id='line_1_31' title="bbox 432 1763 1174 1806; baseline 0.001 -12"><span class='ocrx_word' id='word_1_158' title='bbox 432 1763 505 1806; x_wconf 88' lang='lat' dir='ltr'>piae</span> <span class='ocrx_word' id='word_1_159' title='bbox 525 1763 764 1796; x_wconf 86' lang='lat' dir='ltr'>recordationis</span> <span class='ocrx_word' id='word_1_160' title='bbox 784 1764 951 1796; x_wconf 77' lang='lat' dir='ltr'>decessore</span> <span class='ocrx_word' id='word_1_161' title='bbox 974 1769 1085 1797; x_wconf 83' lang='lat' dir='ltr'>nostro</span> <span class='ocrx_word' id='word_1_162' title='bbox 1105 1764 1174 1796; x_wconf 75' lang='lat' dir='ltr'>Ale-</span> 
     </span>
     <span class='ocr_line' id='line_1_32' title="bbox 432 1816 1174 1859; baseline 0.001 -12"><span class='ocrx_word' id='word_1_163' title='bbox 432 1816 556 1849; x_wconf 79' lang='lat' dir='ltr'>xandro</span> <span class='ocrx_word' id='word_1_164' title='bbox 594 1816 679 1859; x_wconf 84' lang='lat' dir='ltr'>Papa</span> <span class='ocrx_word' id='word_1_165' title='bbox 714 1816 776 1857; x_wconf 64' lang='lat' dir='ltr'>Yll,</span> <span class='ocrx_word' id='word_1_166' title='bbox 804 1817 841 1849; x_wconf 87' lang='lat' dir='ltr'>ad</span> <span class='ocrx_word' id='word_1_167' title='bbox 884 1818 1057 1850; x_wconf 78' lang='lat' dir='ltr'>canonicos</span> <span class='ocrx_word' id='word_1_168' title='bbox 1095 1817 1174 1849; x_wconf 77' lang='lat' dir='ltr'>ritus</span> 
     </span>
     <span class='ocr_line' id='line_1_33' title="bbox 432 1868 1175 1914; baseline 0.003 -14"><span class='ocrx_word' id='word_1_169' title='bbox 432 1868 576 1901; x_wconf 83' lang='lat' dir='ltr'>discussa</span> <span class='ocrx_word' id='word_1_170' title='bbox 603 1874 634 1902; x_wconf 87' lang='lat' dir='ltr'>et</span> <span class='ocrx_word' id='word_1_171' title='bbox 659 1869 794 1912; x_wconf 81' lang='lat' dir='ltr'>probata</span> <span class='ocrx_word' id='word_1_172' title='bbox 833 1870 978 1910; x_wconf 81' lang='lat' dir='ltr'>fuerunt,</span> <span class='ocrx_word' id='word_1_173' title='bbox 1005 1871 1091 1903; x_wconf 77' lang='lat' dir='ltr'>uncle</span> <span class='ocrx_word' id='word_1_174' title='bbox 1117 1881 1175 1914; x_wconf 75' lang='lat' dir='ltr'>per</span> 
     </span>
     <span class='ocr_line' id='line_1_34' title="bbox 432 1921 1175 1967; baseline 0.004 -14"><span class='ocrx_word' id='word_1_175' title='bbox 432 1921 547 1955; x_wconf 82' lang='lat' dir='ltr'>similis</span> <span class='ocrx_word' id='word_1_176' title='bbox 584 1924 764 1956; x_wconf 82' lang='lat' dir='ltr'>memoriae</span> <span class='ocrx_word' id='word_1_177' title='bbox 801 1923 976 1956; x_wconf 83' lang='lat' dir='ltr'>Clementis</span> <span class='ocrx_word' id='word_1_178' title='bbox 1013 1924 1116 1967; x_wconf 80' lang='lat' dir='ltr'>Papae</span> <span class='ocrx_word' id='word_1_179' title='bbox 1151 1924 1175 1956; x_wconf 78' lang='lat' dir='ltr'>X</span> 
     </span>
    </p>
   </div>
   <div class='ocr_carea' id='block_1_6' title="bbox 432 1976 1197 2018">
    <p class='ocr_par' dir='ltr' id='par_1_29' title="bbox 432 1976 1197 2018">
     <span class='ocr_line' id='line_1_35' title="bbox 432 1976 1197 2018; baseline 0.001 -10"><span class='ocrx_word' id='word_1_180' title='bbox 432 1976 628 2018; x_wconf 85' lang='lat' dir='ltr'>apostolicas</span> <span class='ocrx_word' id='word_1_181' title='bbox 667 1976 789 2009; x_wconf 73' lang='lat' dir='ltr'>litteras</span> <span class='ocrx_word' id='word_1_182' title='bbox 827 1977 910 2010; x_wconf 90' lang='lat' dir='ltr'>inter</span> <span class='ocrx_word' id='word_1_183' title='bbox 943 1977 1055 2010; x_wconf 79' lang='lat' dir='ltr'>beatos</span> <span class='ocrx_word' id='word_1_184' title='bbox 1094 1978 1197 2009; x_wconf 57' lang='lat' dir='ltr'>reia-¹</span> 
     </span>
    </p>
   </div>
   <div class='ocr_carea' id='block_1_7' title="bbox 238 2034 1175 2170">
    <p class='ocr_par' dir='ltr' id='par_1_30' title="bbox 238 2034 1175 2170">
     <span class='ocr_line' id='line_1_36' title="bbox 433 2034 567 2063; baseline 0.022 -3"><span class='ocrx_word' id='word_1_185' title='bbox 433 2034 483 2061; x_wconf 87' lang='lat' dir='ltr'>tus</span> <span class='ocrx_word' id='word_1_186' title='bbox 509 2035 567 2063; x_wconf 86' lang='lat' dir='ltr'>est.</span> 
     </span>
     <span class='ocr_line' id='line_1_37' title="bbox 238 2083 1175 2137; baseline 0.002 -22"><span class='ocrx_word' id='word_1_187' title='bbox 238 2090 419 2137; x_wconf 58' lang='lat' dir='ltr'>;,‚,;5,&#39;¹&#39;‘”*1{j&#39;s{¹,¹¹</span> <span class='ocrx_word' id='word_1_188' title='bbox 477 2083 491 2126; x_wconf 63' lang='grc' dir='ltr'><strong>ἓ</strong></span> <span class='ocrx_word' id='word_1_189' title='bbox 517 2083 548 2116; x_wconf 83' lang='lat'>5.</span> <span class='ocrx_word' id='word_1_190' title='bbox 577 2083 672 2116; x_wconf 85' lang='lat' dir='ltr'>Novis</span> <span class='ocrx_word' id='word_1_191' title='bbox 696 2083 814 2116; x_wconf 81' lang='lat' dir='ltr'>deinde</span> <span class='ocrx_word' id='word_1_192' title='bbox 834 2084 1011 2123; x_wconf 79' lang='lat' dir='ltr'>miraculis,</span> <span class='ocrx_word' id='word_1_193' title='bbox 1033 2090 1104 2127; x_wconf 79' lang='lat' dir='ltr'>post</span> <span class='ocrx_word' id='word_1_194' title='bbox 1123 2096 1175 2117; x_wconf 88' lang='lat' dir='ltr'>so-</span> 
     </span>
     <span class='ocr_line' id='line_1_38' title="bbox 239 2124 1175 2170; baseline 0.001 -1"><span class='ocrx_word' id='word_1_195' title='bbox 239 2132 342 2162; x_wconf 49' lang='lat' dir='ltr'>rrstssurs</span> <span class='ocrx_word' id='word_1_196' title='bbox 361 2124 572 2169; x_wconf 41' lang='lat' dir='ltr'>u&#39;m‘lemneni</span> <span class='ocrx_word' id='word_1_197' title='bbox 598 2136 872 2170; x_wconf 77' lang='lat' dir='ltr'>beatificationem</span> <span class='ocrx_word' id='word_1_198' title='bbox 900 2137 941 2169; x_wconf 85' lang='lat' dir='ltr'>ob</span> <span class='ocrx_word' id='word_1_199' title='bbox 969 2137 1035 2169; x_wconf 77' lang='lat' dir='ltr'>eius</span> <span class='ocrx_word' id='word_1_200' title='bbox 1061 2137 1175 2170; x_wconf 82' lang='lat' dir='ltr'>merita</span> 
     </span>
    </p>
   </div>
   <div class='ocr_carea' id='block_1_8' title="bbox 432 2188 1176 2444">
    <p class='ocr_par' dir='ltr' id='par_1_31' title="bbox 432 2188 1176 2444">
     <span class='ocr_line' id='line_1_39' title="bbox 432 2188 1176 2232; baseline 0.003 -12"><span class='ocrx_word' id='word_1_201' title='bbox 432 2200 449 2221; x_wconf 91' lang='lat' dir='ltr'>a</span> <span class='ocrx_word' id='word_1_202' title='bbox 472 2188 537 2221; x_wconf 92' lang='lat' dir='ltr'>Deo</span> <span class='ocrx_word' id='word_1_203' title='bbox 563 2190 713 2232; x_wconf 84' lang='lat' dir='ltr'>patratis,</span> <span class='ocrx_word' id='word_1_204' title='bbox 742 2189 829 2222; x_wconf 83' lang='lat' dir='ltr'>iussu</span> <span class='ocrx_word' id='word_1_205' title='bbox 864 2189 919 2222; x_wconf 87' lang='lat' dir='ltr'>Dei</span> <span class='ocrx_word' id='word_1_206' title='bbox 946 2191 1031 2222; x_wconf 82' lang='lat' dir='ltr'>servi</span> <span class='ocrx_word' id='word_1_207' title='bbox 1048 2189 1058 2206; x_wconf 74' lang='lat'><strong>²</strong></span> <span class='ocrx_word' id='word_1_208' title='bbox 1082 2190 1176 2222; x_wconf 91' lang='lat' dir='ltr'>Inno-</span> 
     </span>
     <span class='ocr_line' id='line_1_40' title="bbox 432 2241 1176 2285; baseline 0.003 -12"><span class='ocrx_word' id='word_1_209' title='bbox 432 2241 529 2274; x_wconf 87' lang='lat' dir='ltr'>centii</span> <span class='ocrx_word' id='word_1_210' title='bbox 558 2242 660 2285; x_wconf 83' lang='lat' dir='ltr'>Papae</span> <span class='ocrx_word' id='word_1_211' title='bbox 686 2243 725 2275; x_wconf 81' lang='lat' dir='ltr'>Xl</span> <span class='ocrx_word' id='word_1_212' title='bbox 751 2242 894 2285; x_wconf 80' lang='lat' dir='ltr'>undique</span> <span class='ocrx_word' id='word_1_213' title='bbox 920 2242 1125 2285; x_wconf 73' lang='lat' dir='ltr'>conquisitis,</span> <span class='ocrx_word' id='word_1_214' title='bbox 1145 2249 1176 2275; x_wconf 89' lang='lat' dir='ltr'>et</span> 
     </span>
     <span class='ocr_line' id='line_1_41' title="bbox 433 2295 1176 2340; baseline 0.004 -14"><span class='ocrx_word' id='word_1_215' title='bbox 433 2305 542 2327; x_wconf 88' lang='lat' dir='ltr'>coram</span> <span class='ocrx_word' id='word_1_216' title='bbox 568 2295 663 2328; x_wconf 78' lang='lat' dir='ltr'>nobis</span> <span class='ocrx_word' id='word_1_217' title='bbox 691 2296 768 2339; x_wconf 84' lang='lat' dir='ltr'>ipsis</span> <span class='ocrx_word' id='word_1_218' title='bbox 794 2307 852 2340; x_wconf 89' lang='lat' dir='ltr'>per</span> <span class='ocrx_word' id='word_1_219' title='bbox 883 2297 1088 2329; x_wconf 77' lang='lat' dir='ltr'>venerabiles</span> <span class='ocrx_word' id='word_1_220' title='bbox 1115 2298 1176 2329; x_wconf 85' lang='lat' dir='ltr'>fra·</span> 
     </span>
     <span class='ocr_line' id='line_1_42' title="bbox 433 2350 1175 2389; baseline 0.007 -11"><span class='ocrx_word' id='word_1_221' title='bbox 433 2352 497 2379; x_wconf 87' lang='lat' dir='ltr'>tres</span> <span class='ocrx_word' id='word_1_222' title='bbox 535 2353 665 2381; x_wconf 83' lang='lat' dir='ltr'>nostros</span> <span class='ocrx_word' id='word_1_223' title='bbox 702 2350 733 2381; x_wconf 91' lang='lat' dir='ltr'>in</span> <span class='ocrx_word' id='word_1_224' title='bbox 770 2360 904 2382; x_wconf 78' lang='lat' dir='ltr'>examen</span> <span class='ocrx_word' id='word_1_225' title='bbox 942 2350 1111 2389; x_wconf 82' lang='lat' dir='ltr'>adductis,</span> <span class='ocrx_word' id='word_1_226' title='bbox 1140 2361 1175 2383; x_wconf 87' lang='lat' dir='ltr'>ac</span> 
     </span>
     <span class='ocr_line' id='line_1_43' title="bbox 432 2401 1174 2444; baseline 0.005 -13"><span class='ocrx_word' id='word_1_227' title='bbox 432 2401 532 2432; x_wconf 88' lang='lat' dir='ltr'>veteri</span> <span class='ocrx_word' id='word_1_228' title='bbox 559 2402 748 2444; x_wconf 75' lang='lat' dir='ltr'>disciplinae</span> <span class='ocrx_word' id='word_1_229' title='bbox 775 2408 806 2435; x_wconf 89' lang='lat' dir='ltr'>ct</span> <span class='ocrx_word' id='word_1_230' title='bbox 831 2403 989 2436; x_wconf 86' lang='lat' dir='ltr'>maiorum</span> <span class='ocrx_word' id='word_1_231' title='bbox 1017 2404 1174 2436; x_wconf 84' lang='lat' dir='ltr'>constitu-</span> 
     </span>
    </p>
   </div>
   <div class='ocr_carea' id='block_1_9' title="bbox 433 2451 1197 2498">
    <p class='ocr_par' dir='ltr' id='par_1_32' title="bbox 433 2451 1197 2498">
     <span class='ocr_line' id='line_1_44' title="bbox 433 2451 1197 2498; baseline 0.007 -14"><span class='ocrx_word' id='word_1_232' title='bbox 433 2452 574 2485; x_wconf 75' lang='lat' dir='ltr'>tionibus</span> <span class='ocrx_word' id='word_1_233' title='bbox 614 2455 814 2496; x_wconf 78' lang='lat' dir='ltr'>respoudere</span> <span class='ocrx_word' id='word_1_234' title='bbox 853 2466 911 2498; x_wconf 89' lang='lat' dir='ltr'>per</span> <span class='ocrx_word' id='word_1_235' title='bbox 943 2456 1052 2489; x_wconf 83' lang='lat' dir='ltr'>onmia</span> <span class='ocrx_word' id='word_1_236' title='bbox 1087 2451 1197 2489; x_wconf 61' lang='lat' dir='ltr'>corn-³</span> 
     </span>
    </p>
   </div>
   <div class='ocr_carea' id='block_1_10' title="bbox 467 2522 1173 2605">
    <p class='ocr_par' dir='ltr' id='par_1_33' title="bbox 467 2522 1173 2605">
     <span class='ocr_line' id='line_1_45' title="bbox 468 2522 1173 2560; baseline 0.007 -13"><span class='ocrx_word' id='word_1_237' title='bbox 468 2524 478 2549; x_wconf 74' lang='grc'>1</span> <span class='ocrx_word' id='word_1_238' title='bbox 502 2522 617 2549; x_wconf 73' lang='lat' dir='ltr'>Videtur</span> <span class='ocrx_word' id='word_1_239' title='bbox 638 2523 782 2554; x_wconf 66' lang='lat' dir='ltr'>legendum</span> <span class='ocrx_word' id='word_1_240' title='bbox 804 2526 887 2551; x_wconf 70' lang='lat' dir='ltr'>suavi</span> <span class='ocrx_word' id='word_1_241' title='bbox 902 2534 950 2559; x_wconf 90' lang='lat' dir='ltr'>pro</span> <span class='ocrx_word' id='word_1_242' title='bbox 966 2527 1051 2560; x_wconf 69' lang='lat' dir='ltr'>quasi</span> <span class='ocrx_word' id='word_1_243' title='bbox 1066 2529 1106 2559; x_wconf 86' lang='lat' dir='ltr'>(n.</span> <span class='ocrx_word' id='word_1_244' title='bbox 1123 2527 1173 2555; x_wconf 86' lang='grc' dir='ltr'>Τ.).</span> 
     </span>
     <span class='ocr_line' id='line_1_46' title="bbox 467 2566 1172 2605; baseline 0.009 -13"><span class='ocrx_word' id='word_1_245' title='bbox 467 2566 482 2592; x_wconf 69' lang='grc' dir='ltr'><em>Ξ</em></span> <span class='ocrx_word' id='word_1_246' title='bbox 503 2566 539 2592; x_wconf 71' lang='lat' dir='ltr'>Au</span> <span class='ocrx_word' id='word_1_247' title='bbox 562 2570 634 2593; x_wconf 76' lang='lat' dir='ltr'>reeta</span> <span class='ocrx_word' id='word_1_248' title='bbox 655 2567 733 2594; x_wconf 75' lang='lat' dir='ltr'>lectio</span> <span class='ocrx_word' id='word_1_249' title='bbox 755 2568 852 2596; x_wconf 82' lang='lat' dir='ltr'>iudicet</span> <span class='ocrx_word' id='word_1_250' title='bbox 875 2570 957 2597; x_wconf 82' lang='lat' dir='ltr'>lector</span> <span class='ocrx_word' id='word_1_251' title='bbox 978 2571 1049 2597; x_wconf 75' lang='lat' dir='ltr'>scius</span> <span class='ocrx_word' id='word_1_252' title='bbox 1079 2575 1120 2605; x_wconf 58' lang='lat' dir='ltr'>tn.</span> <span class='ocrx_word' id='word_1_253' title='bbox 1138 2576 1172 2601; x_wconf 71' lang='grc' dir='ltr'>Τ).</span> 
     </span>
    </p>
   </div>
   <div class='ocr_carea' id='block_1_11' title="bbox 1023 171 1393 196">
    <p class='ocr_par' dir='ltr' id='par_1_34' title="bbox 1023 171 1393 196">
     <span class='ocr_line' id='line_1_47' title="bbox 1023 171 1393 196; baseline 0.003 -1"><span class='ocrx_word' id='word_1_254' title='bbox 1023 172 1209 196; x_wconf 81' lang='lat' dir='ltr'><strong>BULLARIUM</strong></span> <span class='ocrx_word' id='word_1_255' title='bbox 1234 171 1393 196; x_wconf 74' lang='lat' dir='ltr'>ROMANUM</span> 
     </span>
    </p>
   </div>
   <div class='ocr_carea' id='block_1_12' title="bbox 1220 220 1965 1382">
    <p class='ocr_par' dir='ltr' id='par_1_35' title="bbox 1220 220 1965 1382">
     <span class='ocr_line' id='line_1_48' title="bbox 1221 220 1964 265; baseline 0.004 -13"><span class='ocrx_word' id='word_1_256' title='bbox 1221 220 1330 262; x_wconf 76' lang='lat' dir='ltr'>pertis,</span> <span class='ocrx_word' id='word_1_257' title='bbox 1356 220 1456 264; x_wconf 77' lang='lat' dir='ltr'>inque</span> <span class='ocrx_word' id='word_1_258' title='bbox 1483 220 1585 255; x_wconf 88' lang='lat' dir='ltr'>trihus</span> <span class='ocrx_word' id='word_1_259' title='bbox 1611 220 1813 255; x_wconf 81' lang='lat' dir='ltr'>consistoriis</span> <span class='ocrx_word' id='word_1_260' title='bbox 1839 226 1871 255; x_wconf 85' lang='lat' dir='ltr'>et</span> <span class='ocrx_word' id='word_1_261' title='bbox 1894 223 1964 265; x_wconf 82' lang='lat' dir='ltr'>ple-</span> 
     </span>
     <span class='ocr_line' id='line_1_49' title="bbox 1220 273 1963 310; baseline 0.007 -5"><span class='ocrx_word' id='word_1_262' title='bbox 1220 273 1311 306; x_wconf 90' lang='lat' dir='ltr'>nario</span> <span class='ocrx_word' id='word_1_263' title='bbox 1337 279 1499 307; x_wconf 84' lang='lat' dir='ltr'>conventu</span> <span class='ocrx_word' id='word_1_264' title='bbox 1517 275 1710 308; x_wconf 86' lang='lat' dir='ltr'>eorumdem</span> <span class='ocrx_word' id='word_1_265' title='bbox 1728 274 1963 310; x_wconf 85' lang='lat' dir='ltr'>venerabilium</span> 
     </span>
     <span class='ocr_line' id='line_1_50' title="bbox 1221 326 1963 369; baseline 0.003 -10"><span class='ocrx_word' id='word_1_266' title='bbox 1221 326 1353 359; x_wconf 80' lang='lat' dir='ltr'>fratrum</span> <span class='ocrx_word' id='word_1_267' title='bbox 1368 333 1554 361; x_wconf 85' lang='lat' dir='ltr'>nostrorum</span> <span class='ocrx_word' id='word_1_268' title='bbox 1575 328 1606 361; x_wconf 88' lang='lat' dir='ltr'>S.</span> <span class='ocrx_word' id='word_1_269' title='bbox 1628 328 1664 360; x_wconf 80' lang='lat' dir='ltr'>R.</span> <span class='ocrx_word' id='word_1_270' title='bbox 1684 328 1719 361; x_wconf 92' lang='lat' dir='ltr'>E.</span> <span class='ocrx_word' id='word_1_271' title='bbox 1740 328 1963 369; x_wconf 83' lang='lat' dir='ltr'>cardinalium,</span> 
     </span>
     <span class='ocr_line' id='line_1_51' title="bbox 1220 380 1963 425; baseline 0.004 -13"><span class='ocrx_word' id='word_1_272' title='bbox 1220 385 1318 423; x_wconf 88' lang='lat' dir='ltr'>atque</span> <span class='ocrx_word' id='word_1_273' title='bbox 1334 380 1428 413; x_wconf 89' lang='lat' dir='ltr'>etiam</span> <span class='ocrx_word' id='word_1_274' title='bbox 1454 380 1723 424; x_wconf 87' lang='lat' dir='ltr'>patriarcharum,</span> <span class='ocrx_word' id='word_1_275' title='bbox 1742 381 1963 425; x_wconf 85' lang='lat' dir='ltr'>archiepisco-</span> 
     </span>
     <span class='ocr_line' id='line_1_52' title="bbox 1220 433 1962 477; baseline 0.004 -13"><span class='ocrx_word' id='word_1_276' title='bbox 1220 443 1334 476; x_wconf 90' lang='lat' dir='ltr'>porum</span> <span class='ocrx_word' id='word_1_277' title='bbox 1372 439 1404 467; x_wconf 88' lang='lat' dir='ltr'>et</span> <span class='ocrx_word' id='word_1_278' title='bbox 1441 433 1671 477; x_wconf 88' lang='lat' dir='ltr'>episcoporum</span> <span class='ocrx_word' id='word_1_279' title='bbox 1711 433 1893 467; x_wconf 84' lang='lat' dir='ltr'>nosbiscum</span> <span class='ocrx_word' id='word_1_280' title='bbox 1929 434 1962 467; x_wconf 91' lang='lat' dir='ltr'>in</span> 
     </span>
     <span class='ocr_line' id='line_1_53' title="bbox 1220 485 1964 531; baseline 0.004 -14"><span class='ocrx_word' id='word_1_281' title='bbox 1220 485 1306 519; x_wconf 85' lang='lat' dir='ltr'>Urbe</span> <span class='ocrx_word' id='word_1_282' title='bbox 1342 486 1565 529; x_wconf 88' lang='lat' dir='ltr'>praesentium</span> <span class='ocrx_word' id='word_1_283' title='bbox 1603 491 1767 520; x_wconf 89' lang='lat' dir='ltr'>conventu</span> <span class='ocrx_word' id='word_1_284' title='bbox 1800 485 1859 519; x_wconf 86' lang='lat' dir='ltr'>rite</span> <span class='ocrx_word' id='word_1_285' title='bbox 1888 497 1964 531; x_wconf 88' lang='lat' dir='ltr'>per-</span> 
     </span>
     <span class='ocr_line' id='line_1_54' title="bbox 1220 538 1964 581; baseline 0.003 -11"><span class='ocrx_word' id='word_1_286' title='bbox 1220 538 1352 581; x_wconf 83' lang='lat' dir='ltr'>pensis,</span> <span class='ocrx_word' id='word_1_287' title='bbox 1391 539 1530 571; x_wconf 82' lang='lat' dir='ltr'>unanimi</span> <span class='ocrx_word' id='word_1_288' title='bbox 1578 539 1765 572; x_wconf 88' lang='lat' dir='ltr'>eorumdem</span> <span class='ocrx_word' id='word_1_289' title='bbox 1801 539 1964 573; x_wconf 77' lang='lat' dir='ltr'>sententia</span> 
     </span>
     <span class='ocr_line' id='line_1_55' title="bbox 1221 591 1963 634; baseline 0.003 -11"><span class='ocrx_word' id='word_1_290' title='bbox 1221 601 1279 633; x_wconf 87' lang='lat' dir='ltr'>per</span> <span class='ocrx_word' id='word_1_291' title='bbox 1304 591 1395 624; x_wconf 84' lang='lat' dir='ltr'>Sedis</span> <span class='ocrx_word' id='word_1_292' title='bbox 1433 592 1639 634; x_wconf 65' lang='lat' dir='ltr'>apostolicae</span> <span class='ocrx_word' id='word_1_293' title='bbox 1676 591 1818 626; x_wconf 84' lang='lat' dir='ltr'>notarios</span> <span class='ocrx_word' id='word_1_294' title='bbox 1854 603 1963 626; x_wconf 80' lang='lat' dir='ltr'>coram</span> 
     </span>
     <span class='ocr_line' id='line_1_56' title="bbox 1221 643 1962 689; baseline 0.005 -14"><span class='ocrx_word' id='word_1_295' title='bbox 1221 643 1316 677; x_wconf 86' lang='lat' dir='ltr'>nobis</span> <span class='ocrx_word' id='word_1_296' title='bbox 1342 645 1488 687; x_wconf 74' lang='lat' dir='ltr'>excepta,</span> <span class='ocrx_word' id='word_1_297' title='bbox 1515 655 1698 688; x_wconf 82' lang='lat' dir='ltr'>regumque</span> <span class='ocrx_word' id='word_1_298' title='bbox 1723 654 1760 677; x_wconf 86' lang='lat' dir='ltr'>ac</span> <span class='ocrx_word' id='word_1_299' title='bbox 1777 644 1962 689; x_wconf 86' lang='lat' dir='ltr'>principum</span> 
     </span>
     <span class='ocr_line' id='line_1_57' title="bbox 1221 697 1964 741; baseline 0.004 -12"><span class='ocrx_word' id='word_1_300' title='bbox 1221 697 1478 730; x_wconf 79' lang='lat' dir='ltr'>christianorum</span> <span class='ocrx_word' id='word_1_301' title='bbox 1512 704 1606 741; x_wconf 85' lang='lat' dir='ltr'>atque</span> <span class='ocrx_word' id='word_1_302' title='bbox 1624 698 1726 741; x_wconf 89' lang='lat' dir='ltr'>ipsius</span> <span class='ocrx_word' id='word_1_303' title='bbox 1746 698 1876 732; x_wconf 88' lang='lat' dir='ltr'>Ordinis</span> <span class='ocrx_word' id='word_1_304' title='bbox 1905 699 1964 732; x_wconf 86' lang='lat' dir='ltr'>fra-</span> 
     </span>
     <span class='ocr_line' id='line_1_58' title="bbox 1222 750 1964 794; baseline 0.004 -13"><span class='ocrx_word' id='word_1_305' title='bbox 1222 756 1305 782; x_wconf 87' lang='lat' dir='ltr'>trum</span> <span class='ocrx_word' id='word_1_306' title='bbox 1332 750 1579 783; x_wconf 83' lang='lat' dir='ltr'>Exalceatorum</span> <span class='ocrx_word' id='word_1_307' title='bbox 1615 751 1651 784; x_wconf 87' lang='lat' dir='ltr'>B.</span> <span class='ocrx_word' id='word_1_308' title='bbox 1682 751 1798 784; x_wconf 84' lang='lat' dir='ltr'>Mariae</span> <span class='ocrx_word' id='word_1_309' title='bbox 1824 751 1964 794; x_wconf 84' lang='lat' dir='ltr'>Virginis</span> 
     </span>
     <span class='ocr_line' id='line_1_59' title="bbox 1220 802 1963 848; baseline 0.004 -13"><span class='ocrx_word' id='word_1_310' title='bbox 1220 814 1237 835; x_wconf 81' lang='lat' dir='ltr'>a</span> <span class='ocrx_word' id='word_1_311' title='bbox 1262 802 1370 836; x_wconf 83' lang='lat' dir='ltr'>Monte</span> <span class='ocrx_word' id='word_1_312' title='bbox 1405 803 1554 836; x_wconf 87' lang='lat' dir='ltr'>Carmelo</span> <span class='ocrx_word' id='word_1_313' title='bbox 1588 804 1691 837; x_wconf 85' lang='lat' dir='ltr'>enixis</span> <span class='ocrx_word' id='word_1_314' title='bbox 1726 805 1879 848; x_wconf 89' lang='lat' dir='ltr'>precibus</span> <span class='ocrx_word' id='word_1_315' title='bbox 1904 816 1963 848; x_wconf 89' lang='lat' dir='ltr'>pro</span> 
     </span>
     <span class='ocr_line' id='line_1_60' title="bbox 1221 855 1963 892; baseline 0.005 -4"><span class='ocrx_word' id='word_1_316' title='bbox 1221 856 1255 888; x_wconf 86' lang='lat' dir='ltr'>B.</span> <span class='ocrx_word' id='word_1_317' title='bbox 1284 856 1401 889; x_wconf 88' lang='lat' dir='ltr'>Ioanne</span> <span class='ocrx_word' id='word_1_318' title='bbox 1427 867 1444 889; x_wconf 88' lang='lat' dir='ltr'>a</span> <span class='ocrx_word' id='word_1_319' title='bbox 1469 855 1570 890; x_wconf 87' lang='lat' dir='ltr'>Cruee</span> <span class='ocrx_word' id='word_1_320' title='bbox 1607 857 1639 890; x_wconf 92' lang='lat' dir='ltr'>in</span> <span class='ocrx_word' id='word_1_321' title='bbox 1676 863 1858 891; x_wconf 83' lang='lat' dir='ltr'>sanctorum</span> <span class='ocrx_word' id='word_1_322' title='bbox 1884 869 1963 892; x_wconf 88' lang='lat' dir='ltr'>eon-</span> 
     </span>
     <span class='ocr_line' id='line_1_61' title="bbox 1222 909 1965 952; baseline 0.005 -11"><span class='ocrx_word' id='word_1_323' title='bbox 1222 910 1379 942; x_wconf 83' lang='lat' dir='ltr'>sessorum</span> <span class='ocrx_word' id='word_1_324' title='bbox 1414 920 1479 942; x_wconf 89' lang='lat' dir='ltr'>non</span> <span class='ocrx_word' id='word_1_325' title='bbox 1513 909 1702 952; x_wconf 75' lang='lat' dir='ltr'>pontificum</span> <span class='ocrx_word' id='word_1_326' title='bbox 1729 921 1888 945; x_wconf 86' lang='lat' dir='ltr'>canonem</span> <span class='ocrx_word' id='word_1_327' title='bbox 1913 921 1965 945; x_wconf 90' lang='lat' dir='ltr'>re-</span> 
     </span>
     <span class='ocr_line' id='line_1_62' title="bbox 1222 963 1965 1008; baseline 0.007 -14"><span class='ocrx_word' id='word_1_328' title='bbox 1222 963 1357 996; x_wconf 84' lang='lat' dir='ltr'>ferendo</span> <span class='ocrx_word' id='word_1_329' title='bbox 1376 963 1584 1006; x_wconf 76' lang='lat' dir='ltr'>Apostolieae</span> <span class='ocrx_word' id='word_1_330' title='bbox 1605 963 1679 996; x_wconf 87' lang='lat' dir='ltr'>Sedi</span> <span class='ocrx_word' id='word_1_331' title='bbox 1703 964 1872 1007; x_wconf 77' lang='lat' dir='ltr'>porrectis,</span> <span class='ocrx_word' id='word_1_332' title='bbox 1891 970 1965 1008; x_wconf 83' lang='lat' dir='ltr'>post</span> 
     </span>
     <span class='ocr_line' id='line_1_63' title="bbox 1222 1015 1964 1059; baseline 0.007 -13"><span class='ocrx_word' id='word_1_333' title='bbox 1222 1021 1328 1048; x_wconf 83' lang='lat' dir='ltr'>tantae</span> <span class='ocrx_word' id='word_1_334' title='bbox 1357 1016 1401 1049; x_wconf 90' lang='lat' dir='ltr'>rei</span> <span class='ocrx_word' id='word_1_335' title='bbox 1431 1015 1646 1059; x_wconf 76' lang='lat' dir='ltr'>perficiendae</span> <span class='ocrx_word' id='word_1_336' title='bbox 1673 1017 1852 1050; x_wconf 86' lang='lat' dir='ltr'>solemnem</span> <span class='ocrx_word' id='word_1_337' title='bbox 1878 1017 1964 1051; x_wconf 89' lang='lat' dir='ltr'>diem</span> 
     </span>
     <span class='ocr_line' id='line_1_64' title="bbox 1222 1068 1965 1112; baseline 0.004 -12"><span class='ocrx_word' id='word_1_338' title='bbox 1222 1068 1397 1108; x_wconf 83' lang='lat' dir='ltr'>indictam,</span> <span class='ocrx_word' id='word_1_339' title='bbox 1425 1079 1549 1112; x_wconf 82' lang='lat' dir='ltr'>perque</span> <span class='ocrx_word' id='word_1_340' title='bbox 1575 1070 1762 1110; x_wconf 83' lang='lat' dir='ltr'>orationes,</span> <span class='ocrx_word' id='word_1_341' title='bbox 1788 1070 1909 1104; x_wconf 87' lang='lat' dir='ltr'>ieiunia</span> <span class='ocrx_word' id='word_1_342' title='bbox 1933 1075 1965 1104; x_wconf 86' lang='lat' dir='ltr'>et</span> 
     </span>
     <span class='ocr_line' id='line_1_65' title="bbox 1221 1123 1962 1168; baseline 0.005 -13"><span class='ocrx_word' id='word_1_343' title='bbox 1221 1124 1448 1166; x_wconf 70' lang='lat' dir='ltr'>eleemosynas</span> <span class='ocrx_word' id='word_1_344' title='bbox 1497 1123 1731 1166; x_wconf 88' lang='lat' dir='ltr'>omnipotentis</span> <span class='ocrx_word' id='word_1_345' title='bbox 1771 1123 1826 1157; x_wconf 89' lang='lat' dir='ltr'>Dei</span> <span class='ocrx_word' id='word_1_346' title='bbox 1867 1135 1962 1168; x_wconf 87' lang='lat' dir='ltr'>opem</span> 
     </span>
     <span class='ocr_line' id='line_1_66' title="bbox 1223 1175 1963 1220; baseline 0.005 -13"><span class='ocrx_word' id='word_1_347' title='bbox 1223 1175 1462 1209; x_wconf 72' lang='lat' dir='ltr'>ferventissime</span> <span class='ocrx_word' id='word_1_348' title='bbox 1488 1175 1709 1220; x_wconf 83' lang='lat' dir='ltr'>imploratam,</span> <span class='ocrx_word' id='word_1_349' title='bbox 1737 1177 1868 1210; x_wconf 89' lang='lat' dir='ltr'>demum</span> <span class='ocrx_word' id='word_1_350' title='bbox 1892 1178 1963 1211; x_wconf 87' lang='lat' dir='ltr'>uni-</span> 
     </span>
     <span class='ocr_line' id='line_1_67' title="bbox 1221 1230 1965 1275; baseline 0.009 -16"><span class='ocrx_word' id='word_1_351' title='bbox 1221 1230 1331 1267; x_wconf 81' lang='lat' dir='ltr'>versis,</span> <span class='ocrx_word' id='word_1_352' title='bbox 1351 1240 1434 1272; x_wconf 76' lang='lat' dir='ltr'>quae</span> <span class='ocrx_word' id='word_1_353' title='bbox 1453 1240 1489 1262; x_wconf 79' lang='lat' dir='ltr'>ex</span> <span class='ocrx_word' id='word_1_354' title='bbox 1510 1237 1757 1275; x_wconf 85' lang='lat' dir='ltr'>antecessorum</span> <span class='ocrx_word' id='word_1_355' title='bbox 1777 1238 1965 1266; x_wconf 85' lang='lat' dir='ltr'>nostrorum</span> 
     </span>
     <span class='ocr_line' id='line_1_68' title="bbox 1222 1281 1964 1320; baseline 0.008 -7"><span class='ocrx_word' id='word_1_356' title='bbox 1222 1281 1440 1316; x_wconf 83' lang='lat' dir='ltr'>Romanorum</span> <span class='ocrx_word' id='word_1_357' title='bbox 1468 1283 1657 1316; x_wconf 78' lang='lat' dir='ltr'>Pontificum</span> <span class='ocrx_word' id='word_1_358' title='bbox 1676 1285 1964 1320; x_wconf 78' lang='lat' dir='ltr'>constitutionibus</span> 
     </span>
     <span class='ocr_line' id='line_1_69' title="bbox 1221 1336 1962 1382; baseline 0.007 -14"><span class='ocrx_word' id='word_1_359' title='bbox 1221 1342 1251 1369; x_wconf 89' lang='lat' dir='ltr'>et</span> <span class='ocrx_word' id='word_1_360' title='bbox 1276 1336 1306 1369; x_wconf 92' lang='lat' dir='ltr'>S.</span> <span class='ocrx_word' id='word_1_361' title='bbox 1336 1337 1373 1369; x_wconf 31' lang='grc' dir='ltr'>ΗΔ</span> <span class='ocrx_word' id='word_1_362' title='bbox 1408 1336 1440 1369; x_wconf 88' lang='grc' dir='ltr'>Ε.</span> <span class='ocrx_word' id='word_1_363' title='bbox 1476 1338 1651 1381; x_wconf 79' lang='lat' dir='ltr'>disciplina</span> <span class='ocrx_word' id='word_1_364' title='bbox 1687 1339 1813 1382; x_wconf 79' lang='lat' dir='ltr'>agenda</span> <span class='ocrx_word' id='word_1_365' title='bbox 1849 1345 1962 1380; x_wconf 87' lang='lat' dir='ltr'>erant,</span> 
     </span>
    </p>
   </div>
   <div class='ocr_carea' id='block_1_13' title="bbox 1197 1380 1964 1436">
    <p class='ocr_par' dir='ltr' id='par_1_36' title="bbox 1197 1380 1964 1436">
     <span class='ocr_line' id='line_1_70' title="bbox 1197 1380 1964 1436; baseline 0.007 -14"><span class='ocrx_word' id='word_1_366' title='bbox 1197 1380 1308 1422; x_wconf 84' lang='lat' dir='ltr'>¹omni</span> <span class='ocrx_word' id='word_1_367' title='bbox 1336 1390 1495 1432; x_wconf 72' lang='lat' dir='ltr'>religione</span> <span class='ocrx_word' id='word_1_368' title='bbox 1530 1391 1694 1434; x_wconf 85' lang='lat' dir='ltr'>peractis,</span> <span class='ocrx_word' id='word_1_369' title='bbox 1731 1392 1790 1425; x_wconf 87' lang='lat' dir='ltr'>hac</span> <span class='ocrx_word' id='word_1_370' title='bbox 1816 1392 1887 1436; x_wconf 73' lang='lat' dir='ltr'>ipsa</span> <span class='ocrx_word' id='word_1_371' title='bbox 1912 1393 1964 1427; x_wconf 85' lang='lat' dir='ltr'>die</span> 
     </span>
    </p>
   </div>
   <div class='ocr_carea' id='block_1_14' title="bbox 1196 1600 1198 1615">
    <p class='ocr_par' dir='ltr' id='par_1_37' title="bbox 1196 1600 1198 1615">
     <span class='ocr_line' id='line_1_71' title="bbox 1196 1600 1198 1615; baseline 0 0"><span class='ocrx_word' id='word_1_372' title='bbox 1196 1600 1198 1615; x_wconf 78' lang='lat' dir='ltr'>l</span> 
     </span>
    </p>
   </div>
   <div class='ocr_carea' id='block_1_15' title="bbox 1218 1443 1965 2392">
    <p class='ocr_par' dir='ltr' id='par_1_38' title="bbox 1218 1443 1965 2392">
     <span class='ocr_line' id='line_1_72' title="bbox 1220 1443 1965 1488; baseline 0.005 -13"><span class='ocrx_word' id='word_1_373' title='bbox 1220 1443 1251 1475; x_wconf 92' lang='lat' dir='ltr'>in</span> <span class='ocrx_word' id='word_1_374' title='bbox 1279 1444 1436 1476; x_wconf 82' lang='lat' dir='ltr'>honorem</span> <span class='ocrx_word' id='word_1_375' title='bbox 1455 1444 1490 1477; x_wconf 89' lang='lat' dir='ltr'>B.</span> <span class='ocrx_word' id='word_1_376' title='bbox 1510 1444 1640 1477; x_wconf 88' lang='lat' dir='ltr'>loannis</span> <span class='ocrx_word' id='word_1_377' title='bbox 1659 1445 1800 1488; x_wconf 79' lang='lat' dir='ltr'>apostoli</span> <span class='ocrx_word' id='word_1_378' title='bbox 1820 1451 1852 1479; x_wconf 89' lang='lat' dir='ltr'>et</span> <span class='ocrx_word' id='word_1_379' title='bbox 1868 1457 1965 1479; x_wconf 86' lang='lat' dir='ltr'>evan-</span> 
     </span>
     <span class='ocr_line' id='line_1_73' title="bbox 1220 1496 1963 1538; baseline 0.008 -11"><span class='ocrx_word' id='word_1_380' title='bbox 1220 1496 1354 1537; x_wconf 73' lang='lat' dir='ltr'>gelistae</span> <span class='ocrx_word' id='word_1_381' title='bbox 1392 1496 1457 1529; x_wconf 82' lang='lat' dir='ltr'>Deo</span> <span class='ocrx_word' id='word_1_382' title='bbox 1496 1500 1612 1538; x_wconf 75' lang='lat' dir='ltr'>sacra,</span> <span class='ocrx_word' id='word_1_383' title='bbox 1640 1501 1704 1530; x_wconf 81' lang='lat' dir='ltr'>una</span> <span class='ocrx_word' id='word_1_384' title='bbox 1741 1509 1813 1532; x_wconf 88' lang='lat' dir='ltr'>eum</span> <span class='ocrx_word' id='word_1_385' title='bbox 1849 1499 1963 1533; x_wconf 88' lang='lat' dir='ltr'>iisdem</span> 
     </span>
     <span class='ocr_line' id='line_1_74' title="bbox 1219 1550 1961 1586; baseline 0.008 -6"><span class='ocrx_word' id='word_1_386' title='bbox 1219 1550 1460 1583; x_wconf 79' lang='lat' dir='ltr'>venerabilibus</span> <span class='ocrx_word' id='word_1_387' title='bbox 1487 1550 1637 1583; x_wconf 83' lang='lat' dir='ltr'>fratribus</span> <span class='ocrx_word' id='word_1_388' title='bbox 1664 1551 1784 1585; x_wconf 86' lang='lat' dir='ltr'>nostris</span> <span class='ocrx_word' id='word_1_389' title='bbox 1810 1552 1839 1585; x_wconf 88' lang='lat' dir='ltr'>S.</span> <span class='ocrx_word' id='word_1_390' title='bbox 1865 1553 1903 1586; x_wconf 82' lang='lat' dir='ltr'>R.</span> <span class='ocrx_word' id='word_1_391' title='bbox 1926 1553 1961 1586; x_wconf 91' lang='lat' dir='ltr'>E.</span> 
     </span>
     <span class='ocr_line' id='line_1_75' title="bbox 1219 1605 1963 1651; baseline 0.007 -16"><span class='ocrx_word' id='word_1_392' title='bbox 1219 1605 1450 1644; x_wconf 74' lang='lat' dir='ltr'>cardinaliliuS,</span> <span class='ocrx_word' id='word_1_393' title='bbox 1478 1605 1680 1648; x_wconf 78' lang='lat' dir='ltr'>patriarchis,</span> <span class='ocrx_word' id='word_1_394' title='bbox 1700 1606 1963 1651; x_wconf 81' lang='lat' dir='ltr'>archiepiscopis</span> 
     </span>
     <span class='ocr_line' id='line_1_76' title="bbox 1219 1658 1965 1704; baseline 0.005 -14"><span class='ocrx_word' id='word_1_395' title='bbox 1219 1662 1249 1690; x_wconf 88' lang='lat' dir='ltr'>et</span> <span class='ocrx_word' id='word_1_396' title='bbox 1275 1658 1438 1700; x_wconf 82' lang='lat' dir='ltr'>episcopis</span> <span class='ocrx_word' id='word_1_397' title='bbox 1468 1669 1504 1691; x_wconf 88' lang='lat' dir='ltr'>ac</span> <span class='ocrx_word' id='word_1_398' title='bbox 1541 1661 1708 1702; x_wconf 86' lang='lat' dir='ltr'>utriusque</span> <span class='ocrx_word' id='word_1_399' title='bbox 1741 1661 1820 1693; x_wconf 88' lang='lat' dir='ltr'>cleri</span> <span class='ocrx_word' id='word_1_400' title='bbox 1853 1665 1885 1693; x_wconf 87' lang='lat' dir='ltr'>et</span> <span class='ocrx_word' id='word_1_401' title='bbox 1910 1672 1965 1704; x_wconf 82' lang='lat' dir='ltr'>po-</span> 
     </span>
     <span class='ocr_line' id='line_1_77' title="bbox 1218 1711 1965 1753; baseline 0.008 -12"><span class='ocrx_word' id='word_1_402' title='bbox 1218 1711 1286 1753; x_wconf 89' lang='lat' dir='ltr'>puli</span> <span class='ocrx_word' id='word_1_403' title='bbox 1314 1711 1494 1753; x_wconf 77' lang='lat' dir='ltr'>frequentia</span> <span class='ocrx_word' id='word_1_404' title='bbox 1520 1712 1550 1743; x_wconf 91' lang='lat' dir='ltr'>in</span> <span class='ocrx_word' id='word_1_405' title='bbox 1578 1718 1816 1745; x_wconf 78' lang='lat' dir='ltr'>sacrosanctam</span> <span class='ocrx_word' id='word_1_406' title='bbox 1853 1713 1965 1747; x_wconf 79' lang='lat' dir='ltr'>basili-</span> 
     </span>
     <span class='ocr_line' id='line_1_78' title="bbox 1218 1764 1965 1810; baseline 0.005 -15"><span class='ocrx_word' id='word_1_407' title='bbox 1218 1774 1285 1796; x_wconf 85' lang='lat' dir='ltr'>cam</span> <span class='ocrx_word' id='word_1_408' title='bbox 1313 1764 1472 1807; x_wconf 86' lang='lat' dir='ltr'>principis</span> <span class='ocrx_word' id='word_1_409' title='bbox 1497 1765 1729 1808; x_wconf 83' lang='lat' dir='ltr'>Apostolorum</span> <span class='ocrx_word' id='word_1_410' title='bbox 1754 1766 1820 1799; x_wconf 90' lang='lat' dir='ltr'>Deo</span> <span class='ocrx_word' id='word_1_411' title='bbox 1841 1766 1965 1810; x_wconf 82' lang='lat' dir='ltr'>suppli·</span> 
     </span>
     <span class='ocr_line' id='line_1_79' title="bbox 1219 1817 1962 1859; baseline 0.004 -9"><span class='ocrx_word' id='word_1_412' title='bbox 1219 1823 1330 1850; x_wconf 84' lang='lat' dir='ltr'>cantes</span> <span class='ocrx_word' id='word_1_413' title='bbox 1355 1817 1585 1858; x_wconf 77' lang='lat' dir='ltr'>convenimus3</span> <span class='ocrx_word' id='word_1_414' title='bbox 1605 1818 1681 1858; x_wconf 88' lang='lat' dir='ltr'>ubi,</span> <span class='ocrx_word' id='word_1_415' title='bbox 1701 1820 1823 1859; x_wconf 85' lang='lat' dir='ltr'>semel,</span> <span class='ocrx_word' id='word_1_416' title='bbox 1848 1819 1962 1854; x_wconf 83' lang='lat' dir='ltr'>iterum</span> 
     </span>
     <span class='ocr_line' id='line_1_80' title="bbox 1219 1871 1963 1914; baseline 0.005 -10"><span class='ocrx_word' id='word_1_417' title='bbox 1219 1876 1249 1904; x_wconf 88' lang='lat' dir='ltr'>et</span> <span class='ocrx_word' id='word_1_418' title='bbox 1283 1871 1376 1904; x_wconf 87' lang='lat' dir='ltr'>tertio</span> <span class='ocrx_word' id='word_1_419' title='bbox 1417 1882 1475 1914; x_wconf 88' lang='lat' dir='ltr'>pro</span> <span class='ocrx_word' id='word_1_420' title='bbox 1516 1872 1584 1904; x_wconf 93' lang='lat' dir='ltr'>viro</span> <span class='ocrx_word' id='word_1_421' title='bbox 1622 1871 1677 1904; x_wconf 89' lang='lat' dir='ltr'>Dei</span> <span class='ocrx_word' id='word_1_422' title='bbox 1715 1872 1747 1904; x_wconf 91' lang='lat' dir='ltr'>in</span> <span class='ocrx_word' id='word_1_423' title='bbox 1779 1879 1963 1908; x_wconf 85' lang='lat' dir='ltr'>sanctorum</span> 
     </span>
     <span class='ocr_line' id='line_1_81' title="bbox 1218 1923 1964 1968; baseline 0.007 -13"><span class='ocrx_word' id='word_1_424' title='bbox 1218 1923 1442 1956; x_wconf 84' lang='lat' dir='ltr'>confessorum</span> <span class='ocrx_word' id='word_1_425' title='bbox 1479 1934 1544 1956; x_wconf 92' lang='lat' dir='ltr'>non</span> <span class='ocrx_word' id='word_1_426' title='bbox 1578 1924 1770 1968; x_wconf 76' lang='lat' dir='ltr'>pontificum</span> <span class='ocrx_word' id='word_1_427' title='bbox 1803 1937 1964 1961; x_wconf 90' lang='lat' dir='ltr'>canonem</span> 
     </span>
     <span class='ocr_line' id='line_1_82' title="bbox 1219 1977 1964 2023; baseline 0.008 -15"><span class='ocrx_word' id='word_1_428' title='bbox 1219 1977 1392 2010; x_wconf 85' lang='lat' dir='ltr'>referendo</span> <span class='ocrx_word' id='word_1_429' title='bbox 1419 1977 1571 2020; x_wconf 85' lang='lat' dir='ltr'>precibus</span> <span class='ocrx_word' id='word_1_430' title='bbox 1610 1979 1756 2021; x_wconf 81' lang='lat' dir='ltr'>repetitis</span> <span class='ocrx_word' id='word_1_431' title='bbox 1782 1990 1844 2023; x_wconf 88' lang='lat' dir='ltr'>per</span> <span class='ocrx_word' id='word_1_432' title='bbox 1868 1991 1964 2014; x_wconf 86' lang='lat' dir='ltr'>venc-</span> 
     </span>
     <span class='ocr_line' id='line_1_83' title="bbox 1220 2030 1963 2066; baseline 0.007 -5"><span class='ocrx_word' id='word_1_433' title='bbox 1220 2030 1354 2062; x_wconf 78' lang='lat' dir='ltr'>i·al)ilem</span> <span class='ocrx_word' id='word_1_434' title='bbox 1396 2030 1529 2063; x_wconf 82' lang='lat' dir='ltr'>fratrem</span> <span class='ocrx_word' id='word_1_435' title='bbox 1569 2036 1715 2064; x_wconf 84' lang='lat' dir='ltr'>nostrum</span> <span class='ocrx_word' id='word_1_436' title='bbox 1756 2032 1963 2066; x_wconf 86' lang='lat' dir='ltr'>Laurentium</span> 
     </span>
     <span class='ocr_line' id='line_1_84' title="bbox 1218 2082 1965 2127; baseline 0.005 -12"><span class='ocrx_word' id='word_1_437' title='bbox 1218 2082 1247 2115; x_wconf 91' lang='lat' dir='ltr'>S.</span> <span class='ocrx_word' id='word_1_438' title='bbox 1273 2082 1309 2116; x_wconf 85' lang='lat' dir='ltr'>R.</span> <span class='ocrx_word' id='word_1_439' title='bbox 1338 2083 1370 2115; x_wconf 87' lang='lat' dir='ltr'>E.</span> <span class='ocrx_word' id='word_1_440' title='bbox 1397 2083 1587 2127; x_wconf 86' lang='lat' dir='ltr'>episcopum</span> <span class='ocrx_word' id='word_1_441' title='bbox 1624 2085 1822 2118; x_wconf 80' lang='lat' dir='ltr'>cardinalem</span> <span class='ocrx_word' id='word_1_442' title='bbox 1848 2085 1965 2119; x_wconf 84' lang='lat' dir='ltr'>Tuscu-</span> 
     </span>
     <span class='ocr_line' id='line_1_85' title="bbox 1219 2136 1965 2182; baseline 0.005 -14"><span class='ocrx_word' id='word_1_443' title='bbox 1219 2137 1328 2168; x_wconf 88' lang='lat' dir='ltr'>lanum</span> <span class='ocrx_word' id='word_1_444' title='bbox 1355 2136 1524 2169; x_wconf 85' lang='lat' dir='ltr'>Corsinum</span> <span class='ocrx_word' id='word_1_445' title='bbox 1552 2143 1788 2180; x_wconf 87' lang='lat' dir='ltr'>nuncupatum,</span> <span class='ocrx_word' id='word_1_446' title='bbox 1807 2144 1881 2182; x_wconf 87' lang='lat' dir='ltr'>post</span> <span class='ocrx_word' id='word_1_447' title='bbox 1910 2139 1965 2172; x_wconf 83' lang='lat' dir='ltr'>de-</span> 
     </span>
     <span class='ocr_line' id='line_1_86' title="bbox 1219 2191 1963 2236; baseline 0.005 -14"><span class='ocrx_word' id='word_1_448' title='bbox 1219 2195 1362 2222; x_wconf 79' lang='lat' dir='ltr'>cantatas</span> <span class='ocrx_word' id='word_1_449' title='bbox 1399 2201 1509 2223; x_wconf 81' lang='lat' dir='ltr'>sacras</span> <span class='ocrx_word' id='word_1_450' title='bbox 1547 2191 1713 2224; x_wconf 81' lang='lat' dir='ltr'>orationes</span> <span class='ocrx_word' id='word_1_451' title='bbox 1750 2196 1781 2225; x_wconf 87' lang='lat' dir='ltr'>et</span> <span class='ocrx_word' id='word_1_452' title='bbox 1824 2192 1963 2236; x_wconf 86' lang='lat' dir='ltr'>Spiritus</span> 
     </span>
     <span class='ocr_line' id='line_1_87' title="bbox 1218 2243 1962 2286; baseline 0.005 -11"><span class='ocrx_word' id='word_1_453' title='bbox 1218 2243 1325 2276; x_wconf 83' lang='lat' dir='ltr'>Sancti</span> <span class='ocrx_word' id='word_1_454' title='bbox 1362 2243 1498 2286; x_wconf 83' lang='lat' dir='ltr'>gratiam</span> <span class='ocrx_word' id='word_1_455' title='bbox 1537 2244 1719 2277; x_wconf 88' lang='lat' dir='ltr'>humillime</span> <span class='ocrx_word' id='word_1_456' title='bbox 1761 2245 1962 2286; x_wconf 86' lang='lat' dir='ltr'>invocatam,</span> 
     </span>
     <span class='ocr_line' id='line_1_88' title="bbox 1219 2297 1963 2332; baseline 0.004 -3"><span class='ocrx_word' id='word_1_457' title='bbox 1219 2297 1258 2329; x_wconf 81' lang='lat' dir='ltr'>ad</span> <span class='ocrx_word' id='word_1_458' title='bbox 1285 2297 1445 2330; x_wconf 80' lang='lat' dir='ltr'>honorem</span> <span class='ocrx_word' id='word_1_459' title='bbox 1472 2302 1602 2330; x_wconf 84' lang='lat' dir='ltr'>sanctae</span> <span class='ocrx_word' id='word_1_460' title='bbox 1630 2303 1661 2329; x_wconf 90' lang='lat' dir='ltr'>et</span> <span class='ocrx_word' id='word_1_461' title='bbox 1686 2297 1871 2331; x_wconf 86' lang='lat' dir='ltr'>individuae</span> <span class='ocrx_word' id='word_1_462' title='bbox 1896 2298 1963 2332; x_wconf 85' lang='lat' dir='ltr'>Tri-</span> 
     </span>
     <span class='ocr_line' id='line_1_89' title="bbox 1220 2350 1960 2392; baseline 0.003 -10"><span class='ocrx_word' id='word_1_463' title='bbox 1220 2351 1351 2390; x_wconf 83' lang='lat' dir='ltr'>nitatis,</span> <span class='ocrx_word' id='word_1_464' title='bbox 1388 2350 1461 2383; x_wconf 81' lang='lat' dir='ltr'>fidci</span> <span class='ocrx_word' id='word_1_465' title='bbox 1497 2351 1679 2383; x_wconf 79' lang='lat' dir='ltr'>catholicae</span> <span class='ocrx_word' id='word_1_466' title='bbox 1710 2352 1960 2392; x_wconf 85' lang='lat' dir='ltr'>exaltationem,</span> 
     </span>
    </p>
   </div>
   <div class='ocr_carea' id='block_1_16' title="bbox 1196 2403 1963 2444">
    <p class='ocr_par' dir='ltr' id='par_1_39' title="bbox 1196 2403 1963 2444">
     <span class='ocr_line' id='line_1_90' title="bbox 1196 2403 1963 2444; baseline 0 -7"><span class='ocrx_word' id='word_1_467' title='bbox 1196 2403 1198 2407; x_wconf 76' lang='grc'>’</span> <span class='ocrx_word' id='word_1_468' title='bbox 1219 2410 1250 2437; x_wconf 89' lang='lat' dir='ltr'>et</span> <span class='ocrx_word' id='word_1_469' title='bbox 1275 2404 1446 2437; x_wconf 79' lang='lat' dir='ltr'>christiani</span> <span class='ocrx_word' id='word_1_470' title='bbox 1474 2404 1614 2437; x_wconf 88' lang='lat' dir='ltr'>nominis</span> <span class='ocrx_word' id='word_1_471' title='bbox 1635 2404 1882 2444; x_wconf 81' lang='lat' dir='ltr'>incrementum,</span> <span class='ocrx_word' id='word_1_472' title='bbox 1908 2415 1963 2437; x_wconf 81' lang='lat' dir='ltr'>au-</span> 
     </span>
    </p>
   </div>
   <div class='ocr_carea' id='block_1_17' title="bbox 1197 231 1200 2608">
    <p class='ocr_par' dir='ltr' id='par_1_40' title="bbox 1197 231 1200 2608">
     <span class='ocr_line' id='line_1_91' title="bbox 1197 231 1200 2608; baseline 0 0"><span class='ocrx_word' id='word_1_473' title='bbox 1197 231 1200 2608; x_wconf 95' lang='lat' dir='ltr'> </span> 
     </span>
    </p>
   </div>
   <div class='ocr_carea' id='block_1_18' title="bbox 1219 2456 1965 2602">
    <p class='ocr_par' dir='ltr' id='par_1_41' title="bbox 1219 2456 1965 2602">
     <span class='ocr_line' id='line_1_92' title="bbox 1219 2456 1960 2500; baseline 0.001 -11"><span class='ocrx_word' id='word_1_474' title='bbox 1219 2458 1368 2490; x_wconf 89' lang='lat' dir='ltr'>ctoritate</span> <span class='ocrx_word' id='word_1_475' title='bbox 1394 2457 1626 2500; x_wconf 83' lang='lat' dir='ltr'>omnipotentis</span> <span class='ocrx_word' id='word_1_476' title='bbox 1661 2457 1714 2490; x_wconf 87' lang='lat' dir='ltr'>Dei</span> <span class='ocrx_word' id='word_1_477' title='bbox 1742 2456 1866 2496; x_wconf 87' lang='lat' dir='ltr'>Patris,</span> <span class='ocrx_word' id='word_1_478' title='bbox 1889 2457 1960 2490; x_wconf 86' lang='lat' dir='ltr'>Filii</span> 
     </span>
     <span class='ocr_line' id='line_1_93' title="bbox 1220 2510 1965 2553; baseline 0.001 -11"><span class='ocrx_word' id='word_1_479' title='bbox 1220 2515 1251 2542; x_wconf 89' lang='lat' dir='ltr'>et</span> <span class='ocrx_word' id='word_1_480' title='bbox 1274 2510 1413 2553; x_wconf 84' lang='lat' dir='ltr'>Spiritus</span> <span class='ocrx_word' id='word_1_481' title='bbox 1439 2510 1559 2549; x_wconf 78' lang='lat' dir='ltr'>Sancti,</span> <span class='ocrx_word' id='word_1_482' title='bbox 1585 2514 1618 2542; x_wconf 87' lang='lat' dir='ltr'>et</span> <span class='ocrx_word' id='word_1_483' title='bbox 1642 2510 1812 2542; x_wconf 84' lang='lat' dir='ltr'>beatorum</span> <span class='ocrx_word' id='word_1_484' title='bbox 1832 2515 1965 2553; x_wconf 88' lang='lat' dir='ltr'>aposto-</span> 
     </span>
     <span class='ocr_line' id='line_1_94' title="bbox 1219 2562 1960 2602; baseline 0.001 -7"><span class='ocrx_word' id='word_1_485' title='bbox 1219 2563 1324 2596; x_wconf 84' lang='lat' dir='ltr'>lorum</span> <span class='ocrx_word' id='word_1_486' title='bbox 1362 2562 1447 2595; x_wconf 79' lang='lat' dir='ltr'>Petri</span> <span class='ocrx_word' id='word_1_487' title='bbox 1484 2567 1513 2594; x_wconf 87' lang='lat' dir='ltr'>ct</span> <span class='ocrx_word' id='word_1_488' title='bbox 1551 2562 1662 2601; x_wconf 80' lang='lat' dir='ltr'>Pauli,</span> <span class='ocrx_word' id='word_1_489' title='bbox 1691 2572 1725 2594; x_wconf 87' lang='lat' dir='ltr'>ae</span> <span class='ocrx_word' id='word_1_490' title='bbox 1751 2564 1884 2602; x_wconf 80' lang='lat' dir='ltr'>nostra,</span> <span class='ocrx_word' id='word_1_491' title='bbox 1921 2563 1960 2596; x_wconf 89' lang='lat' dir='ltr'>de</span> 
     </span>
    </p>
   </div>
   <div class='ocr_carea' id='block_1_19' title="bbox 1971 174 2170 206">
    <p class='ocr_par' dir='ltr' id='par_1_42' title="bbox 1971 174 2170 206">
     <span class='ocr_line' id='line_1_95' title="bbox 1971 174 2170 206; baseline 0.03 -6"><span class='ocrx_word' id='word_1_492' title='bbox 1971 174 2019 202; x_wconf 83' lang='lat' dir='ltr'>An.</span> <span class='ocrx_word' id='word_1_493' title='bbox 2041 174 2070 202; x_wconf 87' lang='lat' dir='ltr'>C.</span> <span class='ocrx_word' id='word_1_494' title='bbox 2091 175 2170 206; x_wconf 41' lang='lat'><strong>1726*</strong></span> 
     </span>
    </p>
   </div>
  </div>
 </body>
</html>
