2170 3147
22 174 71 202 An.
87 172 114 200 C.
138 172 205 199 1726

86 392 201 414 ttcroeauo

20 421 101 442 unionis
119 419 201 445 praedi-

20 450 75 470 ctae.
86 448 105 467 et
116 446 199 465 restitu-

19 475 49 494 tio
56 472 149 494 eiusdem
158 477 200 492 rno-

19 499 105 521 uastari}
129 498 189 524 prisii

19 532 59 547 nae
78 531 128 546 snae
151 531 197 549 pro-

20 553 102 573 vinciae
138 551 199 572 cata-

19 579 86 600 briae.

789 172 983 198 BENEDICTUS
1009 173 1066 198 xm
1091 174 1129 198 1³1*
1136 191 1143 198 .

213 221 304 264 giosa
339 221 418 254 inibi
454 222 546 265 quies
587 226 618 255 et
657 223 876 266 tranquillitas
918 233 953 255 ac

212 274 368 316 regularis
389 274 595 308 observantia
615 286 850 320 usquequaque
868 276 954 309 rein-

212 332 360 370 tegretur
377 338 383 359 :

256 380 270 423 ἓ
293 380 325 413 4.
353 380 434 414 IIinc
459 386 506 414 est
524 381 610 425 quod
637 392 709 422 uos,
731 382 867 424 praefati
885 393 952 415 mo-

212 434 343 466 nasterii
370 435 503 478 eiusque
539 434 772 468 monachorum
799 436 895 467 statui
922 441 974 478 et,

210 486 427 526 indemnitati,
454 493 608 530 quantum
635 498 707 520 cum
725 488 863 521 Domino
882 499 952 531 pos-

211 549 330 579 sumus,
354 539 544 583 prospicere
571 551 606 573 ac
631 546 817 584 opportune
843 540 952 584 provi-

211 592 288 625 dere
313 594 478 631 volentes,
515 593 809 637 supplicationibus
839 593 950 626 dilecti

210 645 267 679 filii
294 646 421 680 abbatis
456 648 629 680 Alexandri
656 648 771 690 Magni,
797 647 948 681 monachi

211 710 364 743 expresse
388 701 527 743 professi
554 700 659 734 dictae
683 701 870 744 provinciae
895 700 951 734 Ca-

209 753 343 793 labriae,
370 764 406 786 ac
423 753 646 796 procuratoris
669 753 831 796 generalis
851 754 950 785 totius

209 805 337 838 Ordinis
370 806 614 845 Cisterciensis,
640 806 733 839 nobis
764 816 863 849 super
888 807 950 839 hoc

208 858 378 891 humiliter
407 859 565 902 porrectis
602 858 760 900 inclinati,
792 869 829 891 ac
854 858 948 891 etiam

207 917 296 945 motu
322 913 456 955 proprio
495 918 526 945 et
562 924 598 945 ex
635 914 722 945 certa
758 912 895 945 scientia
919 917 948 945 et

207 968 332 997 matura
380 965 619 998 deliberatione
660 965 782 999 nostris
798 992 805 1005 ,
843 965 949 1008 deque

207 1019 407 1062 apostolicae
426 1019 600 1062 potestatis
616 1019 834 1062 plenitudine,
855 1029 948 1062 prae·

207 1072 262 1105 fati
286 1072 475 1105 monasterii
501 1073 531 1105 S.
560 1072 677 1105 Mariae
708 1073 747 1105 dc
773 1072 948 1114 Sagittario

206 1135 223 1158 a
237 1125 321 1158 dicta
335 1125 503 1168 provincia
521 1124 688 1158 Calabriae
707 1124 948 1168 separationem
968 1136 970 1142 ¹

206 1189 242 1211 ac
268 1178 611 1218 dismembrationem,
645 1184 741 1221 atque
768 1188 947 1221 congrega-

208 1231 286 1265 tioni
313 1232 344 1265 S.
373 1232 529 1264 Bernardi
556 1238 587 1265 et
612 1231 797 1275 provinciae
814 1231 946 1264 Tusciae

205 1285 361 1329 praefatis
384 1286 565 1324 unionem,
603 1284 819 1317 annexionem
846 1290 877 1317 et
901 1284 948 1317 in-

206 1339 483 1381 corporationem,
510 1349 527 1371 a
552 1343 731 1372 memorato
765 1338 947 1371 Alexandro

205 1392 482 1436 praedecessore,
509 1392 593 1425 sicut
625 1392 863 1436 praemittitur,
903 1392 948 1425 fa-

205 1443 288 1483 cta¹,
312 1450 344 1478 et
361 1445 529 1487 expeditas
549 1445 690 1488 desuper
708 1445 854 1478 eiusdem
874 1446 946 1478 Ale-

205 1498 318 1531 xandri
333 1499 596 1541 praedecessoris
614 1499 737 1532 litteras
755 1499 944 1542 praedictas,

204 1551 319 1584 harum
347 1552 446 1591 serie,
475 1563 674 1593 revocamus,
700 1562 875 1592 cassamus,
904 1553 945 1584 ir-

203 1604 337 1637 ritamus
372 1610 404 1638 et
436 1607 668 1646 annullamus,
703 1606 888 1649 viribusque
915 1611 946 1639 et

205 1657 319 1691 effectu
345 1659 475 1702 penitus
501 1665 532 1692 et
557 1659 690 1692 omnino
707 1669 888 1698 vacuamus,
910 1670 945 1692 ac

203 1717 380 1752 revocatas
398 1718 548 1751 cassatas,
566 1713 674 1745 irritas
693 1718 725 1745 et
744 1712 942 1751 annullatas

202 1829 318 1851 vacuas
344 1829 414 1852 esse
441 1824 472 1851 et
498 1819 566 1852 fore
605 1819 807 1852 decernimus
833 1824 863 1851 et
889 1820 944 1852 de-

203 1870 375 1909 claramus,
391 1871 563 1914 ipsumque
581 1872 814 1904 monasterium
833 1872 864 1904 S.
884 1872 944 1904 Ma-

202 1923 271 1956 riae
298 1924 337 1956 de
361 1924 543 1966 Sagittario,
562 1934 634 1956 cum
661 1925 810 1957 omuibus
832 1930 863 1957 et
879 1925 943 1957 sin-

203 1976 287 2018 gulis
305 1977 375 2009 eius
392 1977 543 2019 personis
573 1984 603 2009 ct
631 1976 724 2010 bonis
752 1977 837 2010 illius
855 1987 944 2009 men·

204 2038 257 2061 sae
278 2029 514 2067 conventualis,
531 2029 736 2071 supradictae
755 2030 942 2073 provinciae

206 2078 372 2113 Calabriae
411 2080 633 2121 restituimus,
660 2093 696 2114 ac
714 2109 721 2120 ‚
750 2087 847 2124 prout
870 2087 942 2114 ante

203 2134 387 2178 praedictas
413 2135 588 2167 Alexandri
606 2135 871 2178 praedecessoris
893 2135 944 2168 lit·
964 2165 965 2173 ,

203 2192 289 2220 teras
315 2193 401 2227 erat,
431 2188 537 2221 eidem
563 2188 750 2231 provinciae
775 2188 942 2221 Calabriae
964 2215 965 2219 ,

203 2241 311 2274 denuo
338 2241 475 2282 unimus,
501 2241 703 2274 annectimus
735 2247 766 2274 et
794 2241 944 2284 incorpo-

202 2304 323 2333 ramus,
347 2295 443 2326 salvis
469 2300 576 2327 tamen
601 2294 743 2327 decretis
768 2304 826 2337 per
851 2304 944 2337 prae-

203 2347 302 2381 fatum
335 2348 523 2391 episcopum
549 2348 788 2389 Anglonensem
813 2347 844 2379 in
869 2353 942 2380 actu
963 2364 964 2369 =

964 2401 965 2410 ¹
987 2404 1019 2432 et
1036 2398 1274 2442 provinciarum
1292 2399 1490 2440 huiusmodi,
1508 2400 1644 2443 aliisque
1661 2400 1727 2443 qui-

200 2400 394 2433 visitationis
414 2400 600 2432 huiusmodi
619 2400 726 2439 editis,
749 2410 830 2442 quae
849 2410 943 2442 prae-

1040 222 1099 266 55.
1116 223 1350 264 Decernentes,
1365 224 1497 257 easdem
1510 223 1638 257 litteras
1656 234 1736 257 sem-

996 285 1054 318 per
1079 275 1197 315 firmas,
1218 277 1341 310 validas
1367 282 1397 310 ct
1423 276 1570 310 efficaces
1598 277 1734 310 existere

997 334 1029 361 et
1054 329 1131 369 fore,
1157 340 1301 372 suosque
1337 331 1503 374 plenarios
1532 336 1563 364 et
1590 330 1734 373 integros

996 380 1127 414 effectus
1145 382 1253 415 sortiri
1273 388 1305 415 et
1332 383 1496 423 obtinere,
1515 395 1551 416 ac
1569 382 1631 416 ab¹
1657 383 1733 423 illis,

997 433 1034 466 ad
1063 445 1144 477 quos
1163 441 1288 477 spectat
1313 441 1344 469 et
1369 447 1426 479 pro
1450 442 1594 480 tempore
1614 442 1735 479 specta-

996 487 1059 527 bit,
1087 487 1324 522 inviolabiliter
1349 495 1381 522 et
1405 490 1598 523 inconcusse
1625 490 1736 523 obser-

995 540 1073 579 vari,
1088 551 1194 583 neque
1208 542 1246 573 de
1257 542 1480 585 subreptionis
1491 549 1519 576 et
1533 543 1734 586 obreptionis

996 598 1050 624 aut
1075 593 1235 627 nullitatis
1260 595 1350 634 vitio,
1376 606 1430 628 seu
1458 596 1647 629 intentionis
1679 606 1735 629 no-

995 652 1079 678 strae
1111 651 1167 678 aut
1192 647 1351 680 interesse
1378 649 1568 682 habentium
1595 659 1735 681 consen-

995 701 1058 738 sus,
1085 699 1187 733 aliove
1220 701 1367 744 quolibet
1403 702 1500 735 etiam
1527 702 1734 735 substantiali

995 752 1119 785 desectu
1145 754 1263 793 notari,
1285 754 1486 798 impugnari,
1515 755 1658 797 infringi,
1683 766 1734 788 re-

995 806 1135 844 tractari,
1163 811 1216 839 aut
1242 806 1272 838 in
1300 808 1552 840 controversiam
1576 808 1732 847 revocari,

995 869 1049 892 seu
1076 860 1115 891 ad
1144 860 1302 893 terminos
1336 860 1416 893 iuris
1452 861 1577 900 reduci,
1604 862 1654 894 vet
1680 861 1735 893 ad-

993 923 1104 945 versus
1122 912 1194 946 illas
1212 914 1402 956 aperitionis
1421 914 1497 953 oris,
1515 914 1734 947 restitutionis

993 966 1024 998 in
1051 966 1225 1009 integrum,
1244 966 1373 1000 aliudve
1392 968 1622 1011 quodcumque
1641 967 1732 1007 iuris,

995 1019 1066 1052 facti
1102 1020 1151 1052 vel
1189 1020 1312 1062 gratiae
1339 1020 1519 1053 remedium
1545 1020 1733 1064 impetrari,

993 1083 1047 1105 seu
1075 1073 1262 1115 impetrato,
1290 1079 1345 1106 aut
1364 1074 1459 1107 etiam
1482 1080 1582 1115 motu,
1601 1074 1734 1107 scientia

993 1130 1025 1158 et
1050 1126 1216 1169 potestatis
1252 1127 1457 1169 plenitudine
1494 1127 1630 1170 paribus
1657 1138 1734 1160 eon-

992 1189 1082 1211 cesso
1108 1179 1295 1222 quempiam
1330 1180 1362 1212 in
1401 1180 1525 1213 iudicio
1561 1181 1610 1213 vel
1646 1186 1733 1214 extra

992 1232 1070 1266 illud
1109 1232 1154 1264 uti
1191 1243 1248 1265 seu
1275 1243 1309 1266 se
1336 1233 1445 1266 iuvare
1475 1244 1591 1276 posse,
1619 1234 1731 1278 sieque

992 1291 1023 1318 et
1047 1296 1110 1318 non
1139 1285 1233 1318 aliter
1268 1286 1300 1319 in
1339 1287 1527 1330 praemissis
1553 1297 1610 1330 per
1635 1297 1733 1331 quos-

991 1349 1130 1382 cumque
1156 1339 1280 1372 iudices
1307 1339 1492 1373 ordinarios
1519 1345 1550 1373 ct
1568 1341 1733 1383 delegatos

992 1393 1088 1426 etiam
1115 1403 1283 1426 causarum
1310 1393 1420 1436 palatii
1447 1394 1621 1437 apostolici
1644 1394 1733 1428 audi-

991 1453 1077 1479 tores
1103 1456 1139 1478 ac
1163 1445 1195 1478 S.
1222 1445 1258 1478 R.
1286 1445 1320 1479 E.
1355 1446 1538 1480 cardinales
1570 1447 1666 1480 etiam
1692 1448 1731 1480 de

990 1501 1093 1532 latere
1120 1500 1245 1541 legatos
1283 1505 1314 1532 et
1350 1499 1429 1532 alios
1466 1499 1633 1543 quoslibet
1659 1511 1733 1544 qua-

990 1561 1127 1594 cumque
1154 1550 1413 1593 praeeminentia
1434 1556 1464 1583 et
1483 1557 1643 1594 potestate
1664 1551 1735 1584 fun·

990 1609 1101 1646 gentes
1116 1609 1147 1636 et
1165 1603 1346 1643 functuros,
1364 1604 1491 1637 sublata
1510 1603 1557 1637 eis
1575 1610 1731 1638 eteorum

989 1656 1121 1689 cuilibet
1153 1656 1264 1699 quavis
1302 1656 1398 1689 aliter
1430 1657 1596 1690 iudicandi
1623 1663 1654 1690 et
1687 1657 1733 1690 in-

989 1709 1191 1752 terpretandi
1219 1709 1369 1742 facultate
1395 1714 1426 1742 et
1450 1711 1658 1750 auctoritate,
1684 1710 1732 1743 iu·

204 1764 392 1809 viribusque
419 1770 450 1798 et
468 1764 583 1798 effectu
607 1766 736 1808 penitus
758 1772 790 1799 et
810 1767 944 1799 omnino
964 1766 966 1784 ¹
989 1763 1088 1795 dicari
1115 1769 1146 1796 et
1171 1763 1301 1795 definiri
1329 1763 1469 1803 debere,
1496 1774 1531 1796 ac
1552 1763 1681 1796 irritum
1700 1769 1732 1797 et

989 1816 1095 1853 inane„
1123 1817 1148 1848 si
1175 1827 1268 1849 secus
1306 1827 1407 1859 super
1432 1817 1482 1849 his
1508 1827 1524 1849 a
1549 1827 1728 1860 quoquam,

988 1869 1098 1913 quavis
1124 1869 1340 1909 auctoritate,
1375 1869 1518 1902 scienter
1551 1871 1599 1903 vel
1637 1870 1730 1913 igno—

988 1928 1102 1955 ranter
1126 1922 1300 1966 eontigerit
1325 1922 1488 1955 attentari.

1031 1977 1045 2019 ἓ
1071 1976 1101 2008 6.
1130 1975 1198 2009 Non
1236 1975 1440 2008 obstantibus
1473 1976 1629 2019 praefatis
1653 1977 1727 2011 Ate-

986 2029 1101 2061 xandri
1132 2029 1396 2072 praedecessoris
1432 2029 1551 2061 litteris
1588 2029 1726 2073 aliisque

988 2081 1182 2124 praemissis,
1200 2092 1246 2121 ac,
1258 2086 1420 2125 quatenus
1440 2092 1521 2124 opus
1536 2081 1588 2121 sit,
1604 2082 1644 2115 de
1662 2092 1726 2116 non

987 2136 1132 2167 tollendo
1160 2134 1227 2166 inre
1252 2134 1414 2178 quaesito,
1443 2134 1580 2178 aliisque
1606 2135 1727 2168 nostris

987 2193 1017 2220 et
1042 2187 1265 2221 Cancellariae
1291 2187 1501 2230 Apostolicae
1528 2188 1669 2230 regulis,
1698 2193 1729 2221 et

987 2241 1059 2273 aliis
1092 2241 1383 2273 constitutionibus
1409 2246 1439 2273 et
1464 2240 1727 2274 ordinationibus

987 2294 1189 2336 apostolicis,
1206 2294 1304 2326 etiam
1323 2293 1573 2334 concitiaribus,
1596 2304 1726 2327 necnon

986 2345 1113 2378 Ordinis
1133 2351 1164 2379 et
1180 2345 1453 2388 Congregationis
1479 2357 1515 2379 ac
1536 2347 1726 2381 monasterii

202 2454 341 2487 sentium
367 2453 547 2486 litterarum
574 2453 784 2496 dispositioni
815 2463 850 2485 ac
868 2453 943 2486 huic
964 2443 967 2468 ¹
987 2452 1150 2493 buslibet,
1190 2452 1285 2485 etiam
1311 2452 1494 2486 iuramento
1511 2480 1519 2494 ,
1554 2453 1727 2487 confirma-

201 2507 352 2542 reunioni
378 2517 441 2540 non
464 2507 690 2540 adversantur.

238 2571 249 2599 t
271 2569 367 2598 Potius
385 2571 444 2605 lege
462 2570 570 2605 factam
590 2570 633 2597 vel
650 2570 744 2605 factas
762 2571 800 2605 (R.
822 2570 870 2604 12).

963 2566 967 2598 l

989 2506 1074 2539 tione
1098 2506 1300 2549 apostolica,
1336 2507 1386 2539 vel
1424 2506 1536 2550 quavis
1572 2506 1725 2540 firmitate

1022 2568 1032 2594 1
1056 2567 1206 2603 Praeposit.
1223 2567 1258 2593 ab
1279 2575 1328 2594 nos
1348 2567 1474 2595 addimus
1494 2570 1531 2604 (n.
1554 2568 1604 2603 τ.).

1630 165 1694 199 2229
1740 175 1790 201 An.
1808 174 1837 202 c.
1861 176 1927 204 ¹726

1774 228 1893 251 ctausutae.

1763 1981 1875 2007 Deroffatou
1884 1990 1915 2002 m·
