2170 3147
2 218 27 237 n.
43 209 71 236 C.
95 209 159 236 ¹724

0 2418 20 2436 tl»
34 2417 106 2438 endem
119 2415 148 2436 ἰη-

4 2444 86 2466 non-tiae
101 2443 146 2463 eius

10 2470 61 2490 testo
72 2475 146 2491 conre-

0 2499 48 2520 itur.

747 206 940 230 nENEntcTt's
970 207 1023 229 Kttt
1050 207 1096 229 ΓΡ.

171 256 440 300 patriarcharum,
467 254 789 298 archiepiscoporum
815 260 847 287 et.
873 264 901 287 e-

170 309 386 353 piscoporum,
412 308 522 346 semel,
549 307 664 340 iterum
682 312 714 340 et
733 308 825 340 tertio
845 308 902 340 ite-

170 362 244 395 ratis
268 371 326 404 pro
350 360 521 393 Laurentio
539 359 713 392 Iustiniano
731 360 763 392 in
778 365 902 392 sancto-

170 424 240 447 rum
258 414 355 446 fastos
373 412 544 446 referendo
566 413 604 444 ad
624 412 722 444 Deum
740 411 899 454 precibus,

168 465 310 499 unanimi
335 466 477 498 omnium
505 464 739 497 acclamatione
776 470 808 496 et
840 465 901 495 sus-

171 519 287 561 fragio,
313 518 396 551 idem
423 518 605 551 Alexander
629 517 714 560 Papa
738 517 800 549 Vlll
827 522 900 559 post

169 571 301 613 gratiam
326 570 481 614 Paraclyti
506 570 642 612 Spiritus
669 571 791 601 summa
826 569 899 602 reli-

169 624 265 666 gione
283 623 472 661 invocatam,
487 622 676 654 auctoritate
695 621 899 664 omnipoten-

171 677 208 709 tis
232 677 286 710 Dei
313 681 345 709 et
369 675 490 708 domini
516 675 618 707 nostri
643 674 714 706 lesu
750 674 869 707 Christi
890 701 896 713 ,

169 735 199 761 et
223 729 389 762 beatorum
408 729 625 771 apostolorum
644 727 727 760 Petri
747 733 777 759 et
793 727 896 765 Pauli,

169 793 204 814 :tc
227 780 281 814 suti
298 808 305 821 ,
330 782 369 814 ad
395 781 551 814 honorem
575 786 704 813 sanctae
729 786 759 813 et
784 780 898 813 indivi-

169 834 249 867 duae
263 834 434 872 Trinitatis,
454 834 680 866 exaltationem
696 833 769 866 fidei
788 833 898 866 catho-

169 886 256 927 licae,
270 892 302 919 et
315 886 480 919 christiani
496 885 633 918 nominis
649 886 895 925 incrementum,

169 939 294 972 beatum
304 939 508 972 Laurentium
520 938 728 971 lastinianum
739 938 895 971 venetum

168 992 385 1025 consessorem
418 997 449 1025 et
480 991 665 1034 pontificem
686 1018 693 1031 ‚
731 991 770 1024 de
806 991 895 1024 cuius

168 1045 335 1079 virtutibus
361 1050 392 1078 et
406 1045 566 1078 miraculis
582 1050 676 1078 antea
693 1045 894 1085 constiterat,

168 1103 199 1130 et
221 1102 295 1130 tunc
319 1098 393 1130 satis
418 1098 606 1136 constabat,
631 1100 695 1130 una
719 1108 791 1130 cum
824 1097 896 1131 aliis

166 1150 268 1183 beatis
292 1151 367 1183 viris
392 1150 511 1184 loanne
537 1151 576 1183 de
600 1150 676 1189 Deo,
697 1151 895 1184 etPascbale

167 1202 319 1245 Baylonio
344 1203 582 1236 confessoribus
597 1213 661 1236 non
679 1202 896 1246 pontificibus,

166 1259 309 1287 sanctum
343 1256 563 1288 consessorem
603 1255 791 1298 pontificem
827 1266 895 1289 esse

166 1307 307 1340 decrevit
331 1314 362 1341 et
386 1308 540 1348 definivit,
563 1309 595 1341 in
613 1314 798 1342 sanctorum
824 1320 896 1341 con-

166 1360 326 1393 sessorum
350 1361 538 1403 pontificum
571 1362 750 1404 catalogum
786 1367 817 1394 et
847 1373 897 1395 ca-

167 1422 285 1445 nonem
310 1413 431 1452 retulit,
451 1414 666 1457 eumdemque
686 1415 896 1458 imposterum

167 1464 198 1496 in
225 1467 290 1498 tota
313 1465 455 1498 Ecclesia
474 1472 632 1509 tamquam
653 1478 727 1500 vere
752 1474 896 1500 sanctum

166 1517 581 1558 colendum,invocandum,
603 1520 895 1563 honorandumque

166 1571 316 1610 sancivit;
340 1572 378 1604 ad
404 1572 471 1605 eius
498 1572 655 1605 honorem
676 1583 780 1606 sacras
797 1574 894 1606 aedes

164 1628 260 1666 atque
284 1624 422 1661 altaria,
447 1625 478 1656 in
505 1625 620 1668 quibus
654 1632 894 1659 sacrosanctum

165 1676 282 1708 missae
308 1676 501 1710 sacrificium
535 1678 599 1711 Deo
624 1678 794 1718 offeratur,
821 1690 895 1713 con-

165 1727 245 1760 strui
271 1739 307 1761 ae
332 1728 451 1768 dicari,
478 1739 508 1762 vi
534 1730 605 1763 idus
630 1731 802 1772 ianuarias,
829 1744 893 1776 quo

164 1780 216 1812 die
242 1780 387 1823 migravit
411 1782 449 1814 ad
475 1782 654 1820 Dominum,
673 1784 757 1817 illius
774 1795 894 1818 memo—

163 1833 263 1872 riam,
298 1839 332 1866 ut
355 1834 456 1866 sancti
486 1836 682 1869 confessoris
714 1837 892 1880 pontificis,

163 1886 201 1917 ab
227 1887 376 1919 omnibus
401 1888 452 1930 pie
478 1888 539 1922 coli
573 1900 668 1932 posse
701 1891 895 1933 pronuncia-

162 1937 215 1970 vit.
243 1938 377 1982 Insuper
401 1941 512 1974 eadem
534 1942 725 1975 auctoritate
743 1944 893 1977 omnibus

162 2001 238 2024 vere
263 1992 504 2034 poenitentibus
530 2000 560 2027 ct
578 1996 747 2035 confessis,
766 1997 820 2039 qui
839 2007 894 2030 an-

164 2044 213 2075 nis
238 2044 373 2086 singulis
399 2046 431 2078 in
457 2047 542 2080 illins
567 2048 770 2083 dormitionis
789 2050 892 2084 dicad

164 2094 306 2128 eiusdem
331 2097 539 2139 sepulchrum
565 2098 718 2142 religiose
744 2102 894 2135 accessis-

164 2151 247 2186 sent,
268 2157 386 2180 annum
405 2154 436 2182 et
452 2151 667 2194 quadraginta
693 2152 778 2193 dies;
805 2163 894 2187 accc-

162 2199 312 2232 dentibus
328 2211 402 2234 vero
418 2201 498 2234 infra
514 2208 666 2244 octavam,
680 2206 894 2248 quadraginta

161 2250 230 2283 dies
255 2252 294 2284 de
319 2253 469 2287 iniunctis
493 2265 550 2287 seu
572 2257 821 2298 quomodolibet
841 2259 895 2292 de-

159 2303 234 2336 bitis
260 2306 422 2339 canonicis
447 2308 658 2349 poenitentiis
677 2310 895 2344 misericordi-

161 2363 208 2390 ter
231 2359 262 2390 in
288 2359 422 2393 Domino
447 2361 611 2394 relaxavit.

203 2411 294 2453 511.
326 2411 395 2444 Mox
429 2412 528 2445 Deum
564 2420 688 2456 patrem
726 2421 892 2449 aeternnm

157 2473 334 2506 regemque
359 2464 497 2506 gloriae,
523 2465 684 2499 Christum
711 2468 892 2509 dominum,

156 2516 224 2549 eius
260 2517 493 2560 sempiternum
527 2517 646 2559 filium,
677 2526 893 2565 sanctumque

155 2569 356 2614 paraclytum
380 2570 547 2615 Spiritum,
566 2572 598 2605 in
625 2572 715 2607 trinis
740 2575 891 2618 personis

944 264 1042 287 unum
1060 255 1159 287 Deum
1174 259 1205 288 et
1219 254 1397 294 dominum,
1415 254 1599 288 Alexander
1617 265 1681 288 ma·

945 309 1006 349 gna
1037 307 1196 350 religione
1232 313 1421 347 veneratus,
1457 312 1490 341 et
1525 307 1678 351 peculiari

945 359 1091 393 oratione
1117 370 1176 402 per
1200 359 1283 393 beati
1316 360 1477 393 Laurentii
1512 360 1678 393 iustiniani

944 412 1141 444 confessoris
1156 417 1187 444 et
1203 411 1369 454 pontificis
1388 412 1503 445 merita
1520 418 1678 456 precatus.

944 473 1015 495 eum
1037 463 1105 496 eius
1125 469 1156 496 et
1173 469 1354 497 ceterorum
1372 465 1679 498 commemoratione¹

943 514 975 547 in
993 516 1048 547 ara
1069 515 1205 548 maxima
1221 526 1318 558 supra
1335 517 1575 550 confessionem
1593 518 1678 550 beati

944 567 1029 600 Petri
1052 568 1233 600 solemnem
1260 568 1387 600 missam
1405 569 1591 609 celebravit,
1607 569 1680 602 uni-

919 630 921 641 ¹
943 619 1043 652 versis
1065 619 1346 660 christifidelibus,
1364 621 1417 663 qui
1437 626 1546 654 tantae
1571 632 1679 654 caere-

943 672 1070 705 moniae
1096 672 1243 713 aderant,
1264 673 1444 715 plenariam
1470 679 1679 716 peccatorum

942 724 1177 767 indulgentiam
1203 729 1234 758 et
1259 725 1487 758 remissionem
1510 726 1655 768 largitus.

985 777 1066 820 §ch
1085 777 1129 810 Ne
1147 788 1221 811 vero
1243 778 1282 810 de
1305 778 1488 811 huiusmodi
1504 779 1676 812 Alexandri

942 830 1044 872 Papae
1069 830 1132 862 vttl
1165 831 1299 864 decreto
1328 832 1528 875 apostolico,
1564 832 1678 865 defini-

942 882 1044 921 tione,
1066 883 1243 923 sanctione,
1260 884 1492 928 adscriptione,
1509 885 1677 925 relatione,

939 937 1161 975 concessione,
1187 937 1369 981 ceterisque
1386 937 1584 982 praemissis
1604 949 1678 981 pro-

940 995 1051 1032 pterea
1076 990 1161 1032 quod
1187 990 1226 1022 ab
1252 990 1381 1030 eodem,
1400 995 1454 1023 aut
1468 991 1507 1023 ab
1525 990 1594 1024 eius
1611 1001 1678 1024 suc-

940 1042 1123 1075 cessoribus
1148 1042 1337 1076 lnnocentio
1362 1042 1423 1083 vll,
1448 1043 1613 1077 Clemente
1640 1044 1677 1076 XI

940 1100 972 1127 et
996 1095 1186 1128 Innocentio
1213 1095 1288 1134 Xlll,
1314 1095 1386 1139 piae
1412 1096 1588 1130 memoriae
1616 1097 1678 1130 tto-

940 1149 1043 1181 manis
1073 1148 1282 1181 Pontificibus
1313 1150 1579 1183 antecessoribus
1612 1160 1674 1183 no-

939 1201 1014 1233 stris
1032 1227 1039 1239 ,
1063 1201 1190 1234 litterae
1217 1202 1397 1235 decretales
1422 1203 1461 1236 de
1487 1213 1577 1237 more
1592 1213 1673 1237 con-

938 1254 1076 1297 scriptae
1101 1264 1167 1287 non
1194 1255 1328 1295 suerint,
1348 1255 1504 1299 deinceps
1530 1266 1676 1300 unquam

940 1307 1041 1349 possit
1065 1307 1312 1350 quomodolibet
1336 1307 1500 1349 haesitari,
1522 1319 1590 1349 nos,
1609 1310 1675 1353 qui,

941 1359 1063 1392 meritis
1075 1359 1152 1393 licet
1166 1360 1351 1402 imparibus,
1364 1361 1561 1404 disponente
1576 1362 1678 1395 Domi-

941 1423 993 1452 no,
1009 1412 1038 1444 in
1055 1413 1212 1445 cathedra
1228 1412 1311 1445 beati
1322 1413 1406 1446 Petri
1423 1413 1537 1447 iisdem
1550 1423 1676 1447 succes-

940 1466 1052 1505 simus,
1068 1466 1227 1505 volumus,
1245 1471 1276 1498 et
1292 1467 1470 1509 apostolica
1487 1468 1676 1500 auctoritate

939 1519 1121 1559 statuimus,
1144 1524 1177 1552 ut
1195 1519 1369 1559 decretum,
1391 1521 1528 1561 sanctio,
1550 1521 1677 1561 relatio,

940 1571 1126 1614 adscriptio,
1141 1577 1173 1605 et
1191 1571 1314 1616 reliqua
1331 1573 1488 1606 hactenus
1506 1574 1676 1612 recensita,

939 1635 956 1656 a
983 1625 1042 1657 iam
1070 1625 1154 1658 dicta
1179 1625 1230 1658 die
1255 1636 1319 1659 xvtt
1354 1626 1509 1659 kalendas
1546 1637 1679 1660 novem-

939 1677 1005 1710 bris
1029 1677 1105 1710 anni
1132 1687 1237 1711 MDCXC
1264 1689 1356 1711 suum
1391 1679 1608 1723 undequaque
1647 1686 1679 1713 et

939 1731 1120 1774 plenarium
1147 1738 1390 1774 consequantur
1415 1731 1575 1772 effectum,
1600 1744 1635 1766 ac
1652 1734 1677 1766 si

938 1784 976 1816 ab
995 1784 1111 1817 eodem
1133 1785 1315 1818 Alexandro
1333 1785 1395 1817 Vlll
1415 1786 1543 1818 litterae
1562 1787 1676 1819 dcere-

939 1838 1018 1870 tales
1043 1847 1156 1870 revera
1181 1838 1293 1870 eadem
1320 1837 1371 1871 die
1408 1838 1610 1882 conscriptae
1647 1845 1678 1873 et

938 1890 976 1922 de
1003 1899 1091 1923 more
1118 1891 1340 1934 promulgatae
1361 1891 1506 1931 fuissent,
1523 1897 1558 1924 ut
1583 1902 1678 1935 supe-

939 1943 1005 1975 rius
1030 1948 1211 1976 enarratur.

981 1997 995 2039 g
1022 1996 1072 2029 13.
1101 1996 1254 2030 votmnus
1280 2003 1386 2032 autem
1417 2004 1451 2031 nt
1485 2004 1677 2042 praesentes

939 2048 1082 2088 litterae,
1109 2050 1147 2082 ad
1174 2051 1380 2093 probandum
1407 2052 1595 2091 decretum,
1625 2052 1678 2085 de-

938 2101 1134 2142 finitionem,
1160 2104 1380 2143 sanctionem,
1407 2105 1677 2148 adscriptionem,

938 2154 1141 2195 relationem,
1161 2161 1326 2196 statutum,
1345 2156 1600 2196 concessionem,
1620 2167 1675 2190 ce-

938 2210 1071 2250 teraque
1089 2208 1280 2251 praemissa,
1308 2209 1428 2252 ubique
1453 2209 1586 2243 omnino
1612 2210 1677 2242 sus-

939 2258 1055 2298 siciant,
1075 2271 1181 2304 neque
1197 2262 1328 2294 alterius
1346 2262 1580 2306 cuiuscumque
1606 2273 1679 2305 pro-

938 2312 1080 2345 bationis
1120 2313 1352 2347 adminiculum
1388 2315 1427 2347 ad
1466 2315 1498 2348 id
1539 2316 1677 2359 amplius

939 2365 1137 2407 requiratur.

983 2417 998 2459 ξ
1023 2417 1076 2450 tt.
1106 2418 1292 2458 Praeterea,
1319 2419 1393 2463 quia
1418 2420 1549 2454 difficile
1576 2421 1676 2461 foret,

940 2470 998 2502 has
1024 2477 1150 2504 nostras
1175 2472 1214 2504 ad
1239 2472 1368 2515 singula
1393 2474 1462 2506 loca
1479 2501 1486 2514 ,
1512 2475 1567 2507 ubi
1594 2485 1677 2518 opus

939 2528 1042 2563 esset,
1067 2523 1209 2565 adferri,
1239 2526 1387 2559 volumus
1422 2532 1456 2558 ut
1489 2528 1676 2560 earumdem

939 2577 1111 2621 exempla,
1138 2577 1233 2611 ctiam
1259 2579 1343 2623 typis
1369 2579 1526 2623 impressa
1546 2607 1554 2621 ,
1581 2590 1677 2613 manu

1602 197 1643 229 ⁶20
1691 207 1737 232 An.
1755 206 1782 233 c.
1807 207 1872 234 ΠΨ,

1716 792 1796 813 (tu-icat>
1811 792 1874 814 butun

1689 822 1852 839 constitutivum.

1715 2003 1836 2024 Ctausutae.

1724 2426 1873 2451 Tramampto·

1689 2460 1733 2473 runt
1750 2454 1808 2474 [taes.
