2170 3147
201 122 235 143 Ao
280 119 285 142 ἶ
322 118 385 143 ξ’,ἓὶἶ

433 109 496 142 748
792 95 803 107 '
979 117 1159 142 cuminian
1186 117 1341 141 nonaxon
1933 118 1982 144 An.
2003 118 2032 146 C.
2051 120 2118 150 1728

395 166 589 210 quicumque
615 167 668 200 alii
695 167 927 209 euiuseui'nque
955 166 1136 209 dignitatis,

396 221 532 262 gradus,
558 219 756 253 conditionis
781 225 813 251 et
838 219 1139 263 praeeminentiae,

396 274 427 305 in
462 273 650 316 praemissis
684 273 837 305 omnibus
874 278 906 306 et
941 273 1077 316 singulis
1110 279 1142 306 et

396 328 481 358 cirea
519 336 573 358 ers
610 326 861 368 quomodolibet
897 332 928 358 et
965 326 1077 370 quavis
1103 337 1139 359 ex

395 381 516 415 cansa,
546 379 670 412 ratione
688 406 695 418 ,
733 380 862 412 actione
896 381 944 412 vel
970 380 1141 413 occasione

395 433 443 464 ius
480 434 528 465 vel
567 443 633 465 rem
673 432 832 466 habentes
850 460 857 473 ‚
884 434 934 466 vel
960 443 993 466 se
1019 434 1140 466 babere

395 491 570 528 putantes,
596 486 634 517 ad
662 485 691 518 id
719 496 925 528 nequaquam
951 486 1056 519 vocati
1094 497 1142 519 es-

395 544 484 576 sent,
511 549 617 582 neque
644 539 710 571 illis
730 540 994 579 consensissent,
1015 540 1139 572 etiamsi

395 603 532 630 causae,
569 593 610 624 ob
648 603 727 635 quas
762 593 822 625 hae
856 599 987 625 nostrae
1013 593 1141 626 litterae

394 645 617 688 prodiissent,
645 646 805 678 adductae
832 651 886 678 aut
910 647 1142 689 comprobatae

395 709 459 730 non
480 698 695 738 haberentur,
717 698 763 731 vel
783 699 976 732 intentionis
994 698 1139 732 nostrae¹

395 752 525 785 antius
559 757 590 784 et
627 762 696 784 rem
735 752 924 785 habentium
962 762 1141 786 consensus

395 805 538 845 deesset,
564 810 617 837 aut
643 805 805 848 quidlibet.
839 806 944 846 alind,
968 812 1141 850 quantum-

395 857 441 890 vis
466 868 639 901 magnum,
666 868 731 891 non
758 859 994 901 excogitatum,
1033 870 1139 903 neque

396 912 624 954 excogitatum,
649 922 685 944 ac
703 913 880 955 specialem
905 913 1140 956 propriamque

394 966 595 998 mentionem
623 971 654 999 et.
680 966 929 1009 expressionem
947 967 1138 1009 requirens,

396 1019 494 1052 etiam
536 1024 716 1062 propterea
753 1019 842 1062 quod
879 1019 913 1051 in
950 1020 1140 1062 praemissis

397 1084 550 1106 eorumve
570 1073 679 1116 alique
703 1072 928 1106 solemnitates
954 1079 986 1105 et
1010 1074 1140 1116 quaevis

395 1127 467 1165 alia,
495 1126 651 1159 servanda
689 1131 785 1169 atque
812 1126 1041 1169 adimplenda,
1072 1137 1140 1160 ser-

394 1186 465 1212 vata
492 1185 523 1211 et
548 1180 726 1223 adimpleta
763 1190 878 1213 revera
913 1191 980 1213 non
1017 1185 1138 1221 essent,

395 1239 450 1265 aut
491 1233 633 1277 denique
672 1244 707 1266 ex
746 1244 952 1278 quocumque
987 1234 1050 1267 alio
1089 1246 1141 1268 ea-

397 1287 476 1329 pite,
504 1298 521 1319 a
547 1287 615 1320 iure
641 1288 689 1320 vel
716 1287 815 1327 facto,
842 1292 960 1320 statuto
987 1293 1042 1320 aut
1066 1298 1142 1320 con-

395 1340 567 1373 suetudine
585 1340 694 1384 aliqua
719 1341 936 1383 procedente,
956 1341 1021 1373 sive
1044 1341 1140 1374 etiam

396 1393 541 1426 enormis
568 1393 795 1437 maximaeque
822 1394 978 1427 laesionis
1003 1395 1114 1427 colore
1131 1422 1138 1435 ‚

395 1451 590 1489 praetextu,
617 1448 744 1480 ratione
780 1448 828 1480 vel
863 1449 982 1488 causa,
1011 1448 1041 1480 in
1070 1448 1140 1492 ipso

395 1499 492 1532 etiam
512 1510 651 1543 corpore
671 1500 751 1532 iuris
769 1503 932 1543 expressa,
952 1501 1028 1534 lieet
1050 1501 1141 1541 iusta,

396 1552 602 1593 rationabili,
632 1553 792 1596 legitima,
824 1554 977 1594 iuridiczi,
1002 1555 1075 1598 pia,
1103 1565 1139 1588 ex

396 1606 569 1648 privilegio
597 1608 689 1646 orta,
724 1617 760 1639 ae
794 1607 920 1640 etiamsi
951 1608 1023 1640 talis
1056 1614 1141 1641 esset

396 1670 478 1702 quae
509 1660 548 1692 ad
581 1659 681 1692 robur
719 1666 749 1693 et
786 1660 848 1693 vim
885 1661 1139 1704 praemissorum

396 1713 529 1746 omnino
548 1713 685 1756 exprimi
703 1714 887 1747 necessario
907 1715 1060 1755 deberet,
1077 1716 1141 1748 for-

397 1772 478 1799 tasse
494 1772 672 1811 propterea
688 1767 774 1810 quod
791 1768 829 1801 dc
846 1769 1012 1802 voluntate
1031 1772 1140 1803 nostra

397 1821 580 1864 ceterisque
607 1821 756 1864 superius
788 1822 948 1855 enarratis
983 1833 1139 1867 nusquam

397 1879 592 1916 appareret,
629 1879 683 1906 aut
720 1875 803 1908 niliil
838 1875 972 1918 probari
1013 1881 1139 1919 posset,

398 1928 455 1959 lias
482 1933 608 1960 nostras
635 1928 760 1961 litteras
786 1929 909 1968 notari,
934 1930 1141 1973 impugnari,

398 1980 556 2013 invalidas
590 1981 701 2021 reddi,
734 1982 925 2021 retractari,
954 1983 985 2015 in
1013 1983 1062 2016 ius
1092 1985 1140 2016 vel

398 2034 655 2066 controversiam
683 2035 804 2074 vocari,
837 2040 891 2067 aut
917 2036 956 2068 ad
984 2037 1141 2070 terminos

398 2087 477 2119 iuris
503 2087 628 2126 reduci,
655 2088 705 2120 vel
732 2088 885 2121 adversus
911 2089 983 2122 illas
1011 2090 1141 2122 restitu-

400 2140 496 2172 tionis
534 2140 565 2172 in
600 2140 785 2183 integrum,
820 2141 1013 2184 aperitionis
1051 2143 1137 2183 oris,

399 2193 597 2226 reductionis
633 2195 671 2226 ad
698 2194 779 2227 viam
806 2200 836 2227 et
863 2195 1018 2228 terminos
1052 2195 1140 2236 iuris,

400 2247 448 2278 vel
487 2247 559 2279 faeti
586 2252 638 2279 aut
664 2248 787 2289 gratiae
824 2250 873 2281 vel
911 2248 1053 2282 iustitiae
1091 2260 1141 2283 re-

400 2300 540 2332 medium
578 2300 768 2344 impetrari,
800 2312 856 2334 seu
894 2302 1142 2345 quomodolibet

401 2353 497 2385 ctiam
525 2359 612 2387 motu
651 2354 747 2388 simili
781 2366 937 2390 concesso
962 2358 1012 2389 vel
1039 2356 1141 2400 impe-

401 2410 482 2439 trato
519 2412 574 2439 aut
610 2408 697 2440 edito
733 2409 778 2441 uti
815 2419 871 2442 seu
905 2420 939 2442 se
973 2410 1082 2443 iuvare
1107 2410 1139 2442 in

437 2478 447 2503 1
472 2476 516 2504 Vel
537 2477 682 2511 legendum
703 2479 829 2507 intenlio
850 2482 960 2513 nosti-a,
982 2480 1023 2508 vel
1040 2481 1140 2509 adden-

401 2522 464 2549 dum
484 2522 669 2550 testimonum
691 2527 735 2551 aut
755 2524 841 2552 simile
863 2526 904 2561 (n.
919 2528 970 2563 T.).

1186 166 1306 199 iudicio
1331 168 1381 199 vel
1408 173 1497 199 extra
1523 177 1666 210 unquam
1687 177 1794 210 posse,
1815 167 1927 200 decer-

1185 219 1292 251 nimus
1320 225 1351 251 ot
1375 219 1547 259 iubemus;
1575 220 1734 253 universis
1758 220 1870 253 litibus
1896 225 1929 252 et

1185 273 1418 305 controversiis
1444 273 1504 305 liae
1523 274 1561 305 de.
1582 284 1628 313 re,
1647 274 1671 306 si
1691 285 1772 318 quae
1791 274 1926 307 fortasse.

1184 332 1255 358 sunt
1283 332 1335 358 ant
1362 327 1515 366 fuerunt,
1544 333 1737 370 perpetuum
1763 328 1927 361 silentium

1185 380 1401 423 imponentes.

1228 434 1242 475 g
1269 433 1300 465 8.
1329 434 1391 466 llas
1420 434 1549 466 easdem
1576 434 1702 467 litteras
1721 440 1848 468 nostras
1867 435 2120 479 sulmaoiaieraqnui.

1185 487 1351 530 quibusvis
1377 487 1530 520 similium
1556 489 1606 520 vel
1632 488 1837 521 dissimilium
1856 473 2121 532 g>1·a-l!}<'51*'35„llllllll

1186 541 1300 573 tiarum
1327 540 1606 577 revocationibus,
1633 526 2101 584 suspensionibus,n'bu'’unm'

1185 594 1455 631 limitationibus,
1489 593 1807 634 modificationibus,
1835 595 1929 628 dero-

1186 647 1391 688 gationibus,
1418 647 1554 690 aliisque
1581 648 1756 681 contrariiS
1790 649 1930 692 disposi-

1187 700 1347 739 tionibus,
1374 700 1470 733 etiam
1498 710 1557 743 per
1582 711 1640 733 nos
1666 707 1696 733 et
1722 712 1929 735 successores

1187 759 1315 786 nostros
1331 753 1495 785 llomanos
1512 753 1683 787 Pontifices
1700 765 1760 797 pro
1784 759 1930 798 tempore

1186 806 1359 839 existentes
1394 812 1424 839 et
1458 817 1517 849 per
1551 807 1667 840 Sedem
1706 808 1928 851 Apostolicani

1185 867 1273 893 motu
1301 861 1391 903 pari,
1420 861 1555 893 scientia
1583 866 1614 893 et
1638 861 1845 904 plenitudine
1871 872 1929 904 po-

1186 914 1327 952 testatis,
1355 914 1540 947 consistorii
1561 915 1705 953 decreto,
1733 925 1769 948 ex
1795 915 1930 958 quibus-

1185 967 1265 1000 libet
1290 968 1406 1007 causis,
1434 973 1466 1000 et
1490 968 1550 1000 sub
1578 978 1785 1012 quocumque
1810 969 1930 1002 verbo-

1183 1032 1253 1054 rum
1281 1027 1393 1054 tenore
1419 1027 1450 1054 et
1477 1022 1589 1061 forma,
1610 1032 1645 1054 ac
1667 1032 1740 1054 eum
1758 1022 1929 1065 quibusvis

1184 1075 1337 1107 clausulis
1364 1080 1395 1106 et
1420 1075 1579 1114 decretis,
1607 1075 1685 1108 lieet
1705 1074 1736 1107 in
1756 1075 1801 1108 cis
1820 1075 1859 1108 de
1879 1075 1930 1108 liis

1185 1129 1302 1161 nostris
1340 1128 1457 1161 litteris
1490 1139 1671 1172 eorumque
1711 1134 1779 1162 toto
1816 1134 1928 1162 tenore

1186 1187 1216 1214 et
1242 1182 1316 1214 data
1334 1182 1488 1225 specialis
1505 1183 1629 1216 mentio
1649 1183 1754 1222 fieret,
1772 1194 1831 1227 pro
1851 1189 1930 1216 tem-

1184 1245 1264 1278 pore
1292 1235 1383 1267 factis
1411 1242 1442 1268 et
1467 1236 1642 1276 concessis,
1662 1246 1698 1268 ac
1719 1236 1876 1269 faciendis
1899 1242 1930 1270 et

1184 1289 1414 1328 concedendis,
1432 1299 1495 1321 non
1516 1300 1611 1332 posse
1631 1293 1684 1322 aut
1702 1289 1823 1323 debere
1842 1300 1930 1324 com-

1184 1342 1344 1385 prehendi
1371 1343 1558 1382 statuimus,
1585 1343 1641 1376 sed
1669 1353 1739 1383 eas,
1767 1348 1929 1387 tamquam

1184 1395 1223 1427 ad
1250 1394 1351 1427 maius
1377 1395 1498 1428 bonum
1526 1396 1715 1436 tendentes,
1742 1406 1872 1439 semper
1898 1401 1930 1428 et

1185 1448 1319 1481 omnino
1347 1448 1385 1481 ab
1411 1449 1476 1482 illis
1501 1449 1616 1492 excipi,
1637 1455 1677 1488 et,
1697 1449 1825 1492 quoties
1852 1450 1929 1482 illae

1185 1501 1379 1544 prodierint,
1399 1502 1494 1534 toties
1512 1501 1544 1534 in
1562 1502 1737 1545 pristinum
1757 1507 1789 1535 et
1805 1502 1931 1535 validis-

1184 1555 1314 1594 simum,
1331 1560 1427 1598 atque
1445 1555 1477 1587 in
1497 1566 1585 1595 eum,
1600 1555 1630 1588 in
1655 1566 1718 1599 quo
1734 1561 1828 1589 antea
1847 1566 1928 1599 quo-

1185 1608 1363 1641 modolibet
1385 1613 1495 1648 erant,
1522 1614 1639 1641 statum
1669 1609 1857 1649 restitutas,
1880 1620 1930 1642 re-

1183 1661 1309 1704 positas
1332 1667 1360 1694 et
1383 1662 1529 1704 plenarie
1549 1662 1739 1705 integratas‚
1762 1673 1798 1695 ae
1819 1663 1929 1695 denuo

1185 1714 1279 1747 etiam
1307 1715 1366 1747 sul)
1393 1725 1598 1758 quacumque
1633 1715 1805 1758 posteriori
1832 1716 1926 1755 data,

1185 1768 1462 1811 quandocumque
1483 1769 1643 1811 eligenda,
1666 1779 1838 1802 concessas
1858 1779 1929 1801 esse

1184 1826 1216 1853 et
1238 1821 1329 1860 fore,
1357 1821 1468 1864 sicque
1489 1826 1520 1853 et
1540 1831 1604 1854 non
1626 1822 1705 1854 alias
1723 1821 1754 1854 in
1774 1822 1930 1864 praemis-

1183 1874 1226 1906 sis
1253 1873 1405 1907 omnibus
1424 1879 1455 1906 et
1473 1874 1612 1916 singulis
1629 1884 1687 1917 per
1704 1884 1929 1918 quoscumque

1184 1928 1308 1961 iudices
1335 1928 1520 1961 ordinarios
1549 1929 1598 1961 vel
1625 1928 1807 1971 delegatos,
1834 1928 1929 1961 etiam

1185 1992 1357 2014 causarum
1384 1981 1492 2024 palatii
1519 1981 1691 2024 apostolici
1712 1981 1878 2014 auditores
1897 1987 1930 2014 et

1184 2035 1215 2068 S.
1244 2035 1280 2067 R.
1309 2035 1343 2067 Ε.
1372 2035 1578 2074 cardinales,
1618 2035 1715 2068 etiam
1751 2036 1791 2068 dc
1827 2035 1929 2068 latere

1185 2089 1332 2131 legatos,
1357 2089 1575 2130 vicelegatos,
1602 2089 1812 2132 eiusdemque
1837 2088 1929 2121 Sedis

1185 2142 1343 2181 nuncios,
1371 2147 1403 2174 et
1428 2142 1510 2175 alios
1548 2153 1790 2186 quoscumque,
1817 2142 1930 2186 quavis

1185 2196 1396 2234 auctoritate,
1432 2201 1611 2238 potestate,
1642 2196 1870 2240 praerogativa
1899 2201 1931 2229 et

1184 2250 1355 2293 privilegio
1382 2250 1561 2292 fulgentes,
1595 2250 1721 2283 sublata
1747 2251 1792 2283 eis
1819 2255 1850 2284 et
1876 2260 1931 2283 eo-

1186 2314 1255 2336 rum
1274 2303 1410 2337 cuilibet
1431 2305 1579 2347 qualibet
1597 2305 1745 2338 facultate
1769 2309 1801 2338 et
1818 2309 1930 2338 aueto-

1185 2358 1279 2391 ritatc
1295 2357 1389 2391 aliter
1403 2357 1569 2390 iudicandi
1585 2363 1617 2390 et
1632 2357 1882 2401 interpretandi,
1898 2357 1929 2390 in

1185 2421 1390 2455 quocumque
1423 2410 1494 2443 foro
1522 2417 1553 2443 et
1581 2410 1703 2444 indicio
1737 2416 1769 2443 et
1794 2411 1824 2443 in
1851 2420 1929 2454 qua-

1185 2475 1322 2508 cumque
1362 2463 1518 2497 instantia
1559 2463 1695 2498 iudicari
1731 2470 1763 2497 et
1799 2463 1927 2497 definiri

1186 2518 1322 2561 debere,
1349 2517 1457 2561 sique,
1486 2528 1576 2552 secus
1602 2528 1638 2552 ae
1663 2528 1722 2552 nos
1749 2516 1926 2558 sancimus,
