2170 3147
0 238 42 265 an.
59 237 88 264 C.
110 236 176 265 1727

29 1722 186 1743 [inclamamus

5 1750 118 1775 quaedum.

778 233 972 258 BENEDICTUS
999 233 1053 257 Xlll
1079 232 1126 256 PP-

183 283 368 317 constitutio
394 287 579 321 emanaret,
607 287 757 316 enarrata
782 293 920 315 eonsue-

185 337 262 370 tudo
290 337 438 378 vigebat,
460 342 490 368 et
516 346 579 368 non
602 336 700 374 alias,
722 337 807 369 ultra
832 335 924 367 mini-

185 396 285 422 strum
312 388 567 432 provincialem,
597 388 764 421 custodem
791 394 822 420 et
846 399 922 430 qua-

186 449 259 476 tuor
291 441 477 475 definitores
503 441 705 484 praedictos,
733 441 924 473 exminister

184 495 391 539 provincialis
422 495 645 533 immediatus,
672 494 724 536 qui
760 504 819 536 pro
845 499 925 525 teni-

185 560 266 593 pore
299 548 404 581 officio
437 558 495 580 suo
522 548 713 590 perfunctus
738 546 853 584 suerit,
877 557 926 578 vo-

187 607 251 634 tum
274 602 341 634 sive
366 600 552 643 suffragium
567 627 574 639 ,
603 599 697 633 sicuti
719 604 815 631 antea
840 599 924 631 serre

187 661 216 688 ct
236 655 369 693 babere,
391 665 437 693 ac,
457 654 563 696 quoad
583 653 764 696 provincias
782 652 924 695 ipsorum

188 709 227 741 de
253 708 476 745 Observantia,
496 713 627 750 praeter
653 706 801 739 eumdem
828 704 926 737 exmi-

187 761 323 794 nistruin
349 760 581 803 provincialem
617 759 862 797 immediatum,
891 768 927 790 ac

188 814 220 846 in
238 815 342 846 locum
363 812 553 855 antiquioris
572 812 684 855 patris,
700 811 780 844 alius
795 811 927 853 insuper

189 866 362 908 religiosus
378 865 523 908 quolibet
541 865 680 897 triennio
706 875 723 896 a
743 863 926 896 senioribus

190 930 244 952 seu
286 918 524 961 antiquioribus
565 918 712 960 patribus
756 915 929 949 cuiuslibet

190 971 392 1014 provinciae,
419 971 471 1013 qui
499 970 577 1002 inibi
605 970 690 1001 iuxta
722 979 837 1001 eorum
862 978 929 1010 gra-

191 1024 376 1057 duationem
415 1023 635 1066 reperientur,
662 1020 861 1065 incipiendi¹
887 1020 929 1052 ita

191 1078 312 1110 seilicet
342 1077 428 1119 quod
455 1082 562 1119 patres
579 1075 708 1108 Ordinis
725 1073 929 1108 exministros

190 1129 422 1173 provinciales,
458 1130 599 1161 actuales
633 1139 708 1161 vero
744 1128 837 1166 illos,
874 1127 928 1170 qui

193 1183 378 1216 liabituales
406 1188 571 1221 vocantur,
595 1181 804 1224 praecedant,
832 1186 876 1221 et,
904 1182 929 1213 si

192 1247 257 1270 non
283 1236 391 1269 adsint
409 1235 522 1267 fratres
541 1235 591 1267 bis
611 1235 820 1278 qualitatibus
842 1245 932 1278 prae-

193 1290 265 1329 diti,
291 1290 387 1323 etiam
413 1291 554 1322 lectores
578 1288 719 1327 iubssati,
741 1299 778 1320 ac
802 1288 930 1320 demum

192 1343 214 1375 ii
240 1342 292 1385 qui
326 1343 365 1374 ad
398 1342 543 1374 ciusdem
569 1347 701 1374 nostrae
728 1340 932 1373 constitutio·

194 1396 243 1428 nis
279 1395 517 1439 praescriptum
553 1394 751 1436 subrogandi
778 1393 931 1433 veniunt,

195 1454 401 1482 accersantur
419 1454 450 1480 et
467 1447 692 1487 admittantur,
712 1447 863 1480 similiter
880 1457 933 1479 vo-

195 1513 263 1535 cem
301 1503 423 1534 habere
461 1507 492 1534 et
527 1501 612 1533 serre
638 1500 761 1541 libere,
787 1500 876 1533 licite
902 1505 934 1532 et

194 1555 298 1588 valide
335 1555 458 1598 possint
495 1561 525 1587 et
563 1555 707 1593 valeant,
743 1553 933 1586 auctoritate

196 1609 375 1652 apostoliea
400 1608 514 1640 barum
550 1607 634 1640 serie
671 1607 880 1640 concedimus
906 1611 935 1640 et

197 1662 426 1705 permittimus.

241 1716 256 1759 ἓ
280 1715 313 1748 4.
335 1715 410 1747 Cum
436 1714 498 1747 hoe
524 1719 630 1746 tamen
660 1713 748 1756 quod
775 1712 933 1746 eiusmodi

198 1769 387 1802 exminister
406 1767 627 1811 provincialis,
646 1778 682 1799 ae
700 1767 780 1799 alius
805 1767 932 1809 religio-

198 1832 250 1855 sus
288 1822 418 1853 fratrum
445 1821 483 1853 de
507 1820 720 1853 Observantia
745 1830 762 1852 a
787 1819 936 1852 definito-

198 1874 267 1913 riis,
294 1872 599 1915 congregationibus
625 1877 658 1905 et
681 1872 831 1915 capitulis
849 1882 937 1914 prae-

199 1928 271 1960 fatis
302 1938 361 1970 per
393 1927 590 1965 triennium,
617 1938 680 1970 quo
714 1927 850 1959 durante
883 1927 938 1959 illa

199 1980 328 2022 ingredi
355 1986 536 2022 nequeant,
554 1990 666 2012 vacare
694 1985 874 2019 teneantur,
899 1985 938 2011 ta-

200 2030 295 2062 metsi
320 2030 352 2062 in
379 2030 442 2062 illis
468 2030 506 2062 ad
525 2030 668 2071 quemvis
686 2030 842 2071 graduum
867 2040 938 2062 sua-

202 2093 274 2115 rum
299 2082 539 2125 provinciarum
563 2088 674 2114 exacto
694 2082 778 2114 dicto
798 2082 939 2114 triennio

204 2135 313 2177 deligi,
339 2145 396 2167 seu
433 2135 463 2166 in
500 2135 606 2167 locum
639 2134 775 2167 aliorum
813 2141 940 2176 patrum

204 2187 370 2229 subrogari
397 2187 541 2226 valeant,
568 2197 639 2219 cum
666 2198 757 2219 mens
784 2193 815 2220 et
839 2186 942 2220 inten-

205 2240 249 2273 tio
275 2246 386 2273 nostra
411 2240 451 2272 sit
475 2240 645 2282 providere
671 2250 710 2272 ne
735 2239 867 2272 istorum
893 2250 943 2273 ex-

206 2292 344 2325 ministri
370 2292 577 2335 provincialis
596 2297 627 2325 et
643 2292 776 2326 alt-erius
800 2292 942 2334 religiosi

207 2343 357 2386 suffragia
383 2344 448 2376 sint
472 2350 648 2387 perpetua,
675 2354 731 2377 seu
757 2355 886 2387 semper
910 2345 943 2377 in

208 2397 366 2440 gubernio
400 2397 594 2439 persistant;
621 2407 656 2429 ae
692 2401 866 2439 propterea
890 2407 944 2429 vo-

207 2451 313 2483 lumus
338 2450 427 2492 quod
452 2450 483 2481 in
510 2449 659 2492 sequenti
684 2450 836 2492 capitulo,
854 2459 945 2491 prae-

209 2506 260 2534 ter
284 2502 505 2534 exministrum
523 2501 753 2544 provincialem
779 2501 945 2534 immedia-

1609 218 1672 252 557
1720 227 1814 254 An.c.
1835 227 1899 254 1727

967 281 1095 324 quiores
1122 285 1154 313 et
1178 279 1322 313 seniores
1349 284 1455 321 patres
1478 277 1509 310 in
1528 276 1706 320 provinciis

968 335 1099 366 fratrum
1119 334 1157 366 de
1174 332 1394 371 Observantia,
1413 331 1456 364 uti
1477 341 1571 373 supra
1598 330 1707 372 dispo-

968 387 1062 419 situm
1081 387 1153 426 fuit,
1171 386 1272 429 quod,
1292 385 1316 418 si
1344 385 1373 417 in
1400 395 1464 417 uno
1492 383 1634 416 triennio
1654 394 1708 425 pa-

969 445 1018 471 ter
1050 439 1178 472 Ordinis
1212 449 1322 471 vocem
1360 436 1530 474 babuerit,
1558 435 1708 479 sequenti

969 491 1127 529 triennio,
1152 491 1213 523 nisi
1249 490 1330 523 alius
1362 495 1454 532 pater
1478 488 1605 521 Ordinis
1643 487 1708 520 sive

969 544 1104 576 actualis
1136 544 1203 576 sive
1229 543 1403 575 habitualis
1429 541 1592 581 adsuerit,
1619 546 1711 584 pater

970 597 1156 639 provinciae
1196 596 1371 628 succedere
1412 595 1547 634 debeat,
1585 598 1711 626 servato

968 660 1095 692 semper
1127 649 1240 682 ordine
1272 649 1303 681 in
1334 648 1620 690 subrogationibus
1654 647 1713 679 liu-

971 703 1107 735 iusmodi
1140 712 1198 745 per
1234 712 1293 734 nos
1329 702 1362 734 in
1399 702 1573 734 memorata
1599 702 1708 733 nostra

970 756 1205 789 constitutione
1231 755 1446 798 praescripto.

1013 810 1028 853 ἑ
1053 809 1084 842 5.
1111 809 1180 842 Non
1207 810 1417 848 obstantibus,
1436 809 1541 851 quoad
1569 818 1606 840 ea
1630 818 1711 850 quae

971 863 1196 906 praesentibus
1215 868 1289 895 sunt
1306 862 1477 900 contraria,
1497 863 1606 894 nostra
1626 871 1714 903 prae-

972 918 1032 949 fata
1069 921 1099 949 et
1125 915 1291 959 quibusvis
1317 915 1388 947 aliis
1426 914 1714 947 constitutionibus

971 975 1003 1002 et
1038 968 1298 1002 ordinationibus
1335 966 1542 1009 apostolicis,
1587 976 1712 998 necnon

972 1021 1122 1055 omnibus
1147 1026 1177 1053 et
1202 1020 1337 1062 singulis
1363 1019 1426 1052 illis
1451 1019 1582 1062 quaein
1601 1019 1713 1051 eudem

973 1076 1084 1107 nostra
1109 1072 1344 1106 constitutione
1370 1082 1526 1105 concessa
1551 1077 1625 1104 sunt
1650 1082 1714 1104 non

974 1128 1127 1166 obstare,
1154 1126 1335 1169 ceterisque
1373 1124 1545 1158 contrariis
1582 1124 1715 1167 quibus-

974 1190 1124 1222 euinque.

1019 1233 1132 1265 Datum
1160 1231 1299 1271 Romae,
1323 1231 1406 1273 apud
1433 1231 1462 1263 S.
1482 1231 1608 1263 Petrum
1625 1257 1632 1269 ‚
1657 1231 1716 1263 sub

976 1287 1096 1318 annulo
1111 1284 1294 1324 Piscatoris,
1311 1283 1424 1317 dicxiv
1440 1283 1520 1315 iunii
1535 1293 1718 1323 memmi,

976 1337 1182 1381 pontificatus
1209 1336 1309 1369 nostri
1335 1347 1420 1369 anno
1446 1346 1488 1369 lv.

1796 815 1907 836 Clausulae

1726 844 1885 869 ilerngatortae.

1013 1400 1074 1427 Dat.
1094 1399 1138 1426 die
1163 1400 1194 1426 14
1214 1398 1281 1425 iunii
1301 1398 1381 1430 1727,
1403 1397 1498 1433 pontif.
1520 1406 1589 1425 anno
1610 1405 1647 1424 iv.

1276 1540 1421 1574 CLXXX.

979 1620 1224 1662 Confirmaiztur
1264 1620 1391 1652 litterae
1426 1619 1566 1652 Martini
1611 1618 1632 1651 V
1663 1629 1722 1661 pro

1020 1672 1178 1715 fratribus
1207 1673 1246 1705 B.
1282 1673 1327 1705 M.
1357 1673 1396 1705 cte
1424 1672 1567 1705 Mercede
1602 1672 1722 1704 redem-

1020 1726 1144 1768 ptionis
1184 1726 1386 1768 captivorum
1419 1729 1589 1758 emcmatae
1627 1735 1724 1768 super

1021 1778 1177 1821 facultate
1203 1778 1301 1810 libere
1323 1778 1454 1820 petendi
1477 1778 1625 1810 subsidia
1650 1777 1724 1809 cha-

1022 1831 1157 1863 ritativa
1174 1841 1231 1873 pro
1247 1831 1449 1872 captivorum
1466 1830 1683 1872 redemptione
1700 1828 1720 1861 ¹.

1169 1909 1349 1937 Benedictus
1371 1910 1450 1942 Papa
1469 1909 1550 1942 xm,

1122 1957 1158 1984 ad
1177 1957 1310 1982 futuram
1331 1954 1376 1981 rei
1396 1953 1580 1980 memoriam.

1026 2029 1068 2061 Ex
1094 2028 1240 2061 iniuncto
1266 2026 1359 2059 nobis
1386 2024 1537 2058 caelestis
1569 2024 1725 2067 apostoli·
1763 2030 1885 2053 uxot-inum.

983 2093 1038 2114 cae
1064 2080 1230 2114 servitutis
1257 2089 1391 2112 munere
1418 2078 1491 2118 illa,
1517 2088 1598 2121 quae
1625 2089 1642 2110 a
1663 2078 1725 2110 Ro-

983 2134 1086 2168 manis
1112 2132 1321 2166 Pontificibus
1340 2130 1652 2174 praedecessoribus
1671 2141 1726 2163 no-

984 2187 1057 2220 stris
1084 2187 1191 2219 savore
1216 2185 1444 2227 religiosorum
1462 2182 1619 2216 Ordinum
1646 2193 1727 2225 quo·

985 2248 1207 2281 lumb-umque,
1223 2237 1353 2270 illorum
1368 2235 1571 2278 praesertim,
1587 2234 1653 2278 qui,
1668 2235 1727 2268 sub

985 2292 1144 2334 peculiari
1177 2290 1434 2333 gloriosissimae
1467 2289 1521 2322 Dei
1557 2289 1727 2332 genitricis

1022 2396 1035 2422 1
1058 2395 1203 2422 Praedicta
1228 2394 1334 2421 Martini
1354 2395 1376 2420 V
1396 2394 1537 2421 constitut.
1559 2393 1603 2420 hic
1629 2394 1730 2422 inserta

987 2439 1058 2466 edita
1078 2441 1119 2465 est
1146 2445 1283 2471 nenxvni,
1304 2438 1346 2465 die
1366 2438 1399 2465 29
1419 2438 1483 2465 iunii
1497 2460 1504 2471 ,
1525 2438 1619 2474 pontif.
1641 2445 1679 2472 ιι,
1700 2442 1730 2467 et

989 2483 1040 2510 alia
1060 2483 1140 2510 liuius
1159 2482 1300 2509 Pontificis
1320 2486 1404 2509 const.
1428 2482 1493 2509 edit.
1514 2487 1668 2517 unccxxwt,
1686 2482 1730 2509 die

988 2527 1018 2554 21
1042 2527 1170 2561 augusti,
1191 2526 1286 2562 pontif.
1307 2533 1344 2559 lv,
1371 2526 1566 2553 confirmantur
1594 2527 1729 2562 quaedam

210 2560 276 2588 mm
307 2554 507 2597 praefatum»
534 2554 577 2586 “a
608 2553 842 2587 snbsmuanfflf
866 2554 945 2587 anti·
989 2571 1100 2598 decreta
1120 2579 1168 2607 pro
1197 2571 1267 2598 bono
1294 2570 1428 2606 regimine
1455 2571 1653 2606 provinciarum
1677 2570 1728 2597 fli-

246 2617 257 2644 1
280 2616 381 2644 Forsan
401 2616 548 2650 elz‘yendus
566 2616 605 2651 (n.
622 2616 672 2651 T.).

990 2615 1111 2651 spaniae.
