2139 3142
0 225 49 252 An.
61 224 92 250 c.
114 222 180 251 1729
208 205 217 216 ’

2 1018 184 1070 ῃῑῖἷῗὲἒῖἐέυὲὶῖἱ
246 1060 252 1065 .
383 1059 389 1065 .
428 1059 433 1064 .
649 1058 655 1063 .
711 1057 729 1062 ..
880 1055 897 1060 ..

2 1065 279 1100 exaniavsomestris,
306 1059 517 1099 officialibus,
545 1059 759 1100 deposuarus,
785 1065 928 1094 arcariis,

1 1099 421 1152 ”efssiviilssssssumf‘exactoribus,
447 1111 596 1155 syndicis,
622 1111 757 1153 aliisque
783 1109 931 1152 superius

2 1148 380 1222 }}}J}ffef?epaqnominatis‚
406 1165 536 1197 debitor
561 1163 723 1202 extiterit,
751 1162 848 1204 inque
876 1160 931 1193 ali-

21 1860 77 1881 Haec
89 1859 190 1880 conutitu-

7 1887 37 1907 tio
68 1888 94 1906 ad
123 1889 189 1906 tntum

5 1914 89 1938 §iatum
102 1912 124 1933 S.
133 1912 156 1932 R,
166 1912 190 1933 E.

8 1937 133 1960 extenditur.

189 271 238 304 vel
263 271 401 304 alienum
434 281 527 304 usum
559 275 590 304 et
615 270 820 304 commodum
853 281 925 303 con-

189 329 314 358 vertere
340 334 433 357 ausus
462 323 580 362 fuerit,
605 324 653 356 vel
679 322 707 355 ei
734 323 925 356 solvendum

189 376 359 416 curaverit,
387 376 440 420 qui
466 376 498 408 in
524 376 630 408 Monte
655 375 783 418 pietatis
819 375 866 407 vel
894 375 925 406 in

189 429 302 460 mensa
325 427 356 460 S.
384 427 523 470 Spiritus
554 427 675 459 nullam
712 431 806 458 antea
831 435 927 468 pecu-

190 479 276 512 niam
302 490 375 513 vere
401 479 603 523 deposuerit,
628 478 722 522 quive
747 478 793 510 rei
826 483 857 510 et
877 471 949 520 sie-¹

191 532 304 564 cuniae
330 532 496 575 depositae
522 537 553 564 et
584 537 712 564 exactae
736 540 805 563 esse
839 529 928 562 debi-

192 589 243 617 tor
278 585 503 628 deprehensus
536 584 659 623 fuerit,
694 589 787 626 atque
824 583 928 624 impos

193 642 379 680 compertus
412 638 457 670 rei
491 637 616 670 ablatae
654 636 760 669 statim
803 640 834 667 et
859 635 927 667 sine

192 690 259 723 ulla
276 693 366 723 mora
391 690 620 730 restituendae,
639 689 677 722 de
711 699 747 721 eo
769 694 929 729 tamquam

193 743 232 775 de
258 743 392 776 homine
417 743 527 776 infami
565 753 600 775 ac
625 752 700 774 vero
725 742 849 774 latrone
887 740 930 772 iu-

193 795 372 835 dicabitur,
400 800 431 829 et
456 795 589 828 omnino
626 795 664 827 ad
697 793 928 836 dispositiones

193 849 373 882 edictorum
399 848 576 892 punietur,
603 852 638 879 ut
669 846 788 879 dictum
812 850 859 877 est
883 855 931 876 su-

193 911 273 944 pra;
293 902 382 934 nulla
407 901 435 934 ei
460 900 699 944 praedictarum
721 903 752 931 et
777 897 929 930 similium

195 954 444 998 dispositionum
463 954 531 987 ullo
556 958 650 996 pacto
676 951 885 992 suffragante.

237 1008 253 1051 g
276 1007 330 1041 13.
357 1006 387 1040 Si
413 1006 527 1050 aliquis
562 1016 598 1038 cx
624 1004 814 1047 supradictis
839 1002 931 1035 mini-

196 1217 283 1260 quod
309 1228 345 1250 ex
372 1217 499 1250 delictis
532 1217 595 1249 iam
623 1215 786 1259 expressis
812 1213 931 1246 incide-

195 1270 245 1311 rit,
270 1269 376 1304 aliena
400 1269 538 1313 pecunia
563 1269 720 1312 deposita,
748 1268 865 1306 exacta,
884 1267 930 1299 vel

196 1323 228 1356 in
254 1325 326 1356 arca
350 1325 473 1356 servata
502 1333 562 1366 pro
592 1322 726 1354 arbitrio
752 1331 809 1353 suo
833 1330 930 1359 usus,

196 1376 372 1410 rationario
403 1381 435 1409 et
459 1380 680 1418 computorum
716 1373 876 1416 scriptore
901 1373 932 1405 id

196 1429 331 1469 sciente,
356 1439 416 1462 nec
440 1428 579 1472 praesidi
607 1433 638 1461 et
662 1426 822 1470 superiori
848 1431 934 1468 pate-

198 1483 345 1522 faciente,
361 1482 408 1515 cui
430 1492 467 1514 ea
484 1481 591 1514 onmia
608 1479 753 1523 patefieri
777 1480 932 1518 volumus,

198 1541 273 1568 tunc
297 1535 512 1574 rationarius,
538 1533 661 1567 etiamsi
688 1533 761 1565 facti
788 1532 934 1564 conscius

198 1598 263 1622 non
289 1588 406 1627 suerit,
433 1586 548 1630 poenis
583 1585 677 1618 etiam
712 1584 935 1627 corporalibus

198 1646 230 1674 et
253 1640 448 1683 gravissimis
473 1640 512 1672 ad
538 1639 723 1682 qualitatem
749 1643 781 1670 et
805 1637 936 1669 circum-

198 1693 347 1726 stantiam
373 1693 445 1726 sacti
481 1692 661 1735 puniatur,
687 1691 748 1724 nisi
786 1691 872 1724 clare
905 1696 936 1723 et

200 1745 569 1780 evidenterostenderit
586 1756 620 1778 se
638 1755 707 1778 rem
725 1745 829 1777 eidem
847 1754 937 1788 prae-

199 1800 259 1834 sidi
284 1803 315 1833 et
338 1799 499 1843 superiori
526 1804 620 1831 antea
645 1798 847 1841 patefecisse.

244 1853 259 1896 ἓ
282 1853 337 1885 14.
364 1852 447 1893 Quia
472 1858 580 1884 nostra
598 1851 732 1884 intentio
763 1850 820 1882 fuit
841 1855 872 1883 et
889 1856 936 1883 est

202 1905 366 1949 praesenti
400 1905 631 1938 constitutione
667 1903 860 1947 providendi
886 1903 936 1935 Ca-

202 1969 308 1992 merae
332 1963 462 1991 nostrae
488 1957 705 2000 Apostolicae‚
720 1962 817 1999 atque
832 1955 937 1989 homi-

160 2047 164 2052 l
203 2022 279 2045 num
303 2011 333 2044 S.
359 2010 395 2043 R.
422 2010 457 2043 E.
492 2009 628 2053 imperio
662 2009 865 2041 subditorum
890 2008 938 2040 iu-

203 2063 389 2103 demnitati,
414 2072 479 2095 non
518 2067 579 2095 tam
615 2072 676 2104 pro
702 2061 793 2093 sactis
820 2061 851 2093 in
877 2061 938 2093 hac

202 2119 310 2150 nostra
335 2117 419 2149 alma
441 2115 526 2148 Urbe
562 2115 771 2158 imposterum
806 2114 938 2147 fortasse

203 2169 380 2208 eventui-is,
395 2178 489 2211 quam
505 2177 564 2211 pro
583 2167 840 2210 quibuscumque
858 2166 938 2206 aliis,

203 2232 285 2266 quae
318 2222 350 2254 in
386 2225 454 2254 toto
493 2220 583 2253 Statu
617 2219 841 2253 Ecclesiastico
877 2225 939 2252 tam

204 2275 340 2308 mediate
364 2284 462 2317 quam
486 2273 672 2306 immediate
698 2272 793 2306 nobis
819 2277 850 2305 et
866 2272 941 2305 huic

205 2333 335 2361 sanctae
355 2327 429 2360 Sedi
450 2326 656 2370 Apostolicae
681 2326 836 2365 subiecto,
855 2336 941 2358 eom-

204 2380 379 2425 prehensis
406 2380 502 2413 etiam
528 2384 663 2423 quatuor
687 2378 719 2413 S.
741 2379 778 2411 R.
801 2379 832 2411 E.
858 2379 941 2421 lega-

205 2433 349 2467 tionibus
382 2432 565 2471 Bononiae,
596 2432 776 2471 Ferrariae,
803 2431 942 2464 Roman-

206 2486 312 2519 diolae
337 2491 368 2518 et
390 2484 512 2525 Urbini,
539 2484 667 2517 evenire
692 2483 838 2527 possint:
866 2484 940 2516 ideo

206 2539 355 2572 volumus
380 2543 412 2571 et
436 2537 641 2570 decernimus
666 2542 701 2569 ut
726 2537 808 2569 haec
828 2536 941 2569 eadem

206 2590 391 2627 constitutio
428 2595 538 2623 nostra
574 2590 605 2622 in
643 2589 793 2623 omnibus
823 2594 854 2623 et
878 2589 942 2621 sin-

780 222 974 247 BENEDICTUS
1001 222 1058 246 xm
1083 222 1131 246 I'P.

1595 211 1655 244 851

968 271 1051 313 gulis
1078 271 1142 304 suis
1167 269 1314 313 partibus
1340 274 1371 303 et
1396 267 1702 311 dispositionibus¹‚

969 323 1067 366 inque
1093 323 1241 356 omnibus
1278 328 1308 356 et
1342 322 1476 365 singulis
1513 322 1639 355 casibus
1673 327 1703 354 et

970 376 1060 408 factis
1078 376 1110 408 in
1133 378 1169 408 ea
1195 375 1445 418 comprehensis
1469 380 1500 407 et
1526 374 1704 418 expressis,

969 430 1076 461 locum
1093 456 1100 467 ,
1127 430 1241 467 robur,
1269 429 1332 461 vim
1359 434 1390 461 et
1414 429 1557 470 vigorem
1583 427 1703 460 habere.

971 486 1002 513 et
1025 482 1142 524 plenae
1169 481 1378 523 exequutioni
1404 480 1552 513 mandari
1589 480 1705 512 debeat

948 534 1065 565 »etiam
1103 539 1193 566 extra
1226 534 1310 566 lianc
1344 535 1458 566 almam
1496 533 1612 565 Urbem
1650 543 1706 564 no-

971 591 1068 618 stram
1106 586 1138 618 in
1176 586 1325 619 omnibus
1361 585 1543 618 civitatibus
1573 590 1603 617 et
1628 585 1705 617 locis

972 638 1078 671 Status
1092 639 1316 678 Ecclesiastici,
1335 639 1414 671 itaut
1432 638 1659 680 delinquentes
1675 637 1705 668 in

973 691 1087 723 iisdem
1104 697 1239 734 quatuor
1258 690 1518 733 delegationibus
1537 700 1648 723 severo
1664 690 1709 721 iu-

974 744 1058 776 dicio
1074 744 1256 776 iudicentur
1270 744 1445 776 secundum
1461 743 1548 785 leges
1565 748 1596 775 et
1614 743 1706 782 dieta,

973 796 1091 838 quibus
1117 797 1148 828 in
1175 797 1290 828 iisdem
1317 797 1443 838 legibus
1468 796 1650 828 iudicantur
1679 801 1709 827 et

973 848 1151 889 puniuntur
1172 849 1324 887 latrones,
1347 849 1430 881 etad
1451 859 1595 881 normam
1614 853 1646 881 et
1664 853 1708 880 te-

975 911 1087 934 norem
1109 902 1288 944 praesentis
1307 907 1437 934 nostrae
1459 901 1710 939 constitutionis,

974 959 1009 986 ut
1033 954 1234 987 decrevimus
1260 959 1291 987 et
1317 955 1537 987 ordinavimus
1562 964 1673 997 supra.

1018 1007 1031 1049 ξ
1056 1007 1109 1039 15.

974 1061 1109 1093 intentio
1135 1061 1268 1093 omnino
1287 1066 1336 1093 cst
1360 1066 1394 1092 ut
1420 1061 1617 1103 provisiones
1636 1055 1742 1111 ¹¹¹¹C'i'l

973 1124 1074 1157 nsque
1099 1119 1295 1146 memoratae
1325 1115 1422 1157 inque
1441 1114 1500 1146 bac
1529 1113 1609 1146 alma
1626 1113 1710 1146 Urbe
1723 1106 1740 1138 vi·

975 1168 1095 1205 nostrai,
1113 1166 1245 1200 Camerti
1264 1166 1459 1209 Apostolica‚
1479 1167 1585 1199 Monte
1611 1166 1711 1209 picta-

977 1219 1034 1258 tis,
1061 1220 1180 1252 mensis
1204 1219 1367 1262 publicis,
1394 1220 1473 1252 locis
1499 1225 1530 1252 et
1554 1220 1709 1262 operibus

975 1272 1036 1314 piis
1071 1283 1167 1304 unam
1205 1272 1416 1316 eamdemque
1453 1273 1513 1305 vim
1550 1278 1580 1305 ct
1612 1273 1712 1306 robur

975 1334 1103 1367 semper
1128 1324 1304 1365 obtineant,
1325 1327 1511 1368 culpasque,
1533 1325 1659 1358 fraudes
1681 1330 1712 1358 et

977 1377 1092 1410 damna
1116 1377 1274 1420 impedire
1299 1378 1438 1411 debcant
1455 1389 1538 1421 qum}
1565 1379 1594 1411 in
1622 1390 1713 1422 prac-

976 1430 1129 1463 iudicium
1171 1432 1435 1464 communitatum
1471 1433 1566 1465 totius
1607 1432 1711 1465 Status

977 1484 1190 1518 Ecclesiastici
1215 1485 1369 1518 committi
1389 1491 1541 1528 possunt·‚
1559 1486 1634 1518 ltine
1652 1496 1711 1518 nos

978 1537 1009 1569 in
1036 1537 1162 1570 casibus
1191 1544 1223 1570 et
1243 1538 1332 1570 factis
1358 1538 1507 1581 congruis
1526 1539 1713 1571 mandamus

956 1625 958 1634 y
979 1595 1009 1623 et
1027 1591 1212 1624 ordinamus
1232 1595 1267 1623 ut
1292 1601 1404 1624 omncs
1431 1597 1462 1624 et
1486 1591 1632 1634 singulae
1651 1591 1715 1624 dis-

979 1644 1156 1687 positiones
1175 1643 1325 1687 superius
1345 1655 1517 1687 expressae
1532 1646 1638 1677 locum
1658 1646 1714 1677 lia-

978 1697 1077 1729 beant
1116 1702 1227 1730 contra
1267 1703 1430 1730 exactores
1446 1725 1453 1737 ‚
1493 1698 1687 1730 camerarios
1704 1725 1712 1736 ,

980 1750 1206 1793 depositarios,
1232 1750 1378 1794 aliosque
1406 1750 1569 1784 ministros
1594 1757 1625 1784 et
1649 1750 1717 1783 offi-

979 1803 1077 1836 ciales
1116 1803 1290 1836 cuiuslibet
1333 1803 1572 1836 communitatis
1611 1804 1716 1836 nostri

979 1856 1083 1889 Status
1104 1855 1315 1888 Ecclesiastici
1335 1856 1517 1899 aliamque²
1535 1867 1570 1889 cx
1590 1857 1717 1899 praedi-

980 1910 1038 1942 ctis
1065 1909 1246 1942 actionibus
1264 1914 1295 1941 et
1320 1909 1444 1942 delictis
1464 1909 1715 1949 committentes,

981 1967 1093 1994 contra
1119 1972 1198 2003 quos
1222 1967 1398 2005 propterea
1423 1962 1557 1994 iudicari
1584 1967 1615 1995 et
1641 1973 1719 2006 pro-

982 2014 1051 2046 cedi
1078 2014 1194 2047 debeat
1219 2024 1284 2047 non
1310 2014 1427 2046 auditis
1456 2024 1561 2057 neque
1587 2015 1717 2047 attentis

983 2067 1103 2100 frivolis
1148 2066 1391 2110 exceptionibus
1434 2072 1465 2099 ct
1496 2067 1719 2109 praetextibus

982 2120 1129 2163 superius
1156 2120 1370 2159 enumeratis;
1397 2119 1519 2152 scilicet
1552 2120 1590 2152 ea
1616 2119 1720 2152 forma

984 2179 1014 2206 et
1038 2173 1135 2206 modo
1165 2183 1247 2216 quae
1273 2178 1383 2206 contra
1405 2173 1558 2206 officiales
1576 2178 1606 2206 et
1626 2173 1720 2205 mini-

983 2229 1064 2259 stros
1098 2226 1273 2258 camerales
1309 2225 1456 2268 aliosque
1485 2225 1631 2268 superius
1664 2235 1721 2258 no-

983 2280 1122 2313 minatos
1146 2278 1425 2322 praescribuntur.

1028 2334 1042 2376 §
1075 2332 1124 2365 16.
1150 2332 1297 2370 Quamvis
1330 2332 1554 2365 ordinamenta
1588 2337 1620 2364 et
1651 2342 1723 2364 san-
1755 2330 1915 2351 P⁰⁴'¹¹³⁸¹'³‘·'··s“

1733 2358 1870 2377 suliuciuntzu
1881 2358 1917 2382 qui

1667 2385 1723 2417 ha-
1734 2383 1819 2403 fraudas

1734 2410 1890 2431 commiserunt.

984 2386 1109 2420 ctiones
1134 2385 1357 2428 praesentibus
1381 2385 1498 2418 litteris
1522 2385 1642 2417 nostris

984 2444 1097 2472 ctenus
1138 2439 1298 2472 recensita
1343 2443 1453 2471 contra
1493 2438 1722 2481 delinquentes

984 2492 1017 2523 in
1042 2491 1168 2524 casibus
1200 2492 1233 2524 in
1258 2496 1424 2535 posterum
1462 2490 1623 2523 cventuris
1648 2501 1723 2533 pro-

1020 2555 1030 2580 1
1054 2553 1126 2580 Edit.
1147 2553 1228 2580 lllain.
1250 2552 1318 2587 legit
1337 2553 1559 2588 depositionibus
1579 2553 1622 2586 (n.
1638 2555 1686 2586 T.).

1020 2598 1030 2623 1
1055 2597 1166 2624 Videtur
1185 2597 1331 2632 legendum
1351 2597 1481 2632 aliquam
1501 2599 1541 2632 (a.
1559 2596 1609 2632 τ.).

1707 220 1756 245 An.
1777 219 1805 245 C.
1831 219 1895 247 1729

1144 1007 1409 1050 Quandoquidem
1445 1008 1568 1050 pariter
1604 1012 1747 1054 nostraU
1775 1020 1812 1056 ,ἧς
1834 1019 1904 1059 llil‘ll

1747 1100 1763 1111 w
1774 1098 1791 1111 ht
1817 1099 1825 1109 tt

1744 1121 1853 1138 unitatum.

1866 2385 1916 2403 s-luu
