2170 3147
180 191 231 218 An.
253 191 369 219 &1798
414 182 478 217 670

215 1100 335 1120 Clausulam

374 241 552 285 privilegiis
593 246 741 281 auctam,
772 242 815 273 ita
855 250 953 284 supra
991 246 1114 273 ceteras

375 295 521 327 eiusdem
558 294 686 327 Ordinis
724 294 881 327 ecclesias
919 294 1026 327 verbis
1063 299 1115 326 aut

375 347 506 390 scriptis
543 348 676 380 extollat
701 353 733 380 et
769 346 896 387 efferat,
923 353 958 380 ut
983 347 1115 380 debitus

376 401 481 433 honor
503 412 537 433 ae
564 401 745 433 reverentia
763 401 943 443 denegetur
960 401 1114 434 basilicae

376 454 410 486 B.
438 454 553 486 Mariae
580 454 618 486 de
644 454 850 488 Portiuncula
887 460 976 488 extra
1008 464 1115 487 muros

376 507 522 540 eiusdem
549 507 647 547 urbis,
675 508 705 540 in
732 518 794 552 qna
819 513 944 541 constat
972 508 1117 551 seraphi-

376 570 448 592 cum
474 565 599 604 patrem
626 560 809 593 institutum
841 572 933 594 suum
966 561 1117 595 inchoas-

377 623 436 646 se:
463 613 682 657 praecipimus
708 620 740 647 et
764 615 955 648 mandamus
989 620 1025 647 ut
1056 625 1117 647 am-

376 666 436 699 bae
464 666 637 707 basilicae,
663 667 795 700 diversis
820 668 898 701 licet
923 667 1117 708 rationibus,

378 720 413 752 Β.
441 719 559 753 Mariae
586 720 717 764 quidem
746 726 882 764 propter
907 720 1035 754 Ordinis
1060 721 1121 765 pri-

379 773 515 813 mordia,
535 774 724 807 Assisiensis
742 785 817 808 vero
835 779 970 818 propter
994 785 1121 808 sacrum

380 837 498 869 corpus
526 827 718 860 sanctissimi
737 827 941 868 institutoris,
960 834 1121 872 tamquam

379 879 507 912 Ordinis
532 880 683 913 matrices
716 881 755 913 ab
788 881 942 914 omnibus
968 881 1122 914 fratribus

380 932 559 966 Minoribus
591 940 812 977 agnoscantur
838 940 869 968 et
894 935 1122 975 observentur,

381 992 476 1030 prout
500 987 636 1020 Romani
657 987 827 1021 Pontifices
853 989 1124 1031 praedecessores

382 1040 481 1074 nostri
508 1046 713 1073 asservarunt
735 1046 765 1074 et
791 1048 1034 1075 concesserunt.

436 1095 450 1138 g
475 1093 506 1127 6.
533 1093 756 1139 Quascumque
783 1101 889 1129 autem
915 1096 994 1130 iuris
1016 1096 1125 1129 verho-

383 1158 518 1191 rumque
543 1149 766 1181 solemnitates
797 1151 907 1182 nostra
932 1150 1124 1183 auctoritate

383 1202 587 1244 supplentes,
615 1207 646 1234 et
671 1201 838 1245 quibusvis
865 1202 897 1234 in
924 1203 1123 1236 contrarium

383 1253 577 1286 facientibus
597 1255 795 1298 amplissime
814 1256 1026 1298 derogantes,
1042 1267 1124 1300 quac

384 1317 460 1340 vero
487 1307 700 1351 exprimenda
726 1315 836 1342 essent
866 1320 926 1352 pro
963 1310 1126 1353 expressis

384 1361 568 1402 habentes,
597 1362 664 1394 sore
698 1362 892 1395 confidimus
925 1368 960 1395 ut
996 1364 1126 1397 familiis

385 1415 500 1447 vestris
526 1424 584 1458 per
602 1415 665 1447 hoe
684 1415 908 1458 providentiae
928 1423 1059 1450 nostrae
1078 1416 1126 1449 iu-

386 1467 507 1500 dicium
554 1467 724 1511 pristinam
771 1474 944 1514 vestroque
993 1471 1126 1504 nomine

388 1520 518 1563 dignam
546 1523 756 1555 concordiam
786 1529 908 1566 partam
944 1534 1013 1557 esse
1051 1535 1127 1567 gau-

388 1574 532 1607 deamus.
561 1575 707 1623 Vestgum
734 1582 841 1609 autem
869 1578 953 1618 erit,
979 1583 1029 1618 ut,
1057 1578 1126 1621 pari

387 1628 553 1670 vigilantia
589 1628 761 1672 studioque
791 1630 876 1663 curis
913 1631 1034 1664 nostris
1071 1631 1128 1665 ob-

388 1688 585 1724 sequentes,
621 1681 808 1716 indecoram
845 1683 1128 1728 importunamque

389 1734 639 1767 altercationum
665 1735 918 1780 libellorumque
944 1739 1128 1779 licentiam,

389 1787 421 1819 in
447 1798 560 1820 eorum
587 1794 736 1822 auctores
762 1790 908 1823 districte
928 1790 1131 1825 animadver-

392 1845 508 1881 tentes,
535 1842 649 1875 sedulo
675 1842 860 1876 inhibeatis.
888 1845 931 1877 Ac
956 1844 1060 1885 vobis,
1086 1845 1132 1878 di-

391 1894 463 1926 lecti
491 1894 570 1934 filii,
608 1901 765 1938 paternae
800 1897 974 1930 voluntatis
1012 1898 1130 1941 pignus

392 1947 605 1989 apostolicam
631 1948 894 1983 benedictionem
927 1957 1134 1994 peramanter

373 2042 377 2045 η
394 2000 610 2043 impertimur.

437 2053 549 2087 Datum
576 2054 706 2093 Romae,
736 2057 821 2099 apud
848 2058 878 2089 S.
910 2057 1050 2098 Petrum,
1074 2060 1133 2091 sub

394 2108 515 2140 annulo
541 2108 734 2150 Piscator-is,
762 2121 811 2144 xx1
839 2111 908 2144 iulii
935 2122 1133 2153 iinccxxvtn,

395 2160 606 2202 pontificatus
634 2164 737 2196 nostri
761 2175 848 2198 anno
872 2175 902 2197 v.

432 2222 490 2248 Dat,
516 2223 559 2249 ‹lie
581 2224 608 2249 ⁴2t
635 2224 692 2251 iulii
720 2226 795 2258 1728,
819 2227 917 2261 pontit.
941 2236 1014 2254 anno
1035 2234 1060 2253 v.

673 2430 856 2464 (dcxxxiii.

402 2525 593 2558 Decet-mno-
619 2527 719 2566 ralio,
747 2532 775 2559 et
798 2529 1033 2570 praemutatio*
1064 2527 1140 2560 ordo

955 189 1136 216 BULLARIUM
1160 188 1317 215 nottANtJM

1905 188 1958 216 An.
1978 189 2006 217 C.
2024 190 2088 218 1728

1201 239 1396 272 ctesias-licus
1432 239 1468 273 in
1503 249 1601 283 rayno
1637 238 1770 273 Siciliae
1808 237 1900 272 ultra

1203 294 1355 327 Plectrum
1381 292 1399 326 ¹.

1344 383 1526 411 Benedictus
1547 383 1721 416 episeopus,

1344 435 1453 455 servus
1474 434 1632 455 servorum
1653 427 1717 460 Dei,

1276 473 1312 500 ad
1335 475 1515 507 perpetuam
1535 471 1580 499 rei
1600 470 1785 499 memoriam.

1207 557 1309 591 Fideli
1328 568 1363 590 ac
1380 557 1534 601 prudenti
1553 555 1785 600 dispensatori,
1804 566 1902 600 quem
1940 568 2080 591 Prooemium.

1165 612 1196 644 in
1223 621 1377 654 supremo
1403 610 1604 654 apostolatus
1625 609 1717 653 apice
1738 608 1906 643 constituit

1165 664 1319 697 Dominus
1345 673 1445 707 super
1470 663 1623 696 familiam
1645 673 1747 704 suam,
1766 662 1906 695 maxime

1167 718 1319 751 convenit
1350 716 1466 749 tradita
1501 715 1564 749 sibi
1602 716 1738 749 caelitus
1768 716 1813 749 uti
1850 727 1907 760 po-

1167 777 1307 812 testate,
1334 776 1386 812 ut,
1419 770 1443 803 si
1471 780 1553 814 quae
1580 771 1645 803 sint
1669 770 1755 803 inter
1779 769 1909 813 pontiti-

1167 826 1268 858 calem
1294 824 1518 858 auctoritatem
1546 828 1577 857 et
1607 823 1729 867 regiam
1765 828 1909 866 potesta-

1170 884 1231 912 tem
1257 879 1496 920 contentiones,
1524 882 1680 922 quantum
1705 876 1774 911 t'ieri
1792 882 1908 921 potest,

1169 937 1388 973 amoveantur,
1414 937 1514 975 utque
1540 931 1658 964 nedum
1684 930 1828 964 fidelium
1851 940 1909 974 po-

1169 986 1322 1029 pulorum
1346 985 1492 1029 pericula
1518 989 1708 1024 arceantur,
1734 983 1791 1017 sed
1812 982 1910 1016 etiam

1170 1039 1377 1072 incommoda
1406 1038 1595 1078 leniantur,
1622 1042 1736 1082 prout,
1759 1038 1911 1070 locorum

1170 1097 1202 1124 et
1227 1096 1411 1135 temporum
1439 1091 1566 1124 ratione
1591 1090 1725 1131 habita,
1751 1089 1852 1133 magis
1878 1089 1910 1122 in

1170 1145 1306 1178 Domino
1331 1144 1495 1177 videbitur
1519 1144 1687 1187 expedire.

1214 1198 1228 1240 ἓ
1253 1197 1283 1230 t.
1311 1197 1388 1230 Cum
1415 1197 1520 1240 itaque
1549 1197 1649 1230 felicis
1677 1195 1911 1230 reeordationis
1945 1203 2102 1235 Causae-nutus

1170 1251 1321 1285 Clemens
1346 1250 1430 1293 Papa
1456 1251 1494 1283 xl
1525 1250 1766 1293 praedecessor
1800 1233 2094 1286 nosterpi-ffiii‘g'sslffl'i.

1171 1304 1386 1348 apostolicam
1413 1303 1506 1347 regni
1528 1303 1655 1337 Siciliae
1672 1304 1757 1336 ultra
1770 1302 1912 1335 Pharum

1171 1357 1368 1401 legationem
1405 1368 1441 1390 ac
1480 1356 1703 1390 monarchiam
1744 1366 1914 1400 nuncupa-

1172 1417 1235 1444 tam
1255 1410 1390 1453 eiusque
1418 1411 1558 1443 tribunal
1585 1409 1757 1443 extinxerit
1781 1420 1817 1442 ac
1840 1420 1914 1454 sup-

1171 1464 1329 1507 presserit
1361 1469 1393 1496 et
1418 1463 1612 1504 absolverit,
1639 1463 1663 1496 si
1698 1473 1780 1507 quae
1807 1467 1915 1496 essent

1170 1517 1343 1561 privilegia
1377 1523 1408 1550 et
1444 1517 1570 1551 indulta
1602 1529 1619 1550 a
1651 1517 1914 1561 quibuscumque

1172 1571 1326 1604 Romanis
1359 1570 1572 1603 Pontificibus
1604 1569 1914 1614 praedecessoribus

1173 1624 1419 1667 quomodolibet
1460 1635 1615 1657 concessa
1651 1623 1853 1657 revocaverit
1886 1627 1918 1656 et

1173 1677 1393 1720 abrogaverit,
1424 1682 1456 1710 ct
1479 1683 1602 1710 certum
1630 1676 1759 1709 interim
1783 1676 1915 1709 modum

1174 1729 1448 1772 praescripserit,
1482 1741 1547 1773 quo
1581 1739 1697 1762 causae
1731 1729 1769 1762 ad
1809 1729 1916 1761 sorum

1175 1782 1432 1815 ecclesiasticum
1470 1782 1674 1825 pertinentes
1707 1781 1862 1824 cognosci
1888 1786 1919 1813 et

1176 1836 1208 1868 in
1240 1835 1354 1868 eodem
1388 1846 1489 1878 regno
1521 1835 1584 1868 stne
1611 1834 1722 1868 debito
1749 1833 1918 1867 terminari

1176 1893 1336 1932 possent,
1370 1888 1645 1931 quemadmodum
1678 1887 1710 1920 in
1743 1887 1811 1920 eius
1841 1896 1920 1929 apo-

1177 1942 1302 1974 stolicis
1329 1941 1444 1974 litteris
1480 1941 1641 1984 expeditis
1667 1951 1753 1974 anno
1782 1949 1920 1975 Moccxiv

1179 2000 1211 2028 et
1235 2005 1362 2029 ninccxv
1389 1995 1519 2038 plenius
1545 1994 1751 2033 continetur;
1780 2003 1919 2036 cumque

1178 2047 1363 2081 carissimus
1390 2049 1421 2080 in
1448 2047 1578 2080 Christo
1605 2046 1690 2080 silius
1715 2051 1829 2079 noster
1864 2045 1920 2078 Ca-

1180 2102 1268 2133 rolus
1294 2101 1328 2133 vt
1363 2101 1393 2133 in
1434 2096 1665 2133 ltomanoiwun'
1689 2099 1920 2142 imperatorem

1181 2155 1303 2187 electus
1322 2181 1329 2193 ‚
1354 2154 1481 2186 Siciliae
1509 2154 1591 2185 ultra
1617 2153 1757 2185 Pharum
1785 2162 1852 2191 rex,
1870 2161 1922 2184 ex-

1181 2206 1257 2250 poni
1283 2206 1378 2239 nobis
1404 2217 1511 2250 nuper
1536 2206 1672 2245 fecerit,
1699 2206 1768 2238 iura
1793 2210 1923 2248 aposto-

1219 2280 1227 2305 l
1253 2277 1323 2304 llaec
1339 2277 1488 2304 iurisdictio
1504 2277 1538 2304 ab
1555 2276 1661 2303 Urbano
1679 2276 1699 2303 11
1716 2276 1750 2303 ad
1768 2276 1848 2302 finem
1865 2283 1922 2302 ver-

1181 2324 1261 2356 gente
1281 2329 1306 2348 xi
1327 2321 1464 2348 Ecclesiae
1483 2321 1592 2348 saeculo
1607 2320 1726 2356 Rogerio
1742 2319 1833 2347 comiti
1849 2319 1923 2346 eius-

1182 2374 1234 2401 que
1263 2366 1467 2393 successorihus
1486 2365 1512 2392 in
1533 2373 1616 2401 regno
1645 2365 1749 2392 Siciliae
1776 2372 1923 2396 concessa.

1183 2410 1366 2445 pertractandi
1387 2409 1514 2436 nimirum
1534 2414 1561 2436 et
1580 2409 1727 2436 deliniendi
1754 2417 1851 2436 causas
1878 2416 1924 2435 ec-

1183 2455 1356 2488 clesiasticas,
1373 2463 1388 2482 a
1403 2455 1540 2481 Clemente
1562 2454 1605 2489 xt,
1627 2458 1739 2490 propter
1760 2454 1863 2481 abusus
1879 2453 1925 2488 qui

1182 2501 1368 2535 irrepserant,
1390 2500 1506 2527 extincta
1526 2503 1552 2526 et
1578 2500 1679 2527 abolita
1702 2499 1752 2526 suit
1771 2502 1858 2526 const.
1880 2498 1923 2525 ed.

1183 2552 1300 2572 Muccxtv
1321 2548 1345 2572 et
1366 2551 1489 2577 ‚ttntzcxv3
1513 2553 1603 2571 verum
1626 2546 1668 2571 hic
1689 2543 1850 2579 quibusdam
1870 2550 1925 2570 mo-

445 2580 669 2622 l‘''‘ss“'''“'³'l‘¹
695 2586 720 2609 '¹7
747 2581 924 2621 ''pfinsf'llds
949 2593 1062 2615 cctttsas
1095 2593 1141 2615 Μ’·
1183 2589 1368 2617 ‹ti—rationibus
1387 2590 1576 2615 confirmatur.
