2170 3147
0 215 33 236 in.
48 206 78 234 C.
99 205 166 234 1728

10 1589 123 1611 Concessio
134 1591 162 1611 t'a-

0 1617 66 1638 ‚utatis
80 1618 163 1644 praetu-

745 203 938 228 mzunmcrus
963 203 1019 226 xni

943 252 1028 285 anni
1055 252 1201 296 proxime
1236 251 1402 296 praeteriti
1437 262 1496 296 pro
1532 252 1688 294 regimine

174 253 311 287 maxima
347 252 520 286 difficultas
557 252 737 285 inveniatur
773 252 805 284 in
847 257 910 284 sta-

175 307 296 340 tuendo
337 306 494 348 regimine
534 305 709 338 universali
732 331 739 345 ,
779 305 909 338 attentis

174 359 337 403 aliquibus
363 358 577 402 paragraphis
603 359 737 400 regulae
763 364 795 391 et
824 368 905 391 con·-

173 412 377 446 stitutionum
403 422 533 445 suarum
559 411 590 444 in
616 411 713 444 rebus
739 411 777 443 ad
797 410 909 452 guber-

173 466 262 498 nium
288 465 527 509 provinciarum
556 470 587 497 et
620 463 659 496 ad
694 463 908 507 capitulorum

173 517 374 562 generalium
401 523 431 551 et
449 517 696 561 provincialium
715 516 910 550 celebratio-

172 581 246 604 nem
271 571 512 615 spectantibus,
539 571 698 614 siquidem
736 569 779 602 ibi
818 578 909 611 prae-

173 624 292 668 scripta
310 624 458 657 videntur
477 624 572 657 fuisse
591 628 714 656 tantum
734 633 791 666 pro
808 621 908 654 tribus

171 677 350 720 provinciis
376 677 552 721 Hispaniae
578 677 709 709 decreta
734 680 765 708 et
802 675 909 708 deter-

172 730 293 763 minata
313 757 320 769 ,
348 735 378 763 et
401 735 643 773 consequenter
668 727 744 761 alibi
772 728 809 761 ad
836 738 909 770 pra-

172 783 236 816 xim
264 783 375 817 reduci
412 783 544 816 mininie
582 792 696 825 posse:
723 780 909 824 superiores

172 837 311 869 maiores
326 836 428 880 ipsius
443 835 712 878 Congregationis
727 845 825 867 novas
838 844 908 866 con-

172 889 358 923 stitutiones
383 889 422 922 ad
446 889 606 922 uniforme
623 888 766 922 omnium
782 887 911 930 provin-

172 943 296 976 ciarum
321 942 535 986 guberninm,
555 947 615 974 tam
642 942 799 974 hactenus
825 941 908 973 intra

172 999 203 1030 ct
227 1001 317 1029 extra
342 995 569 1038 Hispaniarum
597 1005 697 1037 regna
716 1000 748 1027 et
766 994 907 1027 dominia

173 1054 374 1089 erectarum,
399 1058 494 1091 quam
522 1047 718 1090 ubicumque
745 1047 775 1078 in
802 1052 909 1091 poste-

172 1111 241 1133 rum
268 1101 517 1144 erigendarum,
541 1106 572 1133 et
598 1106 783 1142 spectantes
810 1099 907 1132 etiam

173 1155 211 1187 ad
237 1154 454 1198 capitulorum
479 1154 680 1196 generalium
714 1159 740 1186 et
780 1153 909 1196 provin—

172 1207 303 1240 cialium
329 1206 511 1240 huiusmodi
538 1207 812 1247 celebrationem,
837 1216 910 1239 con-

173 1260 250 1293 dere
265 1271 361 1303 posse
376 1269 584 1302 summopere
599 1259 796 1292 desiderant.
810 1258 909 1291 Nobis

172 1319 349 1357 propterea
374 1313 478 1347 dictus
504 1312 685 1346 lldefonsus
718 1317 910 1355 procurator

173 1367 338 1410 generalis
364 1365 535 1399 humiliter
559 1365 735 1409 supplicari
773 1365 849 1398 fecit
876 1369 910 1397 ut

173 1421 205 1453 in
230 1419 418 1464 praemissis
451 1424 637 1463 opportune
674 1418 844 1462 providere
877 1423 910 1451 et

172 1479 206 1506 ut
231 1474 314 1506 insra
339 1473 510 1516 indulgere
536 1473 575 1506 de
600 1472 803 1516 benignitate
837 1482 910 1514 apo-

174 1527 287 1561 stolica
313 1527 533 1570 dignaremur.

217 1581 232 1624 ἓ
250 1580 279 1613 2.
294 1580 355 1614 Nos
372 1580 481 1623 igitur,
500 1580 604 1623 ipsum
623 1579 821 1612 ltdetonsum
839 1588 909 1621 pro-

175 1639 358 1667 curatorem
382 1633 568 1676 generalem
594 1632 791 1676 specialibus
824 1631 908 1664 savo-

173 1686 260 1720 ribus
286 1692 318 1720 et
342 1685 454 1730 gratiis
478 1686 631 1730 prosequi
657 1685 807 1725 volentes,
835 1690 866 1717 et
890 1695 907 1717 a

172 1740 337 1784 quibusvis
371 1739 735 1779 excommunicationis,
773 1749 908 1782 suspen-

171 1793 270 1827 sionis
295 1798 327 1826 et
350 1793 525 1832 interdicti,
548 1792 687 1836 aliisque
713 1791 903 1825 ecelesiasti-

172 1846 217 1878 cis
242 1845 438 1886 sententiis,
465 1845 611 1878 censuris
648 1851 675 1878 et
714 1844 827 1888 poenis
850 1871 855 1883 ‚
890 1855 906 1876 a

172 1898 241 1931 iure
266 1899 314 1931 vel
340 1899 378 1931 ab
404 1898 560 1937 bomine,
592 1898 703 1941 quavis
740 1898 905 1930 occasione

172 1951 221 1983 vel
247 1953 342 1983 causti
366 1951 448 1991 latis,
477 1952 502 1984 si
526 1951 641 1994 quibus
662 1951 908 1994 quomodolibet

172 2002 342 2035 innodatus
368 2003 488 2043 existit,
515 2004 553 2036 ad
580 2003 726 2036 effectum
752 2014 907 2046 praesen-

174 2055 254 2088 tium
279 2056 443 2089 dumtaxat
465 2057 730 2099 consequendum
752 2083 758 2096 ‚
794 2057 906 2089 barum

174 2108 257 2142 serie
281 2109 484 2142 absolventes
502 2115 533 2142 et
551 2110 730 2142 absolutum
750 2110 817 2142 sore
836 2120 907 2142 cen-

173 2166 304 2202 sentes,
331 2162 517 2195 huiusmodi
543 2163 832 2206 supplicationibus
861 2163 906 2195 in-

174 2213 304 2254 clinati,
330 2214 472 2257 capitulo
498 2215 641 2257 generali
667 2215 808 2248 eiusdem
826 2215 907 2248 Con-

174 2266 374 2309 gregationis
400 2267 543 2309 proxime
562 2267 769 2307 celebrando,
788 2274 819 2301 et
836 2274 907 2311 post

174 2319 274 2362 ipsius
298 2319 427 2362 capituli
453 2320 706 2353 celebrationem
723 2320 907 2354 definitorio

174 2372 345 2414 generali,
381 2378 416 2405 ut
449 2373 485 2406 ad
525 2372 670 2407 effectum
708 2374 906 2417 praedictum

173 2434 256 2457 nova
280 2428 400 2457 statuta
429 2430 460 2457 et
494 2425 581 2468 leges
607 2426 825 2466 universales,
852 2427 904 2460 lia-

173 2476 283 2510 bendo
308 2487 385 2520 prae
411 2478 514 2511 oculis
540 2478 578 2510 ad
605 2479 689 2511 bane
715 2478 905 2513 efformatio-

175 2540 247 2562 nem
273 2530 428 2573 quasdam
456 2535 583 2564 nostras
609 2531 731 2564 litteras
768 2533 907 2575 desuper

1046 203 1092 227 ep.
1588 194 1651 228 643
1699 203 1881 230 An.C.17²28

952 305 1137 348 provinciae
1158 305 1189 339 S.
1206 305 1350 339 Ioacbini
1370 305 1400 338 in
1419 315 1519 348 regno
1533 305 1687 338 poloniae

952 359 1139 401 expeditas,
1165 359 1243 393 itaut
1269 360 1399 393 easdem
1426 359 1548 392 litteras
1587 358 1688 401 expli-

951 423 1024 446 care
1049 418 1081 445 et
1105 414 1290 454 extendere,
1311 414 1473 447 moderari
1494 420 1525 446 et
1542 423 1688 446 acromo-

952 465 1028 498 dare
1055 466 1205 509 possint,
1231 467 1372 500 condere
1399 467 1502 500 libere
1536 471 1563 500 ct
1602 467 1687 499 licite

951 518 1105 558 valeant,
1132 520 1322 552 auctoritate
1349 520 1540 563 apostoliea,
1576 525 1687 551 tenore

952 572 1186 615 praesentium,
1200 573 1409 606 concedimus
1425 578 1455 605 et
1473 573 1688 616 impertimur:

952 624 1127 657 dummodo
1148 630 1256 658 tamen
1274 626 1381 658 omnia
1399 635 1480 657 nova
1500 625 1641 663 decreta,
1659 625 1688 657 in

953 677 1013 710 vim
1041 678 1202 711 facultatis
1237 679 1421 712 huiusmodi
1456 679 1627 712 condenda
1660 685 1691 711 et

953 731 1110 771 facienda,
1138 733 1177 764 ab
1205 733 1264 764 hac
1290 732 1405 765 Sancta
1422 732 1503 766 Sede
1531 733 1619 776 prius
1638 743 1691 775 ap-

952 784 1084 828 probari
1111 785 1259 819 debeant.

995 838 1010 880 ἓ
1035 837 1065 870 3.
1102 838 1331 879 Decernentes‚
1354 839 1481 872 easdem
1501 844 1689 882 praesentes
1729 846 1847 867 mmmm.

953 890 1077 923 litteras
1105 902 1235 934 semper
1268 891 1386 931 sirmas,
1416 892 1536 924 validas
1562 898 1593 924 ct
1627 891 1690 923 cffi-

952 954 1043 978 caces
1069 945 1208 978 existere
1234 950 1265 978 ct
1291 945 1383 984 sore,
1411 955 1553 987 suosque
1579 945 1689 987 plena-

952 997 1014 1030 rias
1040 1002 1070 1030 et
1096 997 1242 1040 integros
1269 996 1399 1030 etl'ectus
1426 997 1532 1030 sortiri
1560 1003 1590 1029 et
1608 997 1690 1029 obti-

952 1060 1056 1090 nere,
1086 1060 1122 1083 ac
1146 1050 1230 1090 illis,
1257 1051 1294 1083 ad
1322 1060 1404 1093 quos
1430 1055 1552 1093 spectat
1585 1056 1610 1082 et
1632 1061 1689 1093 pro

953 1108 1099 1146 tempore
1136 1103 1407 1146 quandocumque
1444 1103 1623 1146 spectabit,
1660 1103 1688 1135 in

952 1155 1103 1188 omnibus
1130 1162 1161 1189 et
1186 1166 1243 1200 per
1267 1157 1376 1189 omnia
1400 1157 1590 1200 plenissime
1628 1157 1690 1189 sut*-

953 1209 1088 1252 sragari,
1114 1209 1227 1253 sicque
1248 1209 1279 1242 in
1306 1210 1506 1253 praemissis,
1534 1209 1617 1242 etc.¹

995 1261 1010 1304 ἓ
1035 1262 1066 1295 [ι.
1094 1262 1163 1295 Non
1190 1262 1395 1296 obstantibus
1419 1262 1628 1306 praemissis,
1657 1273 1691 1296 ac

952 1315 1240 1348 constitutionibus
1266 1321 1298 1348 et
1321 1315 1583 1349 ordinationibus
1607 1326 1689 1359 aps»-

953 1368 1079 1400 stolicis
1100 1394 1107 1407 ,
1149 1379 1288 1408 necnon,
1323 1373 1483 1412 quatenus
1509 1379 1591 1412 opus
1623 1369 1689 1409 sit,

953 1421 1056 1454 dictae
1083 1421 1372 1465 CongregationiS,
1401 1422 1496 1455 etiam
1515 1449 1522 1461 ‚
1548 1427 1610 1454 etc.
1627 1421 1637 1438 ἵ

996 1474 1109 1507 Datum
1135 1475 1273 1515 Romae,
1290 1475 1375 1518 apud
1401 1474 1432 1507 S.
1456 1474 1605 1512 Petrum,
1632 1475 1692 1507 sub

953 1527 1074 1560 annulo
1107 1526 1300 1567 Piscatoris,
1330 1527 1401 1559 diex
1430 1537 1498 1560 xxm
1538 1527 1690 1559 februarii

952 1589 1150 1620 Mbccxxx'tu,
1169 1580 1377 1623 pontificatus
1394 1581 1498 1614 nostri
1533 1591 1619 1613 anno
1647 1592 1687 1614 lv.

1770 1271 1884 1292 llesouatiia

1701 1300 1772 1318 contra
1779 1300 1864 1318 rtorum.

987 1643 1047 1670 Dat.
1071 1643 1115 1670 die
1135 1644 1168 1670 245
1189 1643 1321 1671 februarii
1345 1643 1421 1678 1728,
1446 1644 1542 1679 pontis.
1564 1652 1636 1670 anno
1656 1651 1690 1670 lv.

1247 1759 1386 1793 CCXVII.

953 1829 1173 1870 Confirmatio*
1189 1831 1353 1862 canonicis
1369 1830 1577 1872 rcssztlstrilms
1594 1832 1689 1864 Prae-

996 1883 1286 1915 monstraeensibus
1321 1883 1481 1915 decretum
1509 1884 1689 1926 Confirma-

997 1935 1093 1967 liom's
1107 1935 1255 1974 Riluum,
1277 1946 1339 1979 qno
1364 1936 1546 1968 conceditur
1570 1936 1689 1969 eisdem

995 1987 1134 2029 lacttltas
1159 1988 1322 2020 recitandi
1346 1989 1379 2020 in
1404 1993 1566 2031 posterum
1587 1990 1690 2031 officia

995 2041 1231 2073 nonnullorum
1257 2046 1443 2074 sanctorum
1470 2042 1611 2075 eiusdem
1636 2042 1690 2076 Or-

995 2092 1085 2125 dinis
1097 2094 1118 2125 ³.

1122 2164 1304 2191 Benedictus
1325 2165 1408 2198 Papa
1428 2166 1516 2197 XIII,

1093 2208 1128 2234 ad
1148 2208 1282 2235 futuram
1303 2209 1348 2235 rei
1369 2210 1553 2236 memoriam.

994 2268 1008 2310 ἓ
1035 2269 1064 2300 l.
1092 2269 1257 2302 Einanavit
1274 2281 1377 2313 nuper
1395 2282 1411 2303 a
1428 2271 1686 2314 Congregatioue
1701 2280 1806 2308 Humum
1824 2283 1881 2304 sacti.

951 2322 1183 2355 venerabilium
1210 2324 1344 2357 fratrum
1370 2329 1554 2357 nostrorum
1574 2325 1683 2358 SRE.

987 2419 996 2444 1
1023 2417 1052 2444 Ut
1072 2426 1151 2453 supra
1173 2427 1231 2454 pag.
1253 2419 1298 2446 47¹
1324 2429 1341 2446 α
1359 2422 1397 2455 (n.
1414 2422 1461 2454 T.).

985 2462 1000 2488 ⁹2
1021 2462 1053 2489 Ut
1072 2471 1155 2498 supra
1174 2471 1236 2498 pag.
1259 2465 1305 2490 471
1328 2473 1347 2491 α
1366 2469 1403 2498 (u.
1419 2471 1468 2495 ΤΛ.

985 2506 1000 2532 3
1021 2507 1059 2533 De
1078 2508 1282 2535 confirmatione
1301 2509 1396 2535 similis
1412 2510 1511 2537 decreti
1529 2511 1555 2536 in
1571 2512 1685 2546 gratiam

950 2551 1123 2583 eorumdem,
1146 2551 1204 2578 ride
1224 2552 1302 2579 aliam
1322 2555 1430 2581 constit.
1449 2554 1528 2581 buius
1549 2557 1685 2583 Pontitiris

174 2583 207 2615 in
232 2583 328 2615 simili
356 2583 455 2616 forma
483 2584 589 2618 Brevis
627 2585 676 2617 die
714 2595 743 2619 lv
780 2586 905 2628 augusti
950 2595 992 2621 etl.
1015 2601 1152 2630 nnecxxv,
1182 2596 1224 2623 die
1248 2596 1278 2622 18
1298 2597 1382 2631 iunii,
1405 2599 1500 2632 ponus.
1523 2605 1550 2625 u.
