2170 3147
231 164 279 189 An.
301 164 329 190 c.
355 163 422 190 1728
468 153 532 187 76⁶2

423 223 630 265 possessione
649 222 908 266 praecedentiae,
931 233 993 266 qua
1016 223 1170 256 frueban-

426 280 483 315 tur,
512 275 715 308 manuteneri
734 274 964 315 obtinuerant,
991 286 1050 318 pro
1077 281 1169 319 parte

424 339 491 362 sese
511 329 586 360 huic
605 327 650 361 rei
668 328 909 371 opponentium
926 328 1038 362 habito
1054 329 1170 362 adver-

424 393 477 414 sus
489 381 646 415 eiusmodi
663 381 832 414 decretum
849 382 887 414 ad
903 382 1006 414 felicis
1018 382 1170 415 recorda·
1190 399 1191 404 =

425 435 523 468 tionis
539 434 739 467 Clementem
756 434 812 467 PP.
828 434 864 467 XI
879 435 1168 478 praedecessorem

424 489 550 531 pariter
573 492 725 520 nostrum
752 497 896 528 recursu,
924 487 992 531 ipse
1023 486 1169 520 Clemens

424 540 661 583 praedeeessor
687 550 745 583 per
772 545 846 572 tunc
874 551 1004 584 quoque
1030 541 1170 574 existen-

425 599 487 626 tem
515 593 696 626 auditorem
722 603 814 626 suum
839 593 1019 634 mandavit,
1051 594 1192 627 nihilo-t

423 644 542 679 minus¹
565 647 787 680 innovandum
811 657 897 687 esse,
919 658 1025 691 neque
1045 646 1167 681 dietum

423 701 592 734 decretum
612 701 795 734 executioni
811 701 1073 734 demandandum
1089 702 1167 741 sore,

424 755 528 787 donec
543 759 573 787 et
588 764 754 797 quousque
769 754 993 787 controversia
1006 765 1064 798 per
1081 764 1170 797 prae-

423 809 521 841 fatam
540 807 835 851 Congregationem
856 807 1087 851 particularem
1103 818 1169 840 car-

423 861 580 895 dinalium
593 866 623 894 et
636 861 854 904 praelatorum
870 862 908 893 ab
925 871 963 894 eo
982 861 1168 905 deputatam

422 916 653 957 resolveretur,
680 925 715 947 ac
740 914 871 947 interim
897 915 1017 947 servari
1047 915 1167 948 debere

423 970 455 1002 in
482 968 633 1001 omnibus
665 973 696 1000 et
725 978 782 1010 per
819 967 928 1001 omnia
964 968 1168 1011 supradictas

424 1021 596 1056 Alexandri
624 1021 888 1064 praedecessoris
915 1021 1049 1053 litteras.
1075 1020 1167 1053 Cum-

424 1086 504 1119 que,
525 1075 611 1108 sicut
636 1073 731 1107 nobis
758 1084 889 1117 quoque
915 1073 1075 1113 innotuit,
1093 1074 1169 1106 cura

424 1138 455 1161 et
481 1128 588 1161 studio
623 1126 805 1170 grariorum
839 1126 943 1159 dietae
980 1126 1168 1170 provinciae

1012 164 1198 189 BULLARIUM
1222 165 1381 192 ROMANUM

1215 215 1302 248 tione
1328 217 1468 257 nostris,
1505 218 1609 262 deque
1639 219 1840 262 apostolicae
1865 225 1956 264 pote-

1214 269 1303 300 statis
1321 269 1536 312 plenitudine,
1556 272 1645 305 litem
1661 278 1692 305 et
1712 283 1840 306 causam
1858 284 1956 318 super

1215 321 1327 354 eadem
1353 324 1584 365 praecedentia
1608 325 1641 357 in
1667 327 1846 359 memorata
1878 326 1957 360 Con-

1213 375 1401 418 gregatione
1445 377 1631 419 particulari
1672 379 1884 413 cardinalium
1925 385 1958 414 et

1213 430 1435 472 praelatorum
1465 441 1521 463 seu
1552 431 1627 463 alibi
1654 432 1852 477 ubicumque
1878 444 1957 477 pen-

1214 482 1344 515 dentem
1370 482 1471 525 <illius
1496 488 1615 516 statum
1641 495 1677 518 ac
1702 485 1817 519 merita
1838 491 1870 519 et
1894 487 1957 520 alia

1213 545 1460 579 quaecumque,
1484 536 1581 569 etiam
1608 537 1793 581 specificam
1819 544 1851 572 et
1875 538 1958 572 indi-

1214 589 1342 622 tiduam
1368 589 1569 623 mentionem
1596 596 1627 623 et
1648 591 1893 634 expressionem
1910 602 1957 625 re-

1214 642 1399 685 quirentia,
1433 643 1662 686 praesentibus
1699 654 1758 687 pro
1794 645 1892 687 plene
1925 650 1957 679 et

1214 694 1413 728 sufficienter
1438 697 1599 739 expressis
1625 702 1657 730 et
1682 696 1878 740 specificatis
1900 698 1957 731 lra-

1213 748 1342 792 bentes)
1369 749 1402 781 in
1428 754 1511 782 statu
1538 755 1569 783 et
1595 750 1748 790 terminis,
1779 751 1812 783 in
1837 751 1955 795 quibus

1214 801 1252 834 de
1277 802 1441 845 praesenti
1466 803 1647 846 reperitur,
1671 805 1710 836 ab
1734 804 1848 837 eadem
1873 804 1957 838 Con-

1213 855 1403 899 gregatione
1445 856 1631 899 particulari
1672 857 1887 891 cardinalium
1927 862 1958 891 et

1214 910 1433 952 praelatorum
1460 920 1496 942 ac
1521 909 1781 954 quibuscumque
1807 910 1878 943 aliis
1910 909 1957 944 iu-

1214 962 1340 996 dicibus
1367 968 1398 995 et
1424 963 1640 996 tribunalibus
1678 963 1718 996 ad
1747 974 1807 996 nos
1840 964 1958 997 harum

1213 1016 1298 1049 serie
1320 1026 1507 1057 avocamus,
1527 1016 1684 1060 illamque
1702 1021 1863 1060 perpetuo
1884 1027 1958 1060 sup-

1214 1069 1382 1112 primimus
1409 1075 1440 1103 et
1457 1069 1687 1112 extinguimus,
1706 1080 1742 1103 ac
1758 1074 1956 1114 perpetuum

1214 1122 1356 1165 desuper
1380 1122 1545 1156 silentium
1569 1122 1782 1166 imponimus.

1956 172 2005 201 An.
2027 173 2057 201 C.
2079 174 2143 207 ¹728

1257 1176 1311 1219 gs).
1325 1176 1495 1210 Praeterea
1509 1177 1680 1219 generales
1702 1175 1955 1209 constitutiones
1967 1185 2145 1235 E'J;²v⁰2⁶„³t'll”‘503¹

1214 1230 1320 1272 quoad
1340 1229 1603 1272 praecedentiam
1621 1240 1682 1272 pro
1701 1228 1853 1262 fratribus
1873 1228 1956 1262 eius-
1967 1240 2146 1293 autema-23¹¹&

1981 1273 1991 1286 ti
2005 1273 2010 1286 ί
2146 1274 2150 1277 '

1215 1283 1285 1316 dem
1312 1282 1440 1315 Ordinis
1467 1282 1567 1316 editas
1594 1288 1629 1315 ut
1653 1282 1851 1325 praefertur,
1873 1292 2144 1342 ema'.lii'ii3'³⁰⁰¹2”2¹¹²⁵³;l,¹

1214 1342 1370 1380 natasque
1411 1336 1551 1379 desuper
1593 1335 1793 1378 supradictas
1833 1335 2146 1374 Urbaniuamuovmap-

424 1181 675 1224 religiosorum,
703 1180 757 1222 qui
784 1181 963 1212 concitatos
997 1180 1084 1212 illius
1112 1180 1169 1211 sra-

425 1242 508 1267 trum
536 1234 660 1266 animos
682 1233 831 1276 placare,
859 1237 903 1272 et,
923 1242 962 1264 ne
983 1232 1168 1265 huiusmodi

424 1288 462 1321 lis
488 1294 518 1320 et
543 1287 691 1330 quaestio
726 1286 757 1318 in
784 1285 949 1328 publicum
978 1284 1167 1325 ell'erretur,

424 1340 583 1383 impedire
610 1338 718 1371 adnixi
741 1344 834 1378 sunt,
859 1338 1075 1381 Congregatio
1101 1348 1170 1381 par·
1966 1373 2069 1398 probatas

256 1618 333 1636 Statuit
355 1619 376 1637 ut
393 1623 411 1637 :u

425 1393 566 1427 ticularis
592 1392 807 1425 cardinalium
834 1397 865 1425 et
890 1393 1110 1434 praelatorum
1131 1391 1169 1423 ad

424 1449 512 1481 illam
539 1446 801 1489 cognoscendam
830 1451 861 1478 et
882 1445 1097 1478 decidendam
1120 1445 1170 1477 de-

423 1506 548 1545 putato,
566 1505 664 1543 prout
682 1499 910 1541 praemittitur,
936 1498 1093 1531 haetenus
1111 1498 1168 1530 mi-

424 1555 510 1587 nime
537 1553 649 1586 habita
673 1552 784 1585 suerit:

468 1608 482 1649 ξ
506 1606 537 1638 4.
566 1605 648 1638 lline
674 1605 825 1647 estquod
845 1615 919 1644 nos,
941 1605 1167 1645 attendentes,

425 1659 507 1692 niliil
533 1659 634 1701 magis
661 1658 794 1702 spiritui
833 1658 1044 1696 lutmilitatis‚
1073 1668 1168 1701 quem

426 1714 540 1745 fratres
567 1711 695 1745 Ordinis
732 1711 866 1755 praelati
894 1711 925 1743 in
952 1711 1065 1754 primis
1098 1722 1170 1755 pro-

424 1767 570 1805 fitentur,
596 1765 779 1805 adversari,
806 1776 901 1808 quam
926 1765 1048 1797 similes
1071 1775 1169 1807 super

425 1819 656 1864 praecedentia
682 1818 767 1851 inter
804 1829 858 1851 eos
895 1817 1008 1860 agitari
1040 1823 1169 1851 couten-

426 1874 530 1906 tiones
556 1878 587 1905 et
613 1871 863 1910 aemulationes,
889 1881 969 1913 quae
996 1871 1168 1913 religiosae

425 1934 456 1961 et
490 1928 651 1960 fraternae
679 1936 808 1968 quoquc
835 1924 974 1957 invicem
1000 1924 1167 1957 charitatis

425 1982 632 2015 serenitatem
670 1979 864 2012 obnubilare
904 1984 1166 2019 consueverunt,

425 2034 584 2077 simulque
611 2032 870 2072 considerantes,
889 2031 1005 2064 rationi
1025 2042 1059 2064 ac
1079 2038 1168 2064 recto

425 2087 532 2120 ordini
570 2091 829 2120 consentaneum
868 2095 937 2118 esse
982 2090 1015 2117 ut
1052 2085 1168 2118 fratres

425 2142 528 2174 dietae
555 2139 742 2183 provinciae
771 2139 932 2172 Romanae
963 2148 1058 2171 unam
1085 2148 1169 2171 eam-

425 2195 566 2237 demque
593 2192 810 2237 praecedendi
838 2193 972 2225 t'ormam
999 2202 1058 2235 per
1078 2202 1170 2224 enar-

426 2253 508 2279 ratas
535 2247 703 2288 generales
730 2245 825 2278 totius
857 2244 985 2278 Ordinis
1011 2245 1170 2278 constitu-

427 2300 530 2332 tiones
557 2309 591 2331 ac
618 2297 735 2331 Urbani
763 2298 1026 2341 praedecessoris
1045 2297 1169 2330 litteras

426 2351 682 2395 praescriptam,
709 2362 805 2394 quam
833 2356 943 2383 tenent
968 2351 1034 2384 sere
1056 2362 1168 2384 omnes

427 2404 574 2447 reliquae
620 2403 719 2446 ipsius
765 2404 905 2437 saniiliae
948 2403 1169 2437 cismontanae

426 2456 630 2500 provinciae,
648 2457 842 2489 observent:
860 2461 947 2489 motu
964 2457 1118 2500 proprio,
1134 2466 1169 2489 ac

427 2520 462 2542 ex
489 2506 576 2541 certa
613 2508 746 2541 scientia
784 2515 815 2541 ct
851 2512 976 2541 matura
1009 2509 1170 2543 delibera·

462 2571 473 2597 t
499 2569 597 2597 Forsan
618 2569 760 2604 legendum
782 2571 857 2598 itihil
878 2572 995 2598 omnino
1017 2572 1056 2606 (n.
1074 2572 1124 2606 T:).

1214 1389 1477 1432 praedecessoris
1502 1389 1629 1422 litteras
1656 1398 1793 1432 quarum
1826 1388 1955 1422 initium

1213 1449 1260 1476 est
1293 1443 1404 1483 Alias,
1438 1446 1509 1483 ele„
1543 1443 1575 1475 in
1608 1442 1753 1486 praefata
1790 1442 1958 1486 provincia

1214 1498 1359 1530 Romana
1396 1497 1436 1529 ab
1473 1495 1622 1529 omnibus
1648 1501 1680 1528 et
1704 1495 1839 1538 singulis
1869 1495 1956 1529 illius

1215 1550 1367 1583 tratribus
1393 1550 1548 1592 deinceps
1574 1553 1685 1582 exacte
1711 1553 1742 1582 et
1761 1549 1956 1582 inconcusse

1213 1604 1343 1644 servari,
1371 1609 1471 1643 motu,
1495 1603 1630 1636 seientia
1652 1607 1683 1635 et
1700 1601 1869 1646 potestatis
1887 1603 1957 1645 ple-

1213 1658 1362 1690 nitudine
1388 1656 1543 1700 paribus,
1582 1662 1695 1689 tenore
1732 1655 1956 1699 praesentium

1213 1711 1431 1754 praecipimus
1458 1715 1490 1742 et
1514 1709 1715 1742 mandamus.

1257 1765 1271 1807 ἕ
1296 1764 1327 1798 6,
1356 1764 1590 1802 Decernentes‚
1616 1763 1747 1796 easdem
1765 1767 1954 1806 praesentes

1213 1818 1339 1850 litteras
1372 1826 1501 1859 semper
1526 1816 1656 1856 firmas,
1687 1815 1809 1849 validas
1834 1820 1865 1849 et
1889 1815 1956 1848 esti-

1213 1880 1305 1903 caees
1322 1869 1457 1902 existere
1477 1873 1508 1902 et
1527 1869 1605 1908 lore,
1627 1878 1772 1911 suosque
1790 1867 1956 1911 plenarios

1213 1929 1244 1956 et
1270 1923 1414 1966 integros
1436 1922 1567 1956 effectus
1593 1921 1702 1955 sortiri
1729 1926 1761 1954 et
1789 1921 1953 1962 obtinere,

1213 1987 1272 2010 nec
1297 1977 1336 2010 de
1362 1976 1608 2019 subreptionis,
1648 1975 1697 2009 vel
1729 1975 1952 2019 obreptionis,

1213 2034 1267 2062 aut
1292 2029 1450 2062 nullitatis
1476 2029 1568 2070 vitio,
1595 2039 1652 2062 seu
1677 2029 1872 2062 intentionis
1896 2039 1956 2062 no-

1213 2090 1310 2124 strae,
1337 2088 1391 2116 aut
1416 2082 1574 2116 interesse
1607 2082 1797 2116 habentium
1822 2093 1957 2116 consen-

1213 2139 1288 2177 sus,
1315 2137 1419 2170 aliove
1445 2137 1595 2180 quolibet
1627 2137 1724 2170 etiam
1750 2136 1955 2180 quantumvis

1214 2201 1331 2233 magno
1358 2196 1389 2223 et
1418 2189 1625 2223 substantiali
1663 2190 1789 2223 defectu
1825 2189 1954 2229 notari,

1214 2244 1417 2287 impugnari,
1444 2243 1600 2286 infringi,
1628 2243 1813 2283 retraetari,
1835 2243 1874 2276 ad
1897 2248 1957 2276 ter-

1213 2297 1316 2330 minos
1343 2297 1422 2329 iuris
1459 2296 1590 2336 reduci,
1629 2295 1662 2328 in
1699 2296 1956 2329 controversiam

1213 2349 1341 2388 vocari,
1376 2354 1429 2381 aut
1465 2349 1619 2382 adversus
1657 2348 1728 2382 illas
1765 2347 1954 2391 aperitionis

1214 2403 1294 2442 oris,
1322 2401 1535 2435 restitutionis
1560 2401 1591 2434 in
1618 2401 1798 2443 integrum,
1826 2401 1954 2434 aliudve

1213 2456 1442 2499 quodcumque
1469 2454 1563 2494 iuris,
1589 2454 1661 2487 sacti
1688 2455 1736 2487 vel
1761 2454 1883 2496 gratiae
1908 2464 1954 2486 re-

1213 2509 1354 2541 medium
1392 2507 1547 2540 intentari
1584 2509 1633 2541 vel
1671 2507 1858 2551 impetrari,
1896 2516 1950 2539 seu

1213 2563 1406 2606 impetrato,
1434 2572 1469 2594 ac
1493 2561 1589 2594 etiam
1615 2565 1728 2601 motu,
1758 2558 1895 2593 scientia
1920 2562 1952 2591 et

1994 1770 2112 1792 clausutao.
