2170 3147
0 203 46 230 An.
66 200 95 227 C.
112 201 178 228 1728

767 199 967 225 BENEDICTUS
993 199 1050 224 xm
1075 200 1123 224 FP.

190 260 256 284 non
278 250 320 282 ita
341 250 469 293 pridem
485 249 707 283 assistentium
726 250 927 293 generalium

190 313 326 336 munera
344 302 535 336 auctoritate
549 303 728 346 apostolica
754 303 874 336 abolita
892 313 927 335 ac

190 366 363 399 suppressa
382 356 521 396 suerunt,
538 355 726 394 consiliarii,
744 355 831 388 iuxta
856 366 925 388 mo-

189 418 256 442 rem
282 408 313 440 in
341 408 483 452 inclyto,
512 419 608 451 quem
635 407 837 451 profitemur,
866 408 927 440 sra-

190 468 273 494 trum
302 461 564 494 Praedicatorum
586 461 704 494 Ordine
720 461 927 494 laudabiliter

190 515 362 557 vigentem,
380 515 658 548 constituerentur
681 525 718 547 ac
743 514 926 548 stabiliren-

189 572 263 600 tur:
290 573 379 601 motu
405 568 562 611 proprio,
588 578 624 601 ac
649 578 686 601 ex
712 569 800 601 certa
825 567 927 600 scien-

189 621 231 654 tia
242 626 273 654 et
284 624 409 654 matura
421 621 656 655 deliberatione
671 621 804 661 nostris,
821 621 925 664 deque

188 674 384 716 apostolicae
421 674 590 717 potestatis
625 673 857 716 plenitudine,
894 673 924 705 in

188 726 374 770 supradicto
400 726 518 760 Ordine
544 727 678 759 fratrum
701 727 735 759 B.
751 726 867 758 Mariae
886 726 925 757 de

187 779 294 812 Monte
308 780 454 813 Carmelo
470 780 639 813 eonsilium
655 780 692 812 ad
711 780 811 812 instar
824 779 925 822 ipsius

187 832 315 865 Ordinis
346 833 481 865 fratrum
514 833 803 873 Praedicatorum,
838 832 924 874 quod

187 896 224 918 ex
250 886 394 929 quinque
419 886 600 928 religiosis,
627 896 753 918 morum
772 885 925 928 gravitate

188 949 224 971 ac
250 949 358 971 rerum
385 950 445 971 usu
469 938 718 981 praestantibus,
745 944 776 971 et
793 937 924 970 totidem

188 991 325 1024 diversis
351 991 546 1030 nationibus,
571 991 679 1023 Italica
698 990 830 1029 scilicet,
849 990 925 1023 Ger-

187 1043 323 1082 manica,
348 1043 481 1084 Gallica,
506 1043 678 1086 Hispanica
704 1049 735 1075 et
760 1042 922 1082 Lusitana,

188 1095 372 1129 coalescere
399 1096 532 1136 debeat,
560 1096 673 1128 barum
702 1095 785 1128 serie
811 1105 924 1138 perpe-

972 250 1101 289 titicum,
1120 248 1359 282 immutationes
1378 247 1644 282 constitutionum
1663 248 1708 281 di-

971 302 1010 334 cti
1050 302 1199 342 Ordinis,
1237 313 1273 335 ac
1309 307 1425 335 statuta
1464 302 1550 335 illius
1590 302 1709 345 capitu-

970 357 1075 388 lorum
1100 355 1303 398 generalium
1337 360 1505 398 spectant,
1532 355 1562 387 in
1589 355 1708 398 quibus

969 419 1099 452 semper
1124 408 1291 442 habebunt
1314 413 1422 442 votum
1445 408 1641 448 decisivum;
1665 408 1709 441 of-

970 460 1075 493 ficium
1092 472 1184 494 suum
1203 462 1317 494 saltem
1340 472 1400 505 per
1426 461 1600 494 triennium
1623 472 1709 494 exer-

970 519 1077 552 ceant,
1093 525 1157 557 quo
1176 515 1298 557 elapso,
1316 515 1419 547 libere
1438 525 1455 546 a
1480 515 1590 558 priore
1613 524 1709 557 gene-

971 566 1029 598 rali
1043 566 1145 609 ipsius
1162 566 1292 599 Ordinis
1310 578 1367 610 pro
1387 573 1533 610 tempore
1552 567 1708 600 existente

970 619 1112 652 amoveri
1138 620 1283 663 possint,
1317 630 1351 652 re
1382 625 1486 652 tamen
1517 620 1608 663 prius
1635 630 1708 653 eum

969 677 1155 714 protectore
1182 672 1282 715 ipsius
1306 672 1436 705 Ordinis
1454 672 1707 712 eoninwnicata;

970 725 1000 756 in
1028 725 1178 757 omnibus
1204 725 1308 757 eidem
1339 725 1439 768 priori
1465 725 1607 767 generali
1634 726 1710 757 sub-

969 777 1049 813 sint,
1078 782 1119 816 et,
1144 783 1178 809 ut
1204 777 1274 810 aliis
1302 778 1451 810 fratribus
1474 779 1593 811 bonum
1619 788 1708 821 prac-

969 829 1067 861 beant
1082 831 1277 873 exemplum,
1292 830 1395 863 choro
1411 836 1441 863 et
1459 831 1577 863 divinis
1593 830 1707 863 officiis

970 882 1093 915 diurnis
1130 893 1166 915 ac
1202 883 1371 916 nocturnis
1405 883 1543 927 aliisque
1575 884 1637 926 piis
1678 890 1710 916 et

968 935 1132 977 religiosis
1160 935 1324 968 exercitiis
1351 936 1511 968 interesse
1549 936 1707 976 debeant,

968 987 1088 1030 ubique
1114 998 1241 1020 suavem
1268 988 1384 1021 Christi
1422 988 1556 1021 odorem
1584 998 1710 1031 praese·

968 1041 1121 1073 serentes.

1012 1094 1026 1136 ἓ
1052 1093 1084 1127 3.
1111 1094 1157 1126 Ad
1180 1094 1269 1132 haec,
1289 1094 1327 1126 de
1349 1094 1627 1137 insrascriptorum
1648 1094 1709 1126 sra-

1608 189 1673 223 645
1720 200 1767 225 An.
1789 199 1817 226 c.
1836 199 1902 226 1728

1773 1102 1903 1131 populantur

1720 1134 1787 1153 pruna
1816 1134 1861 1148 vice
1892 1134 1896 1137 ¹

969 1152 1050 1179 trum
1067 1157 1220 1191 expresse
1234 1147 1458 1190 professorum
1473 1146 1603 1180 Ordinis
1618 1158 1709 1190 prae-
1720 1154 1821 1175 rontissce
1842 1160 1903 1180 rrae-

1720 1182 1770 1201 dit-ti
1786 1181 1901 1201 consiliarii

968 1200 1044 1232 dicti
1071 1200 1142 1239 side,
1170 1200 1352 1243 prudentia,
1379 1200 1575 1243 integritate,
1601 1200 1903 1236 chari-etdauibusder

1685 1253 1690 1257 ,
1720 1239 1791 1259 inceps
1811 1234 1903 1259 eligendi

968 1258 1042 1291 tate,
1068 1253 1234 1294 vigilantia
1260 1258 1290 1285 et
1315 1253 1483 1295 religionis
1509 1254 1580 1286 zelo
1606 1254 1828 1295 pluri-statuitur.

188 1154 245 1182 tuo
285 1149 495 1182 instituimus.
528 1149 681 1182 Volentes
713 1154 746 1181 ut
778 1149 924 1191 quinque

188 1203 363 1236 consiliarii
379 1203 577 1243 huiusmodi,
593 1213 629 1235 ae
643 1213 753 1235 eorum
774 1202 923 1245 quilibet,

193 1257 350 1299 gaudeant
380 1257 471 1289 titulo
488 1255 566 1289 socii
585 1267 620 1288 ac
638 1255 851 1288 secretariae¹
869 1264 923 1297 ge—

188 1311 307 1343 neralis
334 1310 515 1353 primodicti
542 1310 690 1349 Ordinis,
709 1309 801 1342 cuius
819 1310 924 1351 singu-

188 1364 256 1396 lare
282 1364 403 1406 unique
430 1363 586 1404 religioso
612 1363 769 1394 hactenus
796 1362 925 1394 deman-

189 1416 257 1449 dari
292 1416 423 1449 solitum
458 1415 598 1448 officium
632 1426 667 1447 ex
706 1425 789 1447 nune
814 1414 923 1448 itidem

188 1475 347 1512 perpetuo
384 1469 645 1512 supprimimus,
686 1478 745 1500 nee
784 1478 924 1510 uuquam

189 1522 407 1554 assistentium
427 1522 626 1564 generalium
642 1521 770 1554 nomine
785 1525 924 1561 utantur;

189 1575 268 1619 ipsis
295 1580 400 1607 autem
428 1574 621 1607 consiliariis
659 1574 723 1606 sive
760 1574 854 1606 sociis
890 1584 926 1606 ae

189 1629 373 1662 secretariis
400 1629 610 1671 generalibus
636 1639 849 1671 unaquaeque
876 1638 925 1661 eo-

189 1693 260 1714 rum
286 1682 466 1724 respective
493 1682 580 1714 natio
599 1682 637 1714 dc
656 1682 739 1714 victu
759 1686 788 1714 et
809 1681 924 1713 vestitu

190 1735 325 1778 aliisque
351 1734 543 1767 necessariis
569 1734 748 1777 sumptibus
785 1734 924 1767 honeste

189 1788 380 1830 provideat,
408 1787 448 1819 ita
476 1787 562 1830 quod
588 1787 633 1820 illi
664 1787 799 1829 singulis
836 1797 925 1819 men-

191 1841 279 1873 sibus
305 1840 474 1883 provisio'i
501 1850 556 1872 seu
588 1839 754 1872 domestici
780 1845 925 1882 sumptus

191 1893 414 1936 procuratori,
441 1903 567 1925 necnon
595 1892 682 1924 fratri
716 1892 767 1934 qui
806 1892 851 1924 eis
885 1892 924 1924 ab

192 1946 336 1989 epistolis
361 1951 464 1985 eruut,
484 1946 644 1987 impensas
670 1946 856 1987 persolvere
883 1950 925 1977 tc-

192 2003 345 2031 neantur.

237 2050 251 2092 ξ
275 2049 307 2082 92.
326 2049 426 2081 Porro
447 2049 544 2082 iidem
563 2050 736 2082 consiliarii
764 2050 827 2081 sive
845 2050 923 2082 socii

26 2110 230 2135 vernone-motae
254 2102 417 2135 secretarii
451 2103 618 2143 generales
653 2112 729 2134 voce
762 2102 861 2135 activa
896 2107 926 2134 et,

0 2138 127 2157 nuci-nitate
151 2136 182 2165 ‹ti-

0 2166 78 2182 clnrtiru
114 2168 181 2182 culist-

0 2190 56 2209 tuat...
64 2195 103 2209 utu.

193 2154 319 2198 passiva
336 2154 366 2186 in
382 2154 532 2197 capitulis
547 2154 750 2196 generalibus
768 2155 924 2197 praedicti

191 2207 320 2241 Ordinis
344 2208 524 2250 gaudeant3
550 2208 677 2251 sintque
704 2208 834 2241 discreti
860 2208 924 2240 nati

192 2265 411 2294 conventuum
451 2260 482 2293 S.
518 2260 633 2293 Mariae
669 2260 924 2303 Transpontinae

191 2319 225 2346 et
247 2314 278 2347 S.
306 2313 431 2345 Martini
458 2313 496 2345 ad
521 2313 643 2346 Montes
667 2317 924 2356 nuncupatorum

191 2367 230 2399 de
256 2366 339 2399 Urbe
357 2366 502 2399 eiusdem
517 2365 656 2406 Ordinis,
670 2376 740 2398 curn
758 2371 832 2398 voto
850 2376 927 2399 con-

190 2420 314 2459 sultivo‚
339 2429 402 2452 non
429 2429 504 2452 vero
525 2418 677 2458 decisivo,
698 2424 926 2461 praeterquam

190 2473 296 2516 quoad
315 2483 351 2505 ea
369 2482 451 2515 quae
470 2472 598 2505 decreta
614 2471 831 2504 Romanorum
846 2472 927 2504 Pon-

226 2545 236 2570 1
260 2543 360 2570 Forsan
381 2543 533 2570 secretarii
552 2541 695 2577 legendum
716 2542 754 2577 (n.
771 2542 820 2577 T.).

224 2587 240 2614 2
260 2586 372 2613 Videtur
392 2586 536 2621 legendum
556 2587 702 2621 provisori
722 2589 761 2621 (n.
780 2587 829 2621 r).

968 1317 1053 1338 mum
1094 1305 1125 1337 in
1168 1305 1305 1338 Domino
1346 1305 1484 1345 contisi,
1525 1316 1706 1349 eorumque

967 1359 1150 1401 singulares
1176 1368 1333 1401 personas
1354 1370 1370 1390 a
1392 1358 1556 1401 quibusvis
1578 1369 1707 1391 excom—

968 1411 1207 1451 municationis,
1233 1411 1458 1454 suspensionis
1479 1417 1510 1444 et
1530 1412 1706 1451 interdicti,

968 1465 1103 1507 aliisque
1120 1464 1347 1497 ecclesiasticis
1361 1464 1543 1504 sententiis,
1559 1466 1706 1498 censuris

968 1523 999 1549 et
1024 1517 1149 1560 poenis,
1177 1528 1194 1549 a
1218 1517 1287 1549 iure
1306 1518 1355 1550 vel
1375 1517 1414 1549 ab
1433 1517 1576 1557 homine,
1598 1518 1709 1560 quavis

968 1571 1142 1603 occasione
1169 1572 1215 1604 rel
1238 1573 1333 1603 causa
1351 1571 1434 1611 latis,
1452 1571 1476 1603 si
1496 1571 1613 1614 quibus
1631 1582 1709 1614 quo-

968 1624 1149 1656 modolibet
1188 1624 1360 1657 innodatae
1393 1624 1551 1664 existunt,
1589 1625 1627 1658 ad
1664 1625 1708 1657 cs-

969 1677 1084 1709 seetum
1122 1677 1345 1719 praesentium
1388 1677 1555 1710 dumtaxat
1594 1687 1708 1710 conse-

968 1731 1150 1773 quendum,
1177 1731 1292 1762 harum
1329 1730 1413 1763 serie
1447 1730 1650 1763 absolventes
1678 1736 1709 1763 et

968 1782 1149 1815 absolutas¹
1169 1783 1239 1815 sore
1258 1787 1440 1821 censentes,
1455 1787 1559 1822 motu,
1574 1782 1707 1815 scientia

968 1841 998 1868 et
1022 1836 1194 1878 potestatis
1219 1835 1424 1878 plenitudine
1454 1835 1598 1878 paribus,
1626 1835 1707 1868 dilc-

968 1894 1038 1921 ctos
1075 1888 1157 1922 tilios
1193 1888 1369 1931 losepluun
1405 1888 1529 1928 Solari,
1569 1888 1706 1928 italum,

969 1942 1171 1985 Alphonsum
1198 1952 1214 1973 a
1239 1941 1270 1974 S.
1297 1940 1451 1981 Claudio,
1490 1941 1634 1981 Gallum,
1661 1942 1707 1975 lo-

968 1995 1107 2038 sophum
1129 1995 1278 2033 Fuentes,
1298 1994 1488 2037 Hispanum,
1514 1999 1546 2027 et
1571 1994 1709 2028 Lauren-

970 2049 1045 2080 tium
1071 2047 1191 2080 Correa
1216 2046 1330 2085 Gama,
1359 2045 1543 2079 Lusitantun
1559 2073 1566 2087 ,
1594 2048 1707 2080 fratres

968 2099 1096 2132 Ordinis
1121 2099 1255 2142 praefati
1283 2109 1433 2142 expresse
1452 2100 1624 2142 professos,
1649 2110 1708 2143 pro

969 2157 1108 2195 quatuor
1133 2152 1321 2185 nationibus
1356 2152 1538 2184 huiusmodi
1571 2152 1602 2184 in
1632 2163 1709 2185 con—

969 2205 1106 2238 siliarios
1140 2205 1286 2238 eiusdem
1315 2203 1442 2237 Ordinis
1468 2205 1506 2237 ad
1532 2205 1708 2238 triennium

970 2259 1150 2301 proximum
1182 2270 1198 2291 a
1229 2259 1303 2291 data
1328 2259 1549 2301 praesentium
1576 2269 1708 2302 eompu-

970 2311 1117 2352 tandum,
1142 2321 1214 2344 cum
1232 2311 1382 2344 omnibus
1408 2317 1439 2345 et
1459 2311 1595 2354 singulis
1613 2322 1708 2356 prae-

970 2364 1144 2406 rogativis,
1184 2364 1389 2397 facultatibus
1405 2392 1412 2405 ,
1449 2364 1629 2408 privilegiis
1670 2376 1707 2398 ac

970 2417 1149 2449 honoribus
1169 2423 1200 2450 et
1217 2417 1370 2450 oneribus
1388 2418 1574 2461 praedietis,
1594 2424 1707 2452 tenore

969 2470 1188 2513 praesentium
1213 2470 1360 2510 facimus,
1394 2481 1558 2511 creamus,
1583 2471 1707 2504 consti-

970 2523 1087 2555 tuimus
1120 2529 1149 2556 et
1181 2523 1394 2566 deputamus,
1432 2534 1560 2557 necnon
1586 2524 1706 2558 dilecto

1006 2586 1013 2611 1
1039 2584 1109 2612 Edit.
1132 2584 1210 2611 Μαίη,
1236 2584 1299 2618 legit
1320 2584 1461 2613 absolutos
1477 2587 1516 2620 (u.
1533 2593 1547 2611 r
1561 2586 1580 2620 ).
