2170 3147
225 196 275 224 An.
296 195 324 223 c.
344 196 412 225 ¹725
458 189 523 222 474

263 2126 387 2148 Clausulam.

253 2495 423 2516 r·‹i··=1.abenda

240 2526 387 2549 tran-utnptis,

418 248 467 280 nis
493 254 525 281 et
550 248 738 289 interdicti',
765 250 904 294 aliisque
930 250 1164 284 ecclesiasticis

418 302 592 335 sententiis
619 302 768 335 censuris
792 309 822 336 et
844 304 973 347 poenis,
991 315 1008 337 a
1025 304 1095 337 iure
1115 304 1164 337 vel

417 355 457 396 ab
485 356 632 395 homine,
653 357 766 399 (piavis
791 357 966 391 occasione
992 358 1041 390 vel
1067 359 1163 389 causa

418 408 503 448 latis,
525 409 550 440 si
578 409 698 451 quibus
716 410 971 452 quomodolibet
987 410 1164 443 innodatus
1184 405 1186 440 l

422 461 545 501 existit,
569 462 606 494 ad
634 462 784 495 ell'ectum
817 463 1042 506 praesentium
1069 463 1164 496 dum-

426 518 513 547 taxat
544 516 834 558 consequendum,
863 516 979 548 harum
1002 516 1086 549 serie
1113 517 1187 553 ab·1

420 569 586 601 solventes
612 574 643 601 et
664 569 849 602 absolutum
874 569 944 602 fore
969 574 1154 609 censentes,

422 623 606 657 huiusmodi
626 623 921 666 supplicationibus
947 624 1105 664 inclinati,
1127 625 1164 657 de

421 676 660 710 venerabilium
675 676 808 710 fratrum
827 683 1016 710 nostrorum
1031 676 1062 710 S.
1078 677 1115 710 R.
1131 677 1165 710 E.

422 730 637 764 cardinalium
677 729 812 763 Concilii
848 730 1031 763 Tridentini
1065 730 1165 763 inter-

422 789 565 827 pretum,
584 782 639 826 qui
665 783 860 816 relationem
888 783 999 816 dilecti
1026 780 1082 815 filii
1110 794 1166 815 no-

424 837 482 870 stri
509 836 667 870 Bernardi
692 836 810 868 Mariae
838 836 982 868 eiusdem
1009 835 1041 868 S.
1068 835 1105 868 R.
1129 835 1163 868 E.

424 890 599 924 cardinalis
626 891 666 923 de
691 890 872 923 Comitibus
908 889 1087 932 nuncupati
1121 889 1165 922 di-

424 950 495 978 ctae
520 943 789 987 Congregationis
823 944 910 987 apud
940 953 999 976 nos
1025 948 1057 976 et
1081 943 1166 975 lianc

424 1001 573 1033 Sanctam
593 999 708 1032 Sedem
729 997 923 1041 protectoris
939 997 1000 1029 sibi
1025 997 1166 1040 desuper

423 1054 539 1086 factam
566 1052 792 1089 attenderunt,
822 1051 970 1089 consilio,
996 1061 1109 1084 omnes
1136 1056 1165 1084 et

424 1107 568 1148 singulas
603 1104 862 1148 supradictarum
897 1104 1167 1137 constitutionum

425 1158 662 1192 declarationes
704 1168 739 1190 ac
779 1168 878 1190 novas
919 1157 1099 1199 respective
1134 1157 1166 1189 in

425 1212 572 1256 praefato
601 1210 745 1254 capitulo
779 1210 923 1253 generali
959 1210 1062 1242 editas
1095 1221 1166 1242 san-

425 1266 549 1298 ctiones
574 1264 807 1308 praeinsertas,
828 1269 859 1295 et
885 1263 916 1295 in
942 1263 988 1295 eis
1014 1269 1167 1296 contenta

426 1328 668 1363 quaecumque,
687 1317 879 1350 auctoritate
906 1318 1100 1360 apostolica,
1124 1322 1168 1349 te-

427 1383 506 1406 nore
534 1371 772 1415 praesentium,
801 1369 1031 1403 confirmamus
1057 1375 1088 1403 et
1112 1381 1168 1413 ap-

427 1426 621 1470 probamus,
647 1424 778 1467 illisque
805 1422 1005 1456 inviolabilis
1039 1428 1169 1466 aposto-

428 1479 508 1512 licae
532 1478 693 1510 firmitatis
719 1477 820 1509 robur
845 1476 1027 1516 adiicimus,
1056 1486 1169 1508 omnes

428 1537 459 1565 et
476 1531 623 1574 singulos
649 1530 727 1562 iuris
753 1536 783 1562 et
809 1530 881 1562 facti
901 1530 1054 1569 defectus,
1073 1529 1167 1573 siqui

428 1586 568 1627 desuper
608 1583 859 1626 quomodolibet
906 1582 1167 1622 intervenerint,

429 1638 634 1681 supplemus.
663 1637 834 1669 Praeterea
859 1635 1063 1668 monasteriis
1081 1646 1171 1678 prae-

429 1691 532 1724 dictae
558 1689 827 1732 Congregationis
861 1688 1059 1722 Cassinensis
1090 1689 1171 1732 peti-

430 1750 491 1776 tam
519 1754 535 1775 a
561 1743 723 1776 solutione
749 1742 888 1775 enarrati
920 1742 1057 1785 depositi
1083 1742 1170 1785 capi-

429 1796 543 1830 tularis
565 1795 808 1838 exemptionem
839 1796 951 1828 eadem
978 1794 1170 1827 auctoritate

430 1851 546 1883 harum
570 1849 654 1882 serie
673 1848 881 1882 concedimus
899 1854 930 1881 et
950 1848 1169 1891 indulgemus.

473 1903 543 1946 §3
580 1903 822 1942 Decernentes,
855 1902 940 1945 ipsas
980 1907 1171 1944 praesentes

429 1955 567 1996 litteras,
601 1966 637 1988 ae
663 1955 903 1988 declarationes
930 1960 960 1987 et
985 1954 1172 1987 sanctiones

430 2009 661 2052 praeinsertas‚
680 2020 810 2042 necnon
835 2008 1073 2051 exemptionem
1094 2008 1172 2040 eius-

432 2062 519 2096 modi
546 2074 676 2105 semper
698 2062 817 2102 sirmas,
848 2067 910 2094 etc..
928 2061 947 2094 ¹.

477 2118 492 2160 ἓ
527 2116 558 2149 4.
597 2116 666 2149 Non
718 2116 951 2155 obstantibus,
990 2115 1096 2157 ‹pioad
1137 2127 1172 2147 ca

432 2181 514 2213 quae
529 2169 756 2212 praesentibus
775 2170 995 2207 adversantur,
1014 2169 1173 2201 Innocen-

431 2223 465 2254 tii
502 2222 763 2265 praedecessoris
801 2221 916 2255 litteris
952 2221 1170 2263 supradictis,

431 2275 568 2318 aliisque
594 2275 883 2308 constitutionibus
910 2280 941 2307 et
959 2274 1173 2307 ordinationi-

432 2328 492 2359 bus
513 2329 719 2370 apostolicis,
737 2338 877 2367 necnon,
904 2333 1064 2371 quatenus
1091 2338 1173 2371 opus

433 2381 488 2420 sit,
517 2381 619 2413 dictae
651 2382 918 2424 Congregationis
944 2381 1171 2420 Cassinensis,

433 2433 531 2466 etiam
559 2434 751 2473 iuramento,
773 2434 862 2467 etc.².

478 2486 548 2530 §5

1004 201 1187 227 BULLARH'M
1213 201 1371 226 ROMANUM

529 2509 558 2518 ..
586 2487 739 2519 Volumus
777 2493 885 2520 autem
916 2493 952 2520 ut
984 2488 1171 2520 earumdem

473 2558 479 2583 t
506 2556 537 2583 Ut
557 2557 582 2582 iu
604 2560 689 2583 const.
712 2557 835 2592 praeced.
857 2566 916 2593 pag.
935 2558 982 2585 471
1006 2567 1023 2584 α
1044 2558 1082 2593 (a.
1105 2560 1154 2590 T.)-

459 2604 474 2631 ἓ
497 2602 526 2629 [ἷι
547 2602 613 2628 ibid.
636 2609 694 2636 pag.
718 2602 764 2628 -471
788 2611 805 2628 α
825 2606 861 2628 (ιι.
883 2607 932 2633 T.).

1958 207 2007 234 An.
2029 207 2057 236 C.
2075 209 2141 240 1726

1208 251 1428 293 praesentium
1444 251 1628 285 litterarum
1648 253 1873 297 transumptis,
1893 264 1952 288 seu

1207 303 1381 347 exemplis,
1407 309 1468 338 etc.
1486 304 1506 337 ¹.

1253 357 1365 390 Datum
1390 358 1525 398 Romae,
1545 359 1630 401 apud
1656 359 1688 391 S.
1721 359 1868 400 Petrum,
1892 360 1952 393 sub

1208 411 1332 443 annulo
1357 411 1543 452 Piscatori&
1566 412 1619 444 die
1644 422 1723 445 xxiii
1749 412 1953 447 decembris'

1208 473 1382 504 unccxxw,
1407 463 1622 507 pontificatus
1642 465 1746 498 nostri
1764 476 1851 499 anno
1870 476 1918 499 ιιι.

1245 526 1303 553 Dat.
1323 527 1367 553 die
1383 526 1417 553 23
1433 526 1591 553 decembris
1615 527 1691 561 1726,
1710 527 1809 562 pontif.
1824 535 1896 555 anno
1913 534 1952 555 ιιι.

1516 675 1640 710 CLVlll.

1209 756 1450 798 Promulqalur
1482 754 1689 787 canonizatio
1714 755 1753 787 B.
1782 754 1955 788 Francisci

1254 808 1370 841 Solam
1397 808 1532 841 Ordinis
1564 808 1731 841 Minorum
1765 807 1803 841 de
1835 806 1954 842 Obser-

1254 861 1387 901 υαηιίιῐ,
1413 861 1543 895 Sanctis
1567 861 1736 905 adscripti.
1753 861 1764 878 ³

1387 941 1571 969 Benedictus
1592 940 1775 976 episcopua,

1389 994 1497 1013 servus
1518 993 1675 1014 servorum
1695 987 1760 1018 noi.

1323 1031 1359 1059 nd
1375 1034 1556 1066 perpetuam
1582 1031 1627 1058 rei
1647 1031 1835 1060 memoriam.

1255 1104 1303 1137 Ad
1327 1103 1473 1137 fidelium
1500 1103 1556 1136 Dei
1576 1113 1743 1136 servorum
1762 1102 1900 1146 gloriam
1920 1102 1951 1136 in
2000 1113 2113 1145 Exordium
2134 1120 2147 1136 a

1211 1157 1305 1190 terris
1330 1157 1609 1197 manifestandam,
1631 1156 1719 1190 unde
1744 1158 1849 1190 cultus
1875 1142 2034 1190 divi-{filim
2050 1141 2146 1198 ιῖῗῖἶῖἱῖῗζ

1211 1221 1270 1243 nus
1288 1210 1426 1243 maxime
1445 1209 1558 1252 augeri
1576 1215 1608 1243 et
1625 1210 1833 1252 frigescentia
1857 1200 2074 1247 cordaii'u‘ft'alllT
2109 1194 2147 1215 ”⁰¹

1212 1263 1380 1296 hominum
1397 1263 1436 1296 ad
1461 1273 1555 1295 verae
1580 1262 1711 1306 pietatis
1732 1273 1834 1306 opera
1861 1273 1955 1307 prae-

1212 1317 1307 1349 claris
1326 1327 1441 1349 eorum
1471 1316 1626 1359 exemplis
1645 1317 1838 1350 inflammari
1857 1322 1954 1360 atque

1213 1369 1292 1411 erigi
1320 1370 1459 1412 possint,
1481 1369 1596 1402 libenti
1620 1375 1651 1402 et
1671 1369 1823 1413 pervigili
1849 1369 1956 1404 animo

1214 1422 1432 1463 intendimus;
1460 1421 1614 1465 quoniam
1651 1422 1815 1456 Christum
1847 1423 1956 1456 Domi-

1214 1487 1289 1508 num
1316 1478 1347 1509 in
1374 1476 1494 1509 sanctis
1529 1476 1598 1509 eius
1632 1476 1765 1510 laudare
1790 1476 1953 1510 iubemur.

1214 1529 1295 1562 Iliuc
1321 1530 1450 1562 beatum
1487 1529 1543 1561 Dei
1581 1539 1708 1562 servum
1746 1530 1954 1564 Franciscum

1213 1582 1365 1615 Solanum
1392 1593 1428 1615 ex
1454 1582 1574 1615 Ordine
1605 1583 1738 1615 fratrum
1772 1582 1953 1623 Minorurn,

1215 1636 1268 1678 qui
1299 1646 1315 1668 a
1349 1635 1490 1678 regulari
1524 1635 1736 1668 Observantia
1767 1646 1957 1679 nuncupan-

1216 1695 1277 1729 tur,
1302 1689 1553 1722 christianarum
1580 1689 1730 1722 virtutum
1755 1689 1957 1733 praestantia

1215 1747 1246 1775 et
1267 1742 1497 1775 miraculorum
1519 1752 1656 1775 numero
1675 1742 1838 1775 illustrem
1860 1742 1954 1781 nacti,

1215 1805 1366 1837 magnum
1399 1795 1530 1839 populis
1568 1800 1698 1828 nostrae
1742 1794 1955 1828 sollicitudini

1215 1848 1347 1881 creditis
1376 1848 1573 1891 praesidium
1598 1858 1658 1880 nos
1681 1849 1838 1881 allaturos
1865 1853 1957 1891 puta-

1215 1902 1331 1942 vimus,
1356 1901 1381 1934 si
1407 1912 1480 1934 eum
1506 1901 1643 1934 solemni
1669 1900 1701 1933 S.
1724 1901 1761 1933 R.
1782 1900 1816 1933 Ε.
1848 1911 1957 1934 caere-

1215 1955 1322 1988 monia
1351 1955 1412 1987 hac
1437 1954 1489 1987 die
1515 1954 1547 1987 in
1572 1954 1731 1987 honorem
1757 1954 1792 1987 B.
1830 1954 1957 1987 loannis

1216 2007 1354 2051 apostoli
1392 2012 1423 2040 et
1459 2006 1678 2050 evangelistae
1705 2006 1771 2040 Deo
1807 2017 1954 2047 sacram,

1216 2066 1403 2094 sanctorum
1422 2061 1646 2093 confessorum
1672 2070 1736 2093 non
1765 2059 1956 2103 pontificum

1216 2114 1333 2147 canoni
1360 2114 1634 2146 adscriberemus.

1261 2168 1275 2210 ἓ
1304 2167 1334 2199 1.
1370 2166 1556 2206 Montiliae,
1584 2165 1759 2209 Hispaniae
1808 2166 1956 2199 Baeticae
1995 2171 2151 2201 1³·,Francisci

1968 2198 2042 2219 surani
2077 2201 2134 2219 ortus
2146 2214 2151 2224 ,

1217 2220 1349 2263 oppido,
1375 2221 1433 2252 sub
1461 2219 1596 2252 ecclesia
1617 2218 1832 2258 Cordubensi,
1860 2224 2152 2272 quamfif·⁰{¹¹⁰³f²³‘1³·:

1217 2274 1403 2316 complures
1421 2272 1535 2305 Christi
1555 2277 1712 2315 martyres
1731 2271 1956 2310 nobilitarunt,
1969 2258 2052 2325 5:022?
2066 2258 2152 2300 instiiii-

1218 2327 1407 2359 Franciscus
1428 2326 1575 2365 Solanus,
1591 2327 1757 2358 voluntate
1771 2329 1892 2368 martyr
1912 2325 1958 2356 fu-
1986 2312 2004 2326 θ’

1194 2385 1318 2432 hturus,
1349 2379 1456 2412 lucem
1490 2378 1618 2410 vitalem
1657 2377 1803 2420 adspexit
1827 2387 1857 2410 V1
1885 2377 1956 2409 idus

1254 2470 1263 2493 1
1288 2467 1321 2494 Ut
1340 2475 1438 2502 supra,
1461 2475 1522 2501 pag.
1544 2466 1578 2493 59
1599 2466 1613 2492 b
1632 2467 1668 2500 (R.
1689 2466 1735 2499 Τ.)-

1251 2512 1266 2536 ⁹2
1288 2511 1354 2537 Male
1375 2511 1440 2537 edit.
1463 2511 1546 2537 Main.
1568 2510 1632 2545 legit
1652 2509 1814 2537 novembris
1833 2509 1872 2541 (ιι.
1888 2509 1937 2541 Τ.).

1252 2557 1267 2582 3
1287 2556 1354 2582 Vide
1376 2555 1484 2582 constit.
1506 2561 1652 2589 Moccxxw,
1674 2554 1716 2581 die
1738 2554 1771 2580 10
1790 2553 1955 2588 decembris,

1194 2616 1196 2625 i
1218 2600 1314 2637 pontis.
1338 2607 1375 2634 ut,
1398 2604 1424 2627 et
1444 2603 1600 2635 siquentes.
