2170 3147
174 236 222 261 An.
240 233 269 261 c.
296 234 362 260 1727
410 225 474 259 572

199 773 352 799 Derogatoriat·

370 283 569 327 inquietari,
603 283 861 316 contradictores
896 282 1063 326 quoslibet
1088 288 1120 315 et

369 338 508 370 rebelles
527 347 587 379 per
603 336 792 375 sententias,
812 346 964 369 censuras
992 341 1024 369 et
1040 346 1119 379 poe-

369 401 427 423 nas
452 390 698 427 ecclesiasticas,
716 390 843 432 aliaque
862 396 1050 433 opportuna
1076 389 1121 421 iu-

369 444 414 475 ris
438 449 469 475 et
495 443 566 475 sac-ti
594 443 749 481 remedia,
781 443 1003 485 appellatione
1033 447 1120 485 post-

370 497 486 539 posita,
504 496 762 538 compescendo,
782 507 829 537 ac,
848 495 1003 538 legitimis
1020 505 1120 538 super

371 550 421 581 his
449 550 609 582 habendis
631 549 767 581 servatis
793 548 1020 592 processibus,
1047 559 1120 581 cen-

370 614 462 635 suras
489 608 521 634 et
547 612 670 645 poenas
696 602 783 645 ipsas
809 603 906 634 etiam
932 602 1057 634 iteratis
1077 602 1120 633 vi-

371 657 461 688 cibus
479 657 700 698 aggravando,
717 656 866 689 invocato
881 656 1030 688 etiamad
1047 656 1119 691 hoc,

372 710 397 742 si
424 721 508 752 opus
537 710 597 748 sit,
625 709 745 742 auxilio
776 709 902 741 brachii
928 708 1117 741 saecularis.

416 763 484 806 §ft
517 763 586 795 Non
621 762 826 795 obstantibus
859 762 1060 805 praemissis,
1085 773 1121 794 ac

372 816 475 849 felicis
508 815 746 848 recordationis
778 815 936 848 Bonisacii
970 815 1028 847 Pr.
1056 815 1119 847 Vlll

371 869 639 913 praedecessoris
659 868 760 901 nostri
786 869 825 900 de
846 871 923 907 una,
943 874 975 900 et
997 869 1028 900 in
1047 878 1122 900 con-

371 925 459 957 ‹tiliio
493 923 640 965 generali
667 922 753 955 edita
783 923 822 954 de
851 922 976 954 duabus
1003 922 1121 960 dietis,

373 978 550 1011 dummodo
577 978 661 1008 ultra
695 982 759 1008 tres
793 975 896 1007 dietas
933 975 1050 1017 aliquis
1077 976 1122 1007 vi-

374 1042 451 1074 gore
481 1029 702 1074 praesentium
732 1030 763 1061 in
790 1030 945 1062 iudicium
973 1040 1039 1062 non
1059 1035 1122 1061 tra-

376 1086 481 1123 hatur,
500 1085 636 1126 aliisque
663 1083 864 1125 apostolicis,
888 1094 924 1114 ac
942 1083 972 1114 in
992 1083 1123 1115 univer-

374 1139 496 1171 salibus
523 1137 843 1181 provincialibusque
862 1142 892 1168 et
911 1137 1122 1179 synodalibus

374 1192 520 1225 conciliis
547 1191 652 1229 editis,
682 1189 891 1231 generalibus
924 1190 972 1221 vel
999 1189 1124 1232 specia-

374 1246 468 1282 libus,
487 1243 773 1277 constitutionibus
792 1248 823 1274 et
848 1242 1122 1280 ordinationibus,

375 1309 502 1332 necnon
522 1297 700 1340 quibusvis,
720 1297 816 1328 etiam
837 1297 1031 1334 iiuamento,
1047 1306 1124 1328 con-

375 1351 558 1384 firmatione
574 1349 763 1392 apostolica,
779 1350 828 1381 vel
845 1349 957 1392 quavis
973 1348 1124 1381 firmitate
1145 1368 1146 1374 κ

375 1406 437 1438 alia
453 1404 622 1443 roboratis,
634 1402 760 1435 statutis
776 1408 807 1435 et
820 1401 1124 1440 consuettuliuibus‚

376 1458 557 1502 privilegiis
591 1467 743 1499 quoque,
777 1455 912 1487 indultis
946 1460 977 1487 et
1009 1455 1127 1487 litteris

376 1511 587 1555 apostolicis⁷
623 1509 788 1552 quibusvis
823 1509 998 1552 personis,
1028 1509 1124 1541 ctiam

376 1564 529 1608 praefatis
548 1565 694 1596 locorum
714 1562 903 1600 Ordinariis,
921 1562 980 1594 sul)
996 1562 1126 1604 quibus-

376 1628 516 1661 cumque
554 1617 723 1650 tenoribus
762 1621 794 1648 et
829 1616 959 1655 formis,
984 1626 1021 1648 ae
1053 1626 1125 1647 cum

378 1672 545 1715 quibusvis
564 1672 659 1703 etiam
678 1669 964 1711 slerogatoriarum
990 1670 1127 1711 deroga-

379 1726 482 1764 toriis,
508 1725 647 1767 aliisque
674 1723 1127 1761 etlieacioribus,ellicacissi-

380 1779 440 1811 mis
458 1784 490 1811 et
507 1777 647 1810 insolitis
666 1776 833 1816 clausulis,
852 1776 1126 1818 irritantibusque

380 1838 412 1863 et
435 1832 506 1864 aliis
532 1831 681 1869 decretis⁷
701 1830 797 1862 etiam
817 1836 905 1862 motu
925 1830 1069 1872 proprio,
1091 1840 1128 1862 ae

380 1896 416 1919 ex
452 1887 541 1917 certa
565 1884 700 1916 scientia
726 1889 758 1916 et
783 1884 822 1915 de
848 1884 1047 1926 apostolicae
1072 1894 1128 1926 po-

382 1938 505 1971 testatis
531 1937 737 1980 plenitudine
758 1938 788 1969 in
815 1937 1017 1969 eontrarium
1036 1948 1128 1980 prae-

382 1993 555 2025 missorum
582 1991 832 2034 quomodolibet
857 1991 1031 2031 concessis,
1057 2001 1128 2023 eon-

383 2045 518 2078 tirmatis
556 2050 587 2077 et
620 2045 798 2083 innovatis3
826 2044 945 2087 quibus
977 2045 1128 2077 omnibus

383 2102 413 2131 et
438 2098 594 2140 singulis,
622 2098 748 2130 etiamsi
781 2108 840 2139 pro
875 2098 1007 2130 illorum
1041 2099 1128 2130 susti-

383 2151 480 2182 ‹zienti
517 2151 734 2192 derogatione
772 2151 811 2183 de
849 2151 913 2183 illis
951 2161 1129 2193 eorumque

384 2205 459 2236 totis
493 2205 662 2236 tenoribus
699 2204 873 2246 specifica,
911 2215 1065 2246 expressa
1099 2210 1131 2237 et

384 2257 558 2297 individua,
580 2268 617 2289 ac
641 2258 680 2290 de
706 2258 805 2290 verbo
831 2258 870 2290 ad
895 2258 1044 2299 verbum,
1064 2270 1129 2292 non

385 2316 491 2342 autem
512 2321 571 2352 per
590 2312 751 2343 clausulas
770 2313 942 2353 generales
961 2312 1045 2344 idem
1072 2313 1131 2344 im-

385 2369 572 2406 portantes,
599 2364 718 2396 tuentio
745 2375 800 2396 seu
834 2365 967 2406 quaevis
993 2366 1057 2398 alia
1082 2376 1131 2398 ex—

386 2416 511 2458 pressio
538 2416 703 2455 habenda,
724 2422 778 2448 aut
803 2417 913 2460 aliqua
938 2418 999 2450 alia
1022 2419 1131 2461 exqui-

387 2469 447 2500 sita
474 2470 574 2500 l'orma
600 2470 637 2501 ad
665 2470 727 2502 hoc
751 2471 907 2503 servanda
934 2472 1027 2509 soret,
1046 2478 1131 2505 teno-

388 2531 439 2553 res
466 2521 666 2560 huiusmodi,
694 2532 729 2553 ac
755 2523 778 2553 si
805 2524 844 2555 de
870 2524 969 2557 verbo
991 2525 1030 2557 ad
1059 2536 1129 2558 ver-

387 2574 464 2605 hum
492 2573 573 2605 nibil
612 2574 741 2615 penitus
767 2575 887 2608 omisso
913 2582 944 2608 et
970 2577 1072 2609 forma
1098 2578 1129 2609 in

388 2628 452 2660 illis
481 2628 598 2660 tradita
621 2628 791 2660 observata
819 2630 1080 2672 exprimerentur
1101 2637 1132 2663 et

959 233 1145 258 BULLAPdUM
1169 233 1328 258 ROMANUM

1161 281 1396 322 insererentur,
1429 281 1547 316 iisdem
1584 282 1816 327 praesentibus
1847 293 1909 326 pro

1162 336 1259 377 plene
1296 341 1327 368 et
1362 335 1561 368 sufficienter
1592 336 1757 379 expressis
1797 346 1834 368 ac
1870 336 1911 370 ad

1162 389 1294 421 verbum
1321 388 1453 421 insertis
1479 389 1654 428 habentes,
1681 389 1746 422 illis
1771 389 1852 422 alies
1878 388 1910 421 in

1162 453 1219 475 suo
1246 442 1365 475 robore
1392 442 1623 485 permansuris,
1649 442 1688 474 ad
1717 442 1912 485 praemisso-

1163 506 1233 528 rum
1260 494 1426 534 effectum,
1451 496 1512 528 hac
1537 496 1606 528 vice
1633 496 1812 536 dumtaxat,
1839 506 1911 539 spe-

1163 549 1290 582 cialiter
1326 554 1358 581 et
1394 559 1549 591 expresse
1576 549 1795 590 derogamus;
1822 554 1910 582 oete-

1164 602 1274 644 risque
1300 602 1473 634 contrariis
1498 601 1773 644 quibuscumque.

1207 654 1273 697 §st
1301 654 1454 686 Volumus
1479 660 1586 686 autern
1619 659 1652 686 ut
1688 654 1909 696 praesentium

1164 708 1345 740 litterarum
1373 707 1584 749 transumptis
1601 734 1608 745 ‚
1636 706 1713 739 etc.¹

1208 761 1320 793 Datum
1349 760 1482 799 Romae,
1510 761 1596 803 aluid
1627 760 1659 793 S.
1683 760 1823 799 Petrum,
1850 760 1909 793 sub

1164 815 1285 845 annulo
1338 814 1511 846 piscatoris
1534 841 1540 854 ‚
1595 814 1647 846 die
1698 824 1776 851 xv111
1828 813 1910 846 iunii

1164 876 1350 906 MDccxxvu,
1378 866 1589 909 pontificatus
1621 867 1722 899 nostri
1752 877 1839 899 anno
1865 877 1908 900 iv.

1200 929 1260 955 [lat.
1284 929 1329 955 die
1353 929 1384 955 18
1405 928 1473 954 iunii
1497 929 1581 960 1727,
1604 928 1704 963 pontif.
1727 936 1800 955 anno
1820 935 1857 955 lv.

1446 1072 1628 1105 CLXXXIV.

1168 1153 1389 1194 Confirmatio·
1412 1152 1576 1184 ctecreimn
1602 1152 1752 1184 ministri
1774 1163 1913 1195 ymera-

1212 1207 1253 1237 [τῖε
1283 1206 1418 1239 Ordinis
1442 1206 1613 1237 Minorum
1644 1216 1741 1250 super
1766 1205 1918 1238 exercitio

1212 1264 1327 1291 cantus
1353 1259 1552 1300 Gregloriani
1587 1259 1618 1290 in
1648 1259 1829 1301 provinciis
1855 1258 1918 1292 Mi-

1212 1324 1331 1344 norum
1361 1313 1463 1344 Tertii
1489 1312 1627 1345 Ordinis
1652 1312 1688 1344 in
1712 1323 1812 1355 regno
1838 1312 1917 1346 Gat-

1215 1366 1336 1398 liaram
1357 1365 1377 1398 ².

1349 1445 1536 1473 Benedictus
1558 1445 1637 1478 Papa
1657 1445 1744 1479 XIII,

1312 1491 1350 1518 ad
1369 1491 1507 1517 futuram
1526 1490 1573 1517 rei
1592 1490 1781 1516 memoriam.

1214 1565 1228 1607 ξ
1246 1564 1273 1595 4.
1294 1563 1405 1605 Nuper
1422 1573 1482 1605 pro
1502 1567 1593 1604 parte
1615 1561 1917 1595 dilectorum‘fitio-

1170 1629 1239 1650 rum
1254 1617 1474 1649 ministrorum
1490 1615 1751 1657 provincialium,
1768 1615 1919 1648 aliorum-

1171 1682 1233 1713 que
1248 1669 1454 1713 superiorum
1471 1668 1657 1710 provinciae
1671 1669 1806 1700 Fratrum
1818 1668 1918 1702 Tertii

1170 1725 1299 1756 Ordinis
1325 1722 1425 1755 sancti
1452 1722 1614 1753 Francisci
1647 1722 1685 1754 de
1713 1722 1919 1755 Poenitentia

1172 1783 1433 1819 inineupatorum
1460 1776 1491 1807 in
1518 1786 1620 1817 regno
1646 1775 1821 1808 Galliarum
1843 1786 1920 1809 con-

1171 1830 1370 1869 sistentium,
1399 1829 1493 1861 nobis
1519 1829 1702 1871 expositum
1731 1830 1803 1867 suit,
1830 1830 1919 1872 quod

1173 1884 1312 1916 dilectus
1344 1883 1429 1914 tilius
1464 1882 1646 1914 Matthaeus
1672 1893 1687 1914 a
1714 1881 1836 1919 Pareta,
1863 1883 1920 1914 mi-

1173 1937 1276 1969 nister
1308 1935 1470 1977 generalis
1495 1934 1625 1967 Ordinis
1662 1934 1795 1966 fratrum
1822 1934 1920 1968 Mino-

1173 2001 1243 2022 rum
1281 1989 1430 2022 eiusdem
1468 1988 1569 2021 sancti
1597 1988 1760 2021 Francisci
1793 1989 1832 2021 de
1858 1988 1920 2021 Ob-

1174 2043 1338 2076 servantia
1357 2042 1547 2084 nuncupati,
1565 2042 1666 2074 menti
1686 2047 1719 2074 et
1743 2042 1919 2075 intentioni

1174 2103 1305 2129 nostrae
1325 2095 1352 2127 ei
1372 2096 1461 2127 vivae
1484 2095 1572 2127 vocis
1592 2096 1725 2127 oraculo
1745 2106 1919 2138 expressae

1174 2150 1357 2187 inhaerens,
1375 2148 1426 2180 die
1451 2158 1489 2180 xx
1515 2148 1632 2180 martii·
1651 2148 1798 2190 proxime
1825 2158 1920 2191 prae-

1175 2202 1261 2235 teriti
1292 2202 1448 2234 ministris
1474 2201 1729 2244 provincialibus
1763 2201 1919 2234 dictarum

1174 2256 1414 2300 provinciarum
1454 2255 1622 2298 praecepit
1662 2260 1696 2286 ut
1730 2253 1763 2287 in
1795 2255 1919 2287 eisdem

1212 2374 1222 2398 1
1248 2372 1279 2399 Ut
1299 2380 1379 2407 supra
1401 2379 1462 2406 pag.
1484 2371 1517 2398 72
1539 2371 1564 2397 b.
1584 2371 1623 2401 (a.
1640 2370 1689 2397 τ.).

1210 2417 1225 2442 2
1247 2417 1286 2443 De
1307 2417 1435 2443 facultate
1457 2415 1573 2442 canendi
1603 2415 1689 2441 Horas
1708 2414 1853 2441 canonicas
1872 2423 1921 2451 pro

1175 2461 1307 2488 fratribus
1324 2461 1453 2487 Ereniitis
1467 2461 1493 2487 S.
1511 2460 1654 2494 Augustini
1671 2459 1823 2495 provinciae
1839 2459 1922 2486 Fran-

1175 2505 1233 2531 ciae
1254 2505 1314 2532 vide
1334 2505 1482 2531 Clementis
1504 2504 1534 2531 xl
1555 2509 1641 2531 const.
1661 2504 1725 2530 edit.
1749 2509 1858 2536 nocem,
1878 2502 1922 2530 die

1174 2550 1208 2576 29
1228 2550 1356 2583 ianuarii,
1386 2550 1479 2585 pontif.
1501 2556 1519 2581 1,
1550 2554 1577 2575 et
1606 2557 1654 2584 pro
1683 2548 1744 2574 aliis
1774 2547 1922 2582 provinciis

1176 2594 1235 2621 vide
1256 2594 1336 2620 huius
1358 2595 1494 2621 Pontitlcis
1514 2597 1603 2621 const.
1624 2592 1690 2619 edit.
1712 2598 1856 2626 MDccxxw,
1877 2592 1921 2619 die

1175 2640 1208 2666 2⁶2
1228 2639 1355 2673 ianuarii,
1376 2639 1471 2674 pontis.
1493 2645 1520 2665 ιι.

1916 235 1969 261 An.
1984 234 2014 262 C.
2032 236 2102 266 ¹72⁷

1947 666 2010 687 Fides
2025 666 2104 688 haben·

1920 693 1947 713 da
1959 693 2104 719 transumptis.

1930 1566 2039 1594 Expositio
2056 1564 2115 1588 (acti.
