2139 3142
384 212 449 244 928

425 273 464 305 tis
490 272 570 312 lesu,
598 282 669 304 cum
697 269 901 314 indulgentiis
928 279 987 312 per
1012 278 1082 301 mo-

427 325 502 358 dum
527 323 669 366 suffragii
694 321 908 366 applicandis,
934 319 1009 353 8422.

342 376 545 413 CCLxxxvt.
570 375 760 418 Inssiguntur
785 385 906 418 poenae
931 374 963 406 in
995 373 1087 416 depo-

427 428 564 469 sirarios,
586 428 760 467 ministros,
779 433 852 467 etc„
871 427 924 470 qui
952 426 1087 459 alienam

428 481 594 526 pecuniam
621 480 682 513 sibi
704 480 856 513 creditam
877 485 907 512 ct
931 479 1089 523 deposita-

428 539 489 570 tam
517 533 672 573 fraudant,
698 543 821 565 necnon
839 543 960 576 poenae
985 531 1087 564 ultimi

429 587 587 631 supplicii,
607 591 667 620 tam
695 586 725 618 in
751 585 834 618 Urbe
860 595 954 628 quam
973 584 1004 616 in
1024 589 1089 617 toto

429 640 516 674 Statu
541 639 774 679 subiiciuntur⁷
801 638 876 671 847.

351 693 567 728 CCLxxxvtt.
596 693 808 727 Constrmatur
837 691 1000 723 decretum
1027 701 1088 723 nu-

432 746 500 791 peri
525 745 654 790 capituli
679 745 835 789 generalis
853 744 978 778 Ordinis
998 744 1092 776 Mino-

429 811 523 839 rum,
547 799 631 843 quod
663 798 785 831 vocales
810 797 970 830 Indiarum
996 796 1088 830 Occi-

430 851 603 886 dentaliuin
629 851 704 884 dicti
729 851 868 889 Ordinis,
894 850 947 894 qui
973 849 1092 882 Diseal-

431 905 511 938 ceati
529 911 763 948 nuncupantur,
780 904 839 936 srui
854 903 990 936 debeant
1004 913 1093 947 prac-

432 959 497 991 mio
530 964 559 991 et
584 958 843 1002 praeeminentiis
879 957 1002 989 statutis
1036 966 1092 1000 per

432 1011 686 1050 constitutiones,
704 1011 760 1044 etsi
786 1010 957 1043 nonnullae
978 1010 1022 1042 eis
1043 1009 1094 1042 de-

434 1066 497 1100 sint
520 1066 706 1109 qualitates,
732 1064 805 1098 853.

347 1119 580 1153 CCLXXXVHI.
609 1118 822 1151 Consu-matur
846 1117 1007 1149 decretum
1031 1116 1096 1160 epi-

436 1182 606 1216 scoporum
634 1177 663 1203 ct
689 1171 883 1214 regularium
909 1181 1004 1213 super
1025 1179 1095 1202 con-

437 1225 579 1258 cessione
605 1224 759 1256 facultatis
786 1223 947 1267 praesecto
971 1227 1001 1254 et
1019 1221 1096 1254 dess-

436 1277 554 1311 nitorio
580 1277 782 1320 generalibus
806 1275 934 1309 Ordinis
960 1275 1094 1307 fratrum

437 1331 740 1365 Bctlilchemitarum
765 1334 1024 1372 nuncupatorum
1046 1328 1097 1360 ad-

438 1384 580 1417 mittendi
598 1383 721 1427 aliquos
739 1383 942 1427 presbyteros
960 1381 1096 1414 saecula-

437 1448 488 1471 res
503 1437 540 1470 ad
557 1437 699 1470 habitum
723 1441 751 1470 et
768 1436 1008 1480 professionem,
1021 1434 1096 1468 855.

351 1490 556 1526 CCLXXXIX.
584 1490 803 1523 Extenduntur
828 1490 949 1522 litterae
974 1492 1097 1532 aposto-

440 1544 520 1577 licae
553 1543 734 1578 Sanctitatis
768 1543 869 1584 Suae,
895 1543 970 1574 alias
996 1542 1098 1574 editae

442 1597 527 1630 circa
546 1597 759 1629 tertiat-iorum
776 1596 813 1628 de
831 1595 1028 1628 Poenitentia
1047 1594 1099 1627 Or-

441 1650 523 1682 dinis
557 1650 654 1682 sancti
680 1649 839 1682 Francisci
868 1648 1097 1681 subiectionem

443 1703 582 1746 generali
604 1708 634 1735 et
659 1702 878 1746 superioribus
899 1701 1100 1744 regularibus

442 1757 599 1790 Minorum
625 1757 663 1789 de
690 1755 905 1795 Observanssd,
930 1755 968 1787 ad
993 1755 1100 1787 tertia-

444 1810 526 1849 rios,
555 1810 647 1842 etiam
685 1810 882 1850 saeculares,
906 1808 980 1841 dicti
1004 1808 1100 1841 Tertii
1127 1820 1129 1827 ⁸

447 1863 588 1902 Ordinis,
614 1863 690 1896 8236.

357 1916 464 1951 CCXC.
505 1918 703 1949 Revocantur
738 1922 767 1948 et
803 1916 1007 1948 annullantur
1042 1926 1098 1948 or-

444 1970 622 2002 dinationes
658 1975 823 2002 contentae
856 1969 885 2000 in
911 1968 1101 2012 quibusdam

447 2023 530 2056 soliis
563 2023 676 2066 gallico
703 2023 871 2062 idiomate,
907 2021 965 2054 sub
1004 2021 1102 2063 titulo⁷

446 2076 649 2108 Mandement
682 2075 719 2107 de
745 2075 974 2118 monseiyneur
999 2075 1104 2107 l'e'z’es-

447 2140 509 2173 que
533 2129 583 2171 (de
608 2128 710 2170 Melz),
727 2128 786 2171 qui
805 2126 918 2170 defend
935 2127 973 2159 cle
991 2128 1106 2160 recitet·

449 2180 568 2223 l’Osfice
592 2181 748 2224 imprime
763 2191 821 2212 sur
836 2190 899 2212 une
915 2179 1030 2223 seuille
1046 2190 1102 2212 vo-

451 2233 550 2272 lame,
571 2237 641 2272 etc„
659 2243 730 2265 cum
746 2232 962 2276 prohibitione
983 2242 1108 2265 eorum-

450 2286 520 2318 dem
548 2285 718 2327 soliorum‚
743 2285 817 2317 858.

365 2339 482 2373 CCXCI.
508 2339 707 2372 Revocantnr
737 2344 766 2370 et
791 2339 994 2371 annullantur
1025 2339 1110 2371 ordi-

450 2392 592 2425 nationes
617 2395 780 2425 contentae
807 2391 836 2423 in
857 2391 1046 2434 quibusdam
1066 2392 1109 2425 so-

453 2445 502 2476 liis
527 2444 640 2488 gallico
667 2444 816 2477 idiomate
842 2445 1004 2488 impressis
1020 2472 1027 2484 ,
1052 2445 1110 2477 sub

454 2498 544 2530 titulo
575 2498 779 2530 Mandemmc
811 2498 848 2530 de
883 2499 1113 2541 monseiffneur

457 2550 612 2593 l’e‘vesque
639 2550 677 2582 tle
708 2551 955 2593 Montepellier,
981 2555 1113 2594 portant

457 2603 711 2636 condamnation
736 2603 836 2636 d'zme
859 2604 974 2646 feuille
996 2604 1113 2648 impri—

935 216 1114 240 numanum
1139 215 1262 238 notum
1272 216 1290 237 M

1229 267 1295 300 mee
1326 270 1501 300 contenent
1533 277 1579 299 un
1601 266 1761 310 precendu
1787 265 1886 310 Office

1226 330 1312 363 pour
1331 319 1364 352 Ia
1391 319 1453 362 fele
1482 318 1520 351 de
1551 319 1705 362 (ἲν-ἐροίη
1733 319 1888 361 VII‚elc.‚

1230 383 1302 405 cum
1334 372 1548 416 prohibitione
1580 372 1767 405 eorumdem
1799 372 1888 406 follo-

1231 436 1322 466 rum,
1346 424 1423 458 858.

1141 478 1277 513 CCXCll.
1298 478 1491 512 Prohibetur
1507 477 1657 510 fratribus
1674 477 1800 511 Ordinis
1819 488 1888 511 san·

1231 532 1271 565 cti
1296 531 1423 565 loannis
1448 531 1503 564 Dei
1520 541 1696 575 procurare
1717 531 1764 564 vel
1781 530 1891 565 admit-

1232 591 1299 618 tere
1324 585 1450 618 favores
1469 590 1557 617 extra
1577 583 1723 617 eumdem
1740 583 1891 617 Ordinem

1231 649 1292 683 pro
1318 638 1540 671 consecutione
1564 637 1752 681 dignitatum
1777 643 1808 671 et
1823 636 1890 670 offi-

1232 692 1372 732 ciorum,
1401 697 1459 724 etc.
1486 689 1564 724 859.

1144 745 1294 780 ccxcttt.
1322 744 1531 777 Declarantur
1554 743 1641 775 nulla
1666 742 1784 784 edicta,
1809 742 1892 775 alia—

1234 809 1296 844 que
1320 803 1408 840 gesta
1432 807 1490 840 per
1516 796 1720 839 magistratus
1748 806 1804 828 seu
1828 795 1894 829 ossi-

1235 851 1328 884 ciales
1353 855 1383 882 et
1407 850 1569 883 ministros
1586 849 1763 882 saeculares
1780 848 1894 881 adver-

1237 915 1290 938 sus
1314 904 1476 937 decretum
1503 902 1694 936 extensionis
1718 902 1751 936 S.
1774 901 1896 945 Grego-

1235 958 1273 990 rii
1298 958 1400 1001 Papae
1424 956 1476 990 Vll
1508 956 1546 989 ad
1578 956 1743 988 universos
1769 954 1895 988 christi-

1236 1010 1362 1051 sidetes,
1381 1010 1440 1054 'qui
1466 1009 1504 1042 ad
1525 1009 1627 1042 Horas
1653 1008 1822 1041 canonicas
1846 1013 1894 1040 te-

1234 1069 1361 1103 nentur,
1389 1074 1405 1094 a
1431 1062 1484 1096 SS.
1507 1063 1542 1095 D.
1566 1063 1603 1095 N.
1631 1061 1799 1094 Benedicto
1824 1060 1894 1094 XIII

1236 1126 1339 1160 nuper
1364 1115 1494 1156 editum,
1511 1125 1582 1147 cum
1603 1114 1730 1147 illorum
1751 1113 1894 1146 omnium

1237 1169 1458 1209 revocatione,
1484 1167 1659 1200 cassatione
1692 1171 1722 1200 ct
1745 1165 1892 1199 abolitio-

1238 1233 1292 1262 ne,
1317 1220 1394 1254 860.

1149 1275 1292 1310 CCXCIV.
1318 1274 1470 1307 Indicitur
1505 1272 1695 1306 beatificatio
1728 1271 1809 1304 servi
1840 1270 1896 1303 Dei

1238 1328 1321 1361 Petri
1346 1327 1469 1361 Forerii
1495 1326 1533 1359 de
1550 1326 1768 1366 Malaincuria,
1794 1335 1896 1358 sacer-

1239 1381 1321 1415 dotis
1344 1380 1539 1423 Lotliaringi,
1564 1379 1783 1412 reformatoris
1808 1378 1895 1412 Con-

1241 1434 1436 1478 grcgationis
1461 1433 1642 1466 salvatoris
1659 1433 1764 1465 nostri
1780 1442 1899 1465 nuncn-

1239 1495 1341 1532 patae‚
1367 1486 1493 1520 Ordinis
1518 1486 1743 1519 canonicorum
1773 1486 1898 1528 regula-

1240 1543 1323 1575 rium
1350 1540 1449 1574 sancti
1476 1540 1660 1583 Augustini,
1685 1539 1761 1573 861.

1152 1596 1286 1632 CCXCV.
1314 1594 1529 1629 Confirmatur
1559 1593 1722 1625 decretum
1753 1592 1895 1636 Congre-

1242 1648 1378 1691 gationis
1404 1646 1629 1690 episcoporum
1650 1651 1679 1677 et
1703 1644 1899 1688 regularium

1243 1712 1339 1745 super
1356 1704 1526 1743 augmento
1543 1698 1699 1732 vocalium
1718 1697 1909 1741 provinciae

1242 1755 1273 1789 S.
1301 1754 1408 1787 Didaci
1446 1752 1625 1786 Mexicanae
1651 1751 1777 1785 Ordinis
1801 1751 1899 1784 Mino-

1244 1818 1314 1840 rum
1337 1806 1434 1839 sancti
1457 1805 1617 1838 Francisci
1635 1804 1673 1837 de
1691 1804 1898 1837 observantia

1243 1860 1530 1898 Discalceatorum‚
1555 1856 1631 1890 863.

1156 1914 1302 1949 CCXCVt.
1329 1913 1564 1946 Consu-utantur
1601 1911 1727 1943 decreta
1756 1911 1819 1944 duo
1844 1921 1899 1944 ca-

1244 1966 1334 2011 pituli
1351 1965 1506 2009 generalis
1520 1963 1646 1998 Ordinis
1663 1964 1819 1996 Minorum
1837 1973 1905 1996 san—

1246 2020 1286 2053 cti
1310 2018 1469 2051 Francisci
1506 2017 1544 2050 de
1578 2016 1784 2050 Observantia
1809 2027 1904 2060 snper

1249 2071 1466 2105 moderatione
1483 2071 1589 2103 Brevis
1603 2070 1769 2103 Clementis
1788 2070 1825 2102 XI
1847 2069 1904 2103 cir-

1247 2137 1283 2159 ca
1309 2125 1486 2168 praemium
1522 2123 1748 2156 conserendum
1778 2123 1905 2156 lectori-

1247 2180 1305 2211 bus
1330 2179 1456 2221 linguae
1480 2177 1648 2210 hebraicae
1669 2181 1698 2209 et
1722 2182 1908 2210 controver-

1248 2233 1368 2265 siarum
1396 2231 1529 2263 samiliae
1547 2230 1779 2271 cismontanae,
1804 2229 1880 2262 865.

1161 2286 1323 2322 CCXCVII.
1350 2284 1586 2318 Confirmantur
1609 2284 1762 2327 quaedam
1784 2284 1906 2316 litterae

1251 2340 1315 2371 sive
1347 2337 1587 2371 constitutiones
1618 2336 1813 2379 apostolicae
1846 2346 1917 2380 pro-

1252 2398 1333 2424 statu
1366 2397 1395 2423 et
1420 2390 1503 2423 bono
1534 2389 1689 2432 regimine
1725 2389 1907 2433 provinciae

1252 2444 1433 2477 Mcxicanae
1457 2443 1487 2476 S.
1516 2443 1622 2476 Didaci
1655 2442 1823 2475 strictioris
1858 2453 1909 2475 re-

1253 2497 1372 2540 gularis
1399 2496 1617 2530 observantiae
1641 2495 1918 2528 Discalceatorum

1254 2551 1283 2583 S.
1309 2549 1467 2583 Francisci
1504 2549 1534 2581 in
1571 2549 1666 2582 lndiis
1694 2546 1907 2581 Occidentali-

1255 2603 1330 2643 hus,
1356 2601 1432 2635 866.
