<?xml version="1.0" encoding="UTF-8"?>
<!DOCTYPE html PUBLIC "-//W3C//DTD XHTML 1.0 Transitional//EN"
    "http://www.w3.org/TR/xhtml1/DTD/xhtml1-transitional.dtd">
<html xmlns="http://www.w3.org/1999/xhtml" xml:lang="en" lang="en">
 <head>
  <title>
</title>
<meta http-equiv="Content-Type" content="text/html;charset=utf-8" />
  <meta name='ocr-system' content='tesseract 3.04.00' />
  <meta name='ocr-capabilities' content='ocr_page ocr_carea ocr_par ocr_line ocrx_word'/>
</head>
<body>
  <div class='ocr_page' id='page_1' title='image "./bullarumdiplomat22cath_0139.png"; bbox 0 0 2170 3147; ppageno 0'>
   <div class='ocr_carea' id='block_1_1' title="bbox 0 208 184 238">
    <p class='ocr_par' dir='ltr' id='par_1_1' title="bbox 0 208 184 238">
     <span class='ocr_line' id='line_1_1' title="bbox 0 208 184 238; baseline -0.016 0"><span class='ocrx_word' id='word_1_1' title='bbox 0 210 48 238; x_wconf 72' lang='lat' dir='ltr'>An.</span> <span class='ocrx_word' id='word_1_2' title='bbox 64 208 92 236; x_wconf 89' lang='lat' dir='ltr'>C.</span> <span class='ocrx_word' id='word_1_3' title='bbox 115 208 184 235; x_wconf 59' lang='lat'>1721</span> 
     </span>
    </p>
   </div>
   <div class='ocr_carea' id='block_1_2' title="bbox 30 589 146 610">
    <p class='ocr_par' dir='ltr' id='par_1_2' title="bbox 30 589 146 610">
     <span class='ocr_line' id='line_1_2' title="bbox 30 589 146 610; baseline -0.026 0"><span class='ocrx_word' id='word_1_4' title='bbox 30 589 146 610; x_wconf 62' lang='lat' dir='ltr'>Clausulas.</span> 
     </span>
    </p>
   </div>
   <div class='ocr_carea' id='block_1_3' title="bbox 770 198 1121 225">
    <p class='ocr_par' dir='ltr' id='par_1_3' title="bbox 770 198 1121 225">
     <span class='ocr_line' id='line_1_3' title="bbox 770 198 1121 225; baseline -0.011 0"><span class='ocrx_word' id='word_1_5' title='bbox 770 199 967 225; x_wconf 82' lang='lat' dir='ltr'>BENEDICTUS</span> <span class='ocrx_word' id='word_1_6' title='bbox 993 198 1048 222; x_wconf 80' lang='lat' dir='ltr'>xm</span> <span class='ocrx_word' id='word_1_7' title='bbox 1073 198 1121 222; x_wconf 81' lang='lat' dir='ltr'>PP.</span> 
     </span>
    </p>
   </div>
   <div class='ocr_carea' id='block_1_4' title="bbox 194 249 962 2617">
    <p class='ocr_par' dir='ltr' id='par_1_4' title="bbox 194 249 933 552">
     <span class='ocr_line' id='line_1_4' title="bbox 195 249 931 295; baseline -0.012 -6"><span class='ocrx_word' id='word_1_8' title='bbox 195 261 260 295; x_wconf 87' lang='lat' dir='ltr'>tur,</span> <span class='ocrx_word' id='word_1_9' title='bbox 287 260 320 288; x_wconf 91' lang='lat' dir='ltr'>et</span> <span class='ocrx_word' id='word_1_10' title='bbox 352 259 497 288; x_wconf 90' lang='lat' dir='ltr'>accurate</span> <span class='ocrx_word' id='word_1_11' title='bbox 523 258 555 285; x_wconf 90' lang='lat' dir='ltr'>et</span> <span class='ocrx_word' id='word_1_12' title='bbox 579 256 690 285; x_wconf 77' lang='lat' dir='ltr'>exacte</span> <span class='ocrx_word' id='word_1_13' title='bbox 723 256 862 288; x_wconf 87' lang='lat' dir='ltr'>servent,</span> <span class='ocrx_word' id='word_1_14' title='bbox 888 249 931 280; x_wconf 78' lang='lat' dir='ltr'>sa-</span> 
     </span>
     <span class='ocr_line' id='line_1_5' title="bbox 194 303 931 351; baseline -0.012 -9"><span class='ocrx_word' id='word_1_15' title='bbox 194 309 345 351; x_wconf 85' lang='lat' dir='ltr'>ciantq&#39;ue</span> <span class='ocrx_word' id='word_1_16' title='bbox 367 305 546 349; x_wconf 74' lang='lat' dir='ltr'>respective</span> <span class='ocrx_word' id='word_1_17' title='bbox 571 305 626 337; x_wconf 83' lang='lat' dir='ltr'>illa</span> <span class='ocrx_word' id='word_1_18' title='bbox 652 304 690 335; x_wconf 87' lang='lat' dir='ltr'>ab</span> <span class='ocrx_word' id='word_1_19' title='bbox 716 303 764 341; x_wconf 89' lang='lat' dir='ltr'>iis,</span> <span class='ocrx_word' id='word_1_20' title='bbox 790 303 828 334; x_wconf 84' lang='lat' dir='ltr'>ad</span> <span class='ocrx_word' id='word_1_21' title='bbox 851 312 931 344; x_wconf 86' lang='lat' dir='ltr'>quos</span> 
     </span>
     <span class='ocr_line' id='line_1_6' title="bbox 194 355 931 404; baseline -0.011 -10"><span class='ocrx_word' id='word_1_22' title='bbox 194 365 317 404; x_wconf 87' lang='lat' dir='ltr'>spectat</span> <span class='ocrx_word' id='word_1_23' title='bbox 353 365 384 392; x_wconf 88' lang='lat' dir='ltr'>et</span> <span class='ocrx_word' id='word_1_24' title='bbox 420 358 687 402; x_wconf 78' lang='lat' dir='ltr'>quandocumque</span> <span class='ocrx_word' id='word_1_25' title='bbox 712 355 878 399; x_wconf 85' lang='lat' dir='ltr'>spectabit,</span> <span class='ocrx_word' id='word_1_26' title='bbox 900 355 931 386; x_wconf 92' lang='lat' dir='ltr'>in</span> 
     </span>
     <span class='ocr_line' id='line_1_7' title="bbox 195 408 932 446; baseline -0.009 0"><span class='ocrx_word' id='word_1_27' title='bbox 195 415 334 446; x_wconf 79' lang='lat' dir='ltr'>futurum</span> <span class='ocrx_word' id='word_1_28' title='bbox 361 412 472 445; x_wconf 60' lang='lat' dir='ltr'>effidem</span> <span class='ocrx_word' id='word_1_29' title='bbox 499 410 689 443; x_wconf 85' lang='lat' dir='ltr'>auctoritate</span> <span class='ocrx_word' id='word_1_30' title='bbox 726 408 932 441; x_wconf 81' lang='lat' dir='ltr'>omnimodae</span> 
     </span>
     <span class='ocr_line' id='line_1_8' title="bbox 195 461 933 500; baseline -0.011 0"><span class='ocrx_word' id='word_1_31' title='bbox 195 466 378 500; x_wconf 72' lang='lat' dir='ltr'>executioni</span> <span class='ocrx_word' id='word_1_32' title='bbox 411 464 599 499; x_wconf 87' lang='lat' dir='ltr'>demandari</span> <span class='ocrx_word' id='word_1_33' title='bbox 636 468 667 496; x_wconf 89' lang='lat' dir='ltr'>et</span> <span class='ocrx_word' id='word_1_34' title='bbox 701 461 933 494; x_wconf 81' lang='lat' dir='ltr'>inviolabiliter</span> 
     </span>
     <span class='ocr_line' id='line_1_9' title="bbox 196 520 373 552; baseline -0.006 0"><span class='ocrx_word' id='word_1_35' title='bbox 196 520 373 552; x_wconf 86' lang='lat' dir='ltr'>observari.</span> 
     </span>
    </p>

    <p class='ocr_par' dir='ltr' id='par_1_5' title="bbox 196 567 962 2617">
     <span class='ocr_line' id='line_1_10' title="bbox 240 567 933 615; baseline -0.012 -9"><span class='ocrx_word' id='word_1_36' title='bbox 240 573 254 615; x_wconf 65' lang='grc' dir='ltr'><strong>ἓ</strong></span> <span class='ocrx_word' id='word_1_37' title='bbox 275 572 307 606; x_wconf 81' lang='grc'>3.</span> <span class='ocrx_word' id='word_1_38' title='bbox 333 572 549 604; x_wconf 89' lang='lat' dir='ltr'>Decernentes</span> <span class='ocrx_word' id='word_1_39' title='bbox 568 569 701 613; x_wconf 88' lang='lat' dir='ltr'>pariter,</span> <span class='ocrx_word' id='word_1_40' title='bbox 724 568 767 600; x_wconf 86' lang='lat' dir='ltr'>ita</span> <span class='ocrx_word' id='word_1_41' title='bbox 786 567 817 600; x_wconf 90' lang='lat' dir='ltr'>in</span> <span class='ocrx_word' id='word_1_42' title='bbox 843 577 933 610; x_wconf 84' lang='lat' dir='ltr'>prae-</span> 
     </span>
     <span class='ocr_line' id='line_1_11' title="bbox 196 620 934 668; baseline -0.008 -10"><span class='ocrx_word' id='word_1_43' title='bbox 196 625 302 658; x_wconf 79' lang='lat' dir='ltr'>missis</span> <span class='ocrx_word' id='word_1_44' title='bbox 330 635 388 668; x_wconf 91' lang='lat' dir='ltr'>per</span> <span class='ocrx_word' id='word_1_45' title='bbox 421 633 640 667; x_wconf 83' lang='lat' dir='ltr'>quoscumque</span> <span class='ocrx_word' id='word_1_46' title='bbox 665 621 788 654; x_wconf 82' lang='lat' dir='ltr'>iudices</span> <span class='ocrx_word' id='word_1_47' title='bbox 809 620 934 653; x_wconf 89' lang='lat' dir='ltr'>ordina-</span> 
     </span>
     <span class='ocr_line' id='line_1_12' title="bbox 196 673 933 719; baseline -0.009 -8"><span class='ocrx_word' id='word_1_48' title='bbox 196 678 262 711; x_wconf 89' lang='lat' dir='ltr'>rios</span> <span class='ocrx_word' id='word_1_49' title='bbox 281 683 310 711; x_wconf 86' lang='lat' dir='ltr'>et</span> <span class='ocrx_word' id='word_1_50' title='bbox 329 678 506 719; x_wconf 60' lang='lat' dir='ltr'>delegatos</span> <span class='ocrx_word' id='word_1_51' title='bbox 523 677 617 709; x_wconf 82' lang='lat' dir='ltr'>etiarn</span> <span class='ocrx_word' id='word_1_52' title='bbox 636 685 804 708; x_wconf 85' lang='lat' dir='ltr'>causarum</span> <span class='ocrx_word' id='word_1_53' title='bbox 823 673 933 717; x_wconf 85' lang='lat' dir='ltr'>palatii</span> 
     </span>
     <span class='ocr_line' id='line_1_13' title="bbox 196 726 932 775; baseline -0.008 -11"><span class='ocrx_word' id='word_1_54' title='bbox 196 730 367 775; x_wconf 84' lang='lat' dir='ltr'>apostolici</span> <span class='ocrx_word' id='word_1_55' title='bbox 393 730 570 768; x_wconf 74' lang='lat' dir='ltr'>auditores,</span> <span class='ocrx_word' id='word_1_56' title='bbox 595 739 630 761; x_wconf 88' lang='lat' dir='ltr'>ac</span> <span class='ocrx_word' id='word_1_57' title='bbox 655 728 757 770; x_wconf 85' lang='lat' dir='ltr'>ipsius</span> <span class='ocrx_word' id='word_1_58' title='bbox 783 727 814 760; x_wconf 84' lang='lat' dir='ltr'>S.</span> <span class='ocrx_word' id='word_1_59' title='bbox 842 727 879 759; x_wconf 77' lang='lat' dir='ltr'>R.</span> <span class='ocrx_word' id='word_1_60' title='bbox 897 726 932 758; x_wconf 88' lang='lat' dir='ltr'>E.</span> 
     </span>
     <span class='ocr_line' id='line_1_14' title="bbox 197 782 936 822; baseline -0.009 -4"><span class='ocrx_word' id='word_1_61' title='bbox 197 785 389 822; x_wconf 85' lang='lat' dir='ltr'>cardinales,</span> <span class='ocrx_word' id='word_1_62' title='bbox 417 783 513 816; x_wconf 86' lang='lat' dir='ltr'>etiam</span> <span class='ocrx_word' id='word_1_63' title='bbox 549 783 587 815; x_wconf 90' lang='lat' dir='ltr'>de</span> <span class='ocrx_word' id='word_1_64' title='bbox 621 783 722 815; x_wconf 88' lang='lat' dir='ltr'>latere</span> <span class='ocrx_word' id='word_1_65' title='bbox 759 782 884 822; x_wconf 78' lang='lat' dir='ltr'>legatos</span> <span class='ocrx_word' id='word_1_66' title='bbox 905 786 936 812; x_wconf 91' lang='lat' dir='ltr'>et</span> 
     </span>
     <span class='ocr_line' id='line_1_15' title="bbox 198 833 936 877; baseline -0.009 -6"><span class='ocrx_word' id='word_1_67' title='bbox 198 837 301 871; x_wconf 87' lang='lat' dir='ltr'>dictae</span> <span class='ocrx_word' id='word_1_68' title='bbox 326 837 417 870; x_wconf 84' lang='lat' dir='ltr'>Sedis</span> <span class='ocrx_word' id='word_1_69' title='bbox 443 834 590 873; x_wconf 88' lang='lat' dir='ltr'>nuncios,</span> <span class='ocrx_word' id='word_1_70' title='bbox 616 834 738 867; x_wconf 85' lang='lat' dir='ltr'>aliosve</span> <span class='ocrx_word' id='word_1_71' title='bbox 769 833 936 877; x_wconf 86' lang='lat' dir='ltr'>quoslibet</span> 
     </span>
     <span class='ocr_line' id='line_1_16' title="bbox 198 887 936 933; baseline -0.005 -11"><span class='ocrx_word' id='word_1_72' title='bbox 198 900 400 933; x_wconf 84' lang='lat' dir='ltr'>quacumque</span> <span class='ocrx_word' id='word_1_73' title='bbox 436 887 695 931; x_wconf 71' lang='lat' dir='ltr'>praeeminentia</span> <span class='ocrx_word' id='word_1_74' title='bbox 720 892 752 919; x_wconf 87' lang='lat' dir='ltr'>et</span> <span class='ocrx_word' id='word_1_75' title='bbox 776 891 936 929; x_wconf 82' lang='lat' dir='ltr'>potestate</span> 
     </span>
     <span class='ocr_line' id='line_1_17' title="bbox 199 940 938 986; baseline -0.007 -10"><span class='ocrx_word' id='word_1_76' title='bbox 199 943 370 986; x_wconf 83' lang='lat' dir='ltr'>fungentes</span> <span class='ocrx_word' id='word_1_77' title='bbox 398 947 429 974; x_wconf 90' lang='lat' dir='ltr'>et</span> <span class='ocrx_word' id='word_1_78' title='bbox 453 942 632 980; x_wconf 82' lang='lat' dir='ltr'>functuros,</span> <span class='ocrx_word' id='word_1_79' title='bbox 663 940 790 973; x_wconf 73' lang='lat' dir='ltr'>sublata</span> <span class='ocrx_word' id='word_1_80' title='bbox 825 940 870 972; x_wconf 84' lang='lat' dir='ltr'>eis</span> <span class='ocrx_word' id='word_1_81' title='bbox 908 945 938 972; x_wconf 88' lang='lat' dir='ltr'>et</span> 
     </span>
     <span class='ocr_line' id='line_1_18' title="bbox 201 992 936 1037; baseline -0.007 -8"><span class='ocrx_word' id='word_1_82' title='bbox 201 1006 314 1029; x_wconf 91' lang='lat' dir='ltr'>eorum</span> <span class='ocrx_word' id='word_1_83' title='bbox 340 995 474 1028; x_wconf 82' lang='lat' dir='ltr'>cuilibet</span> <span class='ocrx_word' id='word_1_84' title='bbox 499 994 610 1037; x_wconf 86' lang='lat' dir='ltr'>quavis</span> <span class='ocrx_word' id='word_1_85' title='bbox 643 993 738 1026; x_wconf 86' lang='lat' dir='ltr'>aliter</span> <span class='ocrx_word' id='word_1_86' title='bbox 774 992 936 1025; x_wconf 87' lang='lat' dir='ltr'>iudicandi</span> 
     </span>
     <span class='ocr_line' id='line_1_19' title="bbox 201 1045 937 1090; baseline -0.005 -10"><span class='ocrx_word' id='word_1_87' title='bbox 201 1053 233 1081; x_wconf 87' lang='lat' dir='ltr'>et</span> <span class='ocrx_word' id='word_1_88' title='bbox 256 1047 493 1090; x_wconf 87' lang='lat' dir='ltr'>interpretandi</span> <span class='ocrx_word' id='word_1_89' title='bbox 513 1047 663 1079; x_wconf 74' lang='lat' dir='ltr'>facultate</span> <span class='ocrx_word' id='word_1_90' title='bbox 690 1050 720 1078; x_wconf 91' lang='lat' dir='ltr'>et</span> <span class='ocrx_word' id='word_1_91' title='bbox 738 1045 937 1084; x_wconf 86' lang='lat' dir='ltr'>auctoritate,</span> 
     </span>
     <span class='ocr_line' id='line_1_20' title="bbox 200 1097 939 1137; baseline -0.004 -5"><span class='ocrx_word' id='word_1_92' title='bbox 200 1100 337 1132; x_wconf 87' lang='lat' dir='ltr'>iudicari</span> <span class='ocrx_word' id='word_1_93' title='bbox 363 1105 393 1132; x_wconf 84' lang='lat' dir='ltr'>et</span> <span class='ocrx_word' id='word_1_94' title='bbox 418 1099 544 1132; x_wconf 79' lang='lat' dir='ltr'>definiri</span> <span class='ocrx_word' id='word_1_95' title='bbox 578 1099 722 1137; x_wconf 87' lang='lat' dir='ltr'>debere,</span> <span class='ocrx_word' id='word_1_96' title='bbox 749 1108 783 1130; x_wconf 87' lang='lat' dir='ltr'>ac</span> <span class='ocrx_word' id='word_1_97' title='bbox 816 1097 939 1129; x_wconf 88' lang='lat' dir='ltr'>irritum</span> 
     </span>
     <span class='ocr_line' id='line_1_21' title="bbox 203 1150 939 1194; baseline -0.004 -9"><span class='ocrx_word' id='word_1_98' title='bbox 203 1158 235 1185; x_wconf 89' lang='lat' dir='ltr'>et</span> <span class='ocrx_word' id='word_1_99' title='bbox 250 1153 348 1185; x_wconf 84' lang='lat' dir='ltr'>inane</span> <span class='ocrx_word' id='word_1_100' title='bbox 373 1153 398 1185; x_wconf 92' lang='lat' dir='ltr'>si</span> <span class='ocrx_word' id='word_1_101' title='bbox 424 1162 517 1184; x_wconf 86' lang='lat' dir='ltr'>secus</span> <span class='ocrx_word' id='word_1_102' title='bbox 536 1150 701 1194; x_wconf 83' lang='lat' dir='ltr'>superbis</span> <span class='ocrx_word' id='word_1_103' title='bbox 723 1161 740 1183; x_wconf 87' lang='grc'><strong>3</strong></span> <span class='ocrx_word' id='word_1_104' title='bbox 766 1161 939 1194; x_wconf 75' lang='lat' dir='ltr'>quoquam,</span> 
     </span>
     <span class='ocr_line' id='line_1_22' title="bbox 204 1204 943 1248; baseline -0.001 -11"><span class='ocrx_word' id='word_1_105' title='bbox 204 1206 316 1248; x_wconf 86' lang='lat' dir='ltr'>quavis</span> <span class='ocrx_word' id='word_1_106' title='bbox 333 1206 536 1245; x_wconf 83' lang='lat' dir='ltr'>auctoritate,</span> <span class='ocrx_word' id='word_1_107' title='bbox 556 1204 697 1238; x_wconf 84' lang='lat' dir='ltr'>scienter</span> <span class='ocrx_word' id='word_1_108' title='bbox 717 1206 764 1237; x_wconf 85' lang='lat' dir='ltr'>vel</span> <span class='ocrx_word' id='word_1_109' title='bbox 790 1205 943 1247; x_wconf 74' lang='lat' dir='ltr'>ignoran-</span> 
     </span>
     <span class='ocr_line' id='line_1_23' title="bbox 204 1257 942 1301; baseline -0.003 -10"><span class='ocrx_word' id='word_1_110' title='bbox 204 1265 262 1300; x_wconf 91' lang='lat' dir='ltr'>ter,</span> <span class='ocrx_word' id='word_1_111' title='bbox 278 1258 450 1301; x_wconf 86' lang='lat' dir='ltr'>contigerit</span> <span class='ocrx_word' id='word_1_112' title='bbox 468 1257 632 1290; x_wconf 86' lang='lat' dir='ltr'>attentari.</span> <span class='ocrx_word' id='word_1_113' title='bbox 650 1257 720 1290; x_wconf 87' lang='lat' dir='ltr'>Non</span> <span class='ocrx_word' id='word_1_114' title='bbox 739 1257 942 1290; x_wconf 74' lang='lat' dir='ltr'>obstantibus</span> 
     </span>
     <span class='ocr_line' id='line_1_24' title="bbox 206 1310 944 1353; baseline -0.004 -9"><span class='ocrx_word' id='word_1_115' title='bbox 206 1311 354 1344; x_wconf 89' lang='lat' dir='ltr'>omnibus</span> <span class='ocrx_word' id='word_1_116' title='bbox 383 1317 414 1344; x_wconf 88' lang='lat' dir='ltr'>et</span> <span class='ocrx_word' id='word_1_117' title='bbox 438 1311 574 1353; x_wconf 78' lang='lat' dir='ltr'>singulis</span> <span class='ocrx_word' id='word_1_118' title='bbox 600 1310 681 1350; x_wconf 89' lang='lat' dir='ltr'>illis,</span> <span class='ocrx_word' id='word_1_119' title='bbox 709 1320 791 1352; x_wconf 84' lang='lat' dir='ltr'>quae</span> <span class='ocrx_word' id='word_1_120' title='bbox 817 1310 944 1352; x_wconf 88' lang='lat' dir='ltr'>praedi—</span> 
     </span>
     <span class='ocr_line' id='line_1_25' title="bbox 207 1362 943 1407; baseline -0.003 -11"><span class='ocrx_word' id='word_1_121' title='bbox 207 1369 275 1396; x_wconf 90' lang='lat' dir='ltr'>ctus</span> <span class='ocrx_word' id='word_1_122' title='bbox 298 1363 508 1397; x_wconf 76' lang='lat' dir='ltr'>innocentius</span> <span class='ocrx_word' id='word_1_123' title='bbox 528 1363 762 1407; x_wconf 81' lang='lat' dir='ltr'>praedecessor</span> <span class='ocrx_word' id='word_1_124' title='bbox 779 1363 809 1394; x_wconf 90' lang='lat' dir='ltr'>in</span> <span class='ocrx_word' id='word_1_125' title='bbox 827 1362 943 1395; x_wconf 84' lang='lat' dir='ltr'>litteris</span> 
     </span>
     <span class='ocr_line' id='line_1_26' title="bbox 209 1416 943 1460; baseline -0.001 -11"><span class='ocrx_word' id='word_1_126' title='bbox 209 1417 275 1449; x_wconf 89' lang='lat' dir='ltr'>suis</span> <span class='ocrx_word' id='word_1_127' title='bbox 310 1417 521 1460; x_wconf 81' lang='lat' dir='ltr'>praeinsertis</span> <span class='ocrx_word' id='word_1_128' title='bbox 556 1416 659 1450; x_wconf 85' lang='lat' dir='ltr'>voluit</span> <span class='ocrx_word' id='word_1_129' title='bbox 694 1427 758 1449; x_wconf 90' lang='lat' dir='ltr'>non</span> <span class='ocrx_word' id='word_1_130' title='bbox 794 1416 943 1456; x_wconf 87' lang='lat' dir='ltr'>obstare,</span> 
     </span>
     <span class='ocr_line' id='line_1_27' title="bbox 211 1468 946 1513; baseline -0.001 -11"><span class='ocrx_word' id='word_1_131' title='bbox 211 1470 391 1513; x_wconf 85' lang='lat' dir='ltr'>ceterisque</span> <span class='ocrx_word' id='word_1_132' title='bbox 416 1470 587 1504; x_wconf 79' lang='lat' dir='ltr'>contrariis</span> <span class='ocrx_word' id='word_1_133' title='bbox 613 1470 884 1513; x_wconf 85' lang='lat' dir='ltr'>quibuscumque.</span> <span class='ocrx_word' id='word_1_134' title='bbox 907 1468 946 1501; x_wconf 90' lang='lat' dir='ltr'>Ut</span> 
     </span>
     <span class='ocr_line' id='line_1_28' title="bbox 211 1522 945 1567; baseline -0.001 -12"><span class='ocrx_word' id='word_1_135' title='bbox 211 1528 316 1555; x_wconf 88' lang='lat' dir='ltr'>autem</span> <span class='ocrx_word' id='word_1_136' title='bbox 352 1524 483 1557; x_wconf 79' lang='lat' dir='ltr'>eaedem</span> <span class='ocrx_word' id='word_1_137' title='bbox 519 1528 707 1567; x_wconf 80' lang='lat' dir='ltr'>praesentes</span> <span class='ocrx_word' id='word_1_138' title='bbox 742 1522 870 1555; x_wconf 84' lang='lat' dir='ltr'>litterae</span> <span class='ocrx_word' id='word_1_139' title='bbox 906 1522 945 1554; x_wconf 91' lang='lat' dir='ltr'>ad</span> 
     </span>
     <span class='ocr_line' id='line_1_29' title="bbox 210 1575 946 1614; baseline -0.003 -6"><span class='ocrx_word' id='word_1_140' title='bbox 210 1577 355 1609; x_wconf 88' lang='lat' dir='ltr'>omnium</span> <span class='ocrx_word' id='word_1_141' title='bbox 381 1577 527 1610; x_wconf 84' lang='lat' dir='ltr'>notitiam</span> <span class='ocrx_word' id='word_1_142' title='bbox 546 1576 669 1609; x_wconf 85' lang='lat' dir='ltr'>facilius</span> <span class='ocrx_word' id='word_1_143' title='bbox 695 1575 874 1614; x_wconf 80' lang='lat' dir='ltr'>deveniant,</span> <span class='ocrx_word' id='word_1_144' title='bbox 894 1585 946 1607; x_wconf 91' lang='lat' dir='ltr'>vo-</span> 
     </span>
     <span class='ocr_line' id='line_1_30' title="bbox 210 1628 948 1672; baseline -0.003 -11"><span class='ocrx_word' id='word_1_145' title='bbox 210 1629 319 1661; x_wconf 89' lang='lat' dir='ltr'>lumus</span> <span class='ocrx_word' id='word_1_146' title='bbox 345 1630 416 1662; x_wconf 85' lang='lat' dir='ltr'>illas</span> <span class='ocrx_word' id='word_1_147' title='bbox 443 1640 499 1662; x_wconf 86' lang='lat' dir='ltr'>seu</span> <span class='ocrx_word' id='word_1_148' title='bbox 525 1639 634 1662; x_wconf 87' lang='lat' dir='ltr'>earum</span> <span class='ocrx_word' id='word_1_149' title='bbox 653 1629 800 1672; x_wconf 87' lang='lat' dir='ltr'>exempla</span> <span class='ocrx_word' id='word_1_150' title='bbox 825 1628 863 1660; x_wconf 85' lang='lat' dir='ltr'>ad</span> <span class='ocrx_word' id='word_1_151' title='bbox 885 1628 948 1660; x_wconf 86' lang='lat' dir='ltr'>val-</span> 
     </span>
     <span class='ocr_line' id='line_1_31' title="bbox 213 1680 947 1720; baseline -0.001 -7"><span class='ocrx_word' id='word_1_152' title='bbox 213 1691 264 1713; x_wconf 91' lang='lat' dir='ltr'>vas</span> <span class='ocrx_word' id='word_1_153' title='bbox 289 1681 445 1717; x_wconf 82' lang='lat' dir='ltr'>ecclesiae</span> <span class='ocrx_word' id='word_1_154' title='bbox 470 1681 704 1720; x_wconf 84' lang='lat' dir='ltr'>Lateranensis,</span> <span class='ocrx_word' id='word_1_155' title='bbox 730 1691 766 1713; x_wconf 85' lang='lat' dir='ltr'>ac</span> <span class='ocrx_word' id='word_1_156' title='bbox 794 1680 947 1713; x_wconf 82' lang='lat' dir='ltr'>basilicae</span> 
     </span>
     <span class='ocr_line' id='line_1_32' title="bbox 212 1733 949 1777; baseline 0.001 -12"><span class='ocrx_word' id='word_1_157' title='bbox 212 1733 369 1777; x_wconf 87' lang='lat' dir='ltr'>Principis</span> <span class='ocrx_word' id='word_1_158' title='bbox 394 1735 635 1777; x_wconf 83' lang='lat' dir='ltr'>Apostolorum,</span> <span class='ocrx_word' id='word_1_159' title='bbox 665 1744 791 1768; x_wconf 88' lang='lat' dir='ltr'>necnon</span> <span class='ocrx_word' id='word_1_160' title='bbox 817 1734 949 1767; x_wconf 86' lang='lat' dir='ltr'>Cancel-</span> 
     </span>
     <span class='ocr_line' id='line_1_33' title="bbox 208 1786 949 1830; baseline -0.001 -11"><span class='ocrx_word' id='word_1_161' title='bbox 208 1787 310 1823; x_wconf 83' lang='lat' dir='ltr'>Jariae</span> <span class='ocrx_word' id='word_1_162' title='bbox 343 1787 540 1830; x_wconf 86' lang='lat' dir='ltr'>apostolicae</span> <span class='ocrx_word' id='word_1_163' title='bbox 575 1787 755 1830; x_wconf 76' lang='lat' dir='ltr'>Cariaeque</span> <span class='ocrx_word' id='word_1_164' title='bbox 788 1786 949 1829; x_wconf 79' lang='lat' dir='ltr'>generalis</span> 
     </span>
     <span class='ocr_line' id='line_1_34' title="bbox 212 1839 951 1882; baseline -0.001 -11"><span class='ocrx_word' id='word_1_165' title='bbox 212 1840 246 1871; x_wconf 92' lang='lat' dir='ltr'>in</span> <span class='ocrx_word' id='word_1_166' title='bbox 267 1839 373 1873; x_wconf 86' lang='lat' dir='ltr'>Monte</span> <span class='ocrx_word' id='word_1_167' title='bbox 398 1840 552 1874; x_wconf 88' lang='lat' dir='ltr'>Citatorio</span> <span class='ocrx_word' id='word_1_168' title='bbox 579 1846 609 1873; x_wconf 90' lang='lat' dir='ltr'>et</span> <span class='ocrx_word' id='word_1_169' title='bbox 634 1841 665 1872; x_wconf 92' lang='lat' dir='ltr'>in</span> <span class='ocrx_word' id='word_1_170' title='bbox 691 1840 758 1872; x_wconf 83' lang='lat' dir='ltr'>acie</span> <span class='ocrx_word' id='word_1_171' title='bbox 782 1839 951 1882; x_wconf 83' lang='lat' dir='ltr'>Campillo-</span> 
     </span>
     <span class='ocr_line' id='line_1_35' title="bbox 213 1892 950 1935; baseline -0.001 -11"><span class='ocrx_word' id='word_1_172' title='bbox 213 1902 268 1925; x_wconf 84' lang='lat' dir='ltr'>rae</span> <span class='ocrx_word' id='word_1_173' title='bbox 294 1893 332 1926; x_wconf 89' lang='lat' dir='ltr'>de</span> <span class='ocrx_word' id='word_1_174' title='bbox 350 1892 446 1931; x_wconf 88' lang='lat' dir='ltr'>Urbe,</span> <span class='ocrx_word' id='word_1_175' title='bbox 463 1898 498 1925; x_wconf 91' lang='lat' dir='ltr'>ut</span> <span class='ocrx_word' id='word_1_176' title='bbox 522 1894 621 1926; x_wconf 89' lang='lat' dir='ltr'>moris</span> <span class='ocrx_word' id='word_1_177' title='bbox 647 1898 704 1933; x_wconf 84' lang='lat' dir='ltr'>est,</span> <span class='ocrx_word' id='word_1_178' title='bbox 725 1892 810 1935; x_wconf 79' lang='lat' dir='ltr'>affigi</span> <span class='ocrx_word' id='word_1_179' title='bbox 836 1897 867 1924; x_wconf 89' lang='lat' dir='ltr'>et</span> <span class='ocrx_word' id='word_1_180' title='bbox 893 1902 950 1935; x_wconf 91' lang='lat' dir='ltr'>pu-</span> 
     </span>
     <span class='ocr_line' id='line_1_36' title="bbox 213 1945 949 1989; baseline -0.003 -10"><span class='ocrx_word' id='word_1_181' title='bbox 213 1946 336 1987; x_wconf 85' lang='lat' dir='ltr'>blicari,</span> <span class='ocrx_word' id='word_1_182' title='bbox 363 1947 473 1989; x_wconf 88' lang='lat' dir='ltr'>sicque</span> <span class='ocrx_word' id='word_1_183' title='bbox 501 1946 680 1989; x_wconf 84' lang='lat' dir='ltr'>publicatas</span> <span class='ocrx_word' id='word_1_184' title='bbox 713 1951 744 1978; x_wconf 88' lang='lat' dir='ltr'>et</span> <span class='ocrx_word' id='word_1_185' title='bbox 769 1945 886 1985; x_wconf 83' lang='lat' dir='ltr'>affixas,</span> <span class='ocrx_word' id='word_1_186' title='bbox 911 1955 949 1977; x_wconf 83' lang='lat'>0-</span> 
     </span>
     <span class='ocr_line' id='line_1_37' title="bbox 215 2000 953 2042; baseline -0.003 -11"><span class='ocrx_word' id='word_1_187' title='bbox 215 2009 307 2032; x_wconf 91' lang='lat' dir='ltr'>mnes</span> <span class='ocrx_word' id='word_1_188' title='bbox 324 2005 354 2033; x_wconf 90' lang='lat' dir='ltr'>et</span> <span class='ocrx_word' id='word_1_189' title='bbox 371 2000 524 2041; x_wconf 82' lang='lat' dir='ltr'>singulos,</span> <span class='ocrx_word' id='word_1_190' title='bbox 544 2011 623 2042; x_wconf 83' lang='lat' dir='ltr'>quos</span> <span class='ocrx_word' id='word_1_191' title='bbox 646 2000 720 2032; x_wconf 81' lang='lat' dir='ltr'>illae</span> <span class='ocrx_word' id='word_1_192' title='bbox 741 2003 953 2037; x_wconf 79' lang='lat' dir='ltr'>concernunt,</span> 
     </span>
     <span class='ocr_line' id='line_1_38' title="bbox 217 2051 954 2095; baseline -0.001 -11"><span class='ocrx_word' id='word_1_193' title='bbox 217 2052 353 2095; x_wconf 86' lang='lat' dir='ltr'>perinde</span> <span class='ocrx_word' id='word_1_194' title='bbox 378 2053 492 2085; x_wconf 85' lang='lat' dir='ltr'>arctari</span> <span class='ocrx_word' id='word_1_195' title='bbox 519 2057 550 2085; x_wconf 90' lang='lat' dir='ltr'>et</span> <span class='ocrx_word' id='word_1_196' title='bbox 575 2052 709 2092; x_wconf 83' lang='lat' dir='ltr'>afficere,</span> <span class='ocrx_word' id='word_1_197' title='bbox 728 2062 763 2084; x_wconf 90' lang='lat' dir='ltr'>ac</span> <span class='ocrx_word' id='word_1_198' title='bbox 782 2051 808 2083; x_wconf 88' lang='lat' dir='ltr'>si</span> <span class='ocrx_word' id='word_1_199' title='bbox 829 2051 954 2083; x_wconf 86' lang='lat' dir='ltr'>unicui-</span> 
     </span>
     <span class='ocr_line' id='line_1_39' title="bbox 218 2104 955 2148; baseline 0 -12"><span class='ocrx_word' id='word_1_200' title='bbox 218 2115 281 2148; x_wconf 86' lang='lat' dir='ltr'>que</span> <span class='ocrx_word' id='word_1_201' title='bbox 308 2115 419 2138; x_wconf 87' lang='lat' dir='ltr'>eorum</span> <span class='ocrx_word' id='word_1_202' title='bbox 444 2105 633 2138; x_wconf 87' lang='lat' dir='ltr'>nominatim</span> <span class='ocrx_word' id='word_1_203' title='bbox 670 2111 701 2137; x_wconf 87' lang='lat' dir='ltr'>et</span> <span class='ocrx_word' id='word_1_204' title='bbox 736 2104 955 2148; x_wconf 83' lang='lat' dir='ltr'>personaliter</span> 
     </span>
     <span class='ocr_line' id='line_1_40' title="bbox 218 2157 956 2201; baseline -0.001 -11"><span class='ocrx_word' id='word_1_205' title='bbox 218 2157 384 2190; x_wconf 86' lang='lat' dir='ltr'>intimatae</span> <span class='ocrx_word' id='word_1_206' title='bbox 410 2158 563 2197; x_wconf 78' lang='lat' dir='ltr'>fuissent3</span> <span class='ocrx_word' id='word_1_207' title='bbox 582 2163 682 2201; x_wconf 89' lang='lat' dir='ltr'>utque</span> <span class='ocrx_word' id='word_1_208' title='bbox 706 2158 849 2200; x_wconf 84' lang='lat' dir='ltr'>ipsarum</span> <span class='ocrx_word' id='word_1_209' title='bbox 875 2157 956 2190; x_wconf 87' lang='lat' dir='ltr'>litte-</span> 
     </span>
     <span class='ocr_line' id='line_1_41' title="bbox 219 2210 956 2253; baseline -0.003 -10"><span class='ocrx_word' id='word_1_210' title='bbox 219 2221 328 2243; x_wconf 85' lang='lat' dir='ltr'>rarum</span> <span class='ocrx_word' id='word_1_211' title='bbox 350 2210 566 2253; x_wconf 88' lang='lat' dir='ltr'>transumptis,</span> <span class='ocrx_word' id='word_1_212' title='bbox 586 2221 640 2243; x_wconf 88' lang='lat' dir='ltr'>seu</span> <span class='ocrx_word' id='word_1_213' title='bbox 665 2211 832 2252; x_wconf 82' lang='lat' dir='ltr'>exemplis,</span> <span class='ocrx_word' id='word_1_214' title='bbox 859 2211 956 2242; x_wconf 84' lang='lat' dir='ltr'>etiam</span> 
     </span>
     <span class='ocr_line' id='line_1_42' title="bbox 219 2262 958 2306; baseline -0.003 -10"><span class='ocrx_word' id='word_1_215' title='bbox 219 2263 400 2306; x_wconf 84' lang='lat' dir='ltr'>impressis,</span> <span class='ocrx_word' id='word_1_216' title='bbox 417 2273 512 2296; x_wconf 84' lang='lat' dir='ltr'>manu</span> <span class='ocrx_word' id='word_1_217' title='bbox 530 2263 665 2296; x_wconf 88' lang='lat' dir='ltr'>alicuius</span> <span class='ocrx_word' id='word_1_218' title='bbox 690 2262 811 2295; x_wconf 87' lang='lat' dir='ltr'>notarii</span> <span class='ocrx_word' id='word_1_219' title='bbox 835 2262 958 2305; x_wconf 86' lang='lat' dir='ltr'>publici</span> 
     </span>
     <span class='ocr_line' id='line_1_43' title="bbox 219 2315 959 2359; baseline -0.003 -11"><span class='ocrx_word' id='word_1_220' title='bbox 219 2316 424 2359; x_wconf 85' lang='lat' dir='ltr'>subscriptis,</span> <span class='ocrx_word' id='word_1_221' title='bbox 450 2321 483 2348; x_wconf 88' lang='lat' dir='ltr'>et</span> <span class='ocrx_word' id='word_1_222' title='bbox 502 2315 612 2358; x_wconf 84' lang='lat' dir='ltr'>sigillo</span> <span class='ocrx_word' id='word_1_223' title='bbox 632 2325 790 2358; x_wconf 86' lang='lat' dir='ltr'>personae</span> <span class='ocrx_word' id='word_1_224' title='bbox 808 2315 839 2346; x_wconf 93' lang='lat' dir='ltr'>in</span> <span class='ocrx_word' id='word_1_225' title='bbox 857 2315 959 2347; x_wconf 88' lang='lat' dir='ltr'>eccle-</span> 
     </span>
     <span class='ocr_line' id='line_1_44' title="bbox 220 2368 957 2411; baseline -0.004 -9"><span class='ocrx_word' id='word_1_226' title='bbox 220 2369 351 2402; x_wconf 73' lang='lat' dir='ltr'>siastica</span> <span class='ocrx_word' id='word_1_227' title='bbox 385 2369 541 2411; x_wconf 81' lang='lat' dir='ltr'>dignitate</span> <span class='ocrx_word' id='word_1_228' title='bbox 576 2368 774 2402; x_wconf 86' lang='lat' dir='ltr'>constitutae</span> <span class='ocrx_word' id='word_1_229' title='bbox 808 2368 957 2407; x_wconf 90' lang='lat' dir='ltr'>munitis,</span> 
     </span>
     <span class='ocr_line' id='line_1_45' title="bbox 221 2421 959 2466; baseline -0.004 -11"><span class='ocrx_word' id='word_1_230' title='bbox 221 2422 333 2456; x_wconf 88' lang='lat' dir='ltr'>eadem</span> <span class='ocrx_word' id='word_1_231' title='bbox 348 2432 483 2466; x_wconf 87' lang='lat' dir='ltr'>prorsus</span> <span class='ocrx_word' id='word_1_232' title='bbox 500 2421 578 2454; x_wconf 79' lang='lat' dir='ltr'>tides</span> <span class='ocrx_word' id='word_1_233' title='bbox 598 2427 659 2454; x_wconf 87' lang='lat' dir='ltr'>tam</span> <span class='ocrx_word' id='word_1_234' title='bbox 678 2422 709 2453; x_wconf 90' lang='lat' dir='ltr'>in</span> <span class='ocrx_word' id='word_1_235' title='bbox 727 2421 847 2453; x_wconf 89' lang='lat' dir='ltr'>iudicio</span> <span class='ocrx_word' id='word_1_236' title='bbox 864 2431 959 2463; x_wconf 75' lang='lat' dir='ltr'>quam</span> 
     </span>
     <span class='ocr_line' id='line_1_46' title="bbox 221 2472 961 2517; baseline -0.007 -9"><span class='ocrx_word' id='word_1_237' title='bbox 221 2481 309 2508; x_wconf 81' lang='lat' dir='ltr'>extra</span> <span class='ocrx_word' id='word_1_238' title='bbox 327 2475 406 2508; x_wconf 92' lang='lat' dir='ltr'>illud</span> <span class='ocrx_word' id='word_1_239' title='bbox 424 2475 545 2517; x_wconf 88' lang='lat' dir='ltr'>ubique</span> <span class='ocrx_word' id='word_1_240' title='bbox 571 2474 776 2514; x_wconf 83' lang='lat' dir='ltr'>adhibeatur,</span> <span class='ocrx_word' id='word_1_241' title='bbox 797 2484 881 2516; x_wconf 84' lang='lat' dir='ltr'>quae</span> <span class='ocrx_word' id='word_1_242' title='bbox 902 2472 961 2505; x_wconf 77' lang='lat' dir='ltr'>eis-</span> 
     </span>
     <span class='ocr_line' id='line_1_47' title="bbox 222 2526 962 2572; baseline -0.005 -11"><span class='ocrx_word' id='word_1_243' title='bbox 222 2529 294 2561; x_wconf 88' lang='lat' dir='ltr'>dem</span> <span class='ocrx_word' id='word_1_244' title='bbox 319 2528 550 2572; x_wconf 89' lang='lat' dir='ltr'>praesentibus</span> <span class='ocrx_word' id='word_1_245' title='bbox 568 2527 780 2560; x_wconf 87' lang='lat' dir='ltr'>adhiberetur</span> <span class='ocrx_word' id='word_1_246' title='bbox 800 2526 826 2559; x_wconf 89' lang='lat' dir='ltr'>si</span> <span class='ocrx_word' id='word_1_247' title='bbox 853 2527 962 2558; x_wconf 72' lang='lat' dir='ltr'>forent</span> 
     </span>
     <span class='ocr_line' id='line_1_48' title="bbox 221 2582 650 2617; baseline -0.009 0"><span class='ocrx_word' id='word_1_248' title='bbox 221 2582 385 2617; x_wconf 82' lang='lat' dir='ltr'>exhibitae</span> <span class='ocrx_word' id='word_1_249' title='bbox 409 2582 459 2615; x_wconf 93' lang='lat' dir='ltr'>vel</span> <span class='ocrx_word' id='word_1_250' title='bbox 484 2585 650 2614; x_wconf 79' lang='lat' dir='ltr'>ostensae.</span> 
     </span>
    </p>
   </div>
   <div class='ocr_carea' id='block_1_5' title="bbox 954 602 986 2614">
    <p class='ocr_par' dir='ltr' id='par_1_6' title="bbox 954 602 986 2614">
     <span class='ocr_line' id='line_1_49' title="bbox 954 602 986 2614; baseline 0 0"><span class='ocrx_word' id='word_1_251' title='bbox 954 602 986 2614; x_wconf 95' lang='lat' dir='ltr'> </span> 
     </span>
    </p>
   </div>
   <div class='ocr_carea' id='block_1_6' title="bbox 1604 179 1662 213">
    <p class='ocr_par' dir='ltr' id='par_1_7' title="bbox 1604 179 1662 213">
     <span class='ocr_line' id='line_1_50' title="bbox 1604 179 1662 213; baseline -0.034 0"><span class='ocrx_word' id='word_1_252' title='bbox 1604 179 1662 213; x_wconf 80' lang='grc'>101</span> 
     </span>
    </p>
   </div>
   <div class='ocr_carea' id='block_1_7' title="bbox 975 237 1714 436">
    <p class='ocr_par' dir='ltr' id='par_1_8' title="bbox 975 237 1714 436">
     <span class='ocr_line' id='line_1_51' title="bbox 1018 237 1712 286; baseline -0.016 -7"><span class='ocrx_word' id='word_1_253' title='bbox 1018 247 1131 279; x_wconf 85' lang='lat' dir='ltr'>Datum</span> <span class='ocrx_word' id='word_1_254' title='bbox 1168 245 1289 277; x_wconf 84' lang='lat' dir='ltr'>Romae</span> <span class='ocrx_word' id='word_1_255' title='bbox 1325 243 1409 286; x_wconf 84' lang='lat' dir='ltr'>apud</span> <span class='ocrx_word' id='word_1_256' title='bbox 1435 242 1465 275; x_wconf 87' lang='lat' dir='ltr'>S.</span> <span class='ocrx_word' id='word_1_257' title='bbox 1494 240 1624 273; x_wconf 83' lang='lat' dir='ltr'>Mariam</span> <span class='ocrx_word' id='word_1_258' title='bbox 1649 237 1712 269; x_wconf 80' lang='lat' dir='ltr'>Ma-</span> 
     </span>
     <span class='ocr_line' id='line_1_52' title="bbox 976 293 1713 338; baseline -0.012 -6"><span class='ocrx_word' id='word_1_259' title='bbox 976 301 1091 338; x_wconf 88' lang='lat' dir='ltr'>iorem,</span> <span class='ocrx_word' id='word_1_260' title='bbox 1118 298 1177 330; x_wconf 90' lang='lat' dir='ltr'>sub</span> <span class='ocrx_word' id='word_1_261' title='bbox 1208 298 1328 329; x_wconf 86' lang='lat' dir='ltr'>annulo</span> <span class='ocrx_word' id='word_1_262' title='bbox 1354 294 1534 332; x_wconf 70' lang='lat' dir='ltr'>piscatoris,</span> <span class='ocrx_word' id='word_1_263' title='bbox 1561 293 1613 325; x_wconf 87' lang='lat' dir='ltr'>die</span> <span class='ocrx_word' id='word_1_264' title='bbox 1638 301 1713 324; x_wconf 82' lang='lat' dir='ltr'>xxnt</span> 
     </span>
     <span class='ocr_line' id='line_1_53' title="bbox 975 343 1714 394; baseline -0.012 -10"><span class='ocrx_word' id='word_1_265' title='bbox 975 351 1168 394; x_wconf 81' lang='lat' dir='ltr'>septembris</span> <span class='ocrx_word' id='word_1_266' title='bbox 1193 359 1361 387; x_wconf 69' lang='lat' dir='ltr'>MDCCXXtV,</span> <span class='ocrx_word' id='word_1_267' title='bbox 1382 347 1592 391; x_wconf 76' lang='lat' dir='ltr'>pontificatus</span> <span class='ocrx_word' id='word_1_268' title='bbox 1611 343 1714 377; x_wconf 88' lang='lat' dir='ltr'>nostri</span> 
     </span>
     <span class='ocr_line' id='line_1_54' title="bbox 976 414 1110 436; baseline 0.007 -1"><span class='ocrx_word' id='word_1_269' title='bbox 976 414 1062 436; x_wconf 89' lang='lat' dir='ltr'>anno</span> <span class='ocrx_word' id='word_1_270' title='bbox 1089 414 1110 436; x_wconf 73' lang='lat' dir='ltr'>L</span> 
     </span>
    </p>
   </div>
   <div class='ocr_carea' id='block_1_8' title="bbox 1012 460 1714 498">
    <p class='ocr_par' dir='ltr' id='par_1_9' title="bbox 1012 460 1714 498">
     <span class='ocr_line' id='line_1_55' title="bbox 1012 460 1714 498; baseline -0.009 -7"><span class='ocrx_word' id='word_1_271' title='bbox 1012 464 1069 491; x_wconf 81' lang='lat' dir='ltr'>Dat.</span> <span class='ocrx_word' id='word_1_272' title='bbox 1086 464 1129 490; x_wconf 82' lang='lat' dir='ltr'>die</span> <span class='ocrx_word' id='word_1_273' title='bbox 1146 464 1180 490; x_wconf 68' lang='lat'>23</span> <span class='ocrx_word' id='word_1_274' title='bbox 1196 462 1360 498; x_wconf 83' lang='lat' dir='ltr'>septembris</span> <span class='ocrx_word' id='word_1_275' title='bbox 1384 462 1448 488; x_wconf 62' lang='lat'><strong>17024</strong></span> <span class='ocrx_word' id='word_1_276' title='bbox 1460 484 1466 495; x_wconf 85' lang='lat'><em>‚</em></span> <span class='ocrx_word' id='word_1_277' title='bbox 1484 460 1584 496; x_wconf 79' lang='lat' dir='ltr'>pontif.</span> <span class='ocrx_word' id='word_1_278' title='bbox 1606 468 1675 487; x_wconf 84' lang='lat' dir='ltr'>anno</span> <span class='ocrx_word' id='word_1_279' title='bbox 1696 466 1714 486; x_wconf 86' lang='lat'>1.</span> 
     </span>
    </p>
   </div>
   <div class='ocr_carea' id='block_1_9' title="bbox 1285 605 1405 639">
    <p class='ocr_par' dir='ltr' id='par_1_10' title="bbox 1285 605 1405 639">
     <span class='ocr_line' id='line_1_56' title="bbox 1285 605 1405 639; baseline -0.008 0"><span class='ocrx_word' id='word_1_280' title='bbox 1285 605 1405 639; x_wconf 77' lang='lat' dir='ltr'>XXXII.</span> 
     </span>
    </p>
   </div>
   <div class='ocr_carea' id='block_1_10' title="bbox 979 686 1719 941">
    <p class='ocr_par' dir='ltr' id='par_1_11' title="bbox 979 686 1719 941">
     <span class='ocr_line' id='line_1_57' title="bbox 979 686 1716 728; baseline -0.005 -9"><span class='ocrx_word' id='word_1_281' title='bbox 979 686 1173 720; x_wconf 76' lang='lat' dir='ltr'>Conceditur</span> <span class='ocrx_word' id='word_1_282' title='bbox 1197 686 1407 728; x_wconf 61' lang='lat' dir='ltr'>indulgentia</span> <span class='ocrx_word' id='word_1_283' title='bbox 1423 688 1578 727; x_wconf 59' lang='lat' dir='ltr'>perpetue</span> <span class='ocrx_word' id='word_1_284' title='bbox 1596 688 1624 716; x_wconf 74' lang='lat' dir='ltr'>et</span> <span class='ocrx_word' id='word_1_285' title='bbox 1642 693 1716 715; x_wconf 83' lang='lat' dir='ltr'>um-</span> 
     </span>
     <span class='ocr_line' id='line_1_58' title="bbox 1021 736 1717 779; baseline -0.007 -7"><span class='ocrx_word' id='word_1_286' title='bbox 1021 739 1156 772; x_wconf 63' lang='lat' dir='ltr'>vei-salis</span> <span class='ocrx_word' id='word_1_287' title='bbox 1180 738 1327 771; x_wconf 75' lang='lat' dir='ltr'>omnibus</span> <span class='ocrx_word' id='word_1_288' title='bbox 1347 736 1614 779; x_wconf 71' lang='lat' dir='ltr'>christifidelibus</span> <span class='ocrx_word' id='word_1_289' title='bbox 1639 737 1717 768; x_wconf 77' lang='lat' dir='ltr'>reci·</span> 
     </span>
     <span class='ocr_line' id='line_1_59' title="bbox 1024 789 1718 835; baseline -0.007 -9"><span class='ocrx_word' id='word_1_290' title='bbox 1024 794 1180 832; x_wconf 72' lang='lat' dir='ltr'>tentibus,</span> <span class='ocrx_word' id='word_1_291' title='bbox 1207 792 1249 824; x_wconf 80' lang='lat' dir='ltr'>ad</span> <span class='ocrx_word' id='word_1_292' title='bbox 1272 792 1405 835; x_wconf 73' lang='lat' dir='ltr'>siqnum</span> <span class='ocrx_word' id='word_1_293' title='bbox 1430 801 1608 833; x_wconf 77' lang='lat' dir='ltr'>campanae</span> <span class='ocrx_word' id='word_1_294' title='bbox 1632 789 1718 833; x_wconf 77' lang='lat' dir='ltr'>quod</span> 
     </span>
     <span class='ocr_line' id='line_1_60' title="bbox 1022 843 1719 889; baseline -0.004 -11"><span class='ocrx_word' id='word_1_295' title='bbox 1022 846 1120 889; x_wconf 71' lang='lat' dir='ltr'>vulqo</span> <span class='ocrx_word' id='word_1_296' title='bbox 1144 846 1266 878; x_wconf 68' lang='lat' dir='ltr'>dicitur</span> <span class='ocrx_word' id='word_1_297' title='bbox 1301 844 1398 877; x_wconf 78' lang='lat' dir='ltr'>l’Ave</span> <span class='ocrx_word' id='word_1_298' title='bbox 1430 844 1537 883; x_wconf 85' lang='lat' dir='ltr'>Maria,</span> <span class='ocrx_word' id='word_1_299' title='bbox 1567 843 1719 886; x_wconf 75' lang='lat' dir='ltr'>antipho-</span> 
     </span>
     <span class='ocr_line' id='line_1_61' title="bbox 1023 895 1716 941; baseline -0.006 -9"><span class='ocrx_word' id='word_1_300' title='bbox 1023 910 1101 932; x_wconf 78' lang='lat' dir='ltr'>nam</span> <span class='ocrx_word' id='word_1_301' title='bbox 1120 900 1263 941; x_wconf 78' lang='lat' dir='ltr'>Angelus</span> <span class='ocrx_word' id='word_1_302' title='bbox 1281 897 1406 930; x_wconf 88' lang='lat' dir='ltr'>Domini</span> <span class='ocrx_word' id='word_1_303' title='bbox 1431 898 1523 939; x_wconf 62' lang='lat' dir='ltr'>flemis</span> <span class='ocrx_word' id='word_1_304' title='bbox 1547 896 1679 940; x_wconf 71' lang='lat' dir='ltr'>qem&#39;bus</span> <span class='ocrx_word' id='word_1_305' title='bbox 1696 895 1716 928; x_wconf 81' lang='lat'>¹.</span> 
     </span>
    </p>
   </div>
   <div class='ocr_carea' id='block_1_11' title="bbox 982 979 1721 1120">
    <p class='ocr_par' dir='ltr' id='par_1_12' title="bbox 982 979 1721 1120">
     <span class='ocr_line' id='line_1_62' title="bbox 982 979 1721 1022; baseline -0.005 -10"><span class='ocrx_word' id='word_1_306' title='bbox 982 983 1090 1018; x_wconf 77' lang='lat' dir='ltr'>Fabrizio,</span> <span class='ocrx_word' id='word_1_307' title='bbox 1107 993 1144 1022; x_wconf 77' lang='lat' dir='ltr'>per</span> <span class='ocrx_word' id='word_1_308' title='bbox 1159 983 1180 1012; x_wconf 83' lang='lat' dir='ltr'>la</span> <span class='ocrx_word' id='word_1_309' title='bbox 1195 982 1343 1012; x_wconf 75' lang='lat' dir='ltr'>misericordia</span> <span class='ocrx_word' id='word_1_310' title='bbox 1358 982 1379 1011; x_wconf 89' lang='lat' dir='ltr'>di</span> <span class='ocrx_word' id='word_1_311' title='bbox 1395 981 1433 1011; x_wconf 85' lang='lat' dir='ltr'>Dio</span> <span class='ocrx_word' id='word_1_312' title='bbox 1448 991 1537 1010; x_wconf 70' lang='lat' dir='ltr'>vescovo</span> <span class='ocrx_word' id='word_1_313' title='bbox 1552 981 1573 1009; x_wconf 88' lang='lat' dir='ltr'>di</span> <span class='ocrx_word' id='word_1_314' title='bbox 1589 980 1651 1009; x_wconf 85' lang='lat' dir='ltr'>Porto</span> <span class='ocrx_word' id='word_1_315' title='bbox 1663 979 1721 1008; x_wconf 76' lang='lat' dir='ltr'>della</span> 
     </span>
     <span class='ocr_line' id='line_1_63' title="bbox 1021 1029 1721 1065; baseline -0.006 -4"><span class='ocrx_word' id='word_1_316' title='bbox 1021 1037 1083 1061; x_wconf 84' lang='lat' dir='ltr'>santa</span> <span class='ocrx_word' id='word_1_317' title='bbox 1097 1032 1192 1061; x_wconf 72' lang='lat' dir='ltr'>Romana</span> <span class='ocrx_word' id='word_1_318' title='bbox 1202 1032 1277 1061; x_wconf 76' lang='lat' dir='ltr'>ehiesa</span> <span class='ocrx_word' id='word_1_319' title='bbox 1291 1031 1388 1060; x_wconf 76' lang='lat' dir='ltr'>cardinal</span> <span class='ocrx_word' id='word_1_320' title='bbox 1402 1030 1515 1065; x_wconf 77' lang='lat' dir='ltr'>Paulucci,</span> <span class='ocrx_word' id='word_1_321' title='bbox 1532 1029 1589 1059; x_wconf 77' lang='lat' dir='ltr'>della</span> <span class='ocrx_word' id='word_1_322' title='bbox 1604 1029 1687 1059; x_wconf 71' lang='lat' dir='ltr'>samin</span> <span class='ocrx_word' id='word_1_323' title='bbox 1699 1029 1721 1057; x_wconf 89' lang='lat' dir='ltr'>di</span> 
     </span>
     <span class='ocr_line' id='line_1_64' title="bbox 1022 1079 1482 1120; baseline -0.007 -9"><span class='ocrx_word' id='word_1_324' title='bbox 1022 1087 1093 1111; x_wconf 87' lang='lat' dir='ltr'>nostro</span> <span class='ocrx_word' id='word_1_325' title='bbox 1108 1081 1196 1120; x_wconf 75' lang='lat' dir='ltr'>Siqnore</span> <span class='ocrx_word' id='word_1_326' title='bbox 1213 1081 1294 1109; x_wconf 83' lang='lat' dir='ltr'>vicario</span> <span class='ocrx_word' id='word_1_327' title='bbox 1309 1079 1421 1119; x_wconf 68' lang='lat' dir='ltr'>generale,</span> <span class='ocrx_word' id='word_1_328' title='bbox 1438 1089 1482 1108; x_wconf 74' lang='lat' dir='ltr'>ecc.</span> 
     </span>
    </p>
   </div>
   <div class='ocr_carea' id='block_1_12' title="bbox 985 1147 1734 2250">
    <p class='ocr_par' dir='ltr' id='par_1_13' title="bbox 985 1147 1734 2250">
     <span class='ocr_line' id='line_1_65' title="bbox 1027 1147 1721 1188; baseline -0.006 -7"><span class='ocrx_word' id='word_1_329' title='bbox 1027 1148 1173 1181; x_wconf 83' lang='lat' dir='ltr'>Essendo</span> <span class='ocrx_word' id='word_1_330' title='bbox 1194 1152 1276 1180; x_wconf 88' lang='lat' dir='ltr'>stato</span> <span class='ocrx_word' id='word_1_331' title='bbox 1294 1156 1471 1179; x_wconf 78' lang='lat' dir='ltr'>commesso</span> <span class='ocrx_word' id='word_1_332' title='bbox 1493 1147 1554 1178; x_wconf 85' lang='lat' dir='ltr'>alla</span> <span class='ocrx_word' id='word_1_333' title='bbox 1572 1155 1721 1188; x_wconf 85' lang='lat' dir='ltr'>suprema</span> 
     </span>
     <span class='ocr_line' id='line_1_66' title="bbox 985 1198 1720 1244; baseline -0.005 -10"><span class='ocrx_word' id='word_1_334' title='bbox 985 1201 1164 1244; x_wconf 86' lang='lat' dir='ltr'>apostolica</span> <span class='ocrx_word' id='word_1_335' title='bbox 1182 1200 1319 1233; x_wconf 64' lang='lat' dir='ltr'>autorith</span> <span class='ocrx_word' id='word_1_336' title='bbox 1335 1200 1386 1232; x_wconf 89' lang='lat' dir='ltr'>del</span> <span class='ocrx_word' id='word_1_337' title='bbox 1404 1199 1533 1232; x_wconf 85' lang='lat' dir='ltr'>Sommo</span> <span class='ocrx_word' id='word_1_338' title='bbox 1549 1198 1720 1237; x_wconf 82' lang='lat' dir='ltr'>Pentelice,</span> 
     </span>
     <span class='ocr_line' id='line_1_67' title="bbox 986 1251 1723 1295; baseline -0.005 -8"><span class='ocrx_word' id='word_1_339' title='bbox 986 1255 1102 1287; x_wconf 77' lang='lat' dir='ltr'>vicario</span> <span class='ocrx_word' id='word_1_340' title='bbox 1128 1254 1158 1287; x_wconf 91' lang='lat' dir='ltr'>di</span> <span class='ocrx_word' id='word_1_341' title='bbox 1184 1258 1297 1286; x_wconf 78' lang='lat' dir='ltr'>nostro</span> <span class='ocrx_word' id='word_1_342' title='bbox 1318 1253 1430 1295; x_wconf 77' lang='lat' dir='ltr'>signer</span> <span class='ocrx_word' id='word_1_343' title='bbox 1454 1252 1536 1285; x_wconf 79' lang='lat' dir='ltr'>Gesu</span> <span class='ocrx_word' id='word_1_344' title='bbox 1560 1251 1664 1285; x_wconf 85' lang='lat' dir='ltr'>Cristo</span> <span class='ocrx_word' id='word_1_345' title='bbox 1691 1251 1723 1283; x_wconf 90' lang='lat' dir='ltr'>in</span> 
     </span>
     <span class='ocr_line' id='line_1_68' title="bbox 989 1304 1723 1350; baseline -0.005 -10"><span class='ocrx_word' id='word_1_346' title='bbox 989 1315 1089 1345; x_wconf 82' lang='lat' dir='ltr'>terra,</span> <span class='ocrx_word' id='word_1_347' title='bbox 1115 1306 1137 1339; x_wconf 89' lang='lat' dir='ltr'>il</span> <span class='ocrx_word' id='word_1_348' title='bbox 1170 1306 1358 1350; x_wconf 86' lang='lat' dir='ltr'>dispensare</span> <span class='ocrx_word' id='word_1_349' title='bbox 1390 1305 1399 1337; x_wconf 93' lang='lat' dir='ltr'>i</span> <span class='ocrx_word' id='word_1_350' title='bbox 1433 1305 1532 1338; x_wconf 87' lang='lat' dir='ltr'>tesori</span> <span class='ocrx_word' id='word_1_351' title='bbox 1564 1304 1614 1337; x_wconf 89' lang='lat' dir='ltr'>dei</span> <span class='ocrx_word' id='word_1_352' title='bbox 1648 1304 1723 1337; x_wconf 90' lang='lat' dir='ltr'>doni</span> 
     </span>
     <span class='ocr_line' id='line_1_69' title="bbox 988 1355 1725 1393; baseline -0.004 0"><span class='ocrx_word' id='word_1_353' title='bbox 988 1360 1098 1393; x_wconf 89' lang='lat' dir='ltr'>celesti</span> <span class='ocrx_word' id='word_1_354' title='bbox 1115 1370 1131 1393; x_wconf 90' lang='lat' dir='ltr'>e</span> <span class='ocrx_word' id='word_1_355' title='bbox 1149 1359 1384 1393; x_wconf 84' lang='lat' dir='ltr'>considerando</span> <span class='ocrx_word' id='word_1_356' title='bbox 1399 1359 1429 1391; x_wconf 88' lang='lat' dir='ltr'>la</span> <span class='ocrx_word' id='word_1_357' title='bbox 1442 1355 1563 1391; x_wconf 72' lang='lat' dir='ltr'>Santit&#39;a</span> <span class='ocrx_word' id='word_1_358' title='bbox 1581 1358 1611 1390; x_wconf 92' lang='lat' dir='ltr'>di</span> <span class='ocrx_word' id='word_1_359' title='bbox 1630 1358 1725 1391; x_wconf 87' lang='lat' dir='ltr'>Bene-</span> 
     </span>
     <span class='ocr_line' id='line_1_70' title="bbox 989 1407 1726 1456; baseline -0.005 -10"><span class='ocrx_word' id='word_1_360' title='bbox 989 1414 1074 1448; x_wconf 91' lang='lat' dir='ltr'>detto</span> <span class='ocrx_word' id='word_1_361' title='bbox 1092 1414 1158 1446; x_wconf 80' lang='lat' dir='ltr'>XIII</span> <span class='ocrx_word' id='word_1_362' title='bbox 1176 1414 1236 1446; x_wconf 92' lang='lat' dir='ltr'>che</span> <span class='ocrx_word' id='word_1_363' title='bbox 1255 1413 1302 1446; x_wconf 89' lang='lat' dir='ltr'>sia</span> <span class='ocrx_word' id='word_1_364' title='bbox 1319 1407 1362 1445; x_wconf 83' lang='lat' dir='ltr'>un</span> <span class='ocrx_word' id='word_1_365' title='bbox 1379 1416 1512 1456; x_wconf 89' lang='lat' dir='ltr'>potente</span> <span class='ocrx_word' id='word_1_366' title='bbox 1530 1411 1650 1444; x_wconf 89' lang='lat' dir='ltr'>motivo</span> <span class='ocrx_word' id='word_1_367' title='bbox 1669 1421 1726 1453; x_wconf 89' lang='lat' dir='ltr'>per</span> 
     </span>
     <span class='ocr_line' id='line_1_71' title="bbox 989 1464 1724 1501; baseline -0.007 -1"><span class='ocrx_word' id='word_1_368' title='bbox 989 1467 1174 1500; x_wconf 85' lang='lat' dir='ltr'>distribuire</span> <span class='ocrx_word' id='word_1_369' title='bbox 1204 1466 1431 1500; x_wconf 87' lang='lat' dir='ltr'>liberalmente</span> <span class='ocrx_word' id='word_1_370' title='bbox 1456 1465 1464 1496; x_wconf 92' lang='lat' dir='ltr'>i</span> <span class='ocrx_word' id='word_1_371' title='bbox 1492 1465 1571 1497; x_wconf 87' lang='lat' dir='ltr'>detti</span> <span class='ocrx_word' id='word_1_372' title='bbox 1606 1464 1724 1501; x_wconf 84' lang='lat' dir='ltr'>tesori.</span> 
     </span>
     <span class='ocr_line' id='line_1_72' title="bbox 989 1518 1725 1564; baseline -0.005 -11"><span class='ocrx_word' id='word_1_373' title='bbox 989 1521 1118 1564; x_wconf 86' lang='lat' dir='ltr'>quando</span> <span class='ocrx_word' id='word_1_374' title='bbox 1137 1520 1161 1552; x_wconf 89' lang='lat' dir='ltr'>si</span> <span class='ocrx_word' id='word_1_375' title='bbox 1176 1519 1344 1552; x_wconf 84' lang='lat' dir='ltr'>riconosce</span> <span class='ocrx_word' id='word_1_376' title='bbox 1359 1519 1420 1551; x_wconf 75' lang='lat' dir='ltr'>che</span> <span class='ocrx_word' id='word_1_377' title='bbox 1438 1518 1526 1551; x_wconf 87' lang='lat' dir='ltr'>siano</span> <span class='ocrx_word' id='word_1_378' title='bbox 1544 1527 1601 1560; x_wconf 87' lang='lat' dir='ltr'>per</span> <span class='ocrx_word' id='word_1_379' title='bbox 1617 1527 1725 1549; x_wconf 86' lang='lat' dir='ltr'>essere</span> 
     </span>
     <span class='ocr_line' id='line_1_73' title="bbox 990 1572 1728 1616; baseline -0.005 -10"><span class='ocrx_word' id='word_1_380' title='bbox 990 1573 1088 1607; x_wconf 91' lang='lat' dir='ltr'>molto</span> <span class='ocrx_word' id='word_1_381' title='bbox 1107 1572 1305 1616; x_wconf 79' lang='lat' dir='ltr'>prosittevoli</span> <span class='ocrx_word' id='word_1_382' title='bbox 1322 1582 1380 1615; x_wconf 92' lang='lat' dir='ltr'>per</span> <span class='ocrx_word' id='word_1_383' title='bbox 1398 1581 1581 1604; x_wconf 83' lang='lat' dir='ltr'>accrescere</span> <span class='ocrx_word' id='word_1_384' title='bbox 1594 1572 1624 1603; x_wconf 95' lang='grc'>13</span> <span class='ocrx_word' id='word_1_385' title='bbox 1635 1580 1728 1603; x_wconf 90' lang='lat' dir='ltr'>vene-</span> 
     </span>
     <span class='ocr_line' id='line_1_74' title="bbox 990 1622 1727 1668; baseline -0.005 -10"><span class='ocrx_word' id='word_1_386' title='bbox 990 1627 1121 1659; x_wconf 87' lang='lat' dir='ltr'>razione</span> <span class='ocrx_word' id='word_1_387' title='bbox 1140 1625 1193 1658; x_wconf 81' lang='lat' dir='ltr'>all&#39;</span> <span class='ocrx_word' id='word_1_388' title='bbox 1209 1624 1437 1668; x_wconf 80' lang='lat' dir='ltr'>augustissima</span> <span class='ocrx_word' id='word_1_389' title='bbox 1454 1623 1568 1666; x_wconf 85' lang='lat' dir='ltr'>regina</span> <span class='ocrx_word' id='word_1_390' title='bbox 1586 1623 1637 1655; x_wconf 78' lang='lat' dir='ltr'>de&#39;</span> <span class='ocrx_word' id='word_1_391' title='bbox 1653 1622 1727 1655; x_wconf 87' lang='lat' dir='ltr'>cieli</span> 
     </span>
     <span class='ocr_line' id='line_1_75' title="bbox 991 1676 1729 1721; baseline -0.005 -10"><span class='ocrx_word' id='word_1_392' title='bbox 991 1678 1085 1711; x_wconf 76' lang='lat' dir='ltr'>Maria</span> <span class='ocrx_word' id='word_1_393' title='bbox 1106 1688 1235 1721; x_wconf 87' lang='lat' dir='ltr'>sempre</span> <span class='ocrx_word' id='word_1_394' title='bbox 1257 1677 1387 1720; x_wconf 82' lang='lat' dir='ltr'>vergine</span> <span class='ocrx_word' id='word_1_395' title='bbox 1409 1677 1517 1709; x_wconf 87' lang='lat' dir='ltr'>madre</span> <span class='ocrx_word' id='word_1_396' title='bbox 1537 1676 1567 1709; x_wconf 92' lang='lat' dir='ltr'>di</span> <span class='ocrx_word' id='word_1_397' title='bbox 1586 1676 1652 1715; x_wconf 83' lang='lat' dir='ltr'>Dio,</span> <span class='ocrx_word' id='word_1_398' title='bbox 1671 1686 1729 1719; x_wconf 88' lang='lat' dir='ltr'>per</span> 
     </span>
     <span class='ocr_line' id='line_1_76' title="bbox 992 1729 1727 1765; baseline -0.005 0"><span class='ocrx_word' id='word_1_399' title='bbox 992 1733 1130 1765; x_wconf 85' lang='lat' dir='ltr'>eccitare</span> <span class='ocrx_word' id='word_1_400' title='bbox 1152 1742 1167 1764; x_wconf 88' lang='lat' dir='ltr'>e</span> <span class='ocrx_word' id='word_1_401' title='bbox 1190 1736 1379 1763; x_wconf 85' lang='lat' dir='ltr'>mantenere</span> <span class='ocrx_word' id='word_1_402' title='bbox 1400 1730 1429 1762; x_wconf 86' lang='grc'>13</span> <span class='ocrx_word' id='word_1_403' title='bbox 1448 1729 1615 1762; x_wconf 85' lang='lat' dir='ltr'>divozione</span> <span class='ocrx_word' id='word_1_404' title='bbox 1631 1739 1727 1762; x_wconf 90' lang='lat' dir='ltr'>verso</span> 
     </span>
     <span class='ocr_line' id='line_1_77' title="bbox 993 1782 1727 1827; baseline -0.005 -9"><span class='ocrx_word' id='word_1_405' title='bbox 993 1786 1022 1818; x_wconf 86' lang='lat' dir='ltr'>la</span> <span class='ocrx_word' id='word_1_406' title='bbox 1040 1785 1214 1817; x_wconf 84' lang='lat' dir='ltr'>mcdesima</span> <span class='ocrx_word' id='word_1_407' title='bbox 1229 1794 1245 1816; x_wconf 92' lang='lat' dir='ltr'>e</span> <span class='ocrx_word' id='word_1_408' title='bbox 1264 1794 1322 1827; x_wconf 86' lang='lat' dir='ltr'>per</span> <span class='ocrx_word' id='word_1_409' title='bbox 1340 1784 1370 1815; x_wconf 88' lang='lat' dir='ltr'>Ia</span> <span class='ocrx_word' id='word_1_410' title='bbox 1386 1784 1488 1815; x_wconf 82' lang='lat' dir='ltr'>salute</span> <span class='ocrx_word' id='word_1_411' title='bbox 1504 1783 1588 1815; x_wconf 87' lang='lat' dir='ltr'>delle</span> <span class='ocrx_word' id='word_1_412' title='bbox 1606 1782 1727 1815; x_wconf 85' lang='lat' dir='ltr'>anime:</span> 
     </span>
     <span class='ocr_line' id='line_1_78' title="bbox 994 1835 1729 1882; baseline -0.004 -12"><span class='ocrx_word' id='word_1_413' title='bbox 994 1839 1105 1882; x_wconf 82' lang='lat' dir='ltr'>quindi</span> <span class='ocrx_word' id='word_1_414' title='bbox 1132 1838 1148 1870; x_wconf 81' lang='lat' dir='ltr'>e</span> <span class='ocrx_word' id='word_1_415' title='bbox 1173 1838 1234 1871; x_wconf 90' lang='lat' dir='ltr'>che</span> <span class='ocrx_word' id='word_1_416' title='bbox 1259 1838 1289 1870; x_wconf 81' lang='lat' dir='ltr'>la</span> <span class='ocrx_word' id='word_1_417' title='bbox 1314 1837 1437 1870; x_wconf 73' lang='lat' dir='ltr'>Santita</span> <span class='ocrx_word' id='word_1_418' title='bbox 1461 1836 1541 1876; x_wconf 87' lang='lat' dir='ltr'>Sua,</span> <span class='ocrx_word' id='word_1_419' title='bbox 1569 1835 1729 1869; x_wconf 78' lang='lat' dir='ltr'>confidata</span> 
     </span>
     <span class='ocr_line' id='line_1_79' title="bbox 995 1889 1730 1933; baseline -0.004 -9"><span class='ocrx_word' id='word_1_420' title='bbox 995 1893 1079 1929; x_wconf 82' lang='lat' dir='ltr'>nella</span> <span class='ocrx_word' id='word_1_421' title='bbox 1094 1890 1316 1924; x_wconf 83' lang='lat' dir='ltr'>misericordia</span> <span class='ocrx_word' id='word_1_422' title='bbox 1330 1889 1625 1933; x_wconf 77' lang='lat' dir='ltr'>dell&#39;onnipotente</span> <span class='ocrx_word' id='word_1_423' title='bbox 1640 1889 1730 1922; x_wconf 87' lang='lat' dir='ltr'>Iddio</span> 
     </span>
     <span class='ocr_line' id='line_1_80' title="bbox 996 1942 1730 1986; baseline -0.005 -8"><span class='ocrx_word' id='word_1_424' title='bbox 996 1955 1011 1978; x_wconf 88' lang='lat' dir='ltr'>e</span> <span class='ocrx_word' id='word_1_425' title='bbox 1037 1944 1259 1977; x_wconf 73' lang='lat' dir='ltr'>nell&#39;autorita</span> <span class='ocrx_word' id='word_1_426' title='bbox 1284 1943 1334 1976; x_wconf 90' lang='lat' dir='ltr'>de&#39;</span> <span class='ocrx_word' id='word_1_427' title='bbox 1352 1943 1399 1976; x_wconf 84' lang='lat' dir='ltr'>Ss.</span> <span class='ocrx_word' id='word_1_428' title='bbox 1423 1943 1560 1986; x_wconf 86' lang='lat' dir='ltr'>apostoli</span> <span class='ocrx_word' id='word_1_429' title='bbox 1586 1942 1692 1975; x_wconf 87' lang='lat' dir='ltr'>Pietro</span> <span class='ocrx_word' id='word_1_430' title='bbox 1714 1952 1730 1974; x_wconf 88' lang='lat' dir='ltr'>e</span> 
     </span>
     <span class='ocr_line' id='line_1_81' title="bbox 996 1995 1731 2038; baseline -0.005 -8"><span class='ocrx_word' id='word_1_431' title='bbox 996 1998 1114 2037; x_wconf 87' lang='lat' dir='ltr'>Paolo,</span> <span class='ocrx_word' id='word_1_432' title='bbox 1140 1997 1281 2030; x_wconf 90' lang='lat' dir='ltr'>concede</span> <span class='ocrx_word' id='word_1_433' title='bbox 1319 1996 1513 2038; x_wconf 76' lang='lat' dir='ltr'>indulgenza</span> <span class='ocrx_word' id='word_1_434' title='bbox 1544 1995 1690 2038; x_wconf 83' lang='lat' dir='ltr'>plenaria</span> <span class='ocrx_word' id='word_1_435' title='bbox 1715 2005 1731 2025; x_wconf 87' lang='lat' dir='ltr'>e</span> 
     </span>
     <span class='ocr_line' id='line_1_82' title="bbox 997 2047 1733 2091; baseline -0.004 -9"><span class='ocrx_word' id='word_1_436' title='bbox 997 2049 1184 2083; x_wconf 85' lang='lat' dir='ltr'>remissione</span> <span class='ocrx_word' id='word_1_437' title='bbox 1210 2049 1241 2081; x_wconf 92' lang='lat' dir='ltr'>di</span> <span class='ocrx_word' id='word_1_438' title='bbox 1268 2049 1338 2081; x_wconf 88' lang='lat' dir='ltr'>tutti</span> <span class='ocrx_word' id='word_1_439' title='bbox 1365 2049 1385 2081; x_wconf 93' lang='lat' dir='ltr'>li</span> <span class='ocrx_word' id='word_1_440' title='bbox 1412 2048 1535 2091; x_wconf 87' lang='lat' dir='ltr'>peccati</span> <span class='ocrx_word' id='word_1_441' title='bbox 1556 2047 1733 2079; x_wconf 78' lang='lat' dir='ltr'>universal-</span> 
     </span>
     <span class='ocr_line' id='line_1_83' title="bbox 998 2099 1733 2145; baseline -0.005 -10"><span class='ocrx_word' id='word_1_442' title='bbox 998 2108 1103 2135; x_wconf 88' lang='lat' dir='ltr'>mente</span> <span class='ocrx_word' id='word_1_443' title='bbox 1128 2113 1145 2135; x_wconf 89' lang='lat' dir='ltr'>e</span> <span class='ocrx_word' id='word_1_444' title='bbox 1170 2102 1202 2134; x_wconf 91' lang='lat' dir='ltr'>in</span> <span class='ocrx_word' id='word_1_445' title='bbox 1227 2107 1385 2145; x_wconf 86' lang='lat' dir='ltr'>perpetuo</span> <span class='ocrx_word' id='word_1_446' title='bbox 1411 2112 1428 2133; x_wconf 86' lang='lat' dir='ltr'>a</span> <span class='ocrx_word' id='word_1_447' title='bbox 1454 2101 1525 2132; x_wconf 87' lang='lat' dir='ltr'>tutti</span> <span class='ocrx_word' id='word_1_448' title='bbox 1552 2100 1574 2132; x_wconf 92' lang='lat' dir='ltr'>li</span> <span class='ocrx_word' id='word_1_449' title='bbox 1599 2100 1697 2132; x_wconf 87' lang='lat' dir='ltr'>fedeli</span> <span class='ocrx_word' id='word_1_450' title='bbox 1725 2099 1733 2131; x_wconf 94' lang='lat' dir='ltr'>i</span> 
     </span>
     <span class='ocr_line' id='line_1_84' title="bbox 999 2153 1733 2199; baseline -0.005 -11"><span class='ocrx_word' id='word_1_451' title='bbox 999 2155 1104 2199; x_wconf 82' lang='lat' dir='ltr'>quali,</span> <span class='ocrx_word' id='word_1_452' title='bbox 1131 2160 1317 2188; x_wconf 86' lang='lat' dir='ltr'>veramente</span> <span class='ocrx_word' id='word_1_453' title='bbox 1351 2154 1475 2196; x_wconf 88' lang='lat' dir='ltr'>pentiti,</span> <span class='ocrx_word' id='word_1_454' title='bbox 1509 2153 1683 2186; x_wconf 77' lang='lat' dir='ltr'>confessati</span> <span class='ocrx_word' id='word_1_455' title='bbox 1717 2164 1733 2183; x_wconf 83' lang='lat' dir='ltr'>e</span> 
     </span>
     <span class='ocr_line' id='line_1_85' title="bbox 1001 2206 1734 2250; baseline -0.005 -8"><span class='ocrx_word' id='word_1_456' title='bbox 1001 2208 1203 2249; x_wconf 82' lang='lat' dir='ltr'>comunicati,</span> <span class='ocrx_word' id='word_1_457' title='bbox 1226 2208 1258 2240; x_wconf 92' lang='lat' dir='ltr'>in</span> <span class='ocrx_word' id='word_1_458' title='bbox 1278 2218 1321 2240; x_wconf 91' lang='lat' dir='ltr'>un</span> <span class='ocrx_word' id='word_1_459' title='bbox 1342 2207 1457 2250; x_wconf 81' lang='lat' dir='ltr'>giorno</span> <span class='ocrx_word' id='word_1_460' title='bbox 1484 2206 1515 2239; x_wconf 92' lang='lat' dir='ltr'>di</span> <span class='ocrx_word' id='word_1_461' title='bbox 1540 2206 1734 2239; x_wconf 86' lang='lat' dir='ltr'>ciaschedun</span> 
     </span>
    </p>
   </div>
   <div class='ocr_carea' id='block_1_13' title="bbox 1002 2318 1738 2616">
    <p class='ocr_par' dir='ltr' id='par_1_14' title="bbox 1002 2318 1738 2616">
     <span class='ocr_line' id='line_1_86' title="bbox 1038 2318 1736 2357; baseline -0.006 -7"><span class='ocrx_word' id='word_1_462' title='bbox 1038 2325 1047 2349; x_wconf 76' lang='lat'>¹</span> <span class='ocrx_word' id='word_1_463' title='bbox 1072 2322 1183 2350; x_wconf 84' lang='lat' dir='ltr'>Constit.</span> <span class='ocrx_word' id='word_1_464' title='bbox 1205 2331 1262 2357; x_wconf 88' lang='lat' dir='ltr'>seq.</span> <span class='ocrx_word' id='word_1_465' title='bbox 1285 2321 1471 2349; x_wconf 85' lang='lat' dir='ltr'>conceduntur</span> <span class='ocrx_word' id='word_1_466' title='bbox 1491 2320 1571 2348; x_wconf 84' lang='lat' dir='ltr'>etiam</span> <span class='ocrx_word' id='word_1_467' title='bbox 1591 2318 1736 2348; x_wconf 79' lang='lat' dir='ltr'>nonnullae</span> 
     </span>
     <span class='ocr_line' id='line_1_87' title="bbox 1002 2366 1736 2402; baseline -0.001 -9"><span class='ocrx_word' id='word_1_468' title='bbox 1002 2367 1186 2402; x_wconf 82' lang='lat' dir='ltr'>indulgentiae</span> <span class='ocrx_word' id='word_1_469' title='bbox 1217 2371 1366 2402; x_wconf 83' lang='lat' dir='ltr'>perpetuae</span> <span class='ocrx_word' id='word_1_470' title='bbox 1398 2366 1576 2394; x_wconf 80' lang='lat' dir='ltr'>recitantibus</span> <span class='ocrx_word' id='word_1_471' title='bbox 1609 2374 1736 2392; x_wconf 84' lang='lat' dir='ltr'>coronam</span> 
     </span>
     <span class='ocr_line' id='line_1_88' title="bbox 1002 2410 1736 2446; baseline -0.001 -9"><span class='ocrx_word' id='word_1_472' title='bbox 1002 2412 1110 2446; x_wconf 87' lang='lat' dir='ltr'>Septem</span> <span class='ocrx_word' id='word_1_473' title='bbox 1126 2412 1252 2439; x_wconf 87' lang='lat' dir='ltr'>Dolorum</span> <span class='ocrx_word' id='word_1_474' title='bbox 1269 2411 1296 2438; x_wconf 92' lang='lat' dir='ltr'>B.</span> <span class='ocrx_word' id='word_1_475' title='bbox 1309 2411 1410 2438; x_wconf 81' lang='lat' dir='ltr'>Mariae</span> <span class='ocrx_word' id='word_1_476' title='bbox 1426 2411 1553 2446; x_wconf 68' lang='lat' dir='ltr'>Virginis⁴</span> <span class='ocrx_word' id='word_1_477' title='bbox 1566 2410 1595 2437; x_wconf 91' lang='lat' dir='ltr'>In</span> <span class='ocrx_word' id='word_1_478' title='bbox 1611 2410 1736 2437; x_wconf 74' lang='lat' dir='ltr'>Clemen—</span> 
     </span>
     <span class='ocr_line' id='line_1_89' title="bbox 1004 2453 1736 2490; baseline -0.003 -8"><span class='ocrx_word' id='word_1_479' title='bbox 1004 2456 1036 2482; x_wconf 87' lang='lat' dir='ltr'>tis</span> <span class='ocrx_word' id='word_1_480' title='bbox 1047 2455 1078 2482; x_wconf 82' lang='lat' dir='ltr'>xl</span> <span class='ocrx_word' id='word_1_481' title='bbox 1096 2461 1182 2483; x_wconf 87' lang='lat' dir='ltr'>const.</span> <span class='ocrx_word' id='word_1_482' title='bbox 1200 2455 1263 2482; x_wconf 91' lang='lat' dir='ltr'>edit.</span> <span class='ocrx_word' id='word_1_483' title='bbox 1281 2462 1372 2487; x_wconf 64' lang='lat' dir='ltr'>nocet,</span> <span class='ocrx_word' id='word_1_484' title='bbox 1384 2455 1426 2482; x_wconf 88' lang='lat' dir='ltr'>die</span> <span class='ocrx_word' id='word_1_485' title='bbox 1441 2455 1475 2482; x_wconf 71' lang='lat'>26</span> <span class='ocrx_word' id='word_1_486' title='bbox 1491 2453 1663 2490; x_wconf 84' lang='lat' dir='ltr'>septembris,</span> <span class='ocrx_word' id='word_1_487' title='bbox 1674 2462 1736 2489; x_wconf 86' lang='lat' dir='ltr'>pon-</span> 
     </span>
     <span class='ocr_line' id='line_1_90' title="bbox 1004 2497 1737 2534; baseline -0.004 -8"><span class='ocrx_word' id='word_1_488' title='bbox 1004 2499 1043 2526; x_wconf 83' lang='lat' dir='ltr'>tif.</span> <span class='ocrx_word' id='word_1_489' title='bbox 1064 2506 1087 2534; x_wconf 85' lang='lat'>1,</span> <span class='ocrx_word' id='word_1_490' title='bbox 1109 2500 1294 2526; x_wconf 81' lang='lat' dir='ltr'>conceduntur</span> <span class='ocrx_word' id='word_1_491' title='bbox 1319 2499 1459 2534; x_wconf 79' lang='lat' dir='ltr'>plenariae</span> <span class='ocrx_word' id='word_1_492' title='bbox 1486 2502 1632 2534; x_wconf 83' lang='lat' dir='ltr'>perpetuae</span> <span class='ocrx_word' id='word_1_493' title='bbox 1657 2497 1737 2524; x_wconf 85' lang='lat' dir='ltr'>etiarn</span> 
     </span>
     <span class='ocr_line' id='line_1_91' title="bbox 1004 2540 1738 2578; baseline -0.004 -9"><span class='ocrx_word' id='word_1_494' title='bbox 1004 2551 1053 2578; x_wconf 86' lang='lat' dir='ltr'>per</span> <span class='ocrx_word' id='word_1_495' title='bbox 1072 2543 1179 2570; x_wconf 87' lang='lat' dir='ltr'>modum</span> <span class='ocrx_word' id='word_1_496' title='bbox 1208 2543 1327 2578; x_wconf 82' lang='lat' dir='ltr'>suffragii</span> <span class='ocrx_word' id='word_1_497' title='bbox 1355 2542 1526 2570; x_wconf 81' lang='lat' dir='ltr'>visitantibus</span> <span class='ocrx_word' id='word_1_498' title='bbox 1546 2545 1668 2569; x_wconf 82' lang='lat' dir='ltr'>sanctam</span> <span class='ocrx_word' id='word_1_499' title='bbox 1691 2540 1738 2567; x_wconf 89' lang='lat' dir='ltr'>Do-</span> 
     </span>
     <span class='ocr_line' id='line_1_92' title="bbox 1003 2587 1289 2616; baseline 0 -2"><span class='ocrx_word' id='word_1_500' title='bbox 1003 2595 1078 2616; x_wconf 89' lang='lat' dir='ltr'>mum</span> <span class='ocrx_word' id='word_1_501' title='bbox 1098 2587 1289 2615; x_wconf 76' lang='lat' dir='ltr'>Lauretanam.</span> 
     </span>
    </p>
   </div>
   <div class='ocr_carea' id='block_1_14' title="bbox 1716 185 1900 213">
    <p class='ocr_par' dir='ltr' id='par_1_15' title="bbox 1716 185 1900 213">
     <span class='ocr_line' id='line_1_93' title="bbox 1716 185 1900 213; baseline -0.011 0"><span class='ocrx_word' id='word_1_502' title='bbox 1716 188 1764 213; x_wconf 81' lang='lat' dir='ltr'>An.</span> <span class='ocrx_word' id='word_1_503' title='bbox 1782 185 1810 213; x_wconf 88' lang='lat' dir='ltr'>C.</span> <span class='ocrx_word' id='word_1_504' title='bbox 1832 185 1900 212; x_wconf 66' lang='lat'>1724</span> 
     </span>
    </p>
   </div>
   <div class='ocr_carea' id='block_1_15' title="bbox 1732 1154 1916 1229">
    <p class='ocr_par' dir='ltr' id='par_1_16' title="bbox 1732 1154 1916 1229">
     <span class='ocr_line' id='line_1_94' title="bbox 1786 1154 1916 1179; baseline -0.023 -4"><span class='ocrx_word' id='word_1_505' title='bbox 1786 1154 1916 1179; x_wconf 68' lang='lat' dir='ltr'>lenlgentin</span> 
     </span>
     <span class='ocr_line' id='line_1_95' title="bbox 1732 1181 1916 1207; baseline -0.022 -5"><span class='ocrx_word' id='word_1_506' title='bbox 1732 1183 1828 1207; x_wconf 73' lang='lat' dir='ltr'>plenaria</span> <span class='ocrx_word' id='word_1_507' title='bbox 1847 1181 1916 1206; x_wconf 68' lang='lat' dir='ltr'>quot·-</span> 
     </span>
     <span class='ocr_line' id='line_1_96' title="bbox 1734 1210 1863 1229; baseline 0 -1"><span class='ocrx_word' id='word_1_508' title='bbox 1734 1210 1767 1229; x_wconf 77' lang='lat' dir='ltr'>hut</span> <span class='ocrx_word' id='word_1_509' title='bbox 1784 1213 1863 1228; x_wconf 75' lang='lat' dir='ltr'>meuse.</span> 
     </span>
    </p>
   </div>
  </div>
 </body>
</html>
