2170 3147
249 200 297 226 An.
318 200 345 226 c.
368 199 438 227 1726
484 191 549 225 37ss

249 1425 359 1451 ExpositIo
375 1424 436 1445 lacti.

445 249 485 281 ed
511 249 586 291 ogni
614 249 697 281 altra
723 258 798 282 cosa
824 249 885 282 che
912 249 1036 282 facesse
1062 249 1095 282 in
1114 260 1193 283 con-

446 301 563 341 trario·‚
590 302 611 334 il
638 307 750 334 tenore
778 302 863 335 delle
884 302 969 345 quali
991 303 1116 335 avendo
1135 303 1191 346 qui

444 364 504 397 per
530 365 701 397 espresso,
727 354 899 388 aIl'eII'etto
925 355 1082 388 suddetto
1107 356 1192 388 rivo-

445 407 574 439 chiamo
601 409 640 439 ed
668 404 886 449 annulliam0;
914 418 930 441 e
956 409 1022 441 cosi
1060 409 1109 442 voi
1136 410 1192 442 da-

445 465 513 492 rete
528 460 571 502 gli
586 460 693 493 ordini
713 462 905 504 opportuni,
927 461 966 494 ed
986 463 1191 495 occorrendo

446 512 548 546 sarete
573 513 764 556 pubblicare
795 513 894 547 editto
926 525 988 558 per
1014 515 1134 548 notizia
1159 516 1190 548 di

446 575 611 598 ciascuno.

489 618 570 651 Dato
603 619 657 652 nel
688 624 801 652 nostro
840 620 973 662 palazzo
1008 621 1190 664 apostolico

445 670 600 704 Vaticano
627 677 743 715 questo
769 672 800 704 di
824 683 842 705 x
868 673 972 715 Iuglio
993 683 1165 707 iinccxxvl.

746 725 954 759 BEnssnlc'rus
979 725 1039 759 ΡΡ.
1067 727 1145 760 XIII.

479 786 542 812 Dat.
563 786 607 813 die
632 787 663 814 to
682 786 740 814 iulii
764 787 841 822 1726,
864 787 963 823 pontif.
986 796 1059 816 anno
1080 795 1118 816 111.

735 928 895 962 CXXXIII.

448 1007 644 1040 Conceditur
665 1007 862 1051 presbyteris
888 1008 1024 1042 Ordinis
1041 1008 1074 1042 S.
1093 1009 1192 1042 Ioan-

489 1060 541 1092 nis
567 1060 645 1099 Dei,
673 1061 706 1092 in
738 1061 909 1094 Amet-icae
938 1061 1189 1102 meridionalis,

488 1112 756 1155 septentrionalis
780 1117 809 1146 et
839 1114 1036 1146 Martinicae
1071 1114 1192 1146 insulis

489 1165 722 1206 existentibus,
757 1166 898 1208 facultas
930 1166 1193 1199 adn'ziniscrandi

490 1222 696 1250 sacramenta
720 1228 786 1251 non
809 1219 1054 1262 paroclzialia¹.

623 1298 807 1325 Benedictus
829 1297 909 1331 Papa
929 1298 1009 1331 XIII,

587 1341 623 1368 ad
644 1341 780 1368 futuram
799 1342 845 1368 rei
865 1342 1049 1368 memoriam.

491 1414 505 1458 g
531 1413 562 1446 1.
590 1413 715 1457 Exponi
744 1414 839 1448 nobis
864 1425 970 1458 nuper
1001 1415 1077 1449 fecit
1113 1416 1193 1449 dile-

447 1473 516 1500 ctus
542 1467 627 1500 filius
654 1468 839 1501 Bernardus
866 1469 965 1507 Banfi,
984 1469 1077 1513 prior
1095 1479 1194 1512 gene-

446 1521 525 1553 ralis
550 1520 680 1554 Ordinis
703 1521 733 1553 S.
754 1521 885 1554 Ioannis
908 1521 975 1561 Dei,
998 1523 1101 1565 quod,
1121 1533 1192 1556 cum

447 1585 465 1607 a
501 1573 675 1617 praesectis
712 1574 926 1614 missionum,
959 1574 991 1607 in
1024 1576 1192 1608 Americae

446 1627 694 1667 meridionalis,
728 1628 995 1671 septentrionalis
1030 1634 1062 1661 et
1088 1629 1193 1662 Marti-

446 1680 538 1714 nicae
575 1681 758 1724 respective
796 1681 912 1714 insulis
950 1682 1189 1723 existentibus,

447 1733 613 1767 carissimo
629 1734 661 1766 in
680 1734 809 1767 Christo
824 1734 891 1767 filio
906 1740 1018 1768 nostro
1031 1735 1192 1769 Ludovico

446 1786 645 1819 Francorum
671 1787 740 1829 regi
768 1787 1043 1821 christianissimo
1075 1788 1189 1821 subic-

446 1839 507 1872 ctis
535 1839 678 1872 eiusdem
704 1839 834 1872 Ordinis
861 1840 1015 1873 fratribus
1046 1841 1078 1873 in
1100 1851 1191 1874 sacro

445 1891 692 1935 presbyteratus
717 1891 838 1925 Ordine
864 1893 1049 1926 constitutis
1074 1894 1105 1926 in
1125 1894 1190 1928 illis

447 1944 642 1987 degentibus
658 1945 898 1979 administratio
913 1952 1191 1980 sacramentorum

445 2007 511 2030 non
537 1998 778 2040 parochialium
797 1999 829 2031 in
847 2010 961 2032 eorum
985 2001 1134 2033 ecclesiis
1152 2001 1191 2035 iis

446 2051 717 2084 christifidelibus
743 2052 782 2085 ad
810 2064 863 2085 eas
881 2053 1124 2086 confluentibus
1146 2054 1192 2087 in-

445 2103 642 2143 terdicatur,
676 2104 716 2136 ab
754 2105 816 2137 hac
852 2116 927 2138 vero
964 2106 1190 2149 prohibitione

446 2157 635 2189 scandalum
653 2157 831 2201 neophytis
850 2158 979 2191 illarum
1000 2159 1137 2202 partium
1156 2169 1192 2192 ac

445 2211 687 2252 praeiudicium
723 2211 817 2244 dictis
851 2213 1052 2255 presbyteris
1078 2218 1110 2246 et
1135 2213 1192 2246 Or-

446 2263 513 2295 dini
540 2264 733 2306 proveniat:
771 2265 841 2308 ipse
879 2265 1066 2298 Bernardus
1100 2266 1192 2309 prior

446 2317 635 2357 generalis,
671 2327 736 2360 quc
773 2318 936 2351 eiusmodi
975 2319 1128 2352 scandalo
1155 2329 1190 2352 ac

445 2369 650 2410 praeiudicio
683 2370 866 2403 remedium
891 2371 1105 2412 adhibeatur,
1133 2382 1192 2416 op-

482 2459 492 2483 1
517 2458 572 2483 Alia
593 2458 676 2484 huius
697 2459 838 2486 Pontiticis
859 2464 946 2487 const.
975 2467 1125 2495 mnccxxlv,
1147 2461 1191 2488 die

445 2508 490 2528 xm
511 2502 686 2535 septembris,
709 2503 802 2537 pontif.
824 2510 843 2535 l,
865 2505 1024 2532 confirmata
1039 2506 1116 2532 fuere
1137 2507 1192 2541 pri-

446 2545 543 2580 vilegia
564 2545 667 2573 Urbani
688 2546 747 2574 VIII
764 2556 812 2583 pro
828 2549 927 2576 eodem
942 2548 1056 2583 Ordine,
1077 2553 1104 2577 et
1123 2558 1192 2577 nova

445 2596 588 2616 concessa.

1030 201 1211 226 BULLARIUM
1236 201 1392 227 ROMANUM

1235 256 1378 292 portune
1397 251 1429 284 in
1447 252 1633 295 praemissis
1651 262 1712 296 per
1728 262 1789 285 nos
1811 252 1976 296 provideri

1235 308 1267 335 et.
1290 309 1324 336 ut
1349 304 1433 337 infra
1458 304 1622 348 indulgeri
1656 315 1866 349 summopere
1894 305 1977 338 desi-

1235 357 1338 390 deret.

1278 410 1293 453 ἓ
1317 410 1349 443 02.
1369 410 1446 451 Nos,
1468 411 1568 454 ipsius
1593 412 1749 445 Bernardi
1778 412 1898 455 prioris
1925 422 1978 455 ge-

1234 463 1355 496 neralis
1381 464 1464 497 votis
1489 465 1550 496 hac
1576 465 1609 497 in
1634 475 1689 504 re,
1721 470 1877 508 quantum
1903 476 1978 500 cum

1233 516 1373 550 Domino
1392 528 1575 560 possumus,
1593 518 1812 550 favorabiliter
1832 529 1979 553 annuere

1234 571 1405 610 volentes,
1433 580 1569 613 euinque
1603 581 1620 602 a
1654 570 1824 613 quibusvis
1852 581 1980 604 excom-

1234 622 1475 664 municationis,
1503 623 1730 666 suspensionis
1755 628 1784 655 et
1803 623 1978 664 interdicti,

1235 675 1375 719 aliisque
1409 676 1638 709 ecclesiasticis
1671 676 1866 716 sententiis,
1902 686 1979 709 cen-

1234 729 1320 762 suris
1346 734 1378 762 et
1403 729 1531 772 poenis,
1559 739 1577 761 a
1601 729 1671 761 iure
1695 730 1745 762 vel
1771 728 1976 770 abhomine,

1234 782 1346 825 quavis
1383 782 1555 815 occasione
1591 783 1642 815 vel
1680 784 1775 814 causa
1810 781 1911 821 latis,
1950 781 1978 814 si

1234 834 1352 877 quibus
1380 834 1633 877 quomodolibet
1657 834 1834 868 innodatus
1859 833 1978 881 existit,

1234 888 1273 920 ad
1289 887 1437 921 effectum
1453 887 1675 930 praesentium
1692 888 1979 922 dumtaxatconse-

1235 941 1423 984 quendum,
1450 941 1566 973 harum
1593 941 1678 973 serie
1710 941 1922 973 absolventes
1947 946 1980 974 el:

1234 994 1423 1026 absolutum
1451 993 1518 1026 sore
1544 998 1739 1032 censentes,
1765 993 1980 1036 supplicanc-

1236 1045 1332 1078 nibus
1369 1045 1437 1078 eius
1474 1045 1608 1078 nomine
1645 1045 1742 1078 nobis
1781 1055 1881 1088 super
1916 1045 1980 1079 hoc

1236 1098 1406 1131 humiliter
1418 1098 1577 1141 porrectis
1596 1097 1754 1138 inclinati,
1775 1097 1978 1141 presbyteris

1236 1150 1312 1184 dicti
1338 1150 1468 1183 Ordinis
1505 1151 1538 1183 in
1574 1150 1668 1184 dictis
1693 1150 1811 1183 insulis
1838 1160 1980 1183 commo·

1236 1203 1405 1242 rantibus,
1432 1208 1467 1235 ut
1491 1203 1690 1247 praefertur,
1717 1209 1753 1236 ut
1777 1203 1839 1246 ipsi
1864 1203 1980 1237 iisdem

1236 1256 1412 1300 neophytis
1437 1256 1569 1289 illorum
1596 1257 1748 1289 ecclesias
1774 1256 1981 1300 frequentan-

1238 1310 1322 1342 tibus
1349 1314 1550 1342 sacramenta
1586 1319 1653 1342 non
1685 1309 1888 1353 parochialia
1919 1310 1981 1342 hu-

1237 1362 1378 1395 iusmodi
1404 1362 1530 1406 absque
1567 1363 1633 1395 ulla
1658 1372 1675 1395 a
1699 1363 1868 1396 memorati
1904 1363 1981 1396 mis-

1237 1415 1371 1449 sionarii
1412 1415 1654 1458 dependentia,
1695 1425 1761 1448 non
1799 1421 1906 1448 tamen
1947 1415 1979 1449 in

1236 1470 1413 1510 paschate,
1445 1469 1674 1502 administrare
1705 1469 1809 1502 libere
1835 1474 1867 1502 et
1891 1469 1979 1502 licite

1236 1522 1388 1565 possint,
1428 1522 1510 1555 itaut
1545 1522 1577 1554 in
1613 1528 1783 1565 posterum
1821 1521 1979 1565 praedicti

1236 1575 1434 1609 missionarii
1460 1585 1561 1618 super
1586 1575 1745 1608 eiusmodi
1776 1575 1980 1608 administra-

1237 1629 1324 1662 tione
1349 1629 1472 1661 nullam
1499 1629 1545 1661 eis
1570 1628 1750 1661 molestiam
1775 1627 1891 1660 afferre
1922 1638 1979 1661 au-

1236 1683 1335 1715 deant
1360 1693 1417 1714 seu
1443 1687 1665 1724 praesumant,
1692 1681 1882 1714 auctoritate
1903 1691 1981 1724 apo-

1236 1736 1371 1775 stolica,
1398 1741 1513 1769 tenore
1543 1735 1765 1778 prasentium,
1793 1735 1978 1768 facultatem

1235 1789 1444 1822 concedimus
1471 1794 1503 1821 et
1528 1788 1748 1831 impertimur.

1279 1843 1294 1886 g
1317 1842 1349 1875 3.
1377 1841 1445 1875 Non
1471 1841 1679 1874 obstantibus
1717 1841 1916 1884 praemissis,
1942 1852 1979 1874 ac

1235 1896 1436 1939 apostolicis,
1456 1901 1488 1928 et
1505 1893 1553 1928 in¹
1573 1894 1810 1928 universalibus
1831 1895 1978 1928 conciliis

1235 1949 1339 1988 editis,
1367 1948 1575 1991 generalibus
1600 1949 1647 1980 vel
1673 1947 1881 1991 specialibus,
1903 1958 1979 1980 con-

1235 2002 1459 2035 stitutionibus
1484 2007 1516 2034 et
1540 2001 1820 2041 ordinationibus,
1847 2001 1979 2034 ceteris-

1235 2066 1299 2099 que
1326 2055 1498 2088 contrariis
1525 2055 1798 2098 quibuscumque.

1278 2109 1392 2141 Datum
1412 2108 1543 2147 Romae,
1563 2108 1647 2149 apud
1672 2107 1703 2141 S.
1736 2108 1865 2140 Petrum
1886 2133 1893 2147 ,
1917 2107 1977 2140 sub

1234 2163 1356 2194 annulo
1371 2161 1558 2199 piscatoris,
1573 2161 1624 2193 die
1639 2171 1703 2194 xvu
1718 2161 1787 2193 iulii
1801 2170 1975 2202 nnccxxvi,

1234 2214 1445 2258 pontificatus
1469 2213 1576 2246 nostri
1598 2224 1685 2246 anno
1711 2223 1756 2247 111.

1270 2277 1330 2303 Dat.
1358 2275 1401 2302 die
1426 2276 1456 2302 17
1477 2275 1535 2302 iulii
1562 2275 1639 2307 1726,
1663 2275 1762 2310 pontif.
1785 2283 1858 2302 anno
1879 2281 1919 2302 111.

1524 2408 1681 2441 CXXXIV.

1234 2479 1436 2514 statuuntur
1459 2479 1623 2512 nonnulla
1648 2479 1734 2511 circa
1757 2478 1904 2512 ecclesias
1918 2490 1977 2523 pa-

1278 2532 1437 2565 rochiales
1462 2536 1554 2565 eoetra
1574 2531 1688 2565 Urbem
1707 2532 1892 2574 institutas,
1915 2542 1976 2576 pro

1269 2593 1282 2621 1
1304 2593 1460 2629 Praeposit.
1479 2594 1513 2622 in
1533 2601 1581 2622 nos
1600 2593 1725 2621 addimus
1746 2593 1785 2629 (n.
1801 2593 1850 2630 τ.).

1980 204 2032 232 An.
2053 205 2082 232 C.
2101 206 2169 235 1726

2058 425 2170 448 Concessio

1987 453 2106 479 praedicta.

2016 1852 2143 1877 Clausulam.
