2170 3147
218 206 268 234 An.
286 205 315 232 c.
342 205 409 233 ⁴726
455 195 520 229 440

242 849 376 869 Prooemium
392 853 404 868 a

219 876 270 895 cura
318 876 404 895 exitu-u·

220 903 246 921 da
274 902 404 927 pauperibus

221 928 406 948 morbislaborau-

220 956 283 975 tibus.

755 254 812 286 CL.

413 333 566 376 Eriyitur
592 333 753 376 hospitale
775 342 835 375 pro
860 331 1017 364 curandis
1040 340 1158 374 paupe-

456 387 556 425 ribus,
586 387 671 418 lineri
690 390 717 418 ct
734 385 840 417 scabie
860 384 1083 417 laborantibus
1099 384 1157 416 sub

460 439 557 471 tilulo
591 439 746 481 deiparae
777 438 924 481 Virqim‘s
956 442 985 470 et
1016 438 1055 470 B.
1086 436 1160 470 Gal-

458 492 569 531 licant,
586 492 678 535 eique
695 491 750 524 dos
767 495 795 523 et
813 491 963 524 ministri
978 490 1159 533 adsiynan-

460 550 523 585 tur,
551 545 731 588 prim'legyz'a
755 549 783 577 e!
808 545 1035 587 vbzdzttqeneiae
1056 553 1160 576 conce-

460 598 599 639 duntur,
626 609 699 631 cum¹
724 598 803 631 aliis
827 596 1123 630 ordinationibus¹.

592 678 776 706 Benedictus
803 678 981 712 episcopus,

590 730 700 750 servus
730 729 887 749 servorum
916 722 981 756 Dei,

528 770 564 794 ad
586 770 769 802 perpetuam
792 768 838 793 rei
859 767 1047 793 memoriam.

462 839 571 871 Bonus
604 838 657 871 ille
691 843 910 880 aeternusque
942 837 1070 877 Pastor,
1104 835 1158 880 qui

417 902 477 936 pro
504 891 618 925 ovibus
643 891 708 923 suis
734 902 751 924 e
777 890 877 923 veteri
903 890 978 924 labe
1000 895 1030 923 et
1055 890 1160 933 prisca

417 946 573 979 servitute
599 945 741 989 peccatis
769 944 978 984 redimendis,
1004 943 1160 986 purisque

418 1003 450 1031 et
470 997 583 1031 liberis
609 998 648 1030 ad
674 997 829 1030 caelestia
854 1007 973 1040 pascua
998 995 1160 1028 adducen-

419 1052 488 1092 dis,
515 1052 689 1084 salutarem
721 1049 951 1094 pretiosissimi
985 1048 1161 1092 Sanguinis

419 1104 467 1137 sui
494 1104 615 1144 sontem
641 1104 780 1147 aperire,
802 1109 832 1136 et
859 1103 891 1135 in
917 1104 971 1135 ara
990 1101 1102 1136 Crucis
1128 1101 1160 1134 in

418 1158 561 1201 pretium
604 1157 766 1190 immolari
800 1156 917 1197 voluit,
950 1155 1072 1199 quique
1105 1165 1163 1188 no-

418 1216 515 1244 stram
536 1210 765 1250 humilitatem,
783 1209 1162 1243 nullolicetineritorum

418 1270 606 1298 nostrorum
633 1263 808 1306 suffragio,
840 1264 879 1296 ad
905 1263 974 1296 eius
1008 1262 1093 1295 vices
1130 1262 1162 1294 in

419 1317 512 1351 terris
550 1317 711 1360 gerendas
748 1317 870 1359 eligere
907 1316 1059 1359 dignatus
1100 1320 1161 1355 est,

418 1371 631 1415 praecipuam
657 1376 812 1414 paternae
838 1369 1006 1402 eharitatis
1031 1373 1162 1402 nostrae

419 1426 675 1460 sollicitudiuem
704 1424 834 1457 assidue
861 1425 988 1465 excitat,
1007 1428 1041 1455 ut
1064 1422 1102 1455 ad
1127 1432 1164 1455 ea

418 1480 507 1524 vigili
534 1480 642 1513 studio
669 1479 886 1520 intendamus,
913 1489 974 1522 per
999 1487 1083 1521 quae
1110 1477 1163 1509 mi-

419 1533 609 1566 serabilium
636 1543 856 1576 personarum
874 1531 1078 1575 praesertim,
1097 1541 1162 1563 non

419 1588 524 1621 solum
550 1597 657 1619 rerum
682 1586 803 1629 inopia,
824 1596 934 1618 verum
962 1585 1060 1618 etiam
1079 1594 1162 1616 mor-

419 1641 498 1674 bosa
516 1650 693 1683 corporum
713 1638 897 1672 calamitate
916 1648 1162 1681 oppressarum,

420 1694 659 1738 temporalibus
685 1692 973 1736 spiritualibusque
1011 1701 1164 1724 occurra-

420 1757 491 1780 mus
517 1745 776 1784 necessitatibus,
796 1750 839 1785 ut,
860 1755 918 1788 per
943 1745 1091 1788 impensa
1116 1743 1162 1776 eis

420 1800 552 1844 pietatis
578 1810 735 1840 munera,
763 1799 847 1832 inter
879 1798 1070 1831 morborum
1097 1798 1163 1830 lan-

422 1863 540 1896 guores
587 1853 728 1886 divinam
766 1857 947 1895 agnoscant
978 1850 1164 1884 misericor-

422 1908 516 1947 diam,
536 1912 567 1939 et
589 1906 708 1939 deinde
730 1906 894 1939 mundana
915 1905 1059 1938 membra
1077 1904 1165 1937 exhi-

420 1960 519 1993 beant
543 1959 664 1993 servire
701 1959 842 1992 iustitiae
868 1959 901 1991 iu
928 1957 1160 1991 sanctificatio-

420 2024 507 2046 nem.
552 2013 759 2057 Quapropter
798 2013 861 2057 piis
898 2011 1164 2045 christifidelium

422 2067 605 2107 desideriis
627 2077 709 2110 quae
735 2065 811 2099 huic
829 2071 959 2100 nostrae
981 2069 1164 2098 consonant

421 2120 601 2160 voluntati,
638 2125 672 2152 ut
706 2119 850 2162 votivos,
888 2119 1068 2152 secundum
1109 2128 1165 2150 cor

421 2179 580 2214 nostrum,
605 2173 782 2207 sortiantur
819 2172 962 2213 effectus,
1000 2182 1096 2215 opem
1133 2176 1166 2205 et

421 2238 554 2270 operam
579 2232 723 2260 nostram
749 2227 891 2260 libenter
923 2225 1162 2270 impendimus,

422 2291 458 2313 ae
482 2280 589 2313 omnia
615 2286 646 2313 et
669 2281 809 2324 singula,
833 2291 916 2324 quae
937 2280 1036 2312 huius
1061 2279 1163 2312 nostri

423 2333 552 2366 consilii
579 2334 764 2366 executioni
801 2333 1019 2376 destinatique
1055 2332 1164 2376 operis

422 2386 589 2419 stabilitati
615 2396 651 2419 ac
678 2387 762 2420 felici
789 2386 961 2430 faustoque
997 2386 1163 2420 successui

461 2475 468 2499 1
496 2473 554 2499 Alia
575 2473 655 2500 huius
676 2475 817 2501 Pontiticis
838 2477 923 2502 const.
940 2474 1005 2502 edit.
1021 2481 1163 2507 uuecxxvr,

423 2518 466 2545 die
490 2519 520 2543 ¹5
540 2518 658 2553 augusti,
676 2519 768 2554 pontif.
790 2526 829 2553 111,
847 2520 978 2547 nonnulla
992 2523 1094 2547 statuta
1107 2519 1165 2547 sue-

423 2566 486 2590 runt
507 2571 553 2597 pro
583 2567 656 2590 recto
687 2563 816 2598 regimine
845 2564 1018 2599 hospitalium
1048 2565 1164 2592 civitatis

424 2608 571 2636 Caesenae.

1005 201 1187 226 nummum
1211 200 1365 226 Romnum

1947 199 1998 226 An.
2019 198 2048 227 C.
2070 197 2138 227 ¹72ss

1202 249 1273 283 sore
1298 250 1506 293 agnoscimus
1543 254 1746 294 opportuna,
1786 252 1943 293 quantum

1201 303 1297 336 nobis
1323 314 1360 336 ex
1386 304 1452 337 alto
1488 303 1703 347 permittitur,
1742 302 1941 346 elargimur,

1201 357 1427 398 concedimus,
1453 357 1625 391 statuimus
1652 362 1683 390 et
1707 356 1906 389 ordinamus.

1245 409 1260 452 ξ
1297 409 1328 442 t.
1355 409 1459 453 Sane,
1485 410 1693 442 attendentes
1730 409 1817 452 quod
1857 407 1944 441 inter

1203 468 1250 496 tot
1275 462 1485 504 nosocomia,
1511 474 1568 496 seu
1595 462 1785 506 hospitalia,
1813 461 1941 505 aliaque

1202 516 1272 548 loca
1298 515 1351 558 pia
1376 515 1407 547 in
1432 517 1515 549 alma
1540 515 1626 548 Urbe
1641 516 1761 555 nostra,
1787 513 1944 557 quemad-

1202 568 1335 600 modum
1371 573 1514 601 sanctam
1553 568 1646 601 decet
1682 566 1859 608 civitatem,
1904 566 1942 599 ad

1202 620 1401 654 christianae
1427 621 1559 665 pietatis
1584 626 1616 654 et
1647 620 1790 653 caritatis
1815 619 1944 653 laudem

1203 680 1234 706 et
1259 674 1298 707 ad
1332 674 1488 708 levandas
1518 673 1754 707 miserabilium
1785 683 1945 717 persona-

1203 737 1273 759 rum
1300 733 1362 760 tam
1390 727 1495 761 dictae
1522 727 1617 760 Urbis
1642 726 1824 760 incolarum
1847 735 1944 769 quam

1204 784 1386 814 exterarum
1419 781 1458 814 ad
1491 781 1578 814 illam
1611 780 1657 813 uti
1691 780 1730 813 ad
1763 779 1848 823 piam
1882 790 1946 812 ma-

1206 839 1286 868 trem
1319 835 1555 868 confluentium
1592 833 1753 877 inopiam,
1780 832 1946 866 infirmita-

1204 892 1252 920 tes
1276 887 1422 931 aliasque
1447 888 1605 920 humanas
1624 886 1833 926 calamitates,
1860 885 1946 918 chri-

1204 939 1393 975 stifidelium
1412 940 1608 974 liberalitate
1625 940 1757 972 fundata
1776 943 1807 972 et
1822 943 1943 980 erecta,

1205 1004 1286 1037 quae
1312 1005 1417 1038 prope
1444 993 1552 1027 omnia
1573 1003 1608 1027 ex
1636 992 1746 1026 debito
1772 991 1946 1036 pastoralis

1204 1046 1301 1079 officii
1331 1047 1434 1081 nostri
1460 1048 1585 1080 summa
1603 1056 1673 1079 cum
1691 1044 1819 1090 paterni
1846 1043 1944 1077 animi

1206 1101 1306 1133 nostri
1333 1100 1536 1134 iucunditate
1562 1097 1849 1144 perlustravimus,
1875 1097 1946 1130 nul-

1205 1154 1271 1186 lum
1297 1153 1404 1186 adhuc
1428 1153 1591 1198 hospitale
1616 1163 1677 1196 pro
1704 1149 1945 1184 miserabilibus

1206 1207 1357 1249 personis
1394 1207 1506 1251 lepra,
1544 1206 1654 1239 scabie
1687 1215 1723 1238 ac
1761 1204 1848 1236 tinea
1887 1213 1944 1236 seu

1206 1259 1378 1303 prurigine
1403 1259 1436 1292 in
1462 1260 1568 1303 capite
1605 1257 1788 1302 respective
1825 1255 1946 1290 affectis

1206 1312 1287 1345 inibi
1312 1313 1511 1356 recipiendis
1551 1312 1768 1355 curandisque
1806 1310 1947 1343 destina-

1208 1371 1273 1399 tum
1310 1372 1406 1410 atque
1442 1367 1622 1400 institutum
1662 1365 1865 1409 reperimus;
1892 1369 1943 1406 et,

1207 1421 1351 1464 quamvis
1376 1421 1455 1455 alias
1481 1421 1584 1455 felicis
1609 1419 1848 1454 recordationis
1878 1419 1947 1452 Ale-

1206 1475 1330 1508 xander
1362 1475 1447 1519 Papa
1472 1474 1522 1507 Vll
1555 1475 1788 1518 praedecessor
1812 1478 1945 1514 noster,

1208 1528 1425 1562 laudabilibus
1451 1529 1687 1562 nonnullorum
1721 1527 1859 1561 aliorum
1885 1527 1947 1560 Ro-

1208 1591 1378 1614 manorum
1404 1580 1597 1614 Pontificum
1630 1580 1727 1613 etiam
1759 1580 1949 1624 praedeces·

1207 1646 1313 1669 sorum
1339 1640 1526 1669 nostrorum
1553 1640 1630 1668 tunc
1649 1645 1784 1667 suorum
1802 1633 1948 1676 vestigiis

1208 1690 1377 1730 insistens,
1403 1700 1439 1723 ac
1464 1690 1710 1723 necessitatibus
1735 1688 1858 1722 morbis
1887 1689 1947 1721 liu-

1208 1743 1347 1776 iusmodi
1375 1743 1608 1783 laborantium,
1635 1743 1706 1786 qui,
1734 1753 1807 1775 cum
1831 1742 1865 1774 in
1889 1741 1948 1774 ho-

1208 1797 1380 1840 spitalibus
1404 1797 1558 1840 praefatis
1589 1807 1655 1829 non
1682 1795 1946 1835 admittebantur,

1208 1860 1268 1883 nec
1293 1849 1337 1882 ibi
1363 1851 1571 1890 curabantur,
1599 1850 1632 1882 in
1649 1849 1708 1882 viis
1726 1848 1867 1892 publicis
1883 1849 1949 1881 lan-

1208 1914 1367 1946 guescere
1403 1903 1560 1946 omnique
1586 1903 1730 1936 humano
1755 1901 1874 1935 auxilio
1900 1911 1949 1934 ea-

1209 1962 1318 1991 rentes
1357 1957 1497 1990 animam
1544 1956 1661 1989 misere
1701 1966 1800 1998 agere
1844 1955 1947 1988 coacti

1209 2016 1310 2052 erant,
1336 2010 1521 2050 subvenire,
1538 2010 1650 2053 eisque
1676 2010 1708 2042 in
1727 2008 1946 2052 hospitalibus

1208 2064 1362 2107 praefatis
1387 2064 1493 2096 locum
1519 2069 1633 2107 patere
1660 2062 1804 2106 cupiens,
1826 2066 1948 2094 statue-

1208 2118 1250 2150 rit
1275 2122 1306 2150 et
1330 2117 1477 2158 voluerit,
1503 2123 1537 2149 ut
1561 2117 1593 2149 in
1620 2116 1786 2150 nonnullis
1804 2115 1949 2149 eiusdem
1973 2123 1977 2127 ’

1208 2171 1302 2204 Urbis
1328 2171 1546 2214 hospitalibus
1571 2170 1695 2214 aliquot
1712 2169 1841 2210 cubilia,
1861 2179 1950 2202 seor-

1208 2225 1269 2258 sim
1294 2235 1330 2257 ac
1355 2224 1531 2268 separatim
1564 2235 1581 2256 a
1613 2223 1776 2257 cubilibus
1809 2223 1947 2257 aliorum

1208 2284 1417 2321 aegrotorum
1463 2277 1543 2310 inibi
1589 2276 1853 2310 decumbentium
1869 2303 1876 2317 ,
1915 2276 1949 2310 in

1207 2331 1444 2365 miserabilium
1469 2341 1684 2375 personarum
1710 2332 1811 2374 lepra,
1840 2329 1949 2363 scabie

1208 2386 1293 2419 linea
1318 2395 1374 2418 seu
1399 2384 1567 2428 prurigine
1605 2384 1822 2417 laborantium
1849 2383 1879 2415 in
1909 2382 1949 2415 il-

1208 2439 1245 2472 lis
1286 2439 1502 2472 curandarum
1540 2448 1634 2470 usum
1671 2443 1703 2470 et
1742 2436 1948 2470 commodum

1208 2493 1450 2525 instruerentur
1482 2501 1518 2525 ac
1553 2492 1794 2530 retinerentur,
1828 2489 1950 2522 nihilo-

1207 2545 1314 2578 minus
1352 2545 1433 2578 haec
1468 2544 1645 2578 Alexandri
1684 2542 1949 2587 praedecessoris

1210 2599 1333 2632 tametsi
1366 2598 1582 2632 saluberrima
1617 2596 1787 2640 dispositio
1821 2595 1948 2630 debitae

2002 426 2138 448 restauratis

1954 452 2040 473 urbanis
2067 453 2138 480 hospi-

1955 479 2040 503 talibus,
2060 480 2137 501 nullum

1955 505 2028 531 lepra,
2045 506 2102 526 tinea
2118 510 2139 528 et

1955 531 2028 552 scabie
2039 531 2139 554 laborau-

1955 558 2012 579 tibus
2032 560 2138 585 excipien-

1955 585 1987 606 dis
2003 589 2115 612 repertum.
