2170 3147
205 232 396 260 11101111
443 222 506 255 118

230 1248 266 1268 Dm
274 1247 392 1272 ogaluriass·

399 281 515 319 tinere,
540 284 570 311 et
594 278 634 311 ab
659 278 734 317 illis,
771 277 810 309 ad
846 286 927 318 quos
962 280 1090 318 spectat
1113 280 1145 307 et

395 342 456 375 pro
486 336 634 373 tempore
666 329 944 373 quandocumque
971 328 1142 370 spectabit,

397 385 428 416 in
455 384 606 416 omnibus
637 388 668 415 et
691 392 751 425 per
775 382 885 414 onmia
909 380 1144 414 inviolabiliter

397 443 427 470 et
458 437 652 469 inconcusse
687 434 854 468 observari
882 440 913 467 et
946 434 1143 477 adimpleri,

397 489 510 532 sicque
538 495 570 522 ct
595 499 660 522 non
687 488 782 521 aliter
807 488 839 520 in
858 487 1049 530 praemissis
1069 497 1144 520 cen-

397 542 473 581 seri,
495 546 593 585 atquc
620 541 664 573 ita
689 551 747 584 per
765 550 991 583 quoscumque
1015 540 1142 573 iudices

396 595 587 627 ordinarios
606 599 638 626 et
655 595 838 636 delegatos,
854 593 950 626 ctiam
974 603 1142 626 causarum

395 647 509 690 palatii
535 646 705 689 apostolici
731 647 910 685 auditores,
936 657 971 679 ac
997 646 1143 679 eiusdem

397 700 427 732 S.
450 700 487 732 R.
507 699 541 732 E.
568 699 764 740 cardinales,
791 699 888 732 ctiam
916 700 954 732 de
980 700 1082 732 latere
1104 700 1146 732 le-

397 759 489 794 gatos
517 758 550 785 ct
574 752 678 785 dictae
710 752 804 784 Sedis
834 752 985 792 nuncios,
1023 752 1145 785 aliosve

397 806 565 848 quoslibet
593 816 799 848 quacumque
829 805 1089 848 praeeminentia
1115 811 1147 838 et

396 864 558 903 potestate
577 860 751 902 fungentes
772 864 804 892 et
821 859 1001 898 iuncturos,
1018 859 1146 892 sublata

397 913 443 946 eis
462 917 494 946 et
511 923 624 946 eorum
651 912 787 945 cuilibet
814 913 924 955 quavis
942 912 1039 945 aliter
1062 912 1147 945 iudi-

397 965 491 999 candi
510 971 541 999 et
557 966 797 1010 interpretandi
815 967 966 999 facultate
985 972 1017 999 et
1034 970 1145 999 aucto-

397 1020 511 1060 ritate,
539 1019 679 1052 iudicari
713 1025 744 1052 et
776 1019 906 1052 definiri
939 1020 1082 1059 debere,
1110 1030 1146 1053 ac

398 1073 527 1105 irritum
561 1077 593 1106 et
623 1072 722 1105 inane
747 1073 773 1105 si
807 1083 903 1106 secus
929 1083 1027 1116 super
1053 1072 1103 1105 his
1129 1083 1146 1105 a

400 1137 575 1170 quoquam,
595 1126 707 1169 quavis
728 1125 931 1165 auctoritate,
951 1130 1079 1159 scenter
1096 1127 1145 1159 vel

401 1180 604 1222 ignoranter,
632 1179 805 1222 contigerit
829 1178 995 1212 attentari.

446 1233 461 1275 ,S
486 1233 539 1266 13.
560 1233 630 1266 Non
649 1233 854 1266 obstantibus
876 1232 1076 1276 praemissis,
1097 1243 1145 1273 ac,

404 1291 565 1330 quatenus
584 1297 667 1330 opus
686 1287 736 1327 sit,
756 1288 865 1319 nostra
884 1291 915 1319 et.
929 1286 1147 1318 Cancellariae

404 1339 613 1382 Apostolicae
632 1340 746 1381 regula
764 1339 803 1372 de
823 1339 890 1372 iure
909 1339 1055 1381 quaesito
1080 1348 1147 1371 non

406 1392 564 1433 tollendo,
591 1397 622 1426 et
646 1392 749 1426 felicis
776 1391 1013 1425 recordationis
1031 1391 1148 1434 Grego-

403 1448 443 1480 rii
468 1446 534 1480 §1111
563 1456 598 1478 ac
623 1446 768 1479 eiusdem
787 1445 908 1478 Urbani
929 1445 993 1478 Ylll
1020 1451 1052 1478 et
1076 1446 1150 1479 Ale-

404 1500 518 1534 xandri
533 1500 592 1540 vll,
612 1500 834 1534 Romanorum
851 1498 1043 1533 Pontificum
1061 1509 1149 1542 prae-

406 1555 618 1588 decessorum
638 1560 836 1593 nostrorum,
855 1564 913 1596 per
939 1563 1017 1596 quas
1042 1552 1151 1585 suffra-

408 1608 459 1651 gia
499 1613 660 1651 perpetua
700 1608 732 1640 in
769 1607 918 1650 capitulis
955 1612 985 1639 et
1017 1617 1151 1648 congre-

408 1661 592 1704 gationibus
612 1661 870 1704 provincialibus
890 1665 921 1693 et
941 1659 1150 1702 generalibus

407 1714 553 1757 patribus
578 1714 707 1747 Ordinis
738 1719 769 1746 ct
798 1712 1053 1756 provincialibus
1079 1723 1151 1745 con-

407 1778 498 1801 cessa
517 1769 661 1808 fuerant,
680 1768 818 1810 aliisque
838 1766 1029 1809 apostolicis
1047 1776 1083 1798 ac
1101 1764 1150 1797 in¹

406 1821 646 1853 universalibus
665 1819 987 1864 provincialibusque
1007 1824 1038 1851 ct
1056 1829 1151 1861 syno-
1172 1825 1174 1836 ¹

407 1874 535 1907 dalibus
556 1874 702 1906 conciliis
728 1873 841 1913 editis,
868 1873 1076 1914 generalibus
1103 1873 1151 1904 vel

407 1927 620 1970 specialibus,
646 1926 938 1960 constitutionilnis
966 1930 997 1958 et
1024 1924 1153 1957 ordina-

409 1980 563 2019 tionibus,
590 1991 719 2013 necnon
751 1979 828 2024 dicti
854 1979 982 2012 Ordinis
1017 1978 1152 2021 eiusque

408 2034 712 2076 congregatiomun‚
729 2033 1009 2071 reformationuin,
1026 2031 1154 2075 provin-

409 2087 531 2119 ciarum
559 2092 591 2119 et
615 2092 834 2120 conventuum
860 2096 1152 2129 quorumcumque,

410 2140 604 2181 iuramento,
621 2139 870 2173 confirmatione
897 2139 1087 2183 apostolica,
1106 2140 1153 2171 vel
1175 2150 1177 2158 ¹

410 2194 522 2237 quavis
551 2194 703 2227 firmitate
730 2193 792 2226 alia
817 2193 993 2230 roboratis,
1020 2192 1154 2233 statutis,

410 2248 533 2290 usibus,
560 2248 650 2291 stylis
679 2252 709 2281 et
735 2246 1039 2286 consuetudinibus,
1059 2246 1155 2279 ctiam

411 2301 745 2341 iiunieniorabilibus,
783 2299 964 2344 privilegiis
1001 2309 1154 2342 quoquc,

413 2354 546 2387 indultis
587 2359 617 2388 et
660 2354 778 2387 litteris
817 2353 1008 2396 apostolicis
1050 2352 1155 2385 cidem

412 2407 534 2447 Ordini,
562 2408 695 2451 eiusque
730 2407 972 2450 superioribus,
1001 2406 1156 2439 fratribus

413 2465 444 2491 et
470 2460 642 2503 personis,
676 2461 734 2492 sub
760 2460 1018 2502 quilniscumquc
1044 2459 1158 2491 verbo-

413 2524 483 2545 rum
519 2513 685 2545 tenoribus
713 2519 744 2545 et
777 2513 900 2549 formis,
929 2523 965 2545 ac
990 2523 1062 2544 011111
1089 2512 1158 2554 qui-

413 2566 523 2599 busvis
549 2566 644 2598 ctiam
676 2566 955 2607 derogatoriarum
988 2566 1158 2607 derogato-

450 2630 460 2654 1
486 2627 636 2663 l'raeposit.
661 2628 688 2653 ιἰι
712 2635 760 2653 nos
782 2626 908 2654 addimus
930 2634 967 2662 ist·
991 2627 1041 2661 τ.).

986 225 1169 249 ΒῘἿᾸΛῙΠῊΜ
1194 223 1351 248 ROMANUM

1938 222 1985 250 An.
2007 222 2036 250 C.
2057 224 2136 253 1724·

1186 273 1250 313 riis,
1271 274 1410 317 aliisque
1431 273 1677 312 efficacioribus,
1699 272 1931 306 efficacissimis

1187 332 1218 359 et
1242 326 1383 360 insolitis
1409 326 1576 367 clausulis,
1604 326 1875 370 irritantibusque
1901 331 1933 359 et

1187 381 1258 414 aliis
1285 379 1439 420 decretis,
1468 380 1499 412 in
1524 390 1644 423 genere
1668 379 1717 412 vel
1742 380 1776 412 in
1801 379 1930 423 specie,

1187 446 1222 467 ac
1260 434 1338 467 alias
1374 434 1406 466 in
1444 434 1646 466 contrarium
1674 433 1932 476 praemissorum

1186 487 1434 531 quomodolibet
1459 486 1634 527 concessis,
1654 497 1690 519 ac
1711 485 1933 530 quantiscum-

1188 552 1249 585 que
1280 541 1404 574 vicibus
1439 539 1656 579 confirmatis,
1681 538 1869 583 approbatis
1902 544 1934 571 et

1186 594 1366 635 innovatis3
1394 593 1511 638 quibus
1538 593 1689 626 omnibus
1719 597 1751 626 et
1778 591 1931 635 singulis,

1187 649 1314 681 etiamsi
1343 658 1403 691 pro
1429 646 1600 680 sufficienti
1634 646 1764 679 illorum
1797 645 1934 688 deroga-

1189 701 1276 734 tione
1301 701 1340 734 de
1366 701 1431 733 illis
1457 709 1638 742 eorumque
1661 699 1735 731 totis
1763 697 1932 731 tenoribus

1188 754 1353 798 specialis,
1366 753 1528 797 specifica,
1542 762 1697 795 expressa
1711 757 1742 785 et
1756 751 1933 790 individua,

1189 818 1224 841 ac
1244 809 1283 841 de
1301 807 1401 840 verbo
1419 807 1458 839 ad
1483 806 1629 845 verbum,
1649 816 1714 838 11011
1741 810 1847 838 autem
1873 814 1934 848 per

1189 861 1350 894 clausulas
1376 860 1547 903 generales
1579 858 1665 892 idem
1697 858 1931 901 importantes,

1190 914 1310 947 mentio
1335 923 1392 946 seu
1425 912 1558 956 quaevis
1589 911 1652 944 alia
1683 910 1850 954 expressio
1876 911 1934 943 ha-

1189 968 1305 1009 benda,
1324 973 1378 1000 aut
1396 967 1503 1010 aliqua
1516 966 1579 999 alia
1596 964 1756 1008 exquisita
1774 964 1877 997 forma
1895 963 1934 996 ad

1190 1023 1253 1055 1100
1278 1021 1440 1055 servanda
1465 1020 1558 1061 soret,
1580 1024 1709 1052 tenores
1736 1016 1936 1055 huiusmodi,

1190 1086 1226 1108 ac
1243 1075 1268 1108 si
1288 1075 1327 1107 de
1348 1075 1444 1107 verbo
1470 1073 1509 1106 ad
1531 1072 1678 1112 verbum,
1694 1070 1776 1104 nihil
1806 1069 1935 1113 penitus

1190 1129 1311 1163 omisso
1330 1132 1362 1161 et
1381 1128 1481 1161 forma
1499 1126 1531 1159 in
1545 1126 1610 1159 illis
1625 1124 1738 1158 tradita
1752 1124 1934 1163 observata,

1190 1182 1453 1225 exprimerentur
1471 1185 1502 1212 ct
1527 1180 1762 1216 insererentur,
1782 1186 1936 1220 praesen-

1192 1236 1275 1268 tibus
1288 1245 1347 1278 pro
1360 1234 1454 1277 plene
1474 1238 1504 1265 et
1519 1232 1714 1265 sufficienter
1731 1229 1892 1273 expressis
1904 1233 1936 1262 et

1191 1288 1322 1321 insertis
1339 1287 1510 1326 babentes,
1523 1285 1585 1318 illis
1602 1284 1680 1317 alias
1695 1285 1726 1316 in
1742 1294 1801 1316 suo
1816 1282 1934 1316 robore

1191 1340 1425 1386 permansuris,
1446 1340 1484 1372 ad
1503 1337 1758 1382 praemissorum
1773 1335 1934 1377 effectum,

1192 1396 1253 1428 hac
1270 1395 1339 1428 vice
1355 1391 1723 1435 duintaxat‚speeialiter
1737 1396 1768 1423 et
1782 1400 1935 1433 expresse

1193 1449 1398 1491 derogamus,
1419 1457 1454 1479 ac
1472 1446 1663 1488 derogatum
1683 1454 1755 1478 esse
1772 1444 1934 1484 volumus;

1193 1501 1377 1544 ceterisque
1404 1498 1576 1532 contrariis
1602 1498 1879 1541 quibuscumque.

1237 1555 1251 1597 ξ
1277 1554 1331 1586 114.
1359 1553 1512 1585 Volumus
1551 1557 1668 1592 autem,
1706 1561 1747 1584 ne
1779 1551 1847 1584 ullo
1878 1559 1937 1582 un-

1194 1617 1290 1650 quam
1317 1611 1462 1649 tempore
1489 1605 1570 1637 haec
1595 1604 1627 1636 in
1654 1603 1852 1637 oblivionem
1880 1612 1938 1636 seu

1195 1659 1445 1694 desuetudinem
1472 1658 1598 1698 abeant,
1619 1663 1653 1690 ut
1677 1657 1860 1701 superiores
1886 1666 1938 1699 ge-

1194 1714 1322 1747 nerales
1348 1713 1397 1745 vel
1424 1723 1538 1745 eorum
1563 1710 1779 1744 commissarii
1805 1710 1836 1743 in
1862 1720 1938 1754 pro-

1194 1767 1373 1799 vinciarum
1393 1765 1595 1805 visitatione,
1618 1764 1677 1797 sub
1702 1763 1814 1797 iisdem
1840 1763 1940 1807 priva-

1197 1819 1293 1853 tionis
1319 1818 1415 1852 ot'ticii
1451 1818 1609 1860 vocisque
1636 1817 1756 1850 activae
1782 1821 1814 1849 et
1837 1816 1942 1860 passi-

1195 1884 1251 1906 vae
1277 1873 1348 1915 ipso
1377 1872 1460 1905 sacto
1480 1871 1685 1904 incurrendis
1711 1870 1838 1914 poenis,
1857 1880 1939 1913 quae

1196 1926 1325 1959 nonnisi
1352 1937 1368 1958 a
1395 1925 1488 1958 nobis
1522 1926 1571 1957 vcl
1601 1923 1755 1957 Romanis
1781 1922 1942 1956 Pontifici-

1197 1981 1256 2013 bus
1283 1978 1526 2012 successoribus
1545 1977 1665 2010 nostris
1684 1976 1834 2009 similiter
1858 1977 1942 2009 rela-

1198 2033 1266 2065 xari
1300 2033 1438 2071 valeant,
1477 2031 1516 2064 dc
1545 2035 1775 2063 contentorum
1811 2029 1843 2061 in
1880 2029 1942 2062 hac

1198 2088 1308 2120 nostra
1333 2085 1501 2118 sanctione
1528 2083 1733 2117 observantia
1764 2082 1940 2125 diligenter

1199 2140 1386 2183 inquirant,
1414 2150 1449 2171 ac
1489 2142 1749 2180 transgressores
1787 2136 1819 2169 in
1853 2135 1940 2169 vocis

1199 2194 1319 2227 activae
1347 2198 1378 2226 ct
1402 2191 1548 2235 passivae
1575 2189 1765 2234 privationis
1801 2198 1941 2232 poenam

1200 2246 1352 2279 incidisse
1374 2251 1405 2278 et
1430 2245 1469 2277 ad
1490 2244 1596 2277 osticia
1620 2242 1749 2276 Ordinis
1775 2241 1940 2275 inhabiles

1981 1560 1996 1579 T
2001 1561 2126 1586 ransumpto·

1948 1592 1992 1607 riuu
2007 1586 2066 1607 tides.

1177 2311 1238 2336 ,00
1276 2299 1346 2342 ipso
1380 2299 1572 2337 declarent,
1615 2301 1714 2340 utque
1752 2294 1941 2328 earumdem

1199 2352 1416 2397 praesentium
1437 2351 1619 2384 litterarum
1641 2348 1861 2392 transumptis,
1881 2358 1942 2381 seu

1201 2405 1367 2448 exemplis,
1388 2404 1481 2437 etiam
1501 2402 1678 2446 impressis,
1691 2412 1788 2435 manu
1805 2401 1940 2438 alicuius

1202 2471 1238 2493 ex
1266 2457 1450 2491 secretariis
1468 2456 1607 2489 ministri
1627 2455 1787 2499 generalis
1813 2460 1867 2488 aut
1884 2465 1942 2487 no-

1203 2512 1271 2545 tarii
1298 2511 1417 2555 publici
1448 2509 1655 2553 subscriptis,
1682 2514 1713 2542 ct
1738 2508 1845 2552 sigillo
1872 2507 1942 2541 offl-

1202 2566 1242 2598 eii
1279 2565 1426 2598 eiusdem
1461 2563 1597 2597 ministri
1631 2567 1686 2595 aut
1720 2561 1941 2606 procuratoris

1203 2618 1361 2662 generalis
1398 2618 1497 2661 ipsius
1534 2616 1685 2656 Ordinis,
1722 2617 1771 2649 vel
1808 2615 1940 2650 atterius
