2170 3147
13 218 63 244 An.
80 216 109 244 C.
131 216 200 243 1725

37 591 158 612 clausulae.

37 1698 197 1722 Deroaatcrrao.

798 211 990 234 BENEDlCTUS
1017 210 1072 233 x111
1097 211 1146 233 PP.

1624 196 1682 228 271

204 267 361 307 perpetuo
387 266 545 294 servetur.
565 260 711 303 ipsisque
737 264 943 292 conservato·
984 257 1128 301 singulis,
1155 258 1278 291 etiamsi
1306 267 1364 300 pro
1396 256 1526 289 illorum
1553 252 1724 288 sufficienti

203 316 292 348 ribus
312 313 512 356 iniungimus
536 316 571 344 ut
596 311 627 355 in
652 311 797 354 praefata
823 311 942 343 tabella
985 311 1198 354 derogatione
1226 310 1265 343 de
1291 310 1355 342 illis
1380 319 1556 351 eorumque
1583 308 1657 340 totis
1683 311 1727 340 te-

204 368 362 401 adnotent
379 365 510 398 festivos
529 364 607 403 dies,
626 363 742 406 quihus
766 362 941 405 unicuique

205 431 241 453 ex
275 418 367 452 dictis
403 416 618 460 quadraginta
649 415 794 448 ecclesiis
827 416 941 447 subro-

205 471 318 515 gandis
343 470 477 503 calicum
502 475 534 502 et
557 478 726 501 cereorum
754 466 941 499 huiusmodi

205 524 327 558 oblatio
353 523 500 556 facienda
524 520 642 554 veniet.

198 591 201 595 ·
248 577 262 620 §
287 576 318 611 3.
341 576 572 614 Decernentes,
598 574 726 607 easdem
753 578 942 616 praesentes

204 630 327 663 litteras
364 639 495 672 semper
526 627 645 668 firmas,
678 627 797 659 validas
823 631 855 658 et
879 625 944 657 esli-

204 693 295 716 caces
321 682 459 715 existere
478 687 509 714 et
525 681 605 720 sore,
620 689 761 722 suosque
779 678 944 722 plenarios
965 680 966 686 ¹

204 741 235 768 et
259 735 403 777 integros
428 733 559 767 effectus
585 732 693 766 sortiri
720 737 751 764 et
776 731 942 771 obtinere,

204 798 239 820 ac
264 787 458 830 supradictis
492 786 637 819 ecclesiis
671 785 702 817 in
736 784 887 817 omnibus
914 789 945 817 et

203 851 263 884 per
287 839 395 872 omnia
420 839 608 881 plenissime
635 837 823 880 suffragari,
849 843 880 870 ct
905 837 944 869 ab

203 893 290 933 illis,
317 893 357 925 ad
383 903 463 935 quos
498 896 680 935 spectat-et
703 901 763 934 pro
798 896 944 933 tempore

204 945 478 990 quandocumque
496 944 667 987 spectabit,
688 944 878 976 inconcusse
893 943 946 975 ob-

205 998 351 1038 servari,
384 997 495 1040 sicque
527 1003 557 1029 et
588 1007 652 1029 non
678 996 770 1028 aliter
795 995 827 1027 in
854 1006 946 1038 prae-

205 1051 310 1084 missis
334 1061 394 1094 per
418 1059 639 1093 quoscumque
664 1049 788 1082 iudices
815 1048 946 1081 ordina-

205 1104 271 1137 rios
289 1108 319 1135 et
337 1103 514 1144 delegatos,
534 1102 629 1134 etiam
649 1112 817 1134 causarum
837 1101 945 1144 palatii

206 1155 376 1200 apostolici
403 1155 578 1193 auditores,
604 1165 639 1187 ac
672 1154 703 1187 S.
724 1154 762 1186 R.
781 1154 815 1187 E.
844 1155 947 1187 cardi-

206 1211 309 1250 nales,
331 1208 450 1242 aliosve
476 1207 641 1250 quoslibet
666 1208 778 1250 quavis
804 1208 947 1240 auctori-

207 1266 269 1296 tate
295 1266 327 1294 et
343 1266 504 1305 potestate
524 1261 696 1303 fungentes
715 1266 745 1292 et
764 1262 944 1300 sanctur-OS,

207 1313 334 1348 sublata
370 1314 416 1347 eis
454 1319 486 1346 et
522 1323 633 1346 eorum
670 1313 801 1346 cuilibet
835 1314 946 1356 quavis

207 1368 302 1402 aliter
334 1367 498 1401 iudicandi
523 1373 555 1400 et
578 1367 816 1410 interpretandi
848 1368 948 1401 sacul-

208 1426 272 1454 tate
297 1426 328 1454 et
350 1421 541 1454 auctoritate
558 1447 565 1460 ,
590 1420 725 1453 iudicari
759 1427 790 1453 et
821 1420 946 1454 deliniri

208 1475 351 1513 debere,
378 1484 413 1506 ac
442 1473 567 1506 irritum
601 1481 633 1506 et
660 1474 758 1515 ,inane
793 1474 820 1506 si
855 1485 948 1507 secus

208 1538 306 1572 super
331 1527 381 1560 his
408 1538 426 1560 a
450 1537 623 1570 quoquam,
646 1528 754 1570 quavis
779 1528 949 1561 auctorita-

209 1586 261 1622 te,
287 1580 428 1614 scienter
453 1580 501 1613 vel
532 1580 743 1622 ignoranter,
775 1580 949 1623 contigerit

208 1634 374 1668 attentari.

251 1688 267 1731 ἓ
290 1687 321 1720 4.
350 1686 420 1720 Non
446 1686 653 1719 obstantibus
678 1687 880 1729 praemissis,
914 1697 949 1719 ac

209 1741 319 1773 nostra
335 1743 367 1772 et
383 1739 599 1772 Cancellariae
615 1739 820 1781 Apostolicae
838 1740 949 1781 regula

211 1793 250 1826 de
270 1792 341 1826 iure
367 1793 513 1836 quaesito
539 1803 603 1825 non
628 1793 784 1831 tollendo,
811 1792 949 1835 aliisque

211 1845 494 1880 constitutionibus
523 1851 554 1878 et
587 1845 846 1878 ordinationibus
873 1856 950 1888 apo-

211 1899 345 1938 stolicis,
373 1908 501 1931 necnon
524 1898 702 1942 quibusvis⁷
735 1898 832 1931 etiam
865 1898 951 1930 iura-

211 1957 330 1991 mento,
346 1950 592 1984 confirmatione
611 1949 798 1994 apostolica,
814 1951 863 1984 vel
879 1962 952 1995 qua-

212 2004 258 2037 vis
283 2003 433 2037 firmitate
459 2004 522 2037 alia
550 2003 734 2043 roboratis,
761 2004 890 2036 statutis
922 2008 954 2036 et

212 2057 518 2097 consuetudinibus,
556 2057 650 2090 etiam
686 2057 952 2089 immemorabili-

213 2113 293 2151 bus,
318 2110 496 2154 privilegiis
522 2120 662 2153 quoque,
691 2110 823 2142 indultis
849 2115 880 2142 et
905 2110 953 2142 lit-

214 2165 290 2198 teris
315 2162 512 2206 apostolicis,
531 2162 758 2204 chirographis
785 2168 816 2194 et
843 2162 954 2194 rescri-

213 2217 284 2261 ptis,
311 2217 372 2249 sub
410 2215 666 2258 quibuscumque
703 2215 877 2247 verborum
909 2221 953 2248 te-

214 2270 350 2304 noribus
387 2274 420 2301 et
455 2267 575 2306 formis,
613 2273 645 2300 et
680 2277 751 2300 cum
786 2267 954 2310 quibusvis

214 2323 312 2356 etiam
330 2321 609 2363 derogatoriarum
629 2320 853 2362 derogatoriis,
873 2321 955 2353 aliis-

214 2386 276 2420 que
303 2374 550 2414 efficacioribus,
571 2373 802 2406 efficacissimis
823 2379 854 2407 et
872 2374 956 2406 inso-

214 2429 278 2463 litis
315 2428 478 2468 clausulis,
517 2427 787 2470 irritantibusque
820 2431 851 2459 et
886 2427 956 2459 aliis

215 2482 378 2521 decretis,
406 2481 438 2513 in
472 2480 669 2513 contrarium
703 2479 957 2523 praemissorum

216 2535 323 2576 editis,
348 2545 403 2568 seu
426 2533 529 2574 sactis,
553 2533 731 2572 concessis,
757 2532 956 2566 confirmatis

217 2593 248 2621 et
272 2587 394 2632 pluries
420 2586 596 2627 innovatis3
614 2586 731 2630 quibus
757 2585 908 2619 omnibus
927 2589 959 2618 ct

986 363 1123 396 noribus
1149 362 1312 405 specialis,
1331 361 1493 404 specifica,
1513 371 1670 403 expressa
1694 364 1727 392 et

985 416 1163 455 individua,
1183 426 1219 448 ac
1242 416 1280 448 tle
1305 416 1403 447 verbo
1428 415 1467 447 ad
1492 415 1639 452 verbum,
1659 423 1726 446 non

985 473 1092 500 autem
1112 479 1171 510 per
1192 468 1354 500 clausulas
1372 468 1542 508 generales
1563 467 1647 499 idem
1674 467 1728 499 im·

985 526 1162 564 portantes,
1188 520 1310 552 mentio
1336 530 1393 552 seu
1420 519 1550 562 quaevis
1584 520 1647 552 alia
1672 529 1726 551 ex-

986 573 1111 616 pressio
1138 572 1289 605 habenda
1313 578 1367 604 aut
1392 572 1498 614 aliqua
1523 573 1584 604 alia
1617 572 1728 615 exqui-

987 627 1046 659 sita
1072 627 1173 659 forma
1198 626 1238 658 ad
1266 625 1329 657 hoc
1355 625 1512 657 servanda
1539 625 1632 663 soret,
1661 625 1729 658 illo-

988 690 1057 710 rum
1086 687 1218 711 tenores
1244 677 1468 719 praesentibus
1491 687 1550 719 pro
1576 678 1671 719 plene
1697 683 1730 710 et

987 731 1185 763 sufficienter
1210 729 1371 772 expressis
1397 740 1432 761 ac
1458 729 1495 761 ad
1522 728 1655 761 verbum
1680 729 1728 761 in-

988 783 1083 816 sertis
1107 783 1276 821 habentes,
1302 782 1365 814 illis
1391 781 1469 814 alias
1486 781 1517 813 in
1535 791 1592 814 suo
1611 780 1729 814 robore

988 835 1219 879 permansuris,
1235 835 1273 867 ad
1292 834 1550 877 praemissorum
1570 833 1729 874 effectum,

990 889 1050 921 hac
1070 888 1138 920 vice
1161 888 1333 926 dumtaxat,
1349 886 1534 929 specialiter
1552 891 1584 918 et
1602 896 1731 929 expres-

989 952 1022 973 se
1041 941 1251 982 derogamus,
1267 940 1447 982 ceterisque
1468 938 1640 972 contrariis
1661 939 1731 982 qui-

990 995 1203 1036 buscumque.

1033 1047 1149 1079 Datum
1182 1046 1324 1085 Romae,
1352 1045 1436 1088 apud
1462 1045 1493 1078 S.
1517 1044 1648 1078 Mariam
1669 1044 1733 1077 Ma-

990 1099 1103 1139 iorem,
1120 1099 1180 1131 sub
1201 1099 1325 1131 annulo
1348 1097 1537 1137 piscatoris,
1561 1097 1612 1130 dic
1636 1107 1731 1130 xxvu1

990 1151 1186 1194 septembris
1217 1159 1370 1189 MDcchV,
1397 1149 1604 1193 pontificatus
1629 1150 1730 1182 nostri

991 1216 1075 1238 anno
1100 1216 1135 1238 11.

1026 1267 1084 1294 Dat.
1101 1266 1144 1293 die
1162 1266 1196 1294 28
1211 1265 1375 1301 septembris
1398 1265 1474 1300 1725,
1492 1264 1591 1300 pontif.
1612 1273 1683 1292 anno
1703 1271 1730 1292 u.

1324 1406 1410 1439 CXV.

994 1488 1116 1521 [mitur
1134 1488 1346 1531 Conqreqalio
1362 1487 1536 1520 Doctrinae
1551 1485 1735 1520 Crislianae

1036 1541 1130 1584 requi
1142 1540 1298 1583 Neapolis
1315 1540 1414 1572 alleri
1426 1539 1647 1573 Avenoniensz·
1663 1549 1736 1571 cum

1035 1593 1231 1637 quibusdam
1263 1591 1527 1625 ordinationibus
1553 1596 1581 1624 et
1605 1601 1731 1624 conces-

1035 1646 1181 1679 sionibus
1205 1645 1227 1678 ἵ.

1168 1725 1351 1753 Benedictus
1373 1725 1451 1758 Papa
1471 1724 1556 1757 xm,

1107 1770 1142 1798 ad
1164 1772 1341 1804 perpetuam
1362 1770 1408 1796 rei
1429 1768 1615 1795 memoriam.

1038 1841 1141 1881 illius,
1161 1840 1250 1874 cuius
1269 1839 1426 1873 ineffabili
1445 1838 1591 1872 bonitate
1610 1844 1642 1872 et
1659 1850 1734 1883 pro-

994 1894 1137 1927 videntia
1158 1898 1243 1926 stant
1267 1899 1298 1926 et
1322 1897 1481 1935 reguntur
1506 1892 1668 1932 universa,
1690 1892 1735 1925 vi-

995 1958 1058 1987 ces,
1076 1948 1151 1981 licet
1168 1946 1331 1985 immeriti,
1351 1951 1500 1988 gerentes
1516 1945 1548 1977 in
1565 1945 1671 1985 terris,
1694 1945 1734 1978 ad

996 2011 1032 2033 ea
1057 2000 1239 2044 peculiares
1264 1998 1449 2042 vigilantiae
1475 2003 1606 2031 nostrae
1640 2009 1734 2032 curas

995 2053 1254 2097 propensissima
1292 2052 1450 2085 charitate
1491 2051 1712 2085 convertimus
1728 2079 1736 2092 ‚

997 2116 1079 2149 quae
1104 2106 1190 2138 sclici
1215 2114 1438 2148 prosperoque
1468 2105 1563 2138 statui
1590 2110 1621 2138 et
1646 2105 1734 2148 regi-

997 2158 1076 2190 mini
1108 2157 1404 2200 Congregationum
1437 2157 1566 2200 piorum
1595 2157 1738 2190 virorum

997 2211 1149 2254 propriae
1175 2210 1366 2254 alienaeque
1396 2210 1490 2243 saluti
1527 2210 1738 2243 laudabiliter

1036 2327 1045 2352 1
1070 2326 1127 2352 Alia
1148 2325 1228 2352 huius
1249 2324 1386 2352 Pontificis
1405 2329 1489 2352 const.
1512 2325 1738 2360 edit,Mncexx1v‚

998 2370 1041 2397 die
1062 2371 1095 2397 94
1116 2370 1272 2397 novembris
1291 2370 1387 2405 pontif.
1408 2376 1426 2404 1,
1452 2375 1589 2397 reservata
1616 2371 1667 2398 suit
1688 2372 1740 2398 Ro-

999 2422 1075 2441 mano
1097 2414 1219 2441 Pontifici
1241 2414 1405 2448 dispensatio
1431 2423 1515 2450 super
1535 2418 1595 2442 voto
1616 2423 1741 2450 perseve-

999 2459 1101 2485 rantiae
1131 2459 1156 2484 in
1186 2458 1256 2485 dicta
1276 2458 1489 2493 Congregatione
1510 2458 1692 2494 Neapolitana,
1714 2463 1742 2486 et

1000 2503 1106 2529 constit.
1127 2502 1191 2529 edit.
1213 2508 1374 2535 Muccxxviu,
1392 2503 1433 2528 die
1457 2510 1464 2528 1
1488 2503 1564 2535 iunii,
1590 2504 1685 2538 pontis.
1701 2511 1738 2537 iv,

1001 2546 1128 2573 nonnulla
1149 2546 1309 2572 ordinantur
1338 2554 1384 2581 pro
1412 2546 1482 2574 bono
1503 2547 1632 2580 regimine
1652 2547 1739 2574 dictae

1001 2591 1222 2626 Congregationis
1243 2590 1447 2618 Arenionensis.

1735 205 1781 230 An.
1800 204 1827 230 C.
1850 204 1917 230 1725

1775 1850 1885 1870 mor-tium
