2170 3147
250 234 298 259 An.
321 234 349 259 C.
370 234 437 259 1725

313 1372 408 1392 Decernit
415 1377 438 1390 iii·

272 1434 276 1444 ,
293 1432 295 1441 ι
313 1433 324 1444 ,ι
341 1430 375 1443 vu
393 1425 439 1442 ι-Ι”,.

268 1459 278 1469 ιι
290 1458 332 1471 runi
369 1452 438 1470 distri-

343 1484 361 1498 tii
395 1481 438 1498 tres

485 225 548 257 {21ss

447 283 537 312 litatis
560 282 691 321 intuitu,
716 283 743 312 8.
768 282 797 312 S.
820 281 932 312 Nicolai
955 281 1136 321 Cephaladii,
1163 286 1191 311 et

447 332 474 361 9.
507 331 534 361 S.
564 330 712 360 Francisoi
742 330 920 360 Castrilucii.
953 330 994 360 Ad
1028 330 1189 360 secundum

447 389 514 408 vei-0
539 388 588 408 sen
609 379 798 409 Catanensem
823 379 987 409 districtum
1010 388 1113 408 novem
1137 379 1190 408 lios

445 429 537 458 alios:
568 429 591 457 l.
609 429 636 456 9.
656 428 786 466 Agathae
802 428 916 457 Veteris
934 428 962 457 in
980 428 1051 457 urbe
1068 427 1188 465 Catana,

445 479 473 507 0,.
493 479 523 506 S.
542 478 628 507 Blasii
645 477 752 507 Terrae
766 478 828 515 Aci,
842 478 870 507 3.
892 477 921 508 S.
942 477 1060 507 Antonii
1077 477 1190 507 abbatis

448 527 644 561 paternionis,
659 527 687 555 4.
712 526 740 556 S.
759 527 867 556 Mariae
889 526 1188 564 lesu,Ran(latii....¹,

446 580 473 605 et
498 577 524 604 7.
549 576 577 605 S.
603 575 709 605 Mariae
744 575 807 605 lesu
830 575 1051 609 Tauromeniis,
1082 575 1189 614 quibus

445 629 617 662 aggregatos
647 624 757 663 pariter
787 624 943 660 volumus,
971 624 1000 653 8.
1029 623 1057 653 S.
1082 623 1189 652 Mariae

448 673 511 702 lesu
533 673 691 711 Laupatii‘g,
716 678 743 702 et.
773 673 801 702 9.
827 675 856 702 S.
880 672 1022 702 Antonini
1054 672 1191 711 martyris

445 721 620 752 Castriboni.
649 721 794 751 Similiter
817 722 851 750 ad
876 721 994 750 tertium
1026 721 1056 749 in
1088 720 1191 749 ordine

446 770 614 800 districtum
646 779 696 800 seu
730 770 925 807 Pacteiiseiii,
960 769 1046 806 vulgo
1079 768 1190 798 dictum

446 818 517 848 della
542 819 630 855 Costa,
649 823 806 858 sequentes
828 827 932 848 novem
951 817 1024 847 alios
1042 817 1191 856 pertinere

446 868 651 898 decernimus:
690 869 714 897 l.
739 868 766 897 S.
790 867 910 897 Antonii
937 866 1066 896 civitatis
1089 866 1191 895 Pacta-

446 917 554 955 rensis,
578 917 606 946 ΕΞ.
631 918 660 946 S.
686 916 804 946 Antonii
831 915 1047 954 Mondsaihani,
1072 915 1100 944 3.
1119 914 1189 944 San—

448 971 510 995 ctae
526 966 632 996 Mariae
649 966 712 995 lesu
735 966 843 996 Terrae
859 967 888 995 S.
906 965 996 997 Petri,
1017 965 1045 993 t.
1063 966 1114 993 SS.
1134 965 1191 993 An-

447 1015 604 1045 iiunciatae
623 1015 799 1051 Raccudiae,
823 1015 848 1043 5.
866 1014 892 1043 S.
909 1013 1060 1043 Francisri
1084 1013 1113 1043 S.
1133 1013 1191 1042 An-

447 1064 515 1102 geli,
540 1064 568 1093 6.
592 1064 621 1093 S.
646 1064 794 1093 Francisci
819 1063 942 1099 Pilaini,
969 1063 995 1091 7.
1024 1062 1053 1091 S.
1082 1061 1191 1091 Mariae

447 1113 512 1142 lesu
536 1112 690 1149 Fieazzae,
714 1112 743 1141 8.
767 1112 794 1141 S.
820 1111 925 1141 ltiariae
959 1111 1022 1140 Iesu
1045 1110 1135 1147 Nasi,
1164 1114 1193 1139 et

447 1162 476 1190 9.
511 1161 559 1191 SS.
584 1161 788 1190 Annunciatae
824 1160 999 1189 Galatensis.
1026 1160 1122 1197 Atque
1153 1158 1192 1187 ita

447 1210 602 1239 distinctos
625 1214 653 1239 et
676 1209 861 1238 coordinatos
885 1213 943 1237 tres
960 1207 1127 1237 huiusmodi
1151 1207 1194 1236 di-

447 1259 567 1288 strictus
584 1268 634 1297 pro
652 1263 781 1297 tempore
804 1258 879 1287 infra
898 1257 1075 1297 declarando
1092 1256 1193 1285 baberi

448 1308 584 1338 volumus
606 1312 633 1336 et
656 1306 802 1336 iubemus.

488 1365 518 1385 ii.
543 1356 649 1385 Eadem
666 1356 772 1385 deinde
788 1354 964 1384 auctoritate
991 1354 1140 1383 sancimus
1164 1357 1194 1382 ut

450 1405 478 1434 iii
502 1405 676 1444 provinciali
700 1404 830 1443 capitulo
861 1404 992 1442 proxime
1016 1401 1194 1432 celebrando

450 1454 585 1484 minister
607 1458 634 1484 et
658 1463 733 1483 unus
765 1453 902 1483 definitor
936 1462 971 1482 ex
1005 1452 1111 1491 primo,
1143 1461 1194 1481 seu

450 1503 629 1533 Messanensi
659 1502 794 1532 districtu
817 1513 823 1539 ff,
855 1505 953 1531 custos
977 1510 1045 1530 vero
1068 1505 1094 1530 et
1118 1510 1195 1529 nnus

449 1553 519 1582 item
544 1553 680 1582 definitor
704 1561 737 1581 ex
757 1551 897 1587 secundo,
931 1560 982 1580 seu
1016 1550 1192 1585 Catanensi3

450 1602 507 1631 duo
531 1606 626 1631 autem
650 1601 757 1640 reliqui
781 1600 951 1630 definitores
973 1609 1007 1629 ex
1027 1599 1114 1629 tei-tio
1144 1608 1194 1627 seu

450 1651 584 1681 Pactensi
607 1651 743 1680 districtu
763 1650 822 1679 siiit
838 1649 1007 1679 assumendi
1031 1658 1082 1688 per
1104 1652 1194 1678 totuin

450 1700 612 1740 capitulare
635 1699 797 1728 triennium
814 1708 847 1728 ex
865 1708 946 1728 more
971 1707 1004 1727 ac
1020 1697 1196 1735 regulariter

450 1749 596 1778 duraturi.
622 1748 652 1777 ln
675 1748 803 1786 capitulo
827 1756 894 1776 vero
917 1746 1119 1785 subsequenti,
1145 1746 1196 1775 mi-

450 1798 544 1826 nister
566 1797 685 1835 quidem
710 1806 845 1835 unusque
868 1796 1005 1825 delinitor
1033 1805 1066 1825 ex
1091 1789 1196 1823 se‘ciin-

450 1847 486 1876 do
509 1847 643 1876 districtu
666 1846 833 1882 Cataiiensi,
866 1850 964 1875 custos
997 1849 1025 1874 et
1057 1845 1195 1873 delinitor

450 1896 525 1925 alius
555 1905 587 1925 ex
623 1896 708 1924 tertio
741 1894 875 1924 districtu
909 1893 1053 1930 I‘acteiisi,
1079 1893 1195 1931 duoque

450 1945 620 1974 definitores
644 1943 750 1982 reliqui
768 1953 801 1973 ex
819 1943 912 1982 primo
935 1941 1125 1972 Messaiieiisi.
1144 1942 1196 1971 l'a-

450 1994 580 2033 riterque
603 1993 633 2022 iii
656 1993 712 2022 alio
735 1992 955 2031 subsequutum
978 1991 1118 2030 capitulo,
1143 1991 1196 2020 iiii-

449 2043 543 2072 nister
566 2047 593 2072 et
618 2051 692 2071 unus
714 2041 851 2071 delinitor
881 2050 915 2070 ex
947 2041 1033 2070 tertio
1062 2040 1196 2070 districtu

450 2091 598 2129 pactensi,
629 2095 727 2121 custos
750 2091 883 2129 aliusque
907 2089 1046 2119 definitor
1068 2099 1101 2119 ex
1125 2089 1197 2119 Mes-

450 2141 591 2174 sanensi,
626 2140 731 2179 reliqui
765 2149 833 2169 vero
865 2139 927 2168 hini
961 2139 1132 2168 definitores
1161 2148 1195 2167 ex

451 2190 605 2219 Catanensi
629 2189 764 2219 districtu
787 2189 896 2218 assumi
920 2188 1040 2217 omnino
1057 2187 1194 2218 debeant.

451 2239 485 2268 Et
508 2247 541 2268 eo
565 2242 651 2267 turno
675 2247 725 2277 per
748 2242 807 2267 tres
830 2237 1008 2276 capitulares
1023 2237 1194 2271 electiones,

450 2291 481 2316 ut
505 2287 680 2325 praefertur,
701 2286 846 2322 absoluto,
871 2295 974 2315 rursus
998 2295 1010 2315 a
1035 2286 1130 2324 capite
1153 2286 1197 2314 in-

451 2335 618 2373 cipiendum
642 2335 702 2369 sit,
730 2339 762 2364 ut
785 2335 885 2364 eodeni
909 2335 1011 2363 ordine
1034 2334 1195 2373 eademque

451 2384 586 2413 inetliodo
615 2384 791 2421 capitulares
824 2383 983 2412 electiones
1007 2387 1194 2421 peragantur,

451 2433 543 2462 donec
573 2438 676 2461 turnus
710 2432 874 2461 istiusmodi
900 2442 950 2471 per
973 2437 1030 2461 tres
1055 2432 1131 2461 vices
1154 2432 1197 2461 in-

451 2480 575 2509 clioetur
597 2485 625 2509 et
647 2480 826 2510 absolvatur.
852 2481 955 2517 Porro,
980 2481 1003 2510 si
1027 2481 1102 2510 intra
1127 2485 1197 2510 tein-

454 2539 506 2569 pus
529 2530 563 2558 ad
584 2529 610 2557 id
635 2530 846 2565 necessarium,
863 2530 939 2569 qnod
957 2530 1061 2568 viginti
1084 2534 1194 2569 septem

452 2587 594 2608 annorum
619 2587 737 2607 cursum
755 2579 909 2617 complecti
927 2579 1121 2617 dignoscitur,
1140 2579 1197 2608 sor-

490 2633 498 2658 1
524 2631 625 2658 Desunt
645 2632 660 2659 5
681 2635 707 2658 et
727 2632 742 2657 6
764 2632 799 2666 (a.
817 2633 864 2663 iz).

1040 235 1221 258 BULLAMUM
1248 234 1402 258 ROMANUM

1234 286 1310 311 tasse
1342 281 1499 321 contigerit
1531 283 1787 320 commissarium,
1823 284 1975 319 vicarium,

1234 340 1284 360 seu
1308 331 1410 371 quovis
1433 331 1489 360 alio
1513 331 1596 361 titulo
1612 331 1822 371 provincialem
1846 332 1978 371 superio-

1234 388 1308 416 rem,
1326 388 1510 419 quacumque
1533 379 1567 409 de
1583 381 1669 409 causa
1686 379 1909 418 designandum,
1926 379 1978 409 eli-

1233 428 1360 466 gendum
1383 428 1443 457 sive
1466 427 1679 457 instituendum
1696 437 1770 465 esse,
1788 437 1845 457 non
1862 437 1897 457 ex
1919 427 1977 457 alio

1233 477 1371 506 districtu
1393 476 1502 506 assumi
1525 477 1673 506 ullatenus
1701 477 1803 515 possit,
1832 486 1919 515 quani
1943 486 1976 506 ex

1233 526 1347 564 eodem,
1370 526 1448 555 unde
1479 525 1615 555 minister
1646 525 1710 554 eius
1742 525 1862 555 triennii
1897 526 1977 555 iuxta

1234 580 1354 604 turnum
1372 578 1637 613 praememoratum
1656 578 1823 613 assumptus
1839 574 1904 611 suit,
1918 574 1979 604 sive

1233 622 1343 652 assumi
1365 622 1478 652 debuit.
1510 621 1593 656 Quod
1625 622 1712 651 etiam
1742 622 1777 651 de
1799 622 1931 659 custode,
1954 622 1979 652 si

1234 671 1350 710 quando
1380 672 1461 700 iuxta
1484 670 1603 700 Ordinis
1635 670 1862 700 constitutiones
1894 671 1980 701 reeli-

1234 720 1346 757 gendus
1363 720 1392 749 in
1408 719 1535 758 capitulo
1557 719 1621 758 ipso
1645 719 1689 749 vel
1712 723 1794 749 extra
1817 720 1978 759 capitulum

1234 769 1332 806 suerit,
1357 768 1506 798 observari
1529 768 1715 798 decernimus
1733 773 1761 798 et
1783 768 1977 799 declaramus„

1234 817 1333 857 anue
1349 817 1447 847 omnia
1463 817 1518 846 sub
1535 817 1711 847 electionum
1734 817 1820 847 aliter
1835 818 1978 848 factarum

1235 866 1382 903 nullitate,
1406 867 1516 906 absque
1538 866 1736 896 declaratione
1754 866 1822 904 alia,
1841 876 1893 897 seu
1908 868 1917 883 ¹
1939 867 1979 896 l'u-

1235 915 1272 944 cti
1295 915 1388 954 ipsius
1421 915 1593 945 notorietate
1626 915 1779 954 inspecta,
1811 915 1922 945 sancita
1946 925 1979 945 ac

1235 964 1348 993 decreta
1363 973 1425 993 esse
1442 963 1661 1002 intelligantur3
1675 964 1755 992 salvo
1772 963 1935 1003 ceteroqui,
1949 963 1977 993 in

1236 1022 1304 1042 casu
1328 1013 1479 1042 vacantiae
1502 1013 1591 1043 unius
1614 1013 1659 1042 vel
1683 1012 1810 1052 plurium
1844 1012 1980 1043 definito-

1236 1071 1314 1099 rum,
1338 1071 1370 1091 eo
1393 1061 1611 1100 subrogationis
1634 1062 1699 1091 iure
1716 1066 1744 1091 et
1760 1061 1874 1098 ordine,
1892 1070 1979 1101 quem

1236 1111 1311 1140 ideni
1336 1111 1539 1140 sanctissimus
1562 1111 1699 1140 dominus
1721 1115 1820 1140 noster
1847 1120 1980 1141 summus

1236 1160 1371 1189 Pontifex
1406 1161 1434 1189 in
1472 1160 1703 1198 constitutione,
1742 1159 1827 1189 cuius
1862 1160 1979 1190 initium

1239 1209 1411 1239 [Vriiwrsali's
1424 1209 1564 1238 Ecclesiae
1579 1210 1722 1247 regimini,
1737 1218 1794 1238 non
1809 1209 1848 1238 ita
1865 1209 1979 1248 pridem

1237 1258 1315 1287 edita
1331 1263 1379 1287 aut
1393 1259 1402 1274 ²
1419 1258 1615 1296 promulgata,
1639 1258 1750 1287 servari
1772 1258 1802 1287 in
1827 1262 1978 1297 posterum

1240 1306 1409 1346 praecepit:
1433 1307 1475 1336 sic
1498 1306 1634 1336 videlicet
1655 1307 1685 1336 in
1708 1306 1806 1336 locum
1835 1307 1978 1345 defuncti,

1239 1365 1290 1385 seu
1325 1354 1547 1394 quomodolibet
1579 1355 1710 1385 vacantis
1728 1355 1909 1394 definitoris‚
1931 1356 1982 1386 ille

1239 1406 1358 1434 omnino
1381 1404 1569 1442 subrogetur,
1586 1404 1633 1434 eui
1649 1404 1829 1443 subrogatio,
1847 1414 1884 1435 ex
1900 1414 1982 1444 prae-

1239 1455 1333 1484 dictae
1356 1454 1575 1484 constitutionis
1596 1454 1802 1493 dispositione,
1823 1454 1980 1484 deserenda

1239 1503 1338 1539 suerit,
1363 1503 1574 1541 cuiuscumque
1597 1502 1748 1532 districtus
1771 1502 1911 1532 extiterit.

1280 1561 1317 1581 iii.
1342 1551 1528 1581 Declarainus
1543 1556 1651 1589 autem,
1674 1551 1898 1581 antevertendae
1922 1551 1983 1581 litis

1239 1605 1266 1630 et
1289 1601 1492 1640 perplexitatis
1524 1601 1630 1639 gratia,

1240 1703 1409 1737 praesentes
1437 1707 1524 1737 qnam
1556 1698 1668 1727 futuros
1691 1698 1849 1737 pertinere,
1874 1698 1903 1726 in
1926 1706 1983 1736 quo

1239 1752 1325 1778 natus
1349 1747 1474 1786 quisque
1497 1747 1583 1775 t'nerit
1604 1747 1777 1785 respective.
1796 1746 1826 1776 In
1849 1755 1917 1775 casu
1934 1755 1984 1776 au-

1240 1802 1297 1826 tein
1317 1797 1406 1826 dubio
1428 1801 1527 1825 utrum
1559 1796 1640 1825 locus
1669 1796 1831 1825 nativitatis
1853 1796 1984 1834 religiosi

1238 1845 1364 1874 alicuius
1397 1845 1431 1874 ad
1465 1849 1627 1874 conventus
1660 1844 1760 1883 primi,
1784 1844 1905 1874 secundi
1939 1844 1983 1874 vel

1239 1895 1316 1924 tertii
1333 1894 1484 1924 districtus
1502 1894 1648 1933 pertinere
1666 1893 1832 1923 censendus
1848 1894 1898 1932 sit,
1916 1903 1984 1923 nec-

1240 1953 1296 1972 iioii
1331 1943 1361 1972 iii
1395 1952 1464 1972 casu
1498 1946 1578 1971 certo
1601 1942 1678 1981 quod
1713 1942 1868 1980 religiosus
1901 1946 1984 1972 extra

1240 1991 1407 2031 provinciae
1431 1991 1556 2020 confinia
1580 1995 1667 2021 natus
1691 1991 1725 2020 ad
1748 1991 1862 2020 nullum
1880 1999 1983 2021 eorum

1240 2040 1403 2070 nativitatis
1424 2049 1493 2069 suae
1516 2040 1580 2069 iure
1608 2040 1769 2079 pertineat,
1798 2039 1922 2070 liberum
1945 2039 1984 2070 sit

1239 2089 1345 2126 eidem,
1370 2088 1405 2118 ad
1428 2098 1513 2128 quein
1537 2088 1703 2118 districtum
1738 2089 1890 2127 aggregari
1924 2097 1984 2118 ma-

1240 2138 1342 2176 luerit,
1367 2137 1500 2177 patribus
1524 2137 1695 2175 definitorii,
1721 2142 1784 2177 post
1808 2138 1982 2176 praesentiis

1239 2187 1347 2217 decreti
1378 2186 1606 2226 publicationem
1630 2186 1725 2226 primo
1758 2186 1982 2225 congregandis,

1239 2245 1385 2275 exponere
1408 2240 1435 2265 et
1453 2235 1602 2265 declarare
1618 2246 1624 2271 ς
1643 2245 1696 2265 nec
1712 2236 1839 2275 amplius
1855 2236 1881 2265 ei
1897 2235 1984 2265 liceat

1240 2285 1330 2314 semel
1350 2286 1455 2314 factam
1475 2284 1626 2314 districtus
1648 2284 1821 2314 electionem
1845 2293 1985 2323 quacum-

1239 2344 1295 2373 que
1319 2334 1354 2363 de
1376 2335 1465 2363 causa
1487 2334 1665 2369 rescindere,
1689 2334 1801 2363 sublata
1824 2335 1910 2363 etiam
1934 2342 1984 2373 pa-

1240 2383 1334 2413 tribus
1352 2383 1512 2412 definitorii
1532 2382 1716 2412 rescissionis
1738 2391 1788 2411 seu
1811 2381 1983 2411 variationis

1240 2432 1407 2461 huiusmodi
1432 2431 1569 2461 facultate
1584 2441 1589 2459 :
1607 2431 1686 2460 salva
1703 2435 1799 2460 tainen
1815 2434 1874 2460 tam
1896 2439 1984 2469 super

1240 2481 1292 2510 liae
1322 2490 1353 2510 re
1383 2489 1469 2519 quain
1492 2489 1580 2518 super
1601 2479 1698 2509 dubiis
1720 2479 1785 2508 aliis
1808 2488 1882 2517 quae
1904 2478 1982 2508 circa

1240 2530 1352 2568 reliqua
1386 2529 1532 2568 praesenti
1560 2528 1677 2558 decreto
1709 2527 1821 2557 sancita
1852 2527 1984 2557 fortassis

1278 2588 1286 2612 1
1312 2586 1422 2613 Videtur
1437 2586 1485 2612 sed
1506 2593 1553 2620 pro
1573 2594 1621 2612 seu
1637 2591 1674 2618 (Β.
1694 2585 1742 2618 Τ.).

1278 2633 1286 2658 t
1310 2629 1381 2658 Edit.
1402 2629 1485 2658 Main.
1502 2629 1569 2665 legit
1584 2632 1615 2657 ut
1636 2636 1682 2664 pro
1703 2630 1754 2657 aut
1771 2630 1808 2664 (a.
1825 2629 1876 2659 τ.).

1979 234 2034 261 An.
2055 234 2083 262 C.
2103 236 2168 264 1725

2039 1566 2170 1590 Dect-irantui

1654 1600 1688 1629 ad
1721 1609 1787 1630 eum
1814 1599 1981 1630 districtum
1993 1593 2093 1640 fflfflffi
2116 1601 2170 1615 ”⁹¹¹

1240 1650 1407 1688 praedictae
1421 1649 1589 1688 provinciae
1605 1649 1736 1687 singulos
1751 1649 1909 1687 religiosos,
1924 1652 1982 1678 tam
1993 1651 2064 1667 ”³⁰⁵³-
