2170 3147
17 255 66 283 An.
81 253 110 282 G.
133 253 201 281 ¹725

43 1265 154 1284 ctauautao

44 2316 205 2343 nerogaiuriao.

784 251 977 276 BENEDICTUS

208 301 293 344 apud
312 300 405 339 alios,
424 310 484 333 nec
503 310 616 333 eorum
635 301 837 339 meritorum,
852 299 945 343 quin-

208 353 273 386 imo
297 363 395 396 saepe
414 362 472 385 nec
492 354 600 395 legum
622 358 653 385 et
673 353 944 385 consuetudinum

207 405 337 438 Ordinis
355 405 510 448 praedicti
537 415 665 447 gnaros,
685 415 743 448 per
761 405 947 447 appellatio-

208 469 265 491 nes
282 469 336 491 seu
355 469 503 490 recursus
523 458 563 490 ita
582 458 763 491 inordinate
789 468 898 499 agere,
912 462 947 488 ut

207 511 338 544 eosdem
358 511 543 554 superiores
562 510 727 543 multoties
754 509 945 551 interrogari

208 564 377 605 contingat
408 564 447 596 de
484 563 579 596 rebus
615 563 654 595 ad
687 562 831 595 subditos
869 572 945 594 suos

209 616 274 648 imo
296 621 327 648 et
344 615 495 648 Ordinem
515 616 618 658 ipsum
637 615 887 658 pertinentibus,
908 614 946 646 de

209 668 326 712 quibus
358 669 480 701 nullam
514 669 661 701 notitiam
688 667 872 707 liaheant⁴,
895 673 947 700 aut

208 726 318 764 partes
335 732 407 754 suas
421 723 563 754 nondum
580 721 852 764 adimpleverant:
872 720 945 753 ideo

208 775 240 807 in
266 775 352 808 dicto
372 774 491 807 Ordine
518 775 549 807 id
575 775 679 817 ipsum
705 774 792 816 quod
819 774 849 806 in
876 773 946 806 aliis

207 827 382 861 Ordinibus
408 838 467 871 per
491 827 604 860 Sedem
631 827 848 870 Apostolicam
881 827 946 859 dis-

207 880 348 923 positum
366 880 529 923 reperitur
548 883 655 913 exacte
674 879 841 912 observari
859 889 947 922 prae-

208 932 357 975 cipimus,
380 933 464 976 quod
489 933 639 965 nimirum
661 932 898 975 appellationes
917 937 948 963 et

207 986 357 1018 recursus
382 985 517 1029 praelati
537 985 674 1028 primum
694 985 776 1017 intra
793 984 945 1017 Ordinem

208 1038 311 1082 ipsum
337 1039 494 1081 gradatim
532 1037 630 1076 liant,
661 1043 695 1070 ut
728 1039 823 1070 etiam
860 1043 947 1070 extra

208 1092 358 1124 eumdem
398 1091 552 1124 Ordinem
596 1090 712 1123 deferri
753 1090 883 1133 possint
922 1090 947 1122 si

209 1143 281 1186 quis
305 1154 368 1176 non
396 1143 455 1175 rite
483 1144 662 1186 impensam
697 1143 759 1175 sibi
785 1143 945 1176 existimet

209 1207 226 1229 a
250 1196 472 1239 superioribus
498 1196 628 1229 Ordinis
653 1196 822 1229 iustitiam.

252 1252 267 1294 g
286 1250 339 1284 16.
358 1251 592 1290 Decernentes,
612 1255 802 1297 praesentes
826 1250 949 1283 litteras

209 1305 293 1338 etin
318 1305 364 1337 eis
389 1309 542 1337 contenta
568 1314 794 1347 quaecumque
819 1314 950 1346 semper

208 1358 314 1391 valida
339 1363 371 1390 et
395 1357 536 1390 efficacia
562 1357 701 1389 existere
720 1363 751 1389 et
768 1357 846 1397 sore,
865 1368 951 1390 suos-

209 1421 272 1454 que
297 1410 466 1454 plenarios
491 1415 522 1442 et
547 1410 692 1452 integros
724 1409 855 1443 effectus
880 1420 951 1443 sor-

209 1464 261 1497 tiri
280 1470 311 1497 et
329 1463 492 1502 obtinere,
510 1473 545 1495 ac
570 1463 608 1495 ab
627 1463 789 1502 omnibus,
810 1464 849 1496 ad
869 1475 950 1506 quos

208 1522 337 1560 spectat
361 1522 393 1549 et
417 1516 583 1558 spectabit
609 1516 638 1548 in
666 1516 820 1555 futurum,
847 1516 952 1549 invio-

208 1569 351 1602 labiliter
384 1567 572 1608 observari,
611 1568 722 1611 sicque
760 1579 818 1611 per
854 1580 951 1612 quos-

209 1632 345 1665 cumque
372 1621 491 1655 iudices
516 1621 698 1655 ordinarios
723 1628 755 1654 et
772 1622 949 1665 delegatos,

210 1675 305 1708 etiam
330 1685 497 1707 causarum
533 1675 644 1717 palatii
671 1675 839 1717 apostolici
865 1676 952 1708 audi-

211 1734 301 1761 tores
328 1733 359 1761 et
383 1728 414 1761 S.
445 1727 482 1760 R.
511 1728 545 1760 E.
574 1728 766 1768 cardinales,
790 1728 886 1761 etiam
913 1729 951 1761 de

210 1782 312 1814 latere
337 1782 461 1823 legatos
479 1786 510 1813 et
529 1781 734 1823 Apostolicae
753 1781 846 1814 Sedis
872 1792 952 1814 nun-

212 1834 326 1874 tios,et
343 1835 424 1867 alios
439 1834 604 1877 quoslibet
621 1845 824 1878 quacumque
843 1846 952 1878 praee·

210 1887 367 1920 minentia
392 1893 424 1920 et
447 1893 608 1930 potestate
634 1888 806 1929 fungentes
833 1893 864 1922 et
882 1890 953 1922 sun-

211 1945 343 1979 cturos‚
371 1939 495 1972 sublata
532 1940 577 1972 eis
613 1946 645 1973 et
679 1951 791 1973 eorum
817 1941 953 1975 cuilibet

212 1993 325 2036 quavis
350 1993 445 2026 aliter
469 1993 633 2025 iudicandi
659 1999 690 2026 et
715 1993 951 2037 interpretandi

211 2044 366 2079 facultate
391 2052 422 2078 et
446 2046 643 2085 auctoritate,
663 2046 796 2079 iudicari
823 2053 855 2080 et
879 2047 954 2080 desi-

212 2098 273 2131 niri
292 2099 423 2138 debere,
452 2109 487 2131 ac
511 2098 636 2131 irritum
654 2104 686 2132 et
701 2099 796 2132 inane
815 2100 839 2133 si
858 2111 953 2133 secus

212 2162 310 2196 super
328 2152 378 2185 liis
397 2163 413 2184 a
431 2163 605 2195 quoquam,
624 2153 734 2196 quavis
752 2154 952 2195 auctoritate,

213 2205 354 2238 scienter
389 2206 437 2237 vel
469 2205 667 2247 ignoranter,
700 2206 873 2248 contigerit
909 2212 954 2239 at-

215 2257 344 2290 tentari.

257 2311 272 2354 g
296 2310 351 2344 17.
378 2309 446 2343 Non
474 2310 677 2343 obstantibus
703 2311 903 2354 praemissis,
920 2322 956 2344 ac

214 2366 324 2397 nostra
352 2369 383 2396 et
413 2363 632 2396 Cancellariae
666 2364 873 2407 Apostolicae
906 2375 956 2397 re-

214 2417 289 2459 gule
307 2416 345 2449 de
364 2416 432 2448 iure
451 2416 600 2458 quaesito
619 2426 684 2448 non
703 2417 955 2457 tollendo,aliis-

215 2479 276 2513 que
313 2468 600 2502 constitutionibus
632 2474 663 2501 et
695 2469 955 2502 ordinationibus

215 2521 410 2566 apostolicis,
437 2530 563 2554 necnon
590 2521 665 2554 dicti
690 2521 829 2561 Ordinis,
854 2522 957 2555 illius-

216 2582 278 2618 que
309 2574 560 2618 provinciarum,
593 2580 822 2614 conventuum,
847 2574 957 2617 hospi-

252 2637 263 2663 1
286 2636 382 2672 Aptius
400 2637 491 2664 forsan
511 2636 654 2664 habebant
672 2636 712 2671 (u.
734 2636 782 2670 T.).

1004 252 1059 275 xut
1085 252 1136 275 Pr.
1620 239 1679 273 ⁶261

990 299 1123 339 talium,
1154 299 1325 332 domorum
1341 327 1348 340 ,
1373 299 1508 343 aliisque
1541 298 1728 342 quibusvis,

990 352 1086 384 ctiam
1112 352 1308 391 iuramento,
1329 352 1575 385 confirmatione
1602 357 1730 395 aposto-

990 405 1062 444 lica,
1081 406 1130 437 vel
1159 406 1269 448 quavis
1294 406 1444 438 firmitate
1471 406 1534 438 alie.
1557 405 1728 442 roboratis,

990 458 1115 489 statutis
1146 464 1176 489 et
1207 458 1519 497 consuetudinibus,
1554 457 1729 500 privilegiis

990 520 1138 552 quoque,
1163 510 1296 542 indultis
1324 516 1355 543 et
1380 510 1497 542 litteris
1523 510 1728 552 apostolicis,

991 561 1112 593 eisdem
1133 561 1253 600 Ordini,
1280 562 1474 604 provinciis,
1503 562 1730 601 conventibus,

992 613 1217 655 hospitalibus,
1245 614 1407 655 domibus,
1426 625 1463 647 ac
1489 615 1614 647 illorum
1637 625 1731 657 supe-

991 666 1141 705 rioribus,
1161 667 1335 709 prioribus,
1357 668 1507 699 fratribus
1534 673 1565 700 et
1582 667 1731 710 personis

990 718 1200 761 quibuslibet,
1217 720 1275 751 sub
1291 720 1545 763 quibuscumque
1560 720 1730 753 verborum

991 772 1160 804 tenoribus
1188 776 1220 804 et
1246 772 1378 812 formis,
1406 784 1442 805 ac
1467 783 1538 805 cum
1565 772 1731 816 quibusvis

991 825 1086 857 etiam
1102 825 1383 867 derogatoriarum
1403 826 1630 868 derogatoriis,
1649 825 1731 857 aliis-

991 888 1052 920 que
1088 877 1341 917 efficacioribus,
1370 878 1602 910 efficacissimis
1629 883 1660 909 et
1685 878 1731 909 in-

991 930 1094 963 solitis
1121 930 1282 972 clausulis,
1309 925 1577 974 irritantibusque
1603 936 1634 963 et
1659 930 1731 962 aliis

992 983 1156 1022 decretis,
1181 983 1213 1015 iu
1244 985 1441 1016 contrarium
1474 983 1730 1027 praemissorum

991 1036 1240 1079 quomodolibet
1274 1037 1452 1074 concessis,
1476 1036 1676 1069 confirmatis
1702 1042 1734 1068 et

992 1090 1260 1132 quantiscumque
1278 1090 1401 1122 vicibus
1420 1089 1594 1129 innovatis;
1615 1090 1732 1132 quibus

992 1142 1144 1174 omnibus
1164 1147 1196 1174 et
1212 1143 1360 1184 singulis,
1379 1142 1502 1175 etiamsi
1523 1153 1582 1185 pro
1602 1143 1732 1175 illorum

992 1195 1164 1227 sufficienti
1185 1195 1397 1237 derogatione
1416 1195 1454 1228 de
1473 1195 1536 1228 illis
1555 1205 1732 1238 eorumque

993 1248 1065 1281 totis
1095 1248 1260 1281 tenoribus
1286 1248 1455 1290 specialis,
1485 1248 1653 1291 specifica,
1681 1258 1734 1280 ex-

993 1312 1104 1344 pressa
1139 1307 1170 1334 et
1203 1302 1385 1341 individua,
1412 1313 1447 1335 ac
1484 1302 1522 1335 de
1559 1302 1657 1334 verbo
1693 1302 1732 1333 ad

993 1356 1143 1394 verbum,
1170 1366 1233 1388 non
1272 1361 1377 1388 autem
1408 1366 1469 1398 per
1495 1357 1655 1389 clausulas
1680 1366 1734 1398 ge-

995 1410 1121 1442 nerales
1147 1409 1233 1441 idem
1266 1409 1500 1452 importantes,
1529 1409 1652 1441 mentio
1678 1419 1733 1440 seu

994 1461 1126 1504 quaevis
1152 1462 1214 1494 alia
1241 1462 1405 1504 expressio
1425 1461 1575 1494 habenda
1601 1465 1654 1493 aut
1679 1460 1735 1492 ali-

995 1526 1056 1558 qua
1081 1514 1143 1547 alia
1175 1514 1336 1556 exquisita
1370 1515 1473 1547 forma
1507 1515 1545 1546 ad
1572 1515 1634 1547 hoc
1659 1524 1729 1546 ser—

994 1568 1097 1600 vanda
1122 1567 1227 1606 soret,
1256 1572 1383 1600 tenores
1414 1567 1623 1608 huiusmodi,
1649 1578 1684 1600 ac
1709 1567 1733 1600 si

994 1623 1033 1655 de
1058 1622 1156 1654 verbo
1174 1621 1212 1654 ad
1229 1622 1361 1654 verbum
1387 1621 1468 1654 nihil
1495 1621 1623 1663 penitus
1641 1620 1735 1653 omis-

994 1686 1030 1708 so
1057 1680 1088 1707 et
1113 1674 1215 1706 forma
1250 1673 1283 1705 in
1319 1673 1384 1706 illis
1423 1674 1536 1706 tradite
1568 1674 1736 1706 observata

995 1727 1258 1771 exprimerentur
1294 1732 1326 1759 et
1361 1726 1592 1766 insererentur,
1620 1727 1734 1759 iisdem

995 1780 1219 1824 praesentibus
1248 1790 1308 1822 pro
1342 1781 1437 1822 plene
1470 1785 1501 1812 et
1533 1779 1735 1811 sufficienter

996 1833 1155 1876 expressis
1180 1843 1215 1865 ac
1240 1833 1279 1865 ad
1304 1833 1436 1865 verbum
1458 1831 1587 1865 insertis
1613 1831 1737 1864 haben-

997 1893 1059 1925 tes,
1078 1886 1141 1919 illis
1159 1886 1238 1919 alias
1267 1886 1298 1918 in
1325 1896 1381 1918 suo
1408 1886 1526 1918 robore
1548 1895 1737 1928 permansu-

995 1941 1055 1978 ris,
1075 1941 1113 1973 ad
1140 1939 1390 1982 praemissorum
1408 1937 1571 1977 effectum,
1590 1938 1651 1971 hac
1669 1938 1736 1970 vice

996 1994 1170 2033 dumtaxat,
1195 1991 1383 2035 specialiter
1408 1996 1439 2024 ct
1466 2001 1621 2034 expresse
1647 1991 1739 2024 dero-

996 2057 1130 2089 gamus;
1171 2045 1352 2087 ceterisque
1392 2044 1564 2077 contrariis
1602 2044 1738 2087 quibus-

996 2109 1144 2141 cumque.

1041 2151 1055 2194 ἓ
1080 2150 1134 2183 118.
1161 2150 1314 2183 Volumus
1346 2155 1452 2182 autem
1484 2155 1518 2181 ut
1548 2147 1735 2182 earumdem

997 2204 1220 2247 praesentium
1238 2204 1420 2236 litterarum
1436 2202 1660 2246 transumptis,
1676 2212 1734 2235 seu

997 2256 1163 2300 exemplis,
1178 2256 1274 2289 etiam
1288 2255 1470 2298 impressis,
1488 2266 1582 2288 manu
1599 2255 1736 2288 alicuius

999 2309 1115 2341 notarii
1153 2309 1277 2352 publici
1313 2308 1530 2352 subscriptis,
1566 2315 1596 2341 et
1628 2308 1736 2351 sigillo

999 2372 1159 2405 personae
1186 2362 1217 2394 in
1244 2361 1467 2395 ecclesiastice
1485 2362 1644 2404 dignitate
1661 2371 1738 2394 con—

1000 2415 1131 2447 stitutae
1164 2414 1317 2454 munitis,
1351 2415 1463 2448 eadem
1498 2424 1633 2458 prorsus
1658 2414 1737 2448 fides

998 2468 1117 2510 ubique
1150 2469 1292 2500 locorum
1327 2473 1387 2500 tam
1422 2468 1454 2500 in
1488 2467 1608 2501 iudicio
1643 2479 1738 2511 quam

999 2526 1090 2553 extra
1114 2520 1194 2553 illud
1221 2520 1395 2559 habeatur,
1421 2531 1504 2564 quae
1539 2521 1617 2564 ipsis
1644 2532 1738 2563 prae-

999 2572 1145 2605 sentibus
1171 2573 1347 2606 haberetur
1372 2574 1397 2606 si
1433 2573 1540 2606 forent
1570 2573 1738 2606 exhibitae

999 2626 1048 2659 vel
1073 2630 1243 2661 ostensae.

1737 248 1785 275 An.
1803 248 1832 276 C.
1855 249 1924 276 1725

1787 2157 1850 2179 Fides
1868 2156 1930 2178 autu-

1746 2186 1816 2206 bentta
1827 2188 1930 2206 tunsum-

1747 2212 1795 2239 ptis.
