2170 3147
230 219 266 244 An
297 219 326 243 (ἲ,
358 217 421 243 17Ξὶ

262 2189 385 2211 moratum.

470 209 509 240 7n
1013 212 1195 236 nutrimini

422 267 493 304 bus,
520 264 749 297 efficacissimis
775 268 806 296 et
839 262 980 295 insolitis
1015 260 1191 295 clausulis'

423 323 454 350 et
468 317 620 356 decretis,
639 317 670 350 in
692 316 893 349 contrarium
912 315 1168 359 praemissorum
1193 345 1195 368 t

424 371 676 414 quomodolibet
709 370 883 409 concessis,
914 369 1113 401 confirmatis
1142 373 1170 400 et
1194 399 1196 422 ἱ

423 424 608 463 innovatis3
636 423 755 467 quibus
781 422 934 456 omnibus
958 427 990 455 et
1020 422 1172 464 singulis,

425 477 551 509 etiamsi
578 488 637 520 pro
664 477 794 510 illorum
829 475 1002 509 sufficienti
1037 476 1171 517 deroga·
1195 470 1196 507 l

425 529 514 562 tione
540 530 579 563 de
605 530 670 562 illis
696 540 877 572 eorumque
905 529 981 562 totis
1007 528 1173 561 tenoribus
1195 571 1197 575 Δ

424 583 590 625 specialis,
616 582 770 625 specifica
799 588 830 615 et
855 592 1011 625 expressa
1032 586 1063 614 et
1090 580 1174 613 indi·
1195 579 1197 599 ³

424 635 534 674 vidua,
554 647 589 668 ac
616 636 655 668 de
672 636 773 668 verbo
794 635 832 668 ad
859 636 1007 673 verbum,
1028 644 1092 667 non
1119 644 1175 666 au-
1196 659 1197 681 ἱ

425 694 491 721 tem
524 699 584 731 per
608 689 771 721 clausulas
805 689 977 729 generales
1003 687 1090 719 idem
1116 687 1174 719 im·
1196 684 1197 716 l

424 746 614 784 portantes,
641 741 764 773 mentio
790 751 847 773 seu
873 740 1004 783 quaevis
1031 740 1092 772 alia
1122 750 1175 772 ex-

424 795 554 837 pressio
573 795 736 832 habenda,
761 799 816 826 aut
841 794 951 836 aliqua
977 793 1040 826 alia
1066 793 1176 836 exqui-

426 848 486 880 sita
513 849 614 881 forma
640 849 679 881 ad
708 848 769 881 hoc
794 848 954 880 servanda
973 847 1064 887 soret,
1087 852 1176 879 teno-

425 911 478 934 res
495 901 695 940 huiusmodi,
712 911 747 934 ac
760 901 784 933 si
804 901 843 933 de
862 900 962 933 verbo
981 901 1019 933 ad
1039 900 1173 932 verbum

425 953 508 986 nihil
535 954 666 997 penitus
692 954 815 987 omisso
848 959 880 987 et
906 954 1007 986 forma
1039 953 1071 985 in
1109 953 1174 986 illis

427 1007 543 1039 tradita
568 1006 739 1040 observata
759 1007 1020 1049 exprimerentur
1038 1009 1070 1038 et
1088 1006 1175 1038 inse·
1196 1020 1197 1024 ¹

426 1065 588 1099 receuoir,
608 1060 726 1092 iisdem
753 1059 964 1103 presentibus
991 1069 1050 1102 pro
1075 1060 1173 1102 plene

427 1117 460 1144 et
484 1112 686 1145 sufficienter
717 1112 879 1156 expressis
912 1122 947 1144 ac
973 1113 1011 1145 ad
1039 1112 1173 1144 verbum

427 1165 556 1198 insertis
583 1166 754 1204 hahentes,
782 1165 847 1198 illis
874 1165 954 1198 alias
980 1165 1012 1197 in
1039 1175 1098 1198 suo
1124 1175 1175 1197 ro-

426 1219 508 1251 bore
549 1219 792 1262 permansuris,
837 1219 876 1251 ad
916 1219 1173 1262 praemissorum

428 1270 588 1313 effectum,
612 1273 672 1305 hac
696 1272 762 1305 vice
789 1272 969 1311 dumtaxat,
987 1271 1175 1314 specialiter

428 1330 461 1358 et
484 1336 638 1369 expresse
660 1326 877 1368 derogamus;
897 1326 1082 1369 ceterisque
1100 1335 1174 1358 con-

429 1378 536 1411 trariis
563 1379 834 1422 quibuscumque.

473 1431 587 1464 Datum
615 1432 745 1471 Romae,
769 1432 854 1475 apud
879 1432 910 1464 S.
934 1432 1063 1464 Mariam
1081 1432 1173 1465 Maio-

428 1495 509 1525 rem,
531 1485 589 1516 sub
614 1486 737 1518 annulo
753 1485 943 1525 piscatoris,
960 1485 1013 1518 die
1036 1495 1074 1518 xv
1103 1485 1171 1519 iulii
1193 1519 1194 1526 χ

427 1547 599 1577 mnccxxw,
629 1538 843 1581 pontificatus
874 1538 979 1571 nostri
1006 1549 1094 1571 anno
1116 1549 1138 1571 t.

465 1600 524 1626 Dat.
548 1601 592 1626 dle
616 1602 646 1627 ³5
667 1601 723 1627 iulii
746 1601 824 1633 1724,
844 1601 944 1636 pontis.
963 1607 1070 1627 annot.

755 1744 848 1778 xxll.

431 1823 622 1859 Conceditur
652 1824 952 1867 patriarchalibuS,
987 1822 1196 1866 metropoli-l

476 1878 562 1910 [cinis
597 1882 624 1910 ec
665 1876 909 1910 cathedralibus
951 1877 1048 1910 totius
1087 1875 1174 1909 orbis
1195 1888 1196 1892 ¹

473 1930 627 1963 catholici
644 1930 784 1963 ecclesiis
801 1930 908 1963 altare
921 1929 1173 1973 priuilcyiatum
1195 1946 1196 1949 κ

471 1995 532 2026 pro
558 1983 733 2017 animabus
757 1982 1017 2026 defunctorum.

608 2064 791 2092 Benedictus
812 2065 892 2098 Papa
912 2064 994 2096 xm,

572 2109 608 2135 ad
629 2109 762 2136 futuram
781 2109 827 2136 rei
848 2109 1033 2136 memoriam.
1195 2125 1197 2150 ἶ

476 2177 625 2210 Omnium
653 2178 747 2211 saluti
780 2179 916 2221 paterna
942 2177 1102 2210 charitate
1129 2176 1172 2209 in-
1195 2151 1198 2228 i

433 2231 526 2271 tenti,
552 2241 643 2263 sacra
668 2231 832 2264 interdum
854 2231 926 2263 loca
947 2230 1173 2274 spiritualibus

1196 2283 1198 2333 l

469 2347 479 2371 1
505 2345 555 2372 Pro
576 2345 709 2372 defunctis
728 2349 837 2372 extensa
863 2345 912 2373 fnit
931 2345 1064 2380 quaedam
1085 2345 1175 2371 indul·
1196 2336 1198 2343 ¹

432 2390 523 2424 gentia
544 2390 577 2416 ab
599 2390 757 2418 lnuocentio
777 2390 811 2417 XI
832 2394 917 2417 const.
940 2390 1005 2417 edit.
1031 2396 1174 2424 MDCLxxtx,

432 2435 477 2461 die
496 2435 530 2461 ΞΟ
550 2435 723 2469 septembris,
737 2436 832 2469 pontif.
850 2442 888 2467 1113
910 2435 1055 2462 Clementis
1067 2443 1129 2461 vero
1145 2434 1175 2461 Xl

433 2480 541 2507 constit.
564 2480 629 2505 edit.
652 2486 771 2513 moccwt,
793 2480 835 2506 dic
856 2480 891 2506 26
910 2480 1084 2515 septembris,
1106 2487 1175 2514 pou-

433 2524 472 2551 tif.
493 2531 511 2558 t,
532 2526 689 2551 conceditur
715 2524 883 2557 indulgentia
903 2524 1024 2558 plenaria
1044 2526 1176 2559 perpetua

433 2568 605 2596 visitantibus
639 2569 753 2596 domurn
788 2569 977 2604 Mauretaniam,
1008 2569 1088 2595 etiam
1127 2575 1176 2603 per

434 2615 544 2644 modum
565 2614 693 2650 suffragii.

1222 211 1377 235 ROMANI'M

1214 260 1492 303 indulgentiarum
1528 259 1714 293 muneribus
1742 258 1948 296 decoramus,

1215 319 1251 346 ut
1290 314 1364 347 inde
1399 314 1542 347 fidelium
1568 313 1796 346 defunctorum
1830 311 1956 344 animae

1217 367 1337 400 domini
1364 368 1469 400 nostri
1489 368 1558 400 lesu
1586 366 1703 399 Christi
1727 365 1862 408 eiusque
1880 364 1958 398 San-

1195 426 1342 469 }ctorum
1375 420 1523 464 suffragia
1560 420 1752 453 meritorum
1786 417 1956 461 consequi,

1217 479 1244 507 et
1272 474 1336 507 illis
1361 475 1490 507 adiutae
1519 485 1555 507 ex
1581 472 1762 516 purgatorii
1783 470 1900 514 poenis
1919 470 1956 503 ad

1217 532 1380 559 aeternam
1399 527 1536 559 salutem
1555 535 1614 568 per
1631 524 1685 558 Dei
1701 522 1958 557 misericordiam

1218 579 1348 622 perduci
1375 580 1512 612 valeant.

1262 632 1276 675 ἓ
1310 632 1340 665 1.
1377 633 1528 665 ΥοΙθῃῐες
1559 632 1658 675 igitur
1686 641 1799 665 omnes
1832 635 1864 664 et
1896 630 1959 663 sin-

1219 686 1311 727 gulas
1343 685 1600 728 patriarchales,
1627 684 1899 728 metropolitanas
1927 689 1959 716 et

1219 738 1424 771 cathedrales
1460 738 1558 771 totius
1596 738 1684 771 orbis
1720 737 1875 771 catholici
1910 747 1961 769 ec-

1219 791 1346 830 clesias,
1372 790 1404 822 in
1430 791 1548 834 quibus
1582 792 1684 824 altare
1717 789 1959 834 privilegiatum

1220 843 1445 886 quotidianum
1471 849 1664 887 perpetuum
1685 844 1793 877 forsan
1824 853 1891 877 non
1911 853 1963 876 re-

1219 897 1348 940 peritur
1369 907 1573 937 concessum,
1588 903 1620 930 et
1644 898 1676 930 in
1702 897 1749 930 eis
1775 897 1886 938 altare,
1905 906 1964 939 per

1219 951 1436 993 patriarchas,
1461 951 1729 995 archiepiscopos
1747 955 1779 984 et
1793 950 1963 994 episcopos

1220 1004 1399 1047 respective
1426 1006 1573 1037 locorum
1599 1003 1735 1046 gratiam
1761 1008 1793 1036 et
1818 1013 1963 1036 commu-

1219 1056 1351 1089 nionem
1378 1056 1471 1090 Sedis
1498 1057 1704 1100 Apostolicae
1731 1056 1890 1089 habentes
1912 1066 1962 1088 se-

1219 1111 1281 1142 mel
1309 1115 1433 1142 tantum
1460 1110 1710 1153 designandum,
1738 1110 1800 1143 hoc
1825 1109 1961 1152 speciali

1218 1162 1305 1196 dono
1330 1162 1506 1202 illustrare,
1533 1163 1726 1196 auctoritate
1751 1162 1846 1195 nobis
1873 1162 1964 1194 aDo-

1218 1216 1306 1249 mino
1329 1217 1455 1256 tradita,
1483 1227 1519 1250 ac
1554 1217 1593 1250 de
1628 1217 1865 1259 omnipotentis
1907 1215 1962 1248 Dei

1217 1269 1442 1303 misericordia
1468 1275 1501 1303 et
1524 1270 1695 1303 beatorum
1714 1269 1803 1303 Petri
1823 1274 1854 1302 et
1872 1268 1961 1301 Pauli

1218 1324 1442 1366 apostolorum
1469 1323 1537 1356 eius
1563 1323 1754 1356 auctoritate
1776 1321 1904 1362 confisi,
1930 1327 1965 1354 ut

1217 1376 1491 1419 quandocumque
1510 1377 1662 1410 sacerdos
1682 1375 1800 1419 aliquis
1819 1376 1963 1408 saecula-

1217 1430 1272 1470 ris,
1291 1431 1340 1463 vel
1360 1430 1499 1463 cuiusvis
1517 1429 1660 1468 Ordinis,
1683 1427 1962 1472 congregationiS‚

1216 1493 1274 1515 seu
1294 1483 1432 1516 instituti
1450 1483 1613 1526 regularis
1636 1482 1768 1515 missam
1791 1481 1964 1515 defuncto-

1193 1544 1194 1558 *
1216 1546 1286 1568 rum
1312 1547 1372 1580 pro
1405 1536 1512 1569 anima
1550 1536 1783 1579 cuiuscumque
1808 1533 1963 1569 christifi-

1193 1607 1194 1642 ἐ
1217 1590 1312 1630 delis,
1341 1601 1423 1633 quae
1448 1590 1516 1623 Deo
1542 1590 1575 1623 in
1601 1589 1762 1623 charitate
1789 1588 1962 1622 coniuncta

1216 1643 1255 1676 ab
1280 1643 1341 1676 hac
1366 1645 1438 1677 luce
1465 1643 1671 1686 migraverit,
1691 1643 1730 1675 ad
1755 1641 1962 1686 praedictum

1216 1697 1318 1729 altare
1355 1696 1552 1737 celebrabit,
1579 1696 1686 1729 anima
1710 1695 1781 1739 ipsa
1814 1695 1854 1728 de
1890 1694 1964 1727 the-

1194 1756 1195 1763 *
1216 1759 1313 1782 sauro
1338 1749 1500 1783 Ecclesiae
1526 1760 1584 1792 per
1606 1749 1738 1782 modum
1757 1746 1900 1791 suffragii
1917 1747 1964 1779 in-

1217 1802 1417 1844 dulgentiam
1436 1808 1679 1846 consequatur;
1707 1802 1789 1835 itaut
1811 1800 1959 1834 eiusdem

1194 1854 1337 1887 *domini
1365 1855 1465 1888 nostri
1492 1856 1561 1887 lesu
1588 1855 1726 1895 Christi,
1754 1865 1790 1887 ac
1813 1852 1962 1888 beatissi-

1218 1919 1288 1941 mae
1315 1908 1452 1951 Virginis
1473 1909 1604 1949 Mariae,
1625 1913 1878 1951 sanctorumque
1895 1916 1963 1940 om-

1218 1962 1306 1994 nium
1324 1962 1450 1994 meritis
1476 1962 1537 1995 sibi
1565 1961 1817 2005 suffragantibus
1843 1971 1860 1993 a
1884 1969 1962 2004 pur-

1196 2024 1197 2033 *
1218 2015 1333 2058 gatorii
1356 2015 1470 2059 poenis
1495 2015 1662 2055 liberetur,
1690 2014 1902 2048 concedimus
1929 2019 1961 2046 et

1218 2069 1442 2112 indulgemus:
1470 2069 1699 2113 praesentibus
1726 2067 1894 2111 perpetuis
1919 2067 1961 2100 su·

1218 2124 1297 2155 turis
1324 2123 1526 2166 temporibus
1551 2123 1706 2156 valituris.

1263 2177 1277 2220 §
1303 2175 1333 2208 2.
1363 2176 1517 2209 Volumus
1544 2181 1668 2216 autem,
1694 2175 1781 2219 quod
1808 2184 1963 2219 praesen-

1196 2244 1198 2282 ἱ
1219 2228 1298 2262 tium
1320 2229 1554 2272 transumptis,
1574 2240 1631 2262 seu
1657 2229 1834 2272 exemplis,
1862 2227 1940 2262 eto.¹

1263 2282 1378 2315 Datum
1398 2283 1539 2323 Romae,
1560 2282 1647 2326 apud
1665 2282 1697 2315 S.
1717 2281 1849 2316 Mariam
1865 2280 1964 2315 Maio·

1219 2346 1297 2377 rem,
1312 2337 1373 2368 sub
1390 2338 1515 2369 annulo
1534 2336 1727 2376 piscatoris,
1743 2335 1796 2368 die
1809 2345 1847 2368 xx
1864 2344 1963 2377 augu-

1218 2389 1257 2422 sti
1272 2399 1445 2431 MDCCXXIV,
1466 2388 1684 2433 pontificatus
1702 2388 1811 2421 nostri
1832 2398 1920 2421 anno
1937 2397 1960 2421 1.

1256 2453 1313 2478 Dat.
1334 2452 1378 2478 die
1393 2452 1428 2478 20
1443 2452 1550 2487 augusti
1571 2451 1649 2485 1724,
1666 2450 1764 2486 pontif.
1783 2457 1856 2477 anno
1872 2455 1890 2476 1.

1254 2546 1265 2571 1
1289 2544 1403 2580 Reliqua
1419 2549 1448 2572 ut
1466 2552 1549 2580 supra
1565 2551 1626 2579 pag.
1644 2543 1678 2570 59
1696 2543 1710 2569 b
1725 2544 1766 2577 (a.
1783 2545 1834 2575 aa).

1971 207 2019 234 Αη.
2039 207 2066 235 C.
2084 208 2150 237 ¹7²4

1990 638 2092 659 Concedit
2103 641 2124 660 ut
2132 639 2152 660 ln

1971 667 2062 686 rubrica.

2000 2182 2116 2206 clausulae.
