2170 3147
1 162 29 182 n.
45 153 74 181 C.
97 152 164 180 1729

3 1431 160 1458 nerogaiuriao.

754 152 951 176 BENEDICTFS
976 153 1031 176 Xlll
1056 153 1093 176 Pr
1100 170 1105 176 .

170 200 229 234 bus
266 209 420 233 concesso
450 201 500 233 vel
534 205 683 234 emanato
721 201 907 244 quempiam

171 255 202 288 in
228 253 347 287 iudicio
373 258 404 286 et
431 259 518 287 extra
544 254 624 287 illud
651 255 694 286 uti
720 265 775 287 seu
802 265 835 287 se
861 254 908 286 iu-

171 317 244 340 vare
268 316 374 349 posse,
391 307 447 340 sed
467 307 551 350 ipsas
573 312 762 350 praesentes
784 307 907 341 litteras

170 369 299 403 semper
324 359 444 400 sirmas,
470 360 590 393 validas
616 365 646 393 et
672 360 817 393 efficaces
843 360 906 393 exi-

170 417 256 445 stere
281 417 313 445 et
337 413 424 453 sore,
450 423 591 456 suosque
616 413 779 456 plenarios
806 418 835 446 et
859 413 907 446 in-

170 469 281 507 tegros
317 464 449 498 effectus
485 465 593 498 sortiri
621 471 652 498 et
676 465 846 505 obtinere,
872 476 907 498 ac

169 516 254 556 illis,
286 517 325 550 ad
357 528 435 561 quos
468 523 589 561 spectat
621 523 651 550 et
677 528 734 561 pro
761 523 906 561 tempore

169 569 337 613 spectabit,
360 570 391 602 in
409 570 561 604 omnibus
580 576 610 603 et
630 581 690 613 per
714 571 822 603 onmia
840 572 907 613 ple-

169 621 302 655 nissime
328 622 508 665 suffragari,
535 628 563 655 et
590 623 628 655 ab
655 622 699 655 eis
725 623 905 665 respective

171 675 480 719 observari,sicque
497 681 527 708 et
552 686 615 708 non
642 675 737 708 aliter
762 676 793 707 in
820 685 907 718 prae-

169 727 276 761 missis
296 738 355 771 per
379 739 604 772 quoscumque
630 729 751 761 iudices
778 728 907 761 ordina-

169 779 235 813 rios
261 786 291 814 et
316 780 506 823 delegatos,
531 781 627 814 etiam
660 791 825 814 causarum
851 792 906 824 pa-

168 833 236 867 latii
270 834 440 877 apostolici
477 834 667 873 auditores,
701 844 736 866 ac
761 833 905 866 eiusdem

170 886 201 919 S.
229 886 266 919 R.
289 887 323 919 E.
351 887 544 926 cardinales,
559 886 654 920 etiam
680 887 719 919 de
743 887 842 920 latere
864 887 907 919 le-

170 944 260 981 gatos
285 944 315 972 et
341 939 443 973 dictae
468 939 559 972 Sedis
585 939 742 978 nuncios,
770 945 801 972 et
826 939 906 972 alios

170 991 337 1034 quoslibet
362 1002 566 1034 quacumque
584 996 745 1034 potestate
771 992 908 1034 fungen-

170 1048 216 1077 tes
243 1048 275 1076 et
300 1044 490 1083 sanctores,
517 1044 643 1077 sublata
669 1044 713 1076 eis
739 1049 770 1076 et
794 1054 907 1077 eorum

170 1096 304 1129 cuilibet
329 1097 440 1140 quavis
459 1096 552 1130 aliter
577 1096 740 1130 iudicandi
763 1102 792 1130 et
814 1098 908 1130 inter-

169 1150 318 1194 pretandi
337 1150 484 1184 facultate
502 1156 533 1184 et
554 1151 755 1191 auctoritate,
773 1151 908 1184 iudicari

170 1208 201 1237 et
221 1203 348 1237 definiri
374 1204 513 1246 debere,
544 1214 579 1237 ac
604 1204 728 1237 irritum
757 1211 788 1238 et
813 1205 908 1239 inane

170 1257 194 1290 si
220 1268 313 1291 secus
339 1268 436 1301 super
462 1259 512 1290 his
537 1269 554 1290 a
579 1269 764 1302 quoquam,
800 1259 909 1302 quavis

170 1311 372 1351 auctoritate,
391 1310 533 1343 scienter
550 1312 598 1344 vel
621 1311 821 1354 ignoranter,
836 1323 909 1345 con-

170 1363 280 1407 tigerit
304 1364 466 1397 attentari.

215 1418 229 1461 §
254 1417 282 1450 5.
307 1417 377 1450 Non
404 1417 608 1450 obstantibus
634 1418 836 1461 praemissis,
864 1429 910 1460 ac,

172 1474 333 1514 quatenus
352 1481 431 1513 opus
449 1471 501 1511 sit,
517 1472 630 1504 nostra
647 1475 678 1503 et
692 1470 909 1505 Caucellariae

172 1523 377 1567 Apostolicae
404 1524 517 1566 regula
535 1523 572 1556 de
591 1523 662 1557 iure
683 1525 828 1567 quaesito
845 1535 910 1557 non

172 1577 332 1617 tollendo,
354 1586 391 1609 ae
414 1577 609 1610 recolendae
629 1578 803 1611 memoriae
818 1579 912 1611 Boni-

171 1629 243 1662 sacii
270 1629 373 1673 Papae
391 1630 453 1662 Vttt
475 1630 625 1663 similiter
650 1631 911 1673 praedecessoris

172 1683 273 1716 nostri
300 1683 339 1716 de
365 1686 448 1724 una,
475 1689 504 1717 et
529 1684 561 1716 in
588 1684 727 1718 concilio
765 1686 910 1727 generali

172 1737 258 1770 edita
283 1737 322 1770 de
348 1737 472 1770 duabus
499 1738 604 1779 dietis,
631 1739 804 1772 dummodo
829 1740 913 1773 ultra

172 1795 238 1823 tres
265 1790 367 1823 dietas
401 1790 519 1834 aliquis
551 1791 660 1834 vigore
695 1793 911 1834 praesentium

172 1843 206 1876 in
231 1843 385 1876 iudicium
411 1854 475 1876 non
502 1844 660 1885 trahatur,
680 1845 815 1888 aliisque
835 1857 912 1879 con-

174 1896 394 1929 stitutionibus
420 1902 452 1929 et
475 1897 732 1931 ordinationibus
757 1899 911 1942 apostoli-

175 1948 230 1993 cis,
252 1959 288 1981 ac
313 1959 587 1993 quorumcumque
613 1950 767 1984 Ordinum
793 1952 913 1985 Mendi-

175 2001 322 2041 canfium,
342 2002 437 2035 etiarn
455 2003 649 2043 iuramento,
668 2004 911 2038 confirmatione

175 2054 371 2098 apostolica,
395 2055 444 2087 vel
470 2056 580 2098 quavis
601 2055 750 2089 firmitate
777 2058 836 2090 alia
861 2068 912 2091 ro-

175 2107 307 2148 boraiis,
329 2107 452 2140 statutis
479 2113 509 2141 et
531 2109 832 2150 consuctudinibus,
852 2112 913 2154 pri-

174 2159 300 2203 vilegiis
324 2170 468 2204 quoque,
487 2160 621 2194 indultis
647 2167 678 2195 et
698 2162 813 2196 litteris
839 2174 912 2207 apo-

175 2212 315 2254 stolicis,
343 2213 406 2246 illis
432 2223 609 2257 eorumque
635 2215 859 2258 superioribus
882 2221 914 2250 et

175 2266 343 2309 personis,
372 2266 429 2300 sub
455 2267 712 2312 quibuscumque
739 2269 912 2302 verborum

176 2319 343 2353 tenoribus
370 2325 401 2353 et
424 2320 560 2361 formis,
586 2331 621 2354 ac
645 2331 718 2354 cum
744 2322 912 2366 quibusvis

177 2373 273 2407 etiam
287 2373 569 2416 derogatoriarum
587 2374 813 2418 derogatoriis,
832 2376 913 2409 aliis·
932 2371 935 2420 Ι

176 2436 238 2470 que
263 2425 498 2459 efficacioribus
524 2427 751 2460 efficacissimis
777 2434 808 2461 et
828 2428 914 2462 inso—
956 2427 1068 2460 fideles
1093 2427 1125 2459 in
1151 2427 1276 2460 civitate
1295 2431 1327 2459 et
1353 2427 1495 2460 dioecesi
1521 2427 1890 2460 parisiensicommatrum-uui

174 2479 239 2513 litis
264 2479 416 2512 clausulis
442 2485 473 2512 et
498 2480 651 2521 decretis,
671 2480 702 2512 in
726 2491 845 2524 genere
863 2483 913 2516 vel

174 2533 208 2567 in
232 2531 352 2576 specie,
381 2531 477 2565 etiam
502 2537 592 2566 motu
609 2537 641 2566 et
658 2534 828 2577 potestatis
845 2535 912 2577 ple·

260 2595 338 2624 Buzl.
359 2594 443 2624 Rom.
463 2611 497 2616 —-
521 2596 581 2628 Vol.
602 2596 694 2625 XXII.
837 2596 871 2623 99

950 200 1097 234 nitudine
1123 200 1293 241 similibus,
1327 205 1379 233 aut
1405 200 1482 234 alias
1510 200 1691 244 quomodo—

950 253 1029 286 libet
1043 264 1101 296 per
1115 264 1173 286 nos
1188 259 1218 286 et
1235 253 1395 286 Romanos
1414 252 1588 286 Pontifices
1604 263 1691 295 prae-

951 306 1142 340 decessores
1158 312 1287 339 nostros
1304 306 1334 339 in
1353 306 1546 339 contrarium
1566 316 1690 338 eorum-

951 359 1022 391 dem
1048 359 1303 402 praemissorum
1330 359 1504 399 concessis,
1531 369 1566 391 ac
1592 358 1689 392 etiam

949 411 1071 453 pluries
1097 411 1305 451 confirmatis,
1327 411 1516 454 approbatis
1542 417 1573 444 et
1598 412 1690 444 inno-

950 465 1041 504 vatis,
1058 464 1176 507 quibus
1192 464 1343 496 omnibus
1360 469 1389 497 et
1404 463 1547 506 singulis,
1565 464 1689 497 etiamsi

950 527 1008 559 pro
1043 516 1173 549 illorum
1210 516 1379 549 sufficienti
1413 516 1624 559 derogatione
1651 516 1690 549 de

950 569 1013 601 illis
1032 579 1209 612 eorumque
1237 569 1312 602 totis
1341 569 1508 602 tenoribus
1529 569 1690 612 specialis,

950 621 1112 665 specifica,
1136 622 1310 663 individua,
1330 633 1364 654 ac
1383 623 1421 655 de
1447 622 1544 655 verbo
1563 623 1601 655 ad
1621 633 1690 655 rer-

949 675 1035 715 bum,
1062 684 1127 707 non
1153 681 1260 707 autem
1288 685 1346 718 per
1369 676 1530 708 clausulas
1557 686 1690 717 gencra-

950 728 995 760 les
1022 728 1108 760 idem
1135 727 1359 770 imponantes,
1378 727 1499 761 mentio
1517 738 1573 760 seu
1593 739 1690 771 quae-

950 779 996 812 vis
1021 779 1083 812 alia
1108 780 1271 822 expressio
1298 780 1457 819 habenda,
1483 786 1535 812 aut
1560 780 1621 813 alia
1643 792 1690 814 ex-

950 832 1069 875 quisita
1095 833 1197 865 forma
1231 833 1268 866 ad
1303 833 1366 866 hoc
1401 834 1559 866 servanda
1586 834 1689 875 soret,

949 885 1078 918 illorum
1106 885 1248 918 omnium
1264 891 1295 918 et
1320 885 1524 928 singulorum
1550 891 1692 925 tenores,

951 939 1084 979 formas,
1107 948 1218 971 causas
1244 942 1273 971 et
1300 938 1490 971 occasiones
1515 939 1690 981 praesenti-

951 991 1008 1024 bus
1029 1003 1089 1035 pro
1115 992 1210 1035 plene
1237 997 1268 1024 et
1292 991 1541 1024 sufficienterac
1560 992 1691 1025 exactis-

951 1044 1029 1077 sime
1050 1049 1082 1077 et
1098 1044 1338 1078 accuratissime
1361 1044 1531 1088 expressis
1551 1044 1690 1084 insertis,

951 1098 1082 1131 servatis
1102 1103 1133 1131 et
1151 1096 1345 1141 speciticatis
1371 1097 1546 1140 respective
1573 1097 1691 1129 liaben-

952 1158 998 1183 tes
1015 1179 1022 1191 ,
1049 1151 1113 1184 illis
1139 1152 1217 1184 alias
1243 1151 1274 1183 in
1302 1161 1358 1183 suo
1391 1151 1506 1183 robore
1535 1160 1687 1193 perman-

951 1205 1043 1245 suris,
1068 1205 1106 1237 ad
1132 1204 1387 1247 praemissorum
1415 1204 1585 1243 ellectum,
1619 1214 1692 1247 spe-

952 1259 1075 1291 cialiter
1111 1256 1142 1291 et
1174 1268 1327 1301 expresse
1363 1268 1397 1289 ac
1434 1256 1621 1300 plenissime
1659 1261 1691 1289 et

952 1311 1151 1355 amplissime
1166 1312 1360 1353 derogamus
1373 1317 1404 1343 et
1417 1310 1605 1352 derogatum
1620 1321 1690 1343 esse

952 1367 1120 1406 volumus,
1147 1364 1329 1407 ceterisque
1363 1364 1534 1397 contrariis
1560 1363 1692 1407 quibus-

953 1429 1103 1461 eumque.

997 1472 1011 1515 ἓ
1043 1471 1074 1503 6.
1110 1470 1262 1504 Volumus
1295 1475 1404 1502 autem
1436 1474 1470 1501 ut
1502 1470 1692 1503 eammdem
1730 1480 1889 1501 sarathan-„-

1704 1507 1729 1527 da
1744 1510 1886 1533 transumptis.

953 1524 1174 1569 praesentium
1192 1524 1374 1556 litterarum
1388 1523 1614 1566 transumptis,
1636 1533 1693 1556 scu

954 1577 1124 1620 exemplis,
1151 1577 1247 1610 etiam
1275 1576 1461 1619 impressis,
1484 1575 1558 1609 ete*

993 1632 1106 1664 Datum
1120 1631 1249 1670 Romae,
1265 1631 1351 1673 apud
1366 1629 1397 1662 S.
1412 1630 1552 1669 Petrum,
1568 1630 1626 1662 sub
1642 1639 1693 1662 an-

955 1686 1032 1718 nulo
1050 1684 1238 1724 piscatoris,
1257 1684 1308 1717 die
1328 1693 1369 1716 vu
1391 1682 1494 1716 martii
1520 1692 1694 1723 MDCCXXIX,

953 1738 1169 1783 pontificatus
1193 1738 1298 1771 nostri
1324 1747 1409 1770 anno
1436 1747 1465 1770 v.

991 1801 1050 1828 Dat.
1073 1801 1117 1828 die
1133 1801 1148 1828 7
1170 1799 1261 1827 martii
1284 1799 1363 1833 1729,
1384 1798 1482 1834 pontif.
1505 1807 1576 1827 anuo
1598 1807 1624 1826 v.

1249 1915 1399 1949 CCLXlll.

957 1987 1162 2026 Declaratur,
1192 1987 1276 2026 illos,
1305 1987 1364 2029 qui
1388 1997 1408 2019 α
1432 1986 1463 2020 S.
1482 1987 1518 2020 R.
1540 1986 1576 2019 Ε.
1606 1996 1697 2019 com—

999 2042 1153 2073 munione
1191 2039 1405 2072 ecclesiastica
1440 2040 1583 2082 separati
1611 2050 1697 2082 repe-

998 2094 1144 2131 riuntur,
1164 2103 1229 2125 non
1250 2102 1313 2124 esse
1328 2092 1503 2135 parlz'cipes
1524 2092 1698 2135 indumen-

1001 2147 1064 2178 tiae
1088 2146 1170 2178 anni
1194 2145 1342 2184 iubilaei,
1368 2144 1578 2189 aliarumque
1601 2145 1698 2188 spiri-

1001 2197 1143 2230 tualium
1163 2197 1349 2240 oratiarum
1363 2197 1385 2229 ².

1131 2268 1314 2296 Benedictus
1336 2268 1417 2302 Papa
1442 2268 1521 2299 xm,

1100 2312 1137 2339 ad
1158 2312 1295 2339 futurum
1315 2311 1360 2340 rei
1380 2313 1562 2339 memoriam.

1000 2375 1014 2419 ἓ
1040 2374 1070 2407 l.
1098 2373 1207 2418 Nuper
1231 2384 1303 2415 nos,
1321 2375 1538 2415 attendentes,
1566 2374 1696 2408 christi·
1735 2382 1790 2403 Attas
1806 2382 1831 2403 ab
1851 2382 1892 2402 hoo

1720 2409 1780 2427 etl-*in
1806 2409 1890 2428 romu}-

991 2497 1004 2524 1
1028 2496 1060 2524 Ut
1079 2504 1162 2531 supra
1181 2504 1243 2531 pag.
1265 2496 1298 2523 72
1317 2497 1332 2523 b
1352 2496 1391 2532 (a.
1408 2504 1457 2530 T.).

991 2542 1007 2569 2
1027 2541 1082 2572 Hoc
1101 2541 1248 2571 iubitaeum
1267 2549 1316 2577 pro
1337 2542 1444 2571 civitate
1464 2545 1490 2570 et
1511 2542 1627 2571 dioecesi
1642 2543 1696 2571 Pa-

1584 142 1646 175 783
1694 153 1744 178 An.
1762 152 1790 179 c.
1815 152 1883 179 1729
