<?xml version="1.0" encoding="UTF-8"?>
<!DOCTYPE html PUBLIC "-//W3C//DTD XHTML 1.0 Transitional//EN"
    "http://www.w3.org/TR/xhtml1/DTD/xhtml1-transitional.dtd">
<html xmlns="http://www.w3.org/1999/xhtml" xml:lang="en" lang="en">
 <head>
  <title>
</title>
<meta http-equiv="Content-Type" content="text/html;charset=utf-8" />
  <meta name='ocr-system' content='tesseract 3.04.00' />
  <meta name='ocr-capabilities' content='ocr_page ocr_carea ocr_par ocr_line ocrx_word'/>
</head>
<body>
  <div class='ocr_page' id='page_1' title='image "./bullarumdiplomat22cath_0801.png"; bbox 0 0 2170 3147; ppageno 0'>
   <div class='ocr_carea' id='block_1_1' title="bbox 0 156 151 188">
    <p class='ocr_par' dir='ltr' id='par_1_1' title="bbox 0 156 151 188">
     <span class='ocr_line' id='line_1_1' title="bbox 0 156 151 188; baseline -0.02 -2"><span class='ocrx_word' id='word_1_1' title='bbox 0 166 17 188; x_wconf 83' lang='grc' dir='ltr'>Ι.</span> <span class='ocrx_word' id='word_1_2' title='bbox 37 158 66 186; x_wconf 81' lang='lat' dir='ltr'>C.</span> <span class='ocrx_word' id='word_1_3' title='bbox 84 156 151 185; x_wconf 77' lang='lat'>¹728</span> 
     </span>
    </p>
   </div>
   <div class='ocr_carea' id='block_1_2' title="bbox 25 2065 157 2088">
    <p class='ocr_par' dir='ltr' id='par_1_2' title="bbox 25 2065 157 2088">
     <span class='ocr_line' id='line_1_2' title="bbox 25 2065 157 2088; baseline 0 -2"><span class='ocrx_word' id='word_1_4' title='bbox 25 2065 78 2087; x_wconf 67' lang='lat' dir='ltr'>uine</span> <span class='ocrx_word' id='word_1_5' title='bbox 111 2067 157 2088; x_wconf 71' lang='lat' dir='ltr'>orta</span> 
     </span>
    </p>
   </div>
   <div class='ocr_carea' id='block_1_3' title="bbox 0 2092 69 2114">
    <p class='ocr_par' dir='ltr' id='par_1_3' title="bbox 0 2092 69 2114">
     <span class='ocr_line' id='line_1_3' title="bbox 0 2092 69 2114; baseline -0.014 0"><span class='ocrx_word' id='word_1_6' title='bbox 0 2092 69 2114; x_wconf 68' lang='lat' dir='ltr'>uldra.</span> 
     </span>
    </p>
   </div>
   <div class='ocr_carea' id='block_1_4' title="bbox 737 153 1084 177">
    <p class='ocr_par' dir='ltr' id='par_1_4' title="bbox 737 153 1084 177">
     <span class='ocr_line' id='line_1_4' title="bbox 737 153 1084 177; baseline -0.003 0"><span class='ocrx_word' id='word_1_7' title='bbox 737 153 930 177; x_wconf 75' lang='lat' dir='ltr'>BENEDICTI&#39;S</span> <span class='ocrx_word' id='word_1_8' title='bbox 956 153 1011 177; x_wconf 84' lang='lat' dir='ltr'>XIII</span> <span class='ocrx_word' id='word_1_9' title='bbox 1036 154 1084 176; x_wconf 70' lang='lat'>1³1³.</span> 
     </span>
    </p>
   </div>
   <div class='ocr_carea' id='block_1_5' title="bbox 160 201 904 2313">
    <p class='ocr_par' dir='ltr' id='par_1_5' title="bbox 160 201 904 2044">
     <span class='ocr_line' id='line_1_5' title="bbox 161 201 896 248; baseline -0.004 -11"><span class='ocrx_word' id='word_1_10' title='bbox 161 214 257 248; x_wconf 89' lang='lat' dir='ltr'>quem</span> <span class='ocrx_word' id='word_1_11' title='bbox 281 204 396 237; x_wconf 77' lang='lat' dir='ltr'>fratres</span> <span class='ocrx_word' id='word_1_12' title='bbox 422 202 610 247; x_wconf 86' lang='lat' dir='ltr'>provinciae</span> <span class='ocrx_word' id='word_1_13' title='bbox 636 203 801 236; x_wconf 79' lang='lat' dir='ltr'>Romanae</span> <span class='ocrx_word' id='word_1_14' title='bbox 821 201 896 235; x_wconf 89' lang='lat' dir='ltr'>dicti</span> 
     </span>
     <span class='ocr_line' id='line_1_6' title="bbox 161 255 899 296; baseline -0.004 -5"><span class='ocrx_word' id='word_1_15' title='bbox 161 257 290 292; x_wconf 84' lang='lat' dir='ltr'>Ordinis</span> <span class='ocrx_word' id='word_1_16' title='bbox 305 261 413 290; x_wconf 83' lang='lat' dir='ltr'>exacte</span> <span class='ocrx_word' id='word_1_17' title='bbox 432 262 621 295; x_wconf 85' lang='lat' dir='ltr'>servarunt,</span> <span class='ocrx_word' id='word_1_18' title='bbox 643 256 755 296; x_wconf 83' lang='lat' dir='ltr'>donec,</span> <span class='ocrx_word' id='word_1_19' title='bbox 778 255 899 288; x_wconf 87' lang='lat' dir='ltr'>instan-</span> 
     </span>
     <span class='ocr_line' id='line_1_7' title="bbox 163 307 896 352; baseline -0.004 -9"><span class='ocrx_word' id='word_1_20' title='bbox 163 311 245 344; x_wconf 81' lang='lat' dir='ltr'>tibus</span> <span class='ocrx_word' id='word_1_21' title='bbox 269 309 419 342; x_wconf 89' lang='lat' dir='ltr'>ministro</span> <span class='ocrx_word' id='word_1_22' title='bbox 444 308 654 352; x_wconf 82' lang='lat' dir='ltr'>provinciali,</span> <span class='ocrx_word' id='word_1_23' title='bbox 687 307 873 342; x_wconf 74' lang='lat' dir='ltr'>delinitorio</span> <span class='ocrx_word' id='word_1_24' title='bbox 889 335 896 348; x_wconf 86' lang='lat'><em>‚</em></span> 
     </span>
     <span class='ocr_line' id='line_1_8' title="bbox 161 361 899 406; baseline -0.005 -9"><span class='ocrx_word' id='word_1_25' title='bbox 161 363 316 397; x_wconf 85' lang='lat' dir='ltr'><strong>ministris</strong></span> <span class='ocrx_word' id='word_1_26' title='bbox 352 363 646 406; x_wconf 83' lang='lat' dir='ltr'>exprovincialibus</span> <span class='ocrx_word' id='word_1_27' title='bbox 680 368 711 395; x_wconf 84' lang='lat' dir='ltr'>et</span> <span class='ocrx_word' id='word_1_28' title='bbox 742 361 812 395; x_wconf 83' lang='lat' dir='ltr'>aliis</span> <span class='ocrx_word' id='word_1_29' title='bbox 837 362 899 393; x_wconf 87' lang='lat' dir='ltr'>sra-</span> 
     </span>
     <span class='ocr_line' id='line_1_9' title="bbox 161 414 900 459; baseline -0.004 -9"><span class='ocrx_word' id='word_1_30' title='bbox 161 418 264 450; x_wconf 87' lang='lat' dir='ltr'>tribus</span> <span class='ocrx_word' id='word_1_31' title='bbox 289 416 454 459; x_wconf 81' lang='lat' dir='ltr'>graduatis</span> <span class='ocrx_word' id='word_1_32' title='bbox 472 415 615 449; x_wconf 86' lang='lat' dir='ltr'>eiusdem</span> <span class='ocrx_word' id='word_1_33' title='bbox 638 415 823 458; x_wconf 89' lang='lat' dir='ltr'>provinciae</span> <span class='ocrx_word' id='word_1_34' title='bbox 841 414 900 447; x_wconf 78' lang='lat' dir='ltr'>Ro-</span> 
     </span>
     <span class='ocr_line' id='line_1_10' title="bbox 160 466 900 508; baseline -0.005 -6"><span class='ocrx_word' id='word_1_35' title='bbox 160 479 285 508; x_wconf 83' lang='lat' dir='ltr'>manae,</span> <span class='ocrx_word' id='word_1_36' title='bbox 310 469 505 501; x_wconf 77' lang='lat' dir='ltr'>recolendae</span> <span class='ocrx_word' id='word_1_37' title='bbox 523 468 700 500; x_wconf 87' lang='lat' dir='ltr'>memoriae</span> <span class='ocrx_word' id='word_1_38' title='bbox 719 466 900 500; x_wconf 78' lang='lat' dir='ltr'>Alexander</span> 
     </span>
     <span class='ocr_line' id='line_1_11' title="bbox 161 520 901 566; baseline -0.007 -11"><span class='ocrx_word' id='word_1_39' title='bbox 161 521 245 566; x_wconf 83' lang='lat' dir='ltr'>Papa</span> <span class='ocrx_word' id='word_1_40' title='bbox 257 521 307 554; x_wconf 93' lang='lat' dir='ltr'>Vll</span> <span class='ocrx_word' id='word_1_41' title='bbox 328 520 423 553; x_wconf 83' lang='lat' dir='ltr'>etiam</span> <span class='ocrx_word' id='word_1_42' title='bbox 442 520 678 564; x_wconf 86' lang='lat' dir='ltr'>praedecessor</span> <span class='ocrx_word' id='word_1_43' title='bbox 698 525 824 560; x_wconf 90' lang='lat' dir='ltr'>noster,</span> <span class='ocrx_word' id='word_1_44' title='bbox 844 528 901 561; x_wconf 91' lang='lat' dir='ltr'>per</span> 
     </span>
     <span class='ocr_line' id='line_1_12' title="bbox 161 571 901 616; baseline -0.007 -8"><span class='ocrx_word' id='word_1_45' title='bbox 161 584 234 608; x_wconf 90' lang='lat' dir='ltr'>suas</span> <span class='ocrx_word' id='word_1_46' title='bbox 259 574 290 606; x_wconf 93' lang='lat' dir='ltr'>in</span> <span class='ocrx_word' id='word_1_47' title='bbox 316 573 385 616; x_wconf 89' lang='lat' dir='ltr'>pari</span> <span class='ocrx_word' id='word_1_48' title='bbox 407 573 509 606; x_wconf 80' lang='lat' dir='ltr'>forma</span> <span class='ocrx_word' id='word_1_49' title='bbox 534 572 645 605; x_wconf 89' lang='lat' dir='ltr'>Brevis</span> <span class='ocrx_word' id='word_1_50' title='bbox 673 571 724 605; x_wconf 89' lang='lat' dir='ltr'>die</span> <span class='ocrx_word' id='word_1_51' title='bbox 749 581 824 604; x_wconf 80' lang='lat' dir='ltr'>xxm</span> <span class='ocrx_word' id='word_1_52' title='bbox 846 571 901 603; x_wconf 89' lang='lat' dir='ltr'>dc-</span> 
     </span>
     <span class='ocr_line' id='line_1_13' title="bbox 161 623 901 661; baseline -0.007 -1"><span class='ocrx_word' id='word_1_53' title='bbox 161 626 302 661; x_wconf 88' lang='lat' dir='ltr'>cembris</span> <span class='ocrx_word' id='word_1_54' title='bbox 327 635 455 659; x_wconf 69' lang='lat' dir='ltr'>aructxv</span> <span class='ocrx_word' id='word_1_55' title='bbox 479 630 642 658; x_wconf 87' lang='lat' dir='ltr'>emanatas</span> <span class='ocrx_word' id='word_1_56' title='bbox 672 624 795 657; x_wconf 73' lang='lat' dir='ltr'>litteras</span> <span class='ocrx_word' id='word_1_57' title='bbox 822 623 901 656; x_wconf 87' lang='lat' dir='ltr'>inci-</span> 
     </span>
     <span class='ocr_line' id='line_1_14' title="bbox 160 675 900 724; baseline -0.008 -11"><span class='ocrx_word' id='word_1_58' title='bbox 160 680 290 724; x_wconf 84' lang='lat' dir='ltr'>pientes</span> <span class='ocrx_word' id='word_1_59' title='bbox 304 678 501 718; x_wconf 78' lang='lat' dir='ltr'>Pastoralis,</span> <span class='ocrx_word' id='word_1_60' title='bbox 511 682 581 719; x_wconf 69' lang='lat' dir='ltr'>etc„</span> <span class='ocrx_word' id='word_1_61' title='bbox 594 678 727 710; x_wconf 85' lang='lat' dir='ltr'>formam</span> <span class='ocrx_word' id='word_1_62' title='bbox 742 675 900 709; x_wconf 81' lang='lat' dir='ltr'>eiusmodi</span> 
     </span>
     <span class='ocr_line' id='line_1_15' title="bbox 160 728 899 776; baseline -0.005 -11"><span class='ocrx_word' id='word_1_63' title='bbox 160 731 382 776; x_wconf 86' lang='lat' dir='ltr'>praecedendi</span> <span class='ocrx_word' id='word_1_64' title='bbox 415 731 637 770; x_wconf 87' lang='lat' dir='ltr'>moderando,</span> <span class='ocrx_word' id='word_1_65' title='bbox 671 729 782 762; x_wconf 86' lang='lat' dir='ltr'>statuit</span> <span class='ocrx_word' id='word_1_66' title='bbox 813 728 899 771; x_wconf 86' lang='lat' dir='ltr'>quod</span> 
     </span>
     <span class='ocr_line' id='line_1_16' title="bbox 161 781 901 827; baseline -0.007 -9"><span class='ocrx_word' id='word_1_67' title='bbox 161 785 193 818; x_wconf 92' lang='lat' dir='ltr'>in</span> <span class='ocrx_word' id='word_1_68' title='bbox 218 784 332 818; x_wconf 80' lang='lat' dir='ltr'>eadem</span> <span class='ocrx_word' id='word_1_69' title='bbox 364 783 535 827; x_wconf 70' lang='lat' dir='ltr'>provincia</span> <span class='ocrx_word' id='word_1_70' title='bbox 567 783 702 816; x_wconf 82' lang='lat' dir='ltr'>romana</span> <span class='ocrx_word' id='word_1_71' title='bbox 734 781 814 814; x_wconf 89' lang='lat' dir='ltr'>nulli</span> <span class='ocrx_word' id='word_1_72' title='bbox 840 781 901 813; x_wconf 83' lang='lat' dir='ltr'>sra-</span> 
     </span>
     <span class='ocr_line' id='line_1_17' title="bbox 161 833 899 880; baseline -0.007 -10"><span class='ocrx_word' id='word_1_73' title='bbox 161 843 248 870; x_wconf 86' lang='lat' dir='ltr'>trum</span> <span class='ocrx_word' id='word_1_74' title='bbox 274 836 322 869; x_wconf 88' lang='lat' dir='ltr'>ius</span> <span class='ocrx_word' id='word_1_75' title='bbox 341 835 561 880; x_wconf 85' lang='lat' dir='ltr'>praecedendi</span> <span class='ocrx_word' id='word_1_76' title='bbox 586 835 652 868; x_wconf 91' lang='lat' dir='ltr'>sive</span> <span class='ocrx_word' id='word_1_77' title='bbox 677 833 899 867; x_wconf 83' lang='lat' dir='ltr'>honoratioris</span> 
     </span>
     <span class='ocr_line' id='line_1_18' title="bbox 160 885 901 932; baseline -0.008 -9"><span class='ocrx_word' id='word_1_78' title='bbox 160 890 224 924; x_wconf 90' lang='lat' dir='ltr'>loci</span> <span class='ocrx_word' id='word_1_79' title='bbox 250 893 470 932; x_wconf 89' lang='lat' dir='ltr'>competeret,</span> <span class='ocrx_word' id='word_1_80' title='bbox 494 888 553 920; x_wconf 90' lang='lat' dir='ltr'>nisi</span> <span class='ocrx_word' id='word_1_81' title='bbox 580 887 732 920; x_wconf 88' lang='lat' dir='ltr'>ministro</span> <span class='ocrx_word' id='word_1_82' title='bbox 753 885 901 919; x_wconf 87' lang='lat' dir='ltr'>commis-</span> 
     </span>
     <span class='ocr_line' id='line_1_19' title="bbox 161 938 897 984; baseline -0.008 -8"><span class='ocrx_word' id='word_1_83' title='bbox 161 943 259 983; x_wconf 85' lang='lat' dir='ltr'>sario,</span> <span class='ocrx_word' id='word_1_84' title='bbox 273 942 391 975; x_wconf 88' lang='lat' dir='ltr'>vicario</span> <span class='ocrx_word' id='word_1_85' title='bbox 410 946 440 974; x_wconf 84' lang='lat' dir='ltr'>et</span> <span class='ocrx_word' id='word_1_86' title='bbox 459 940 661 984; x_wconf 79' lang='lat' dir='ltr'>procuratori</span> <span class='ocrx_word' id='word_1_87' title='bbox 681 938 897 982; x_wconf 76' lang='lat' dir='ltr'>generalibus,</span> 
     </span>
     <span class='ocr_line' id='line_1_20' title="bbox 160 991 900 1035; baseline -0.007 -7"><span class='ocrx_word' id='word_1_88' title='bbox 160 995 322 1035; x_wconf 87' lang='lat' dir='ltr'>ministro,</span> <span class='ocrx_word' id='word_1_89' title='bbox 350 993 596 1033; x_wconf 77' lang='lat' dir='ltr'>commissario,</span> <span class='ocrx_word' id='word_1_90' title='bbox 624 991 743 1024; x_wconf 82' lang='lat' dir='ltr'>vicario</span> <span class='ocrx_word' id='word_1_91' title='bbox 769 996 801 1024; x_wconf 89' lang='lat' dir='ltr'>et</span> <span class='ocrx_word' id='word_1_92' title='bbox 824 1001 900 1034; x_wconf 92' lang='lat' dir='ltr'>pro-</span> 
     </span>
     <span class='ocr_line' id='line_1_21' title="bbox 161 1043 901 1090; baseline -0.007 -9"><span class='ocrx_word' id='word_1_93' title='bbox 161 1048 301 1081; x_wconf 80' lang='lat' dir='ltr'>curatori</span> <span class='ocrx_word' id='word_1_94' title='bbox 327 1046 544 1090; x_wconf 82' lang='lat' dir='ltr'>generalibus,</span> <span class='ocrx_word' id='word_1_95' title='bbox 571 1044 732 1085; x_wconf 83' lang='lat' dir='ltr'>ministro,</span> <span class='ocrx_word' id='word_1_96' title='bbox 753 1043 901 1077; x_wconf 74' lang='lat' dir='ltr'>cominis-</span> 
     </span>
     <span class='ocr_line' id='line_1_22' title="bbox 162 1096 899 1142; baseline -0.008 -7"><span class='ocrx_word' id='word_1_97' title='bbox 162 1101 246 1135; x_wconf 81' lang='lat' dir='ltr'>sario</span> <span class='ocrx_word' id='word_1_98' title='bbox 271 1105 304 1134; x_wconf 90' lang='lat' dir='ltr'>et</span> <span class='ocrx_word' id='word_1_99' title='bbox 327 1100 448 1132; x_wconf 85' lang='lat' dir='ltr'>vicario</span> <span class='ocrx_word' id='word_1_100' title='bbox 473 1098 740 1142; x_wconf 84' lang='lat' dir='ltr'>provincialibus,</span> <span class='ocrx_word' id='word_1_101' title='bbox 761 1096 899 1137; x_wconf 88' lang='lat' dir='ltr'>custodi,</span> 
     </span>
     <span class='ocr_line' id='line_1_23' title="bbox 162 1151 901 1194; baseline -0.008 -6"><span class='ocrx_word' id='word_1_102' title='bbox 162 1152 397 1192; x_wconf 82' lang='lat' dir='ltr'>commissario,</span> <span class='ocrx_word' id='word_1_103' title='bbox 412 1151 583 1192; x_wconf 79' lang='lat' dir='ltr'>visitatori,</span> <span class='ocrx_word' id='word_1_104' title='bbox 599 1151 793 1194; x_wconf 78' lang='lat' dir='ltr'>guardianiS‚</span> <span class='ocrx_word' id='word_1_105' title='bbox 808 1160 901 1193; x_wconf 90' lang='lat' dir='ltr'>prae-</span> 
     </span>
     <span class='ocr_line' id='line_1_24' title="bbox 162 1204 903 1247; baseline -0.008 -6"><span class='ocrx_word' id='word_1_106' title='bbox 162 1207 292 1247; x_wconf 89' lang='lat' dir='ltr'>sidenti,</span> <span class='ocrx_word' id='word_1_107' title='bbox 309 1216 365 1240; x_wconf 89' lang='lat' dir='ltr'>seu</span> <span class='ocrx_word' id='word_1_108' title='bbox 382 1205 615 1245; x_wconf 77' lang='lat' dir='ltr'>commissario,</span> <span class='ocrx_word' id='word_1_109' title='bbox 634 1210 665 1237; x_wconf 89' lang='lat' dir='ltr'>et</span> <span class='ocrx_word' id='word_1_110' title='bbox 681 1204 903 1236; x_wconf 87' lang='lat' dir='ltr'>vicariisloca-</span> 
     </span>
     <span class='ocr_line' id='line_1_25' title="bbox 161 1257 901 1304; baseline -0.007 -10"><span class='ocrx_word' id='word_1_111' title='bbox 161 1261 257 1301; x_wconf 88' lang='lat' dir='ltr'>libus,</span> <span class='ocrx_word' id='word_1_112' title='bbox 279 1259 334 1304; x_wconf 84' lang='lat' dir='ltr'>qui</span> <span class='ocrx_word' id='word_1_113' title='bbox 354 1265 474 1299; x_wconf 87' lang='lat' dir='ltr'>tamen,</span> <span class='ocrx_word' id='word_1_114' title='bbox 489 1258 625 1301; x_wconf 81' lang='lat' dir='ltr'>expletis</span> <span class='ocrx_word' id='word_1_115' title='bbox 647 1268 760 1291; x_wconf 91' lang='lat' dir='ltr'>eorum</span> <span class='ocrx_word' id='word_1_116' title='bbox 777 1257 901 1297; x_wconf 82' lang='lat' dir='ltr'>officiis,</span> 
     </span>
     <span class='ocr_line' id='line_1_26' title="bbox 162 1311 902 1356; baseline -0.007 -8"><span class='ocrx_word' id='word_1_117' title='bbox 162 1315 202 1348; x_wconf 91' lang='lat' dir='ltr'>ad</span> <span class='ocrx_word' id='word_1_118' title='bbox 219 1315 326 1348; x_wconf 88' lang='lat' dir='ltr'>locum</span> <span class='ocrx_word' id='word_1_119' title='bbox 346 1318 376 1345; x_wconf 90' lang='lat' dir='ltr'>et</span> <span class='ocrx_word' id='word_1_120' title='bbox 390 1311 652 1356; x_wconf 74' lang='lat' dir='ltr'>praecedentiam</span> <span class='ocrx_word' id='word_1_121' title='bbox 670 1311 799 1344; x_wconf 88' lang='lat' dir='ltr'>Ordinis</span> <span class='ocrx_word' id='word_1_122' title='bbox 817 1311 902 1343; x_wconf 87' lang='lat' dir='ltr'>redi-</span> 
     </span>
     <span class='ocr_line' id='line_1_27' title="bbox 161 1364 900 1409; baseline -0.007 -8"><span class='ocrx_word' id='word_1_123' title='bbox 161 1372 245 1406; x_wconf 83' lang='lat' dir='ltr'>rent,</span> <span class='ocrx_word' id='word_1_124' title='bbox 261 1372 324 1399; x_wconf 86' lang='lat' dir='ltr'>tam</span> <span class='ocrx_word' id='word_1_125' title='bbox 339 1365 407 1406; x_wconf 89' lang='lat' dir='ltr'>illi¹,</span> <span class='ocrx_word' id='word_1_126' title='bbox 423 1366 476 1409; x_wconf 90' lang='lat' dir='ltr'>qui</span> <span class='ocrx_word' id='word_1_127' title='bbox 495 1365 547 1398; x_wconf 55' lang='lat' dir='ltr'>ad2</span> <span class='ocrx_word' id='word_1_128' title='bbox 564 1364 711 1397; x_wconf 86' lang='lat' dir='ltr'>habitum</span> <span class='ocrx_word' id='word_1_129' title='bbox 726 1375 784 1407; x_wconf 90' lang='lat' dir='ltr'>per</span> <span class='ocrx_word' id='word_1_130' title='bbox 798 1364 900 1397; x_wconf 92' lang='lat' dir='ltr'>dictos</span> 
     </span>
     <span class='ocr_line' id='line_1_28' title="bbox 163 1418 902 1462; baseline -0.007 -8"><span class='ocrx_word' id='word_1_131' title='bbox 163 1422 279 1454; x_wconf 79' lang='lat' dir='ltr'>fratres</span> <span class='ocrx_word' id='word_1_132' title='bbox 306 1419 425 1462; x_wconf 82' lang='lat' dir='ltr'>gestari</span> <span class='ocrx_word' id='word_1_133' title='bbox 451 1418 584 1451; x_wconf 86' lang='lat' dir='ltr'>solitum</span> <span class='ocrx_word' id='word_1_134' title='bbox 615 1422 840 1461; x_wconf 75' lang='lat' dir='ltr'>susceperant,</span> <span class='ocrx_word' id='word_1_135' title='bbox 867 1427 902 1450; x_wconf 84' lang='lat' dir='ltr'>ac</span> 
     </span>
     <span class='ocr_line' id='line_1_29' title="bbox 163 1470 901 1514; baseline -0.008 -6"><span class='ocrx_word' id='word_1_136' title='bbox 163 1475 203 1508; x_wconf 89' lang='lat' dir='ltr'>de</span> <span class='ocrx_word' id='word_1_137' title='bbox 241 1478 349 1506; x_wconf 87' lang='lat' dir='ltr'>cetero</span> <span class='ocrx_word' id='word_1_138' title='bbox 388 1471 610 1514; x_wconf 77' lang='lat' dir='ltr'>susciperent,</span> <span class='ocrx_word' id='word_1_139' title='bbox 645 1481 740 1514; x_wconf 86' lang='lat' dir='ltr'>quam</span> <span class='ocrx_word' id='word_1_140' title='bbox 776 1470 815 1509; x_wconf 89' lang='lat' dir='ltr'>ii,</span> <span class='ocrx_word' id='word_1_141' title='bbox 849 1470 901 1513; x_wconf 89' lang='lat' dir='ltr'>qui</span> 
     </span>
     <span class='ocr_line' id='line_1_30' title="bbox 163 1523 902 1561; baseline -0.005 0"><span class='ocrx_word' id='word_1_142' title='bbox 163 1538 197 1561; x_wconf 86' lang='lat' dir='ltr'>se</span> <span class='ocrx_word' id='word_1_143' title='bbox 225 1537 243 1559; x_wconf 89' lang='lat' dir='ltr'>a</span> <span class='ocrx_word' id='word_1_144' title='bbox 267 1524 421 1558; x_wconf 79' lang='lat' dir='ltr'>fratribus</span> <span class='ocrx_word' id='word_1_145' title='bbox 452 1525 491 1557; x_wconf 89' lang='lat' dir='ltr'>de</span> <span class='ocrx_word' id='word_1_146' title='bbox 527 1523 737 1557; x_wconf 78' lang='lat' dir='ltr'>Observantia</span> <span class='ocrx_word' id='word_1_147' title='bbox 769 1524 808 1556; x_wconf 87' lang='lat' dir='ltr'>ad</span> <span class='ocrx_word' id='word_1_148' title='bbox 840 1524 902 1557; x_wconf 82' lang='lat' dir='ltr'>sra-</span> 
     </span>
     <span class='ocr_line' id='line_1_31' title="bbox 165 1577 901 1620; baseline -0.007 -6"><span class='ocrx_word' id='word_1_149' title='bbox 165 1586 230 1614; x_wconf 89' lang='lat' dir='ltr'>tres</span> <span class='ocrx_word' id='word_1_150' title='bbox 270 1579 474 1612; x_wconf 80' lang='lat' dir='ltr'>Reformatos</span> <span class='ocrx_word' id='word_1_151' title='bbox 514 1577 701 1620; x_wconf 84' lang='lat' dir='ltr'>provinciae</span> <span class='ocrx_word' id='word_1_152' title='bbox 739 1577 901 1619; x_wconf 76' lang='lat' dir='ltr'>praefatae</span> 
     </span>
     <span class='ocr_line' id='line_1_32' title="bbox 165 1630 900 1670; baseline -0.005 -3"><span class='ocrx_word' id='word_1_153' title='bbox 165 1633 323 1667; x_wconf 87' lang='lat' dir='ltr'>canonice</span> <span class='ocrx_word' id='word_1_154' title='bbox 347 1630 587 1664; x_wconf 67' lang='lat' dir='ltr'>transtulerant</span> <span class='ocrx_word' id='word_1_155' title='bbox 615 1635 647 1663; x_wconf 91' lang='lat' dir='ltr'>et</span> <span class='ocrx_word' id='word_1_156' title='bbox 672 1630 900 1670; x_wconf 75' lang='lat' dir='ltr'>transferrent,</span> 
     </span>
     <span class='ocr_line' id='line_1_33' title="bbox 165 1683 903 1730; baseline -0.007 -10"><span class='ocrx_word' id='word_1_157' title='bbox 165 1686 309 1730; x_wconf 84' lang='lat' dir='ltr'>exceptis</span> <span class='ocrx_word' id='word_1_158' title='bbox 344 1690 452 1717; x_wconf 88' lang='lat' dir='ltr'>tamen</span> <span class='ocrx_word' id='word_1_159' title='bbox 482 1684 528 1716; x_wconf 81' lang='lat' dir='ltr'>eis</span> <span class='ocrx_word' id='word_1_160' title='bbox 562 1684 615 1727; x_wconf 86' lang='lat' dir='ltr'>qui</span> <span class='ocrx_word' id='word_1_161' title='bbox 641 1683 779 1716; x_wconf 83' lang='lat' dir='ltr'>ministri</span> <span class='ocrx_word' id='word_1_162' title='bbox 805 1693 903 1725; x_wconf 80' lang='lat' dir='ltr'>gene-</span> 
     </span>
     <span class='ocr_line' id='line_1_34' title="bbox 165 1736 902 1779; baseline -0.007 -6"><span class='ocrx_word' id='word_1_163' title='bbox 165 1739 242 1773; x_wconf 89' lang='lat' dir='ltr'>ralis</span> <span class='ocrx_word' id='word_1_164' title='bbox 259 1749 318 1772; x_wconf 89' lang='lat' dir='ltr'>seu</span> <span class='ocrx_word' id='word_1_165' title='bbox 336 1737 545 1772; x_wconf 83' lang='lat' dir='ltr'>commissarii</span> <span class='ocrx_word' id='word_1_166' title='bbox 572 1736 736 1779; x_wconf 82' lang='lat' dir='ltr'>generalis</span> <span class='ocrx_word' id='word_1_167' title='bbox 757 1736 902 1769; x_wconf 81' lang='lat' dir='ltr'>eiusdem</span> 
     </span>
     <span class='ocr_line' id='line_1_35' title="bbox 166 1790 903 1827; baseline -0.007 0"><span class='ocrx_word' id='word_1_168' title='bbox 166 1793 387 1827; x_wconf 87' lang='lat' dir='ltr'>cismontanae</span> <span class='ocrx_word' id='word_1_169' title='bbox 410 1791 550 1824; x_wconf 82' lang='lat' dir='ltr'>familiae</span> <span class='ocrx_word' id='word_1_170' title='bbox 572 1790 675 1823; x_wconf 84' lang='lat' dir='ltr'>officio</span> <span class='ocrx_word' id='word_1_171' title='bbox 697 1790 792 1823; x_wconf 87' lang='lat' dir='ltr'>suncti</span> <span class='ocrx_word' id='word_1_172' title='bbox 813 1795 903 1822; x_wconf 90' lang='lat' dir='ltr'>erant</span> 
     </span>
     <span class='ocr_line' id='line_1_36' title="bbox 166 1843 902 1886; baseline -0.004 -8"><span class='ocrx_word' id='word_1_173' title='bbox 166 1850 198 1879; x_wconf 86' lang='lat' dir='ltr'>et</span> <span class='ocrx_word' id='word_1_174' title='bbox 218 1844 362 1878; x_wconf 79' lang='lat' dir='ltr'>functuri</span> <span class='ocrx_word' id='word_1_175' title='bbox 388 1849 514 1884; x_wconf 84' lang='lat' dir='ltr'>essent,</span> <span class='ocrx_word' id='word_1_176' title='bbox 542 1844 595 1886; x_wconf 82' lang='lat' dir='ltr'>qui</span> <span class='ocrx_word' id='word_1_177' title='bbox 617 1848 693 1886; x_wconf 83' lang='lat' dir='ltr'>post</span> <span class='ocrx_word' id='word_1_178' title='bbox 713 1843 902 1885; x_wconf 82' lang='lat' dir='ltr'>superiores</span> 
     </span>
     <span class='ocr_line' id='line_1_37' title="bbox 167 1896 904 1936; baseline -0.004 -6"><span class='ocrx_word' id='word_1_179' title='bbox 167 1899 310 1930; x_wconf 84' lang='lat' dir='ltr'>actuales</span> <span class='ocrx_word' id='word_1_180' title='bbox 333 1896 521 1929; x_wconf 86' lang='lat' dir='ltr'>immediate</span> <span class='ocrx_word' id='word_1_181' title='bbox 543 1897 648 1929; x_wconf 82' lang='lat' dir='ltr'>locum</span> <span class='ocrx_word' id='word_1_182' title='bbox 666 1896 844 1936; x_wconf 86' lang='lat' dir='ltr'>haberent,</span> <span class='ocrx_word' id='word_1_183' title='bbox 872 1900 904 1928; x_wconf 90' lang='lat' dir='ltr'>et</span> 
     </span>
     <span class='ocr_line' id='line_1_38' title="bbox 168 1948 903 1993; baseline -0.003 -10"><span class='ocrx_word' id='word_1_184' title='bbox 168 1950 247 1983; x_wconf 74' lang='lat' dir='ltr'>alias</span> <span class='ocrx_word' id='word_1_185' title='bbox 272 1954 369 1993; x_wconf 91' lang='lat' dir='ltr'>prout</span> <span class='ocrx_word' id='word_1_186' title='bbox 394 1949 426 1981; x_wconf 91' lang='lat' dir='ltr'>in</span> <span class='ocrx_word' id='word_1_187' title='bbox 451 1949 530 1992; x_wconf 90' lang='lat' dir='ltr'>ipsis</span> <span class='ocrx_word' id='word_1_188' title='bbox 564 1948 739 1981; x_wconf 79' lang='lat' dir='ltr'>Alexandri</span> <span class='ocrx_word' id='word_1_189' title='bbox 764 1948 903 1991; x_wconf 85' lang='lat' dir='ltr'>praede-</span> 
     </span>
     <span class='ocr_line' id='line_1_39' title="bbox 168 2001 829 2044; baseline -0.006 -7"><span class='ocrx_word' id='word_1_190' title='bbox 168 2002 306 2037; x_wconf 84' lang='lat' dir='ltr'>cessoris</span> <span class='ocrx_word' id='word_1_191' title='bbox 328 2001 446 2035; x_wconf 87' lang='lat' dir='ltr'>litteris</span> <span class='ocrx_word' id='word_1_192' title='bbox 470 2001 604 2034; x_wconf 85' lang='lat' dir='ltr'>uberius</span> <span class='ocrx_word' id='word_1_193' title='bbox 630 2001 829 2044; x_wconf 85' lang='lat' dir='ltr'>continetur)</span> 
     </span>
    </p>

    <p class='ocr_par' dir='ltr' id='par_1_6' title="bbox 166 2053 904 2313">
     <span class='ocr_line' id='line_1_40' title="bbox 212 2053 903 2100; baseline -0.001 -12"><span class='ocrx_word' id='word_1_194' title='bbox 212 2056 227 2100; x_wconf 64' lang='grc' dir='ltr'><strong>ἓ</strong></span> <span class='ocrx_word' id='word_1_195' title='bbox 252 2055 283 2088; x_wconf 69' lang='lat'>2.</span> <span class='ocrx_word' id='word_1_196' title='bbox 310 2053 502 2088; x_wconf 81' lang='lat' dir='ltr'>Definitores</span> <span class='ocrx_word' id='word_1_197' title='bbox 528 2055 667 2087; x_wconf 85' lang='lat' dir='ltr'>actuales</span> <span class='ocrx_word' id='word_1_198' title='bbox 703 2054 807 2087; x_wconf 85' lang='lat' dir='ltr'>dietae</span> <span class='ocrx_word' id='word_1_199' title='bbox 831 2064 903 2097; x_wconf 87' lang='lat' dir='ltr'>pro-</span> 
     </span>
     <span class='ocr_line' id='line_1_41' title="bbox 167 2106 903 2150; baseline -0.007 -7"><span class='ocrx_word' id='word_1_200' title='bbox 167 2108 302 2148; x_wconf 85' lang='lat' dir='ltr'>vinciae,</span> <span class='ocrx_word' id='word_1_201' title='bbox 320 2107 374 2140; x_wconf 91' lang='lat' dir='ltr'>ubi</span> <span class='ocrx_word' id='word_1_202' title='bbox 392 2107 532 2150; x_wconf 87' lang='lat' dir='ltr'>primum</span> <span class='ocrx_word' id='word_1_203' title='bbox 548 2107 609 2139; x_wconf 89' lang='lat' dir='ltr'>hae</span> <span class='ocrx_word' id='word_1_204' title='bbox 627 2106 800 2139; x_wconf 82' lang='lat' dir='ltr'>Alexandri</span> <span class='ocrx_word' id='word_1_205' title='bbox 814 2116 903 2150; x_wconf 85' lang='lat' dir='ltr'>prae-</span> 
     </span>
     <span class='ocr_line' id='line_1_42' title="bbox 168 2159 904 2203; baseline -0.005 -7"><span class='ocrx_word' id='word_1_206' title='bbox 168 2161 350 2196; x_wconf 88' lang='lat' dir='ltr'>decessoris</span> <span class='ocrx_word' id='word_1_207' title='bbox 364 2160 494 2193; x_wconf 87' lang='lat' dir='ltr'>litterae</span> <span class='ocrx_word' id='word_1_208' title='bbox 512 2159 722 2203; x_wconf 86' lang='lat' dir='ltr'>prodierunt,</span> <span class='ocrx_word' id='word_1_209' title='bbox 750 2169 783 2192; x_wconf 88' lang='lat' dir='ltr'>se</span> <span class='ocrx_word' id='word_1_210' title='bbox 800 2159 834 2192; x_wconf 91' lang='lat' dir='ltr'>in</span> <span class='ocrx_word' id='word_1_211' title='bbox 852 2170 904 2193; x_wconf 86' lang='lat' dir='ltr'>ea-</span> 
     </span>
     <span class='ocr_line' id='line_1_43' title="bbox 167 2212 902 2257; baseline -0.004 -9"><span class='ocrx_word' id='word_1_212' title='bbox 167 2224 238 2248; x_wconf 91' lang='lat' dir='ltr'>rum</span> <span class='ocrx_word' id='word_1_213' title='bbox 263 2212 476 2257; x_wconf 90' lang='lat' dir='ltr'>dispositione</span> <span class='ocrx_word' id='word_1_214' title='bbox 502 2212 632 2245; x_wconf 87' lang='lat' dir='ltr'>minime</span> <span class='ocrx_word' id='word_1_215' title='bbox 667 2212 902 2255; x_wconf 81' lang='lat' dir='ltr'>comprehendi</span> 
     </span>
     <span class='ocr_line' id='line_1_44' title="bbox 166 2265 903 2313; baseline -0.004 -12"><span class='ocrx_word' id='word_1_216' title='bbox 166 2267 448 2313; x_wconf 89' lang='lat' dir='ltr'>praetenderent,</span> <span class='ocrx_word' id='word_1_217' title='bbox 488 2265 587 2309; x_wconf 85' lang='lat' dir='ltr'>idque</span> <span class='ocrx_word' id='word_1_218' title='bbox 631 2265 682 2298; x_wconf 90' lang='lat' dir='ltr'>die</span> <span class='ocrx_word' id='word_1_219' title='bbox 721 2274 757 2299; x_wconf 93' lang='lat'>111</span> <span class='ocrx_word' id='word_1_220' title='bbox 796 2265 903 2299; x_wconf 86' lang='lat' dir='ltr'>martii</span> 
     </span>
    </p>
   </div>
   <div class='ocr_carea' id='block_1_6' title="bbox 941 140 1689 2308">
    <p class='ocr_par' dir='ltr' id='par_1_7' title="bbox 941 140 1686 1296">
     <span class='ocr_line' id='line_1_45' title="bbox 1579 140 1636 173; baseline 0.018 -1"><span class='ocrx_word' id='word_1_221' title='bbox 1579 140 1636 173; x_wconf 74' lang='lat'>761</span> 
     </span>
     <span class='ocr_line' id='line_1_46' title="bbox 941 199 1680 244; baseline -0.005 -10"><span class='ocrx_word' id='word_1_222' title='bbox 941 201 1072 234; x_wconf 85' lang='lat' dir='ltr'>tationis</span> <span class='ocrx_word' id='word_1_223' title='bbox 1099 200 1298 244; x_wconf 87' lang='lat' dir='ltr'>apostolicae</span> <span class='ocrx_word' id='word_1_224' title='bbox 1336 199 1546 233; x_wconf 87' lang='lat' dir='ltr'>ecclesiarum</span> <span class='ocrx_word' id='word_1_225' title='bbox 1578 204 1608 231; x_wconf 91' lang='lat' dir='ltr'>et</span> <span class='ocrx_word' id='word_1_226' title='bbox 1632 199 1680 231; x_wconf 94' lang='lat' dir='ltr'>lo-</span> 
     </span>
     <span class='ocr_line' id='line_1_47' title="bbox 941 250 1681 297; baseline -0.004 -10"><span class='ocrx_word' id='word_1_227' title='bbox 941 264 1052 287; x_wconf 87' lang='lat' dir='ltr'>corum</span> <span class='ocrx_word' id='word_1_228' title='bbox 1074 254 1201 297; x_wconf 87' lang='lat' dir='ltr'>piorum</span> <span class='ocrx_word' id='word_1_229' title='bbox 1220 253 1317 286; x_wconf 87' lang='lat' dir='ltr'>huius</span> <span class='ocrx_word' id='word_1_230' title='bbox 1337 254 1440 286; x_wconf 85' lang='lat' dir='ltr'>almae</span> <span class='ocrx_word' id='word_1_231' title='bbox 1458 250 1551 284; x_wconf 83' lang='lat' dir='ltr'>Urbis</span> <span class='ocrx_word' id='word_1_232' title='bbox 1570 258 1681 286; x_wconf 86' lang='lat' dir='ltr'>aucto-</span> 
     </span>
     <span class='ocr_line' id='line_1_48' title="bbox 942 304 1681 350; baseline -0.005 -10"><span class='ocrx_word' id='word_1_233' title='bbox 942 307 1037 340; x_wconf 87' lang='lat' dir='ltr'>ritate</span> <span class='ocrx_word' id='word_1_234' title='bbox 1062 307 1241 350; x_wconf 76' lang='lat' dir='ltr'>apostolica</span> <span class='ocrx_word' id='word_1_235' title='bbox 1274 306 1521 349; x_wconf 82' lang='lat' dir='ltr'>deputatorum,</span> <span class='ocrx_word' id='word_1_236' title='bbox 1555 304 1681 338; x_wconf 83' lang='lat' dir='ltr'>tametsi</span> 
     </span>
     <span class='ocr_line' id='line_1_49' title="bbox 942 357 1682 399; baseline -0.003 -7"><span class='ocrx_word' id='word_1_237' title='bbox 942 370 1007 393; x_wconf 88' lang='lat' dir='ltr'>non</span> <span class='ocrx_word' id='word_1_238' title='bbox 1032 360 1100 393; x_wconf 89' lang='lat' dir='ltr'>sine</span> <span class='ocrx_word' id='word_1_239' title='bbox 1125 359 1353 399; x_wconf 84' lang='lat' dir='ltr'>altercatione,</span> <span class='ocrx_word' id='word_1_240' title='bbox 1375 359 1507 392; x_wconf 90' lang='lat' dir='ltr'>decerni</span> <span class='ocrx_word' id='word_1_241' title='bbox 1533 357 1682 392; x_wconf 88' lang='lat' dir='ltr'>obtinue-</span> 
     </span>
     <span class='ocr_line' id='line_1_50' title="bbox 943 411 1680 455; baseline -0.003 -10"><span class='ocrx_word' id='word_1_242' title='bbox 943 413 1024 452; x_wconf 86' lang='lat' dir='ltr'>rint,</span> <span class='ocrx_word' id='word_1_243' title='bbox 1055 418 1151 455; x_wconf 86' lang='lat' dir='ltr'>prout</span> <span class='ocrx_word' id='word_1_244' title='bbox 1187 412 1281 445; x_wconf 86' lang='lat' dir='ltr'>etiam</span> <span class='ocrx_word' id='word_1_245' title='bbox 1313 411 1477 445; x_wconf 78' lang='lat' dir='ltr'>secretarii</span> <span class='ocrx_word' id='word_1_246' title='bbox 1510 411 1680 454; x_wconf 79' lang='lat' dir='ltr'>generales</span> 
     </span>
     <span class='ocr_line' id='line_1_51' title="bbox 944 464 1682 508; baseline -0.003 -10"><span class='ocrx_word' id='word_1_247' title='bbox 944 466 1106 506; x_wconf 84' lang='lat' dir='ltr'>actuales,</span> <span class='ocrx_word' id='word_1_248' title='bbox 1132 470 1405 508; x_wconf 84' lang='lat' dir='ltr'>exprocuratores</span> <span class='ocrx_word' id='word_1_249' title='bbox 1435 469 1466 497; x_wconf 89' lang='lat' dir='ltr'>et</span> <span class='ocrx_word' id='word_1_250' title='bbox 1490 464 1682 497; x_wconf 67' lang='lat' dir='ltr'>exdefinito-</span> 
     </span>
     <span class='ocr_line' id='line_1_52' title="bbox 945 516 1681 560; baseline -0.001 -10"><span class='ocrx_word' id='word_1_251' title='bbox 945 529 993 551; x_wconf 91' lang='lat' dir='ltr'>res</span> <span class='ocrx_word' id='word_1_252' title='bbox 1019 519 1205 560; x_wconf 77' lang='lat' dir='ltr'>generales,</span> <span class='ocrx_word' id='word_1_253' title='bbox 1231 517 1437 560; x_wconf 83' lang='lat' dir='ltr'>quantumvis</span> <span class='ocrx_word' id='word_1_254' title='bbox 1453 516 1681 560; x_wconf 85' lang='lat' dir='ltr'>proculdubio</span> 
     </span>
     <span class='ocr_line' id='line_1_53' title="bbox 943 569 1682 613; baseline -0.003 -10"><span class='ocrx_word' id='word_1_255' title='bbox 943 571 975 603; x_wconf 93' lang='lat' dir='ltr'>in</span> <span class='ocrx_word' id='word_1_256' title='bbox 1001 570 1188 603; x_wconf 84' lang='lat' dir='ltr'>memoratis</span> <span class='ocrx_word' id='word_1_257' title='bbox 1214 570 1388 603; x_wconf 80' lang='lat' dir='ltr'>Alexandri</span> <span class='ocrx_word' id='word_1_258' title='bbox 1418 569 1682 613; x_wconf 83' lang='lat' dir='ltr'>praedecessoris</span> 
     </span>
     <span class='ocr_line' id='line_1_54' title="bbox 945 622 1684 665; baseline -0.004 -9"><span class='ocrx_word' id='word_1_259' title='bbox 945 622 1060 656; x_wconf 85' lang='lat' dir='ltr'>litteris</span> <span class='ocrx_word' id='word_1_260' title='bbox 1085 622 1333 665; x_wconf 85' lang='lat' dir='ltr'>comprehensi,</span> <span class='ocrx_word' id='word_1_261' title='bbox 1351 622 1579 665; x_wconf 73' lang='lat' dir='ltr'>praecedentia</span> <span class='ocrx_word' id='word_1_262' title='bbox 1596 622 1684 654; x_wconf 75' lang='lat' dir='ltr'>iuxta</span> 
     </span>
     <span class='ocr_line' id='line_1_55' title="bbox 944 674 1683 718; baseline -0.003 -10"><span class='ocrx_word' id='word_1_263' title='bbox 944 675 1146 718; x_wconf 86' lang='lat' dir='ltr'>supradictas</span> <span class='ocrx_word' id='word_1_264' title='bbox 1173 676 1342 718; x_wconf 81' lang='lat' dir='ltr'>generales</span> <span class='ocrx_word' id='word_1_265' title='bbox 1375 674 1503 708; x_wconf 87' lang='lat' dir='ltr'>Ordinis</span> <span class='ocrx_word' id='word_1_266' title='bbox 1529 674 1683 708; x_wconf 88' lang='lat' dir='ltr'>constitu-</span> 
     </span>
     <span class='ocr_line' id='line_1_56' title="bbox 944 727 1683 771; baseline -0.001 -11"><span class='ocrx_word' id='word_1_267' title='bbox 944 728 1050 761; x_wconf 88' lang='lat' dir='ltr'>tiones</span> <span class='ocrx_word' id='word_1_268' title='bbox 1075 733 1106 761; x_wconf 88' lang='lat' dir='ltr'>et</span> <span class='ocrx_word' id='word_1_269' title='bbox 1130 727 1248 760; x_wconf 85' lang='lat' dir='ltr'>Urbani</span> <span class='ocrx_word' id='word_1_270' title='bbox 1268 727 1532 771; x_wconf 84' lang='lat' dir='ltr'>praedecessoris</span> <span class='ocrx_word' id='word_1_271' title='bbox 1549 727 1683 766; x_wconf 84' lang='lat' dir='ltr'>litteras,</span> 
     </span>
     <span class='ocr_line' id='line_1_57' title="bbox 944 779 1683 824; baseline -0.003 -11"><span class='ocrx_word' id='word_1_272' title='bbox 944 791 1007 813; x_wconf 92' lang='lat' dir='ltr'>non</span> <span class='ocrx_word' id='word_1_273' title='bbox 1034 785 1142 813; x_wconf 89' lang='lat' dir='ltr'>tamen</span> <span class='ocrx_word' id='word_1_274' title='bbox 1176 780 1297 823; x_wconf 86' lang='lat' dir='ltr'>absque</span> <span class='ocrx_word' id='word_1_275' title='bbox 1323 779 1556 824; x_wconf 85' lang='lat' dir='ltr'>querimoniis,</span> <span class='ocrx_word' id='word_1_276' title='bbox 1584 779 1683 822; x_wconf 72' lang='lat' dir='ltr'>gavisi</span> 
     </span>
     <span class='ocr_line' id='line_1_58' title="bbox 944 832 1683 874; baseline 0 -9"><span class='ocrx_word' id='word_1_277' title='bbox 944 834 1078 874; x_wconf 72' lang='lat' dir='ltr'>suerint,</span> <span class='ocrx_word' id='word_1_278' title='bbox 1098 839 1144 873; x_wconf 89' lang='lat' dir='ltr'>et,</span> <span class='ocrx_word' id='word_1_279' title='bbox 1164 833 1203 866; x_wconf 88' lang='lat' dir='ltr'>ad</span> <span class='ocrx_word' id='word_1_280' title='bbox 1221 834 1364 866; x_wconf 84' lang='lat' dir='ltr'>sedanda</span> <span class='ocrx_word' id='word_1_281' title='bbox 1387 833 1520 866; x_wconf 88' lang='lat' dir='ltr'>dissidia</span> <span class='ocrx_word' id='word_1_282' title='bbox 1545 832 1683 865; x_wconf 85' lang='lat' dir='ltr'>subinde</span> 
     </span>
     <span class='ocr_line' id='line_1_59' title="bbox 945 885 1685 929; baseline 0.001 -10"><span class='ocrx_word' id='word_1_283' title='bbox 945 891 1048 926; x_wconf 87' lang='lat' dir='ltr'>enata,</span> <span class='ocrx_word' id='word_1_284' title='bbox 1069 886 1215 919; x_wconf 86' lang='lat' dir='ltr'>eamdem</span> <span class='ocrx_word' id='word_1_285' title='bbox 1240 885 1514 929; x_wconf 82' lang='lat' dir='ltr'>praecedentiam,</span> <span class='ocrx_word' id='word_1_286' title='bbox 1541 885 1601 918; x_wconf 86' lang='lat' dir='ltr'>sub</span> <span class='ocrx_word' id='word_1_287' title='bbox 1627 896 1685 920; x_wconf 90' lang='lat' dir='ltr'>no-</span> 
     </span>
     <span class='ocr_line' id='line_1_60' title="bbox 944 937 1684 977; baseline 0 -6"><span class='ocrx_word' id='word_1_288' title='bbox 944 939 1030 972; x_wconf 88' lang='lat' dir='ltr'>rnine</span> <span class='ocrx_word' id='word_1_289' title='bbox 1056 949 1091 971; x_wconf 85' lang='lat' dir='ltr'>ac</span> <span class='ocrx_word' id='word_1_290' title='bbox 1113 939 1205 971; x_wconf 91' lang='lat' dir='ltr'>titulo</span> <span class='ocrx_word' id='word_1_291' title='bbox 1231 938 1294 971; x_wconf 91' lang='lat' dir='ltr'>loci</span> <span class='ocrx_word' id='word_1_292' title='bbox 1320 937 1570 977; x_wconf 81' lang='lat' dir='ltr'>commoditatis,</span> <span class='ocrx_word' id='word_1_293' title='bbox 1596 949 1684 971; x_wconf 89' lang='lat' dir='ltr'>nunc</span> 
     </span>
     <span class='ocr_line' id='line_1_61' title="bbox 945 990 1685 1034; baseline 0 -10"><span class='ocrx_word' id='word_1_294' title='bbox 945 991 1126 1024; x_wconf 84' lang='lat' dir='ltr'>secretariis</span> <span class='ocrx_word' id='word_1_295' title='bbox 1152 991 1257 1024; x_wconf 83' lang='lat' dir='ltr'>curiae</span> <span class='ocrx_word' id='word_1_296' title='bbox 1274 1017 1281 1030; x_wconf 97' lang='lat'>,</span> <span class='ocrx_word' id='word_1_297' title='bbox 1306 990 1510 1034; x_wconf 87' lang='lat' dir='ltr'>provinciae,</span> <span class='ocrx_word' id='word_1_298' title='bbox 1542 991 1685 1024; x_wconf 86' lang='lat' dir='ltr'>visitato-</span> 
     </span>
     <span class='ocr_line' id='line_1_62' title="bbox 944 1043 1685 1086; baseline 0.001 -10"><span class='ocrx_word' id='word_1_299' title='bbox 944 1055 1030 1085; x_wconf 83' lang='lat' dir='ltr'>rum,</span> <span class='ocrx_word' id='word_1_300' title='bbox 1051 1055 1137 1076; x_wconf 88' lang='lat' dir='ltr'>nunc</span> <span class='ocrx_word' id='word_1_301' title='bbox 1163 1044 1394 1086; x_wconf 89' lang='lat' dir='ltr'>scriptoribus,</span> <span class='ocrx_word' id='word_1_302' title='bbox 1420 1043 1607 1084; x_wconf 86' lang='lat' dir='ltr'>lectoribus,</span> <span class='ocrx_word' id='word_1_303' title='bbox 1634 1055 1685 1077; x_wconf 79' lang='lat' dir='ltr'>ex-</span> 
     </span>
     <span class='ocr_line' id='line_1_63' title="bbox 945 1096 1686 1141; baseline 0.001 -12"><span class='ocrx_word' id='word_1_304' title='bbox 945 1097 1202 1141; x_wconf 75' lang='lat' dir='ltr'>provincialibus</span> <span class='ocrx_word' id='word_1_305' title='bbox 1229 1096 1363 1140; x_wconf 86' lang='lat' dir='ltr'>aliisque</span> <span class='ocrx_word' id='word_1_306' title='bbox 1382 1097 1535 1129; x_wconf 78' lang='lat' dir='ltr'>fratribus</span> <span class='ocrx_word' id='word_1_307' title='bbox 1554 1098 1686 1140; x_wconf 77' lang='lat' dir='ltr'>gradua-</span> 
     </span>
     <span class='ocr_line' id='line_1_64' title="bbox 946 1149 1685 1193; baseline 0 -10"><span class='ocrx_word' id='word_1_308' title='bbox 946 1150 983 1183; x_wconf 85' lang='lat' dir='ltr'>tis</span> <span class='ocrx_word' id='word_1_309' title='bbox 1009 1151 1112 1183; x_wconf 87' lang='lat' dir='ltr'>dietae</span> <span class='ocrx_word' id='word_1_310' title='bbox 1130 1149 1329 1193; x_wconf 86' lang='lat' dir='ltr'>provinciae,</span> <span class='ocrx_word' id='word_1_311' title='bbox 1349 1159 1422 1182; x_wconf 90' lang='lat' dir='ltr'>cum</span> <span class='ocrx_word' id='word_1_312' title='bbox 1444 1159 1509 1183; x_wconf 91' lang='lat' dir='ltr'>non</span> <span class='ocrx_word' id='word_1_313' title='bbox 1528 1150 1685 1183; x_wconf 90' lang='lat' dir='ltr'>mediocri</span> 
     </span>
     <span class='ocr_line' id='line_1_65' title="bbox 946 1202 1684 1247; baseline -0.001 -11"><span class='ocrx_word' id='word_1_314' title='bbox 946 1203 1032 1236; x_wconf 90' lang='lat' dir='ltr'>illius</span> <span class='ocrx_word' id='word_1_315' title='bbox 1071 1202 1339 1247; x_wconf 85' lang='lat' dir='ltr'>perturbatione,</span> <span class='ocrx_word' id='word_1_316' title='bbox 1381 1202 1560 1236; x_wconf 86' lang='lat' dir='ltr'>concedere</span> <span class='ocrx_word' id='word_1_317' title='bbox 1604 1213 1684 1246; x_wconf 88' lang='lat' dir='ltr'>opus</span> 
     </span>
     <span class='ocr_line' id='line_1_66' title="bbox 946 1257 1064 1296; baseline 0 -8"><span class='ocrx_word' id='word_1_318' title='bbox 946 1257 1064 1296; x_wconf 77' lang='lat' dir='ltr'>suerit3</span> 
     </span>
    </p>

    <p class='ocr_par' dir='ltr' id='par_1_8' title="bbox 944 1309 1689 2308">
     <span class='ocr_line' id='line_1_67' title="bbox 989 1309 1688 1351; baseline 0.001 -8"><span class='ocrx_word' id='word_1_319' title='bbox 989 1310 1005 1351; x_wconf 66' lang='grc' dir='ltr'>ξ</span> <span class='ocrx_word' id='word_1_320' title='bbox 1032 1309 1062 1343; x_wconf 78' lang='lat'>3.</span> <span class='ocrx_word' id='word_1_321' title='bbox 1090 1309 1324 1350; x_wconf 82' lang='lat' dir='ltr'>Quamobrem,</span> <span class='ocrx_word' id='word_1_322' title='bbox 1362 1315 1395 1342; x_wconf 93' lang='lat' dir='ltr'>ut</span> <span class='ocrx_word' id='word_1_323' title='bbox 1428 1311 1478 1343; x_wconf 87' lang='lat' dir='ltr'>his</span> <span class='ocrx_word' id='word_1_324' title='bbox 1513 1311 1605 1344; x_wconf 86' lang='lat' dir='ltr'>malis</span> <span class='ocrx_word' id='word_1_325' title='bbox 1632 1311 1688 1344; x_wconf 82' lang='lat' dir='ltr'>ati·</span> 
     </span>
     <span class='ocr_line' id='line_1_68' title="bbox 946 1362 1688 1407; baseline 0.001 -12"><span class='ocrx_word' id='word_1_326' title='bbox 946 1363 1032 1407; x_wconf 87' lang='lat' dir='ltr'>quod</span> <span class='ocrx_word' id='word_1_327' title='bbox 1050 1363 1229 1395; x_wconf 88' lang='lat' dir='ltr'>remedium</span> <span class='ocrx_word' id='word_1_328' title='bbox 1247 1362 1563 1403; x_wconf 86' lang='lat' dir='ltr'>adhiberetur‚anno</span> <span class='ocrx_word' id='word_1_329' title='bbox 1581 1373 1688 1397; x_wconf 70' lang='lat' dir='ltr'>mcccv</span> 
     </span>
     <span class='ocr_line' id='line_1_69' title="bbox 945 1415 1686 1459; baseline 0 -11"><span class='ocrx_word' id='word_1_330' title='bbox 945 1416 1092 1448; x_wconf 81' lang='lat' dir='ltr'>institum</span> <span class='ocrx_word' id='word_1_331' title='bbox 1118 1415 1175 1447; x_wconf 83' lang='lat' dir='ltr'>suit</span> <span class='ocrx_word' id='word_1_332' title='bbox 1200 1425 1259 1458; x_wconf 83' lang='lat' dir='ltr'>pro</span> <span class='ocrx_word' id='word_1_333' title='bbox 1285 1415 1508 1448; x_wconf 87' lang='lat' dir='ltr'>moderatione</span> <span class='ocrx_word' id='word_1_334' title='bbox 1530 1416 1686 1459; x_wconf 73' lang='lat' dir='ltr'>praefata-</span> 
     </span>
     <span class='ocr_line' id='line_1_70' title="bbox 945 1468 1686 1512; baseline 0 -11"><span class='ocrx_word' id='word_1_335' title='bbox 945 1479 1015 1502; x_wconf 87' lang='lat' dir='ltr'>rum</span> <span class='ocrx_word' id='word_1_336' title='bbox 1032 1468 1204 1501; x_wconf 80' lang='lat' dir='ltr'>Alexandri</span> <span class='ocrx_word' id='word_1_337' title='bbox 1220 1468 1482 1512; x_wconf 88' lang='lat' dir='ltr'>praedecessoris</span> <span class='ocrx_word' id='word_1_338' title='bbox 1494 1470 1686 1512; x_wconf 78' lang='lat' dir='ltr'>litterarum3</span> 
     </span>
     <span class='ocr_line' id='line_1_71' title="bbox 946 1520 1686 1564; baseline -0.001 -10"><span class='ocrx_word' id='word_1_339' title='bbox 946 1522 1019 1562; x_wconf 82' lang='lat' dir='ltr'>sed,</span> <span class='ocrx_word' id='word_1_340' title='bbox 1033 1532 1105 1554; x_wconf 90' lang='lat' dir='ltr'>cum</span> <span class='ocrx_word' id='word_1_341' title='bbox 1124 1520 1340 1564; x_wconf 78' lang='lat' dir='ltr'>Congregatio</span> <span class='ocrx_word' id='word_1_342' title='bbox 1361 1526 1438 1554; x_wconf 88' lang='lat' dir='ltr'>tunc</span> <span class='ocrx_word' id='word_1_343' title='bbox 1456 1521 1604 1555; x_wconf 86' lang='lat' dir='ltr'>similiter</span> <span class='ocrx_word' id='word_1_344' title='bbox 1622 1521 1686 1554; x_wconf 82' lang='lat' dir='ltr'>exi-</span> 
     </span>
     <span class='ocr_line' id='line_1_72' title="bbox 947 1573 1687 1617; baseline 0.001 -10"><span class='ocrx_word' id='word_1_345' title='bbox 947 1575 1097 1608; x_wconf 89' lang='lat' dir='ltr'>stentium</span> <span class='ocrx_word' id='word_1_346' title='bbox 1121 1573 1153 1607; x_wconf 90' lang='lat' dir='ltr'>S.</span> <span class='ocrx_word' id='word_1_347' title='bbox 1181 1574 1218 1607; x_wconf 79' lang='lat' dir='ltr'>R.</span> <span class='ocrx_word' id='word_1_348' title='bbox 1246 1573 1281 1607; x_wconf 90' lang='lat' dir='ltr'>E.</span> <span class='ocrx_word' id='word_1_349' title='bbox 1309 1574 1520 1607; x_wconf 84' lang='lat' dir='ltr'>cardinalium</span> <span class='ocrx_word' id='word_1_350' title='bbox 1548 1575 1687 1617; x_wconf 85' lang='lat' dir='ltr'>negotiis</span> 
     </span>
     <span class='ocr_line' id='line_1_73' title="bbox 946 1627 1689 1671; baseline 0 -9"><span class='ocrx_word' id='word_1_351' title='bbox 946 1634 978 1662; x_wconf 88' lang='lat' dir='ltr'>et</span> <span class='ocrx_word' id='word_1_352' title='bbox 1002 1627 1300 1661; x_wconf 86' lang='lat' dir='ltr'>consultationibus</span> <span class='ocrx_word' id='word_1_353' title='bbox 1328 1627 1556 1671; x_wconf 85' lang='lat' dir='ltr'>episcoporum</span> <span class='ocrx_word' id='word_1_354' title='bbox 1583 1634 1614 1662; x_wconf 86' lang='lat' dir='ltr'>et</span> <span class='ocrx_word' id='word_1_355' title='bbox 1638 1639 1689 1662; x_wconf 87' lang='lat' dir='ltr'>re-</span> 
     </span>
     <span class='ocr_line' id='line_1_74' title="bbox 947 1681 1687 1725; baseline 0 -11"><span class='ocrx_word' id='word_1_356' title='bbox 947 1681 1105 1725; x_wconf 78' lang='lat' dir='ltr'>gularium</span> <span class='ocrx_word' id='word_1_357' title='bbox 1120 1681 1306 1724; x_wconf 84' lang='lat' dir='ltr'>praeposita</span> <span class='ocrx_word' id='word_1_358' title='bbox 1321 1682 1550 1715; x_wconf 86' lang='lat' dir='ltr'>demandasset</span> <span class='ocrx_word' id='word_1_359' title='bbox 1563 1682 1687 1725; x_wconf 78' lang='lat' dir='ltr'>exquiri</span> 
     </span>
     <span class='ocr_line' id='line_1_75' title="bbox 947 1734 1688 1777; baseline 0 -9"><span class='ocrx_word' id='word_1_360' title='bbox 947 1735 1088 1777; x_wconf 86' lang='lat' dir='ltr'>desuper</span> <span class='ocrx_word' id='word_1_361' title='bbox 1114 1739 1226 1767; x_wconf 88' lang='lat' dir='ltr'>votum</span> <span class='ocrx_word' id='word_1_362' title='bbox 1258 1734 1398 1776; x_wconf 80' lang='lat' dir='ltr'>proximi</span> <span class='ocrx_word' id='word_1_363' title='bbox 1428 1734 1563 1777; x_wconf 89' lang='lat' dir='ltr'>capituli</span> <span class='ocrx_word' id='word_1_364' title='bbox 1588 1745 1688 1777; x_wconf 83' lang='lat' dir='ltr'>gene-</span> 
     </span>
     <span class='ocr_line' id='line_1_76' title="bbox 947 1784 1687 1825; baseline 0 -6"><span class='ocrx_word' id='word_1_365' title='bbox 947 1787 1022 1819; x_wconf 89' lang='lat' dir='ltr'>ralis</span> <span class='ocrx_word' id='word_1_366' title='bbox 1065 1785 1141 1819; x_wconf 88' lang='lat' dir='ltr'>dicti</span> <span class='ocrx_word' id='word_1_367' title='bbox 1179 1784 1329 1825; x_wconf 89' lang='lat' dir='ltr'>Ordinis,</span> <span class='ocrx_word' id='word_1_368' title='bbox 1368 1790 1398 1818; x_wconf 91' lang='lat' dir='ltr'>et</span> <span class='ocrx_word' id='word_1_369' title='bbox 1425 1785 1687 1819; x_wconf 83' lang='lat' dir='ltr'>animadversum</span> 
     </span>
     <span class='ocr_line' id='line_1_77' title="bbox 947 1837 1688 1882; baseline 0.001 -10"><span class='ocrx_word' id='word_1_370' title='bbox 947 1840 1076 1879; x_wconf 83' lang='lat' dir='ltr'>suisset,</span> <span class='ocrx_word' id='word_1_371' title='bbox 1098 1839 1205 1882; x_wconf 90' lang='lat' dir='ltr'>quod,</span> <span class='ocrx_word' id='word_1_372' title='bbox 1232 1843 1362 1881; x_wconf 86' lang='lat' dir='ltr'>praeter</span> <span class='ocrx_word' id='word_1_373' title='bbox 1387 1837 1577 1872; x_wconf 88' lang='lat' dir='ltr'>dilationem</span> <span class='ocrx_word' id='word_1_374' title='bbox 1603 1841 1688 1873; x_wconf 89' lang='lat' dir='ltr'>cele-</span> 
     </span>
     <span class='ocr_line' id='line_1_78' title="bbox 945 1892 1688 1935; baseline 0 -9"><span class='ocrx_word' id='word_1_375' title='bbox 945 1892 1103 1926; x_wconf 89' lang='lat' dir='ltr'>brationis</span> <span class='ocrx_word' id='word_1_376' title='bbox 1128 1892 1273 1925; x_wconf 88' lang='lat' dir='ltr'>eiusdem</span> <span class='ocrx_word' id='word_1_377' title='bbox 1298 1892 1430 1935; x_wconf 85' lang='lat' dir='ltr'>capituli</span> <span class='ocrx_word' id='word_1_378' title='bbox 1453 1892 1632 1935; x_wconf 83' lang='lat' dir='ltr'>generalis,</span> <span class='ocrx_word' id='word_1_379' title='bbox 1654 1893 1688 1926; x_wconf 85' lang='lat' dir='ltr'>in</span> 
     </span>
     <span class='ocr_line' id='line_1_79' title="bbox 946 1944 1684 1979; baseline 0.001 -1"><span class='ocrx_word' id='word_1_380' title='bbox 946 1956 983 1978; x_wconf 92' lang='lat' dir='ltr'>eo</span> <span class='ocrx_word' id='word_1_381' title='bbox 1011 1945 1059 1978; x_wconf 86' lang='lat' dir='ltr'>vix</span> <span class='ocrx_word' id='word_1_382' title='bbox 1087 1944 1215 1977; x_wconf 88' lang='lat' dir='ltr'>tractari</span> <span class='ocrx_word' id='word_1_383' title='bbox 1249 1955 1286 1977; x_wconf 86' lang='lat' dir='ltr'>ac</span> <span class='ocrx_word' id='word_1_384' title='bbox 1322 1944 1437 1977; x_wconf 88' lang='lat' dir='ltr'>discuti</span> <span class='ocrx_word' id='word_1_385' title='bbox 1475 1946 1601 1978; x_wconf 89' lang='lat' dir='ltr'>soleant</span> <span class='ocrx_word' id='word_1_386' title='bbox 1632 1956 1684 1979; x_wconf 90' lang='lat' dir='ltr'>res</span> 
     </span>
     <span class='ocr_line' id='line_1_80' title="bbox 945 1998 1687 2042; baseline 0 -10"><span class='ocrx_word' id='word_1_387' title='bbox 945 1999 985 2032; x_wconf 87' lang='lat' dir='ltr'>ad</span> <span class='ocrx_word' id='word_1_388' title='bbox 1010 1998 1199 2032; x_wconf 86' lang='lat' dir='ltr'>universum</span> <span class='ocrx_word' id='word_1_389' title='bbox 1223 1998 1377 2032; x_wconf 90' lang='lat' dir='ltr'>Ordinem</span> <span class='ocrx_word' id='word_1_390' title='bbox 1407 1999 1589 2042; x_wconf 83' lang='lat' dir='ltr'>praefatum</span> <span class='ocrx_word' id='word_1_391' title='bbox 1615 2010 1687 2042; x_wconf 89' lang='lat' dir='ltr'>spe-</span> 
     </span>
     <span class='ocr_line' id='line_1_81' title="bbox 946 2051 1688 2097; baseline 0 -12"><span class='ocrx_word' id='word_1_392' title='bbox 946 2057 1078 2093; x_wconf 78' lang='lat' dir='ltr'>ctanteS,</span> <span class='ocrx_word' id='word_1_393' title='bbox 1104 2062 1170 2085; x_wconf 90' lang='lat' dir='ltr'>non</span> <span class='ocrx_word' id='word_1_394' title='bbox 1196 2056 1304 2084; x_wconf 89' lang='lat' dir='ltr'>autem</span> <span class='ocrx_word' id='word_1_395' title='bbox 1321 2051 1478 2095; x_wconf 87' lang='lat' dir='ltr'>privative</span> <span class='ocrx_word' id='word_1_396' title='bbox 1498 2052 1592 2085; x_wconf 87' lang='lat' dir='ltr'>unius</span> <span class='ocrx_word' id='word_1_397' title='bbox 1614 2062 1688 2097; x_wconf 85' lang='lat' dir='ltr'>pro-</span> 
     </span>
     <span class='ocr_line' id='line_1_82' title="bbox 944 2104 1687 2149; baseline 0.003 -12"><span class='ocrx_word' id='word_1_398' title='bbox 944 2105 1068 2138; x_wconf 85' lang='lat' dir='ltr'>vinciae</span> <span class='ocrx_word' id='word_1_399' title='bbox 1083 2104 1331 2138; x_wconf 86' lang='lat' dir='ltr'>contentiones:</span> <span class='ocrx_word' id='word_1_400' title='bbox 1355 2105 1483 2138; x_wconf 90' lang='lat' dir='ltr'>demum</span> <span class='ocrx_word' id='word_1_401' title='bbox 1499 2106 1536 2138; x_wconf 89' lang='lat' dir='ltr'>ad</span> <span class='ocrx_word' id='word_1_402' title='bbox 1552 2105 1687 2149; x_wconf 86' lang='lat' dir='ltr'>deputa-</span> 
     </span>
     <span class='ocr_line' id='line_1_83' title="bbox 947 2157 1687 2201; baseline 0.003 -11"><span class='ocrx_word' id='word_1_403' title='bbox 947 2158 1066 2192; x_wconf 90' lang='lat' dir='ltr'>tionem</span> <span class='ocrx_word' id='word_1_404' title='bbox 1091 2157 1358 2200; x_wconf 79' lang='lat' dir='ltr'>Congregationis</span> <span class='ocrx_word' id='word_1_405' title='bbox 1383 2157 1588 2201; x_wconf 85' lang='lat' dir='ltr'>particularis</span> <span class='ocrx_word' id='word_1_406' title='bbox 1606 2169 1687 2192; x_wconf 91' lang='lat' dir='ltr'>non-</span> 
     </span>
     <span class='ocr_line' id='line_1_84' title="bbox 946 2210 1686 2245; baseline 0 0"><span class='ocrx_word' id='word_1_407' title='bbox 946 2212 1109 2245; x_wconf 89' lang='lat' dir='ltr'>nullorum</span> <span class='ocrx_word' id='word_1_408' title='bbox 1130 2211 1321 2244; x_wconf 84' lang='lat' dir='ltr'>eorumdem</span> <span class='ocrx_word' id='word_1_409' title='bbox 1334 2210 1409 2244; x_wconf 67' lang='lat' dir='ltr'>SR.</span> <span class='ocrx_word' id='word_1_410' title='bbox 1422 2210 1455 2243; x_wconf 89' lang='lat' dir='ltr'>E.</span> <span class='ocrx_word' id='word_1_411' title='bbox 1473 2211 1686 2245; x_wconf 86' lang='lat' dir='ltr'>cardinalium</span> 
     </span>
     <span class='ocr_line' id='line_1_85' title="bbox 946 2264 1686 2308; baseline 0 -10"><span class='ocrx_word' id='word_1_412' title='bbox 946 2270 978 2298; x_wconf 89' lang='lat' dir='ltr'>et</span> <span class='ocrx_word' id='word_1_413' title='bbox 997 2265 1161 2298; x_wconf 81' lang='lat' dir='ltr'>Romanae</span> <span class='ocrx_word' id='word_1_414' title='bbox 1179 2264 1293 2298; x_wconf 88' lang='lat' dir='ltr'>Curiae</span> <span class='ocrx_word' id='word_1_415' title='bbox 1314 2264 1532 2308; x_wconf 87' lang='lat' dir='ltr'>praelatorum</span> <span class='ocrx_word' id='word_1_416' title='bbox 1553 2275 1611 2308; x_wconf 90' lang='lat' dir='ltr'>pro</span> <span class='ocrx_word' id='word_1_417' title='bbox 1629 2275 1686 2298; x_wconf 91' lang='lat' dir='ltr'>ne-</span> 
     </span>
    </p>
   </div>
   <div class='ocr_carea' id='block_1_7' title="bbox 167 2151 1686 2362">
    <p class='ocr_par' dir='ltr' id='par_1_9' title="bbox 167 2151 1686 2362">
     <span class='ocr_line' id='line_1_86' title="bbox 167 2151 1686 2362; baseline -0.001 -7"><span class='ocrx_word' id='word_1_418' title='bbox 167 2329 304 2355; x_wconf 77' lang='lat' dir='ltr'>MDCval</span> <span class='ocrx_word' id='word_1_419' title='bbox 330 2330 348 2353; x_wconf 91' lang='lat' dir='ltr'>a</span> <span class='ocrx_word' id='word_1_420' title='bbox 371 2318 629 2362; x_wconf 81' lang='lat' dir='ltr'>Congregatione</span> <span class='ocrx_word' id='word_1_421' title='bbox 663 2324 738 2352; x_wconf 92' lang='lat' dir='ltr'>tunc</span> <span class='ocrx_word' id='word_1_422' title='bbox 770 2319 904 2352; x_wconf 78' lang='lat' dir='ltr'>existen-</span> <span class='ocrx_word' id='word_1_423' title='bbox 923 2151 926 2361; x_wconf 81' lang='lat' dir='ltr'>i</span> <span class='ocrx_word' id='word_1_424' title='bbox 946 2318 1034 2361; x_wconf 78' lang='lat' dir='ltr'>gotio</span> <span class='ocrx_word' id='word_1_425' title='bbox 1059 2317 1247 2351; x_wconf 83' lang='lat' dir='ltr'>huiusmodi</span> <span class='ocrx_word' id='word_1_426' title='bbox 1276 2317 1491 2352; x_wconf 83' lang='lat' dir='ltr'>examinando</span> <span class='ocrx_word' id='word_1_427' title='bbox 1513 2319 1686 2353; x_wconf 86' lang='lat' dir='ltr'>deventum</span> 
     </span>
    </p>
   </div>
   <div class='ocr_carea' id='block_1_8' title="bbox 168 2371 903 2625">
    <p class='ocr_par' dir='ltr' id='par_1_10' title="bbox 170 2371 902 2407">
     <span class='ocr_line' id='line_1_87' title="bbox 170 2371 902 2407; baseline -0.004 0"><span class='ocrx_word' id='word_1_428' title='bbox 170 2373 249 2407; x_wconf 86' lang='lat' dir='ltr'>tium</span> <span class='ocrx_word' id='word_1_429' title='bbox 273 2371 304 2406; x_wconf 88' lang='lat' dir='ltr'>S.</span> <span class='ocrx_word' id='word_1_430' title='bbox 331 2371 369 2406; x_wconf 79' lang='lat' dir='ltr'>R.</span> <span class='ocrx_word' id='word_1_431' title='bbox 396 2371 431 2404; x_wconf 91' lang='lat' dir='ltr'>E.</span> <span class='ocrx_word' id='word_1_432' title='bbox 459 2371 671 2404; x_wconf 88' lang='lat' dir='ltr'>cardinalium</span> <span class='ocrx_word' id='word_1_433' title='bbox 689 2375 720 2404; x_wconf 90' lang='lat' dir='ltr'>et</span> <span class='ocrx_word' id='word_1_434' title='bbox 737 2371 902 2405; x_wconf 88' lang='lat' dir='ltr'>Romanae</span> 
     </span>
    </p>

    <p class='ocr_par' dir='ltr' id='par_1_11' title="bbox 168 2424 903 2469">
     <span class='ocr_line' id='line_1_88' title="bbox 168 2424 903 2469; baseline -0.005 -8"><span class='ocrx_word' id='word_1_435' title='bbox 168 2427 280 2461; x_wconf 87' lang='lat' dir='ltr'>Curiae</span> <span class='ocrx_word' id='word_1_436' title='bbox 303 2426 525 2469; x_wconf 87' lang='lat' dir='ltr'>praelatorum</span> <span class='ocrx_word' id='word_1_437' title='bbox 550 2435 646 2468; x_wconf 91' lang='lat' dir='ltr'>super</span> <span class='ocrx_word' id='word_1_438' title='bbox 665 2424 806 2468; x_wconf 82' lang='lat' dir='ltr'>negotiis</span> <span class='ocrx_word' id='word_1_439' title='bbox 832 2424 903 2458; x_wconf 88' lang='lat' dir='ltr'>visi-</span> 
     </span>
    </p>

    <p class='ocr_par' dir='ltr' id='par_1_12' title="bbox 201 2494 901 2625">
     <span class='ocr_line' id='line_1_89' title="bbox 201 2494 901 2531; baseline 0 -8"><span class='ocrx_word' id='word_1_440' title='bbox 201 2497 219 2524; x_wconf 78' lang='lat'><strong>2</strong></span> <span class='ocrx_word' id='word_1_441' title='bbox 238 2496 304 2523; x_wconf 81' lang='lat' dir='ltr'>Male</span> <span class='ocrx_word' id='word_1_442' title='bbox 325 2495 390 2522; x_wconf 88' lang='lat' dir='ltr'>edit.</span> <span class='ocrx_word' id='word_1_443' title='bbox 407 2494 485 2522; x_wconf 76' lang='lat' dir='ltr'>lllain.</span> <span class='ocrx_word' id='word_1_444' title='bbox 506 2494 572 2529; x_wconf 83' lang='lat' dir='ltr'>legit</span> <span class='ocrx_word' id='word_1_445' title='bbox 589 2495 651 2522; x_wconf 76' lang='lat' dir='ltr'>illic</span> <span class='ocrx_word' id='word_1_446' title='bbox 671 2503 718 2530; x_wconf 91' lang='lat' dir='ltr'>pro</span> <span class='ocrx_word' id='word_1_447' title='bbox 738 2495 784 2523; x_wconf 64' lang='lat' dir='ltr'>illi,</span> <span class='ocrx_word' id='word_1_448' title='bbox 799 2497 836 2529; x_wconf 80' lang='lat' dir='ltr'>(u.</span> <span class='ocrx_word' id='word_1_449' title='bbox 852 2496 901 2531; x_wconf 57' lang='lat'>12).</span> 
     </span>
     <span class='ocr_line' id='line_1_90' title="bbox 201 2539 831 2577; baseline -0.002 -8"><span class='ocrx_word' id='word_1_450' title='bbox 201 2541 216 2569; x_wconf 87' lang='lat'><strong>3</strong></span> <span class='ocrx_word' id='word_1_451' title='bbox 235 2540 390 2577; x_wconf 86' lang='lat' dir='ltr'>Praeposit.</span> <span class='ocrx_word' id='word_1_452' title='bbox 411 2540 449 2567; x_wconf 82' lang='lat' dir='ltr'>ad</span> <span class='ocrx_word' id='word_1_453' title='bbox 469 2539 583 2567; x_wconf 84' lang='lat' dir='ltr'>delenda</span> <span class='ocrx_word' id='word_1_454' title='bbox 601 2539 707 2568; x_wconf 86' lang='lat' dir='ltr'>videtur</span> <span class='ocrx_word' id='word_1_455' title='bbox 727 2540 764 2576; x_wconf 78' lang='lat' dir='ltr'>(n.</span> <span class='ocrx_word' id='word_1_456' title='bbox 782 2542 831 2574; x_wconf 84' lang='lat' dir='ltr'>T.).</span> 
     </span>
     <span class='ocr_line' id='line_1_91' title="bbox 242 2593 836 2625; baseline -0.007 0"><span class='ocrx_word' id='word_1_457' title='bbox 242 2595 322 2625; x_wconf 80' lang='lat' dir='ltr'>Bull.</span> <span class='ocrx_word' id='word_1_458' title='bbox 337 2595 420 2625; x_wconf 87' lang='lat' dir='ltr'>Rom.</span> <span class='ocrx_word' id='word_1_459' title='bbox 436 2609 469 2616; x_wconf 94' lang='lat'><strong>—</strong></span> <span class='ocrx_word' id='word_1_460' title='bbox 490 2595 550 2624; x_wconf 84' lang='lat' dir='ltr'>Vol.</span> <span class='ocrx_word' id='word_1_461' title='bbox 566 2594 658 2624; x_wconf 81' lang='lat' dir='ltr'>XXII.</span> <span class='ocrx_word' id='word_1_462' title='bbox 802 2593 836 2621; x_wconf 83' lang='lat'>96</span> 
     </span>
    </p>
   </div>
   <div class='ocr_carea' id='block_1_9' title="bbox 922 2366 926 2573">
    <p class='ocr_par' dir='ltr' id='par_1_13' title="bbox 922 2366 926 2573">
     <span class='ocr_line' id='line_1_92' title="bbox 922 2366 926 2573; baseline 0 574"><span class='ocrx_word' id='word_1_463' title='bbox 922 2366 926 2573; x_wconf 95' lang='lat' dir='ltr'> </span> 
     </span>
    </p>
   </div>
   <div class='ocr_carea' id='block_1_10' title="bbox 944 2370 1685 2580">
    <p class='ocr_par' dir='ltr' id='par_1_14' title="bbox 944 2370 1685 2580">
     <span class='ocr_line' id='line_1_93' title="bbox 945 2370 1685 2414; baseline 0 -9"><span class='ocrx_word' id='word_1_464' title='bbox 945 2372 1013 2405; x_wconf 85' lang='lat' dir='ltr'>suit.</span> <span class='ocrx_word' id='word_1_465' title='bbox 1042 2371 1169 2412; x_wconf 87' lang='lat' dir='ltr'>Verum,</span> <span class='ocrx_word' id='word_1_466' title='bbox 1195 2370 1271 2414; x_wconf 86' lang='lat' dir='ltr'>quia</span> <span class='ocrx_word' id='word_1_467' title='bbox 1297 2371 1447 2405; x_wconf 90' lang='lat' dir='ltr'>nonnulli</span> <span class='ocrx_word' id='word_1_468' title='bbox 1473 2371 1589 2404; x_wconf 80' lang='lat' dir='ltr'>fratres</span> <span class='ocrx_word' id='word_1_469' title='bbox 1608 2371 1685 2405; x_wconf 87' lang='lat' dir='ltr'>mis-</span> 
     </span>
     <span class='ocr_line' id='line_1_94' title="bbox 945 2423 1685 2467; baseline 0 -9"><span class='ocrx_word' id='word_1_470' title='bbox 945 2424 1079 2458; x_wconf 89' lang='lat' dir='ltr'>sionarii</span> <span class='ocrx_word' id='word_1_471' title='bbox 1098 2424 1201 2457; x_wconf 88' lang='lat' dir='ltr'>dictae</span> <span class='ocrx_word' id='word_1_472' title='bbox 1226 2423 1412 2467; x_wconf 87' lang='lat' dir='ltr'>provinciae</span> <span class='ocrx_word' id='word_1_473' title='bbox 1437 2434 1496 2467; x_wconf 90' lang='lat' dir='ltr'>per</span> <span class='ocrx_word' id='word_1_474' title='bbox 1517 2424 1685 2458; x_wconf 87' lang='lat' dir='ltr'>decretum</span> 
     </span>
     <span class='ocr_line' id='line_1_95' title="bbox 945 2477 1683 2520; baseline 0 -9"><span class='ocrx_word' id='word_1_475' title='bbox 945 2477 1158 2511; x_wconf 87' lang='lat' dir='ltr'>cardinalium</span> <span class='ocrx_word' id='word_1_476' title='bbox 1179 2477 1321 2520; x_wconf 79' lang='lat' dir='ltr'>negotiis</span> <span class='ocrx_word' id='word_1_477' title='bbox 1344 2477 1576 2520; x_wconf 77' lang='lat' dir='ltr'>propagandae</span> <span class='ocrx_word' id='word_1_478' title='bbox 1594 2477 1683 2511; x_wconf 87' lang='lat' dir='ltr'>Fidei</span> 
     </span>
     <span class='ocr_line' id='line_1_96' title="bbox 944 2530 1682 2580; baseline 0 -15"><span class='ocrx_word' id='word_1_479' title='bbox 944 2530 1208 2575; x_wconf 87' lang='lat' dir='ltr'>praepositorum</span> <span class='ocrx_word' id='word_1_480' title='bbox 1233 2530 1264 2563; x_wconf 91' lang='lat' dir='ltr'>in</span> <span class='ocrx_word' id='word_1_481' title='bbox 1282 2530 1487 2580; x_wconf 85' lang='lat' dir='ltr'>possessione</span> <span class='ocrx_word' id='word_1_482' title='bbox 1509 2540 1565 2565; x_wconf 88' lang='lat' dir='ltr'>seu</span> <span class='ocrx_word' id='word_1_483' title='bbox 1590 2530 1682 2575; x_wconf 88' lang='lat' dir='ltr'>quasi</span> 
     </span>
    </p>
   </div>
   <div class='ocr_carea' id='block_1_11' title="bbox 1689 148 1877 177">
    <p class='ocr_par' dir='ltr' id='par_1_15' title="bbox 1689 148 1877 177">
     <span class='ocr_line' id='line_1_97' title="bbox 1689 148 1877 177; baseline 0.005 -2"><span class='ocrx_word' id='word_1_484' title='bbox 1689 149 1736 175; x_wconf 82' lang='lat' dir='ltr'>An.</span> <span class='ocrx_word' id='word_1_485' title='bbox 1759 148 1787 175; x_wconf 78' lang='lat' dir='ltr'>G.</span> <span class='ocrx_word' id='word_1_486' title='bbox 1811 149 1877 177; x_wconf 59' lang='lat'>1728</span> 
     </span>
    </p>
   </div>
   <div class='ocr_carea' id='block_1_12' title="bbox 1697 1319 1880 1448">
    <p class='ocr_par' dir='ltr' id='par_1_16' title="bbox 1697 1319 1880 1448">
     <span class='ocr_line' id='line_1_98' title="bbox 1739 1319 1880 1344; baseline 0 -6"><span class='ocrx_word' id='word_1_487' title='bbox 1739 1319 1777 1339; x_wconf 68' lang='grc' dir='ltr'>Ριο</span> <span class='ocrx_word' id='word_1_488' title='bbox 1804 1319 1880 1344; x_wconf 69' lang='lat' dir='ltr'>quibu!</span> 
     </span>
     <span class='ocr_line' id='line_1_99' title="bbox 1699 1345 1879 1366; baseline -0.006 -1"><span class='ocrx_word' id='word_1_489' title='bbox 1699 1346 1800 1366; x_wconf 65' lang='lat' dir='ltr'>sedandis</span> <span class='ocrx_word' id='word_1_490' title='bbox 1828 1345 1879 1365; x_wconf 83' lang='lat' dir='ltr'>iuui-</span> 
     </span>
     <span class='ocr_line' id='line_1_100' title="bbox 1701 1372 1880 1397; baseline 0 -6"><span class='ocrx_word' id='word_1_491' title='bbox 1701 1376 1741 1392; x_wconf 82' lang='lat' dir='ltr'>tum</span> <span class='ocrx_word' id='word_1_492' title='bbox 1754 1378 1832 1397; x_wconf 71' lang='lat' dir='ltr'>uprrao</span> <span class='ocrx_word' id='word_1_493' title='bbox 1844 1372 1880 1391; x_wconf 75' lang='lat' dir='ltr'>da·</span> 
     </span>
     <span class='ocr_line' id='line_1_101' title="bbox 1700 1397 1880 1423; baseline 0 -5"><span class='ocrx_word' id='word_1_494' title='bbox 1700 1402 1741 1419; x_wconf 83' lang='lat' dir='ltr'>tum</span> <span class='ocrx_word' id='word_1_495' title='bbox 1771 1403 1818 1423; x_wconf 71' lang='lat' dir='ltr'>ost,</span> <span class='ocrx_word' id='word_1_496' title='bbox 1843 1397 1880 1418; x_wconf 71' lang='lat' dir='ltr'>sed</span> 
     </span>
     <span class='ocr_line' id='line_1_102' title="bbox 1697 1425 1782 1448; baseline 0 -2"><span class='ocrx_word' id='word_1_497' title='bbox 1697 1425 1782 1448; x_wconf 54' lang='lat' dir='ltr'>frustra.</span> 
     </span>
    </p>
   </div>
  </div>
 </body>
</html>
