2170 3147
227 251 280 278 An.
296 250 324 276 C.
349 248 416 276 ¹727

462 240 529 274 598
1013 248 1194 273 BULLARIUM
1219 247 1374 272 nomnen

424 298 604 337 provinciale
626 297 733 327 debent
752 298 929 327 confirmare
945 306 1046 327 omnes
1063 301 1091 326 et
1108 297 1168 326 sin—
1187 298 1190 335 l
1211 307 1277 326 suas
1301 296 1466 327 definitorio
1483 296 1657 336 provinciali
1672 295 1848 333 committat,
1867 299 1954 335 prout

423 347 506 384 gulas
519 347 679 376 electiones
693 347 719 375 in
735 346 863 385 capitulo
877 345 1048 385 provinciali
1066 345 1166 383 factas,
1188 339 1190 371 l
1212 346 1304 384 magis
1327 346 1463 386 expedire
1483 346 1525 375 illi
1548 346 1691 375 videatur.
1706 363 1745 367 —
1760 353 1859 374 xxvtn.
1872 343 1953 380 Quod

424 397 544 434 excepta
566 399 662 424 tamen
686 395 829 424 electione
853 394 945 433 patris
965 393 1166 433 provincialis,
1189 389 1190 413 l
1212 395 1347 425 minister
1376 395 1521 434 generalis
1551 395 1585 424 de
1608 395 1652 424 liis
1667 418 1674 431 ,
1699 403 1772 433 quae
1795 394 1831 423 ad
1859 393 1953 432 ipsum

424 453 499 482 qnae
517 454 530 473 a
556 448 615 473 toto
632 444 762 482 capitulo
779 443 951 482 provinciali
969 442 1167 472 confirmanda
1213 444 1356 483 privative
1388 448 1531 483 spectant,
1556 453 1609 473 nec
1641 443 1751 472 differri
1781 442 1954 471 iudicaverit

424 492 492 521 erit.
517 509 551 513 —
576 501 627 521 xx.
651 492 733 526 Quod
757 492 956 521 definitoriuin
988 491 1168 531 provinciale
1212 497 1407 531 opportunum
1423 516 1430 525 ,
1456 493 1534 521 vices
1568 501 1634 521 snas
1668 490 1843 530 provinciali
1876 499 1953 520 com-

426 541 837 579 ronfirmetelectionesquas
851 540 1167 575 fecerit.—xxt.Quod
1213 542 1317 571 mittet,
1351 560 1389 565 .-
1422 551 1498 571 χχιχ,
1523 542 1603 576 Quod
1628 541 1656 570 in
1692 550 1761 570 casu
1794 539 1955 570 vacationis

425 590 454 619 in
483 599 551 619 casn
582 589 744 619 discordiae
773 590 980 627 suffragiorum
1010 589 1167 618 definitorii
1190 577 1191 614 l
1212 590 1302 619 ot'ficii
1326 590 1534 629 provincialis,
1569 589 1613 618 vel
1641 589 1766 618 alicuius
1794 587 1955 618 definitorii

426 639 616 678 provincialis
639 644 703 678 post
727 639 835 668 trinum
859 638 1047 676 scrutinium,
1071 638 1170 667 obser·
1214 639 1398 678 provinciae,
1429 638 1566 668 definitor
1588 637 1735 675 generalis
1758 640 1898 667 convocet
1919 636 1955 666 ad

424 692 508 717 vetur
542 688 619 726 quod
656 689 685 717 in
720 688 811 717 simili
843 687 1006 717 stabilitum
1041 692 1084 717 est
1118 696 1168 726 pro
1214 688 1408 725 electionem,
1432 692 1460 717 et
1485 687 1648 726 praesideat
1670 687 1694 716 si
1717 687 1806 716 fuerit
1831 686 1862 716 in
1890 695 1955 726 pro-

425 736 555 775 capitulo
575 736 759 776 provinciali.
777 755 815 759 —
831 746 902 766 xxn.
920 736 1001 772 Quod
1017 736 1041 765 si
1059 746 1168 766 renun-
1214 737 1322 774 vinci-it,
1340 741 1380 774 et,
1404 736 1558 766 definitore
1580 735 1709 774 generali
1731 735 1867 774 absente,
1886 744 1956 765 eon-

426 785 574 822 ciationis,
595 786 709 824 mortis,
728 785 770 815 vel
789 786 982 825 promotionis
999 787 1085 815 causti
1103 796 1169 815 con-
1190 776 1191 830 l
1215 787 1320 815 vocet¹
1344 785 1532 825 provincialis
1547 808 1554 821 ,
1585 788 1613 814 et
1641 784 1671 814 in
1701 784 1789 814 huius
1819 783 1932 814 defectu
1946 806 1953 820 ,

426 834 519 872 tingat
551 843 565 863 a
598 834 764 864 definitorio
793 834 862 873 eligi
890 834 1115 874 provincialem,
1146 835 1170 863 is
1190 835 1191 873 l
1213 834 1351 864 definitor
1374 833 1565 873 provincialis
1591 833 1724 871 dignior,
1750 833 1788 863 ita
1813 832 1901 872 quod,
1926 831 1955 861 in

426 883 454 913 in
480 883 575 913 officio
603 883 657 913 sub
690 883 808 913 nomine
831 883 957 913 ministri
982 883 1170 922 provincialis
1190 876 1192 929 ᾗ
1214 893 1282 913 casu
1306 883 1456 913 absentiae
1479 882 1645 912 definitoris
1667 882 1824 921 generalis,
1849 881 1956 911 debent

427 933 565 972 perduret
588 942 681 972 usque
714 933 748 962 ad
782 933 983 962 immediatum
1007 932 1168 971 capitulum

426 982 620 1021 provinciale,
639 986 665 1012 et
688 992 773 1012 suum
803 991 910 1011 munus
932 982 1030 1011 statim
1054 982 1089 1011 ab
1113 982 1170 1011 ele-

426 1032 522 1061 ctione
544 1036 691 1069 exerceat,
709 1032 849 1071 praestito
869 1036 965 1061 tamen
990 1031 1071 1069 prius
1094 1031 1170 1060 iura·
1190 1022 1192 1059 l

426 1085 537 1118 mento,
552 1081 640 1120 quod,
655 1081 677 1109 si
693 1090 744 1119 per
758 1085 874 1119 tempus
892 1080 1021 1117 licuerit,
1036 1080 1169 1109 ostendet

425 1130 593 1159 definitorio
608 1129 782 1168 provinciali
805 1129 1060 1159 confirmationem
1085 1128 1171 1157 mini-

426 1179 480 1208 stri
514 1179 670 1217 generalis.
695 1197 733 1201 -
765 1187 847 1207 xx111.
872 1178 954 1213 Quod
986 1177 1111 1217 qualitas
1143 1183 1170 1207 et

426 1227 579 1264 graduatio
596 1227 735 1266 requisita
759 1227 788 1256 in
814 1227 959 1256 habituris
982 1236 1081 1256 vocem
1106 1236 1171 1265 pas-

427 1276 518 1305 sivam
544 1276 734 1315 provincialis
758 1276 903 1312 ministri,
924 1276 1119 1314 redemptoris
1142 1280 1169 1305 et
1191 1293 1192 1316 }

427 1325 630 1364 procuratoris
646 1325 792 1363 generalis
808 1325 837 1354 in
856 1325 935 1354 dicta
953 1325 1114 1363 provincia,
1132 1325 1170 1353 sit,

427 1383 501 1413 quae
520 1374 647 1412 exigitur
670 1384 684 1403 a
708 1373 967 1403 constitutionibus
983 1373 1170 1412 generalibus

427 1422 557 1460 Ordinis,
577 1423 630 1452 boc
646 1427 766 1462 excepto
789 1422 865 1462 qnod
888 1422 965 1452 circa
990 1432 1088 1452 vocem
1106 1432 1171 1462 pas-

427 1472 520 1501 sivam
543 1471 707 1501 definitoris
731 1471 921 1511 provincialis
950 1472 1077 1501 sufficiat
1108 1481 1171 1509 gra-

427 1519 526 1550 duatio
543 1524 570 1550 et
586 1519 729 1559 qualitas¹
748 1523 848 1549 exacta
872 1530 923 1560 pro
947 1520 1007 1550 illis
1029 1520 1171 1559 eligendis

428 1569 457 1598 in
472 1569 635 1599 ministros.
653 1587 687 1590 —
706 1578 785 1598 xxiv.
799 1568 880 1604 Quod
897 1569 926 1599 in
944 1569 1094 1599 vacatione
1111 1570 1171 1599 osti-

428 1617 540 1647 ciorum
554 1617 727 1647 observetur
744 1618 861 1647 illorum
878 1618 1128 1657 incompatibitas,
1144 1623 1172 1648 et

427 1677 486 1697 non
503 1668 639 1706 repetitio
655 1668 716 1697 sive
733 1668 870 1698 reelectio
886 1668 915 1698 in
933 1668 1037 1698 iisdem
1054 1668 1170 1705 officiis,

428 1718 463 1747 ad
487 1722 617 1748 tenorem
641 1718 886 1748 constitutionum
916 1718 1010 1748 nostri
1031 1718 1170 1755 Ordinis,

429 1767 506 1805 quod
537 1767 625 1797 etiam
655 1766 878 1804 intelligendum
908 1771 952 1796 est
980 1767 1015 1796 de
1038 1767 1173 1797 definito-

429 1816 511 1846 ribus
535 1816 713 1855 provinciae,
744 1815 934 1845 conformiter
966 1816 1000 1845 ad
1033 1826 1065 1845 ea
1099 1826 1172 1855 quae

429 1865 570 1904 disposita
587 1869 655 1894 sunt
672 1874 724 1904 pro
743 1864 950 1895 definitoribus
972 1865 1170 1903 generalibus.

428 1932 466 1937 —
488 1923 559 1943 xxv.
578 1914 659 1949 Quod
683 1913 712 1943 in
738 1914 890 1944 vacatione
913 1914 1103 1953 provincialis
1125 1914 1173 1944 ob-

429 1968 564 1992 servetur
595 1962 737 2002 quidquid
769 1962 941 2002 dispositum
975 1963 1121 2002 reperitur
1143 1964 1172 1993 in

429 2010 691 2040 constitutionibus
708 2011 799 2041 nostri
815 2010 945 2048 Ordinis,
962 2016 1081 2051 excepto
1098 2011 1173 2051 quod

429 2059 459 2088 in
485 2068 553 2088 casu
577 2059 708 2090 desectus
737 2060 779 2089 vel
810 2060 1013 2099 impedimenti
1036 2060 1072 2090 ob
1095 2060 1172 2090 aliud

429 2108 559 2138 officium
584 2109 774 2148 provincialis
797 2109 1049 2149 praedecessoris,
1074 2114 1122 2139 aut
1144 2110 1173 2139 in

430 2156 509 2186 illius
532 2157 677 2194 absentia,
702 2168 735 2187 ac
758 2158 786 2188 in
810 2167 878 2188 casu
902 2158 1032 2188 desectus
1055 2158 1098 2188 vel
1122 2158 1175 2188 im-

431 2205 589 2244 pedimenti
631 2207 790 2237 definitorii
832 2208 1002 2246 generalis,
1047 2212 1175 2237 assumet

431 2255 598 2293 provinciae
620 2255 798 2293 gnbernium
821 2256 958 2286 definitor
983 2257 1174 2295 provincialis

431 2303 511 2341 prior
527 2304 576 2342 qui
601 2304 630 2334 in
647 2305 731 2334 domo
748 2306 923 2344 reperiatur.
942 2325 980 2328 —
997 2315 1074 2335 xxvi.
1092 2307 1173 2341 Quod

431 2352 627 2381 definitorium
650 2354 786 2391 generale
809 2354 932 2392 singulis
957 2355 1092 2384 trienniis
1114 2355 1149 2384 de
1165 2355 1174 2371 ²

431 2400 595 2430 definitorio
619 2402 791 2440 provinciali
821 2403 981 2441 legitimam
1005 2404 1171 2434 facultatem

431 2449 466 2478 ad
489 2458 591 2478 causas
614 2450 781 2480 criminales
798 2452 827 2481 in
845 2453 937 2482 torma
954 2453 1170 2492 opportuniori.

430 2516 469 2521 —
502 2507 589 2528 xxvii.
621 2499 701 2534 Quod
734 2500 932 2531 delinitorium
965 2503 1104 2540 generale
1137 2503 1173 2532 de

432 2546 488 2585 bis,
506 2556 579 2585 quae
597 2547 631 2576 ad
648 2547 742 2586 ipsum
761 2549 902 2587 privative
920 2550 1077 2589 pertinent,
1095 2551 1172 2581 vices

470 2607 478 2630 1
502 2604 567 2630 Male
588 2604 652 2631 edit.
676 2606 758 2632 Maio.
779 2606 843 2640 legit
865 2609 1007 2641 ‹simlitale
1027 2614 1069 2642 tu.
1091 2610 1141 2643 Τ.).

466 2650 483 2676 ⁸2.
504 2649 614 2676 Videtur
635 2650 778 2685 legendum
801 2652 847 2679 del
869 2661 915 2685 pro
937 2653 970 2679 (le
990 2660 1027 2687 tss·
1046 2654 1094 2687 T.].

1214 933 1248 962 ad
1271 933 1444 962 electionem
1468 931 1622 961 convocari
1646 940 1748 962 omnes
1763 935 1887 971 quatuor
1909 939 1957 959 su-

1190 1009 1192 1019 ,
1215 982 1373 1021 perstites,
1408 981 1549 1011 nimirum
1583 985 1709 1020 quatuor
1739 981 1899 1010 attinentes
1921 979 1956 1009 ad

1214 1031 1433 1060 definitorium:
1468 1030 1544 1070 quod
1578 1030 1600 1060 si
1634 1030 1761 1068 absens,
1795 1029 1840 1059 vel
1872 1029 1957 1059 cuius

1190 1085 1258 1117 ,est
1281 1081 1410 1118 vacatio,
1441 1080 1529 1110 suerit
1558 1079 1767 1119 provinciam,
1795 1088 1959 1109 convocan-

1190 1155 1192 1158 ,
1214 1130 1268 1159 dus
1290 1134 1335 1159 est
1356 1130 1444 1159 etiam
1468 1138 1533 1159 cum
1557 1128 1696 1167 suffragio
1720 1128 1754 1158 ad
1783 1128 1958 1158 electionem

1214 1178 1310 1208 socius
1333 1178 1503 1217 provinciae
1519 1177 1609 1216 prior.
1629 1196 1663 1199 —
1681 1186 1750 1206 xxx.
1773 1177 1856 1212 Quod
1871 1186 1960 1216 quae-

1215 1236 1340 1266 cumque
1363 1227 1537 1256 ordinantur
1556 1230 1614 1255 tam
1632 1226 1667 1256 de
1694 1226 1892 1266 praesidentia
1913 1235 1960 1256 ca-

1215 1276 1375 1314 pitulorum
1393 1275 1629 1315 provincialium,
1647 1284 1734 1314 quam
1750 1274 1786 1305 de
1804 1275 1959 1313 designan-

1191 1355 1192 1360 ,
1214 1325 1249 1354 do
1274 1325 1408 1364 praeside
1431 1324 1601 1354 eorumdem
1619 1333 1669 1363 per
1685 1323 1855 1354 ministrum
1872 1333 1960 1362 gene-

1215 1374 1326 1413 ralem,
1348 1374 1554 1412 intelligantur
1572 1373 1752 1403 observanda
1776 1383 1867 1413 usque
1889 1373 1958 1403 dum

1214 1423 1303 1454 Sedes
1325 1423 1491 1463 Apostolica
1515 1422 1655 1453 concedat
1669 1422 1772 1454 Ordini
1793 1427 1893 1453 nostro
1916 1422 1960 1452 bi-

1215 1472 1401 1512 partitionem
1424 1473 1459 1502 ad
1482 1472 1575 1502 instar
1597 1472 1677 1502 illius
1700 1481 1774 1512 quae
1789 1472 1798 1489 ²
1822 1472 1906 1502 datur
1929 1471 1959 1502 in

1215 1521 1358 1560 religione
1382 1523 1412 1551 S.
1437 1521 1597 1559 Francisci,
1622 1530 1688 1551 nam
1712 1524 1782 1551 tunc
1808 1521 1862 1550 ista
1892 1529 1958 1560 spe-

1215 1571 1336 1601 ctabunt
1352 1571 1386 1601 ad
1400 1571 1636 1601 commissarium
1649 1570 1815 1609 generalem
1832 1570 1959 1600 electum

1215 1619 1250 1648 ab
1273 1620 1331 1650 illis
1355 1620 1517 1659 provinciis
1540 1628 1663 1659 quarum
1687 1629 1745 1649 non
1768 1619 1806 1649 sit
1826 1619 1960 1649 minister

1215 1668 1373 1706 generalis.
1397 1687 1435 1691 —
1457 1678 1539 1698 xxxi.
1557 1668 1638 1703 Quod
1662 1667 1868 1708 praecedentia
1890 1667 1961 1697 defi-

1216 1718 1343 1747 nitorum
1360 1717 1598 1757 provincialium,
1613 1721 1670 1747 tam
1687 1717 1762 1746 intra
1776 1725 1863 1756 quam
1876 1720 1959 1746 extra

1215 1767 1416 1796 delinitorium
1433 1766 1462 1795 in
1481 1766 1598 1805 propria
1619 1766 1783 1805 provincia,
1802 1769 1960 1795 censeatur

1215 1820 1243 1845 et
1253 1815 1425 1845 observetur
1437 1814 1629 1844 contormiter
1642 1814 1677 1844 ad
1692 1814 1743 1844 illa
1756 1823 1830 1854 quae
1842 1818 1960 1844 nostrae

1216 1864 1443 1894 constitutiones
1475 1864 1635 1903 disponunt
1670 1872 1723 1903 pro
1755 1863 1960 1894 definitoribus

1193 1925 1195 1944 e
1216 1913 1421 1952 generalibus,
1447 1913 1501 1942 boe
1524 1922 1582 1942 uno
1604 1917 1727 1951 excepto
1756 1912 1834 1952 quod
1857 1912 1961 1942 defini-

1218 1968 1262 1992 tor
1284 1962 1430 2001 generalis
1454 1971 1593 2001 praesens
1612 1961 1768 2001 praecedat
1789 1970 1962 2001 quemcum-

1217 2021 1273 2050 que
1286 2011 1470 2041 definitorem
1485 2010 1706 2050 provincialem.
1724 2028 1751 2032 -
1765 2019 1855 2040 xxxii.
1867 2010 1960 2049 Quod,

1218 2060 1353 2090 ministro
1375 2059 1563 2090 conventuali
1586 2059 1718 2096 absente,
1742 2059 1875 2099 regimen
1892 2069 1961 2090 con-

1218 2114 1322 2139 ventus
1347 2109 1492 2148 pertineat
1515 2109 1549 2138 ad
1573 2109 1757 2138 definitorem
1780 2108 1959 2148 provinciae,

1218 2159 1464 2199 quemadmodum
1492 2159 1570 2188 iuxta
1596 2162 1711 2189 nostras
1733 2159 1960 2189 constitutiones

1218 2209 1346 2248 pertinet
1377 2209 1413 2238 ad
1435 2208 1636 2238 definitorium
1659 2208 1813 2247 generale:
1838 2212 1960 2247 excepto

1217 2258 1368 2287 dumtaxat
1389 2266 1470 2295 casu,
1491 2266 1548 2296 quo
1567 2257 1702 2287 definitor
1718 2257 1863 2295 generalis
1879 2265 1961 2296 prae-

1218 2316 1285 2337 sens
1308 2307 1477 2336 inveniatur
1500 2307 1529 2335 in
1547 2310 1707 2341 conventu;
1728 2314 1795 2336 nam
1818 2306 1869 2336 tali
1891 2315 1960 2336 casu

1219 2365 1270 2395 per
1290 2356 1372 2395 prius
1394 2355 1531 2385 attinebit
1554 2355 1685 2393 regimen
1702 2355 1737 2385 ad
1760 2355 1960 2385 definitorium

1217 2406 1354 2444 generale
1384 2405 1543 2435 secundnm
1575 2405 1691 2434 easdem
1720 2405 1958 2435 constitutiones.

1219 2472 1253 2475 ——
1275 2463 1374 2484 xxxnt.
1392 2454 1485 2490 Quod,
1503 2463 1569 2484 cum
1586 2453 1615 2483 in
1634 2458 1783 2484 conventu
1798 2453 1879 2483 adest
1895 2462 1961 2492 pro-

1218 2504 1352 2533 vincialis
1374 2508 1424 2533 aut
1445 2503 1583 2533 definitor
1607 2503 1764 2541 generalis,
1787 2501 1894 2533 debent
1915 2510 1961 2531 ac-

1217 2552 1314 2591 cipere
1346 2551 1582 2581 benedictionem
1611 2556 1639 2581 et
1670 2551 1782 2581 socium
1805 2559 1819 2579 a
1844 2550 1960 2590 provin-

1256 2612 1262 2636 1
1289 2609 1441 2644 I'raeposit.
1462 2609 1500 2636 ad
1520 2609 1642 2636 delemus
1658 2609 1694 2643 (a.
1716 2609 1764 2643 T.).

1252 2655 1267 2679 2>
1289 2654 1355 2682 Male
1377 2654 1441 2681 edit.
1464 2654 1543 2682 Maius
1566 2654 1630 2688 legit
1650 2653 1790 2688 illiusque
1809 2656 1848 2688 (n.
1865 2656 1913 2689 T.).

1963 247 2012 274 An.
2028 248 2057 275 C.
2081 249 2144 278 1727
