2170 3147
0 246 46 276 ..C
66 245 132 274 ¹728

0 308 48 330 ιιιιιο
72 307 132 328 semi
142 305 212 327 ιιιιιι
246 294 502 352 deposita‘uiique
536 294 717 327 iedditione
744 295 877 327 lationis

2 340 13 356 o
40 333 133 355 donatio-

0 346 312 407 2¹¹'l‘151¹'02³.⁰.¹³⁰‘'i⁵s³¹⁷f¹0
344 357 361 379 a
389 345 537 390 fongicg
540 346 648 379 itione
673 346 807 379 Concilii
835 346 879 379 ei-

8 418 41 438 qu.
38 413 82 433 istm
85 412 131 432 ιιιιιιι
143 400 214 432 dem
232 409 383 442 eplscopo
401 399 593 432 demandata
607 404 808 441 eompeitum
828 399 877 437 sit,

0 439 58 486 {³2¹3ssss
76 438 131 485 ἷιιῗέιιιεὶ
141 451 210 495 pias
235 451 420 485 huiusmodi
439 451 667 495 dispositiones
685 451 784 484 fuisse
801 451 880 483 liuc-

141 514 244 548 usque
262 505 445 544 subvelsas,
461 515 525 538 non
544 505 744 548 adimpletas,
764 509 795 537 et
814 504 878 536 sere

143 557 182 590 ab
207 557 298 591 initio
323 558 377 601 pia
401 568 501 601 opera
517 558 601 591 male
621 557 719 590 fuisse
745 556 880 589 admini-

143 616 265 643 strata:
291 610 368 643 hinc
392 616 439 644 est
463 611 548 654 quod
574 610 783 653 procliviores
807 610 878 642 sacti

144 674 252 697 sumus
288 664 326 696 ad
363 664 605 707 applicandum,
633 663 811 696 uniendum
849 668 881 695 et

144 716 416 760 incorporandum
435 716 543 750 favore
561 715 719 760 praedicti
741 715 880 748 semina-

143 769 182 802 rii
199 770 297 813 pleno
316 770 459 803 dominio
477 775 509 803 et
528 769 739 813 possessione
766 779 880 802 omnes

145 829 177 856 et
194 823 338 866 singulos
358 833 471 856 census
492 828 523 856 et
543 822 691 865 capitalia
708 832 882 865 quaecum-

145 886 208 918 que
232 875 400 919 utriusque
426 875 608 909 donationis
634 877 697 907 una
723 885 794 907 cum
822 874 883 906 sru-

146 930 251 963 ctibus
276 929 514 972 praedictorum
540 939 692 962 censuum
719 933 750 961 et.
776 928 882 961 reddi-

147 983 230 1016 tibus
255 982 456 1025 capitalium,
490 987 553 1014 tam
579 982 695 1015 exactis
722 992 816 1024 quam
850 981 881 1013 in

146 1041 313 1080 posterum
330 1040 442 1068 contra
462 1035 624 1079 quoslibet
641 1034 803 1067 debitores
821 1034 884 1066 cxi-

147 1090 285 1133 gendis:
325 1088 554 1121 transferentes
596 1087 705 1120 omnia
745 1086 815 1120 iura
854 1091 885 1119 et

147 1142 292 1175 actiones
329 1141 439 1184 quavis
465 1143 559 1173 causa
584 1146 615 1173 et
648 1140 741 1173 titulo
773 1144 885 1172 contra

148 1205 367 1239 quoscumque
386 1194 632 1237 quomodolibet
657 1192 883 1235 competentia,

147 1253 246 1291 prout
270 1257 306 1279 ex
333 1251 463 1279 nostrae
488 1245 657 1288 potestatis
683 1244 885 1288 plenitudine

148 1299 281 1343 parique
306 1304 396 1332 motu
423 1298 641 1341 applicamus,
667 1297 812 1336 unimus,
839 1297 886 1329 in-

148 1362 358 1396 corporamus
382 1356 414 1385 et
439 1351 640 1393 assignamus
665 1350 769 1383 eidem
795 1350 887 1383 semi-

148 1406 250 1447 nario,
268 1416 329 1449 pro
346 1410 434 1437 recto
461 1404 611 1447 felicique
637 1403 779 1436 eiusdem
805 1403 888 1445 regi-

149 1459 253 1497 mine,
279 1459 338 1490 sub
374 1467 472 1490 onere
511 1457 618 1490 alendi
660 1462 689 1488 et
727 1455 886 1489 educandi

149 1512 267 1546 nedum
292 1511 388 1544 binos
413 1511 544 1543 iuvenes
564 1521 580 1542 a
599 1510 757 1542 donatore
775 1509 888 1541 volites

151 1570 247 1608 atque
266 1564 438 1607 praelatos,
454 1573 565 1595 verum
585 1562 679 1595 etiam
705 1562 783 1595 alios
809 1561 888 1594 duos

152 1623 255 1651 tresve
281 1617 414 1650 iuvenes
449 1616 664 1649 nominandos
694 1625 710 1647 a
743 1615 885 1657 generali

151 1676 182 1703 et
206 1669 338 1714 publico
368 1668 505 1702 consilio
539 1667 674 1701 civitatis
709 1667 887 1699 antedictae

151 1733 221 1756 curn
247 1721 483 1766 approbatione
509 1721 651 1765 episcopi
678 1731 738 1763 pro
765 1725 887 1763 tempo-

151 1786 210 1816 re;
250 1785 349 1808 onere
375 1785 504 1818 quoque
531 1773 656 1807 adiecto
683 1774 766 1806 dicto
792 1773 887 1805 senii-

151 1827 243 1860 nario
276 1827 460 1860 exsolvendi
498 1826 644 1870 quolibet
679 1836 762 1858 anno
799 1831 885 1858 senta

152 1879 385 1922 quinquaginta
402 1879 520 1922 puellis
537 1889 596 1921 pro
614 1888 722 1911 earum
742 1877 886 1910 subsidio

153 1931 271 1971 dotali,
296 1931 414 1973 pariter
450 1932 489 1963 ab
515 1931 584 1974 ipso
618 1931 787 1963 fundatore
813 1941 888 1963 con-

154 1984 332 2026 templato,
357 1983 561 2016 nominandis
585 1994 602 2015 a
622 1983 706 2016 dicto
744 1984 886 2025 generali

155 2035 312 2075 consilio,
339 2035 493 2078 episcopo
526 2041 632 2068 tamen
667 2036 886 2079 approbante,

155 2087 361 2131 superaddito
401 2088 545 2120 subsidio
585 2088 682 2121 dotali
710 2098 888 2121 annuorum

155 2144 318 2173 scutorum
344 2139 601 2183 vigintiquinque
619 2151 678 2183 pro
705 2141 764 2173 alia
783 2142 889 2183 puella

155 2203 214 2235 per
250 2192 438 2235 episcopum
464 2192 718 2234 praeeligenda,
753 2193 776 2224 si
814 2203 889 2225 vero

155 2245 335 2287 contingat,
363 2245 487 2277 favente
511 2245 590 2285 Deo,
617 2246 700 2288 quffll
727 2246 809 2278 istud
837 2257 890 2288 pa-

155 2298 341 2330 trimonium
368 2297 567 2340 adaugeatur
594 2298 721 2340 praevia
755 2309 889 2341 reeupe-

154 2350 281 2383 ratione
306 2350 444 2382 alioruin
470 2350 654 2393 capitalium
682 2356 713 2383 et
732 2351 890 2383 fruetuum

155 2414 191 2435 ex
218 2403 341 2436 incuria
371 2403 519 2445 malaque
553 2403 829 2437 administratione
860 2404 891 2437 in

154 2455 413 2499 praesentiarum
439 2455 694 2498 deperditorum,
715 2461 746 2488 et
772 2457 810 2489 de
836 2467 892 2499 pe-

155 2508 257 2540 cuniis
281 2507 494 2540 existentibus
520 2508 553 2540 in
579 2509 726 2540 manibus
763 2509 893 2551 deposi-

156 2561 238 2600 tarii,
260 2566 409 2593 teneatur
435 2561 518 2593 idem
544 2562 750 2595 seminarium
776 2564 892 2595 consti-

156 2619 246 2647 tuere
275 2614 488 2657 multiplicum
513 2625 615 2658 usque
637 2616 674 2648 ad
700 2616 888 2658 productio-

718 245 911 270 BENEDICTUS
936 245 994 269 xm
1019 246 1067 270 1³1².

1558 235 1620 268 667
1669 243 1762 269 Aac.
1786 243 1853 270 1728

921 304 995 327 nem
1032 295 1190 327 fructuum
1228 293 1454 327 sufficientium
1489 303 1547 337 pro
1584 293 1661 325 assi-

922 347 1049 387 gnanda
1080 347 1229 379 mercede
1262 347 1358 379 alicui
1388 346 1556 388 utriusque
1582 346 1661 377 iuris

922 399 1125 442 professoris,
1152 399 1206 442 qui
1239 399 1291 442 (si
1317 399 1472 442 episeopo
1498 398 1663 430 videbitur

924 451 1104 494 expedire)
1141 451 1237 483 simili
1264 451 1370 484 studio
1395 451 1584 483 incumbere
1611 460 1663 482 vo-

923 505 1026 536 lentes
1047 503 1076 535 in
1101 503 1227 536 civitate
1254 503 1408 543 edocear,
1429 504 1502 536 item
1529 502 1663 535 semina-

923 556 1004 588 rium
1030 556 1229 599 praedictum
1255 567 1290 589 ex
1317 557 1466 589 omnibus
1499 565 1662 598 praenun-

924 609 1014 641 ciatis
1036 609 1260 651 proventibus,
1290 609 1446 642 fructibus
1472 614 1566 651 atque
1592 609 1664 640 red-

924 661 1042 692 ditibus
1068 666 1160 693 euret
1182 667 1215 693 ut
1239 662 1346 704 legata
1362 672 1378 694 a
1396 661 1480 694 dieto
1505 662 1664 694 donatore

924 714 1095 756 praefinita
1109 715 1241 748 omnino
1255 715 1451 758 impleantur
1469 725 1505 747 ac
1521 714 1665 752 satisfiat,

925 767 1147 812 eleemosynas
1170 778 1228 811 pro
1247 767 1475 800 anniversariis
1495 768 1533 800 ab
1550 767 1666 800 eodem

925 825 1045 853 taxatas
1070 821 1242 864 persolvat,
1267 822 1328 853 una
1354 831 1424 853 cum
1444 821 1538 853 solita
1554 830 1667 852 mune-

926 873 969 906 ris
986 873 1179 916 elargitione
1199 874 1339 916 desuper
1357 873 1559 915 magistratui
1579 873 1667 905 iuxta

926 927 1058 959 volitum
1086 937 1102 958 a
1129 927 1217 958 fund
1220 932 1300 959 itoie
1326 926 1590 959 subministmns.

970 981 984 1023 ἓ
1005 980 1036 1013 lt.
1057 980 1213 1018 Quocirca
1232 980 1335 1012 dictae
1354 979 1491 1011 civitatis
1510 979 1579 1021 epis
1584 989 1682 1038 copo
1745 986 1772 1017 D
1769 993 1795 1011 ι»
1784 989 1825 1006 »ιι
1829 988 1860 1006 ιιιι·

927 1044 1013 1066 nune
1039 1038 1070 1065 et,
1090 1043 1148 1076 pio
1168 1038 1315 1075 tempore
1335 1032 1483 1066 existenti
1502 1043 1561 1075 pei
1586 1019 1705 1086 Ιιιιοοξὶι
1693 1016 1780 1085 k1⁴¹⁴
1741 1019 1861 1086 immitit*

927 1086 1104 1130 apostolica
1118 1087 1238 1128 scripta
1252 1085 1492 1125 committimus,
1505 1096 1561 1128 qu
1552 1091 1665 1118 itenus
1678 1098 1754 1113 ιυιιιιιιι.

928 1140 1079 1172 univeisa
1116 1143 1147 1171 et
1182 1139 1310 1181 singula
1348 1143 1500 1171 contenta
1538 1139 1568 1170 in
1607 1139 1667 1171 lioc

929 1197 1039 1225 nostro
1064 1191 1290 1234 motuproprio
1317 1191 1499 1224 executioni
1527 1191 1666 1230 mandet,

929 1250 960 1278 et
979 1255 1037 1288 pro
1064 1244 1248 1277 huiusmodi
1276 1243 1390 1277 etl'ectu
1418 1244 1486 1276 iure
1519 1244 1667 1286 delegato

929 1298 1112 1331 facultatem
1140 1302 1170 1330 et
1195 1297 1456 1330 iurisdictionem
1483 1297 1588 1329 eidem
1615 1297 1669 1328 iin-

929 1350 1089 1393 pertimur
1106 1349 1305 1393 procedendi
1325 1354 1436 1382 contra
1461 1355 1669 1382 contumaces

931 1408 962 1436 et
987 1402 1225 1441 inobedientes,
1255 1412 1434 1445 omnesque
1464 1401 1669 1434 administra—

932 1462 1016 1489 tores
1054 1466 1294 1499 quoscumque.
1338 1456 1533 1497 Derogantes
1570 1455 1669 1487 cuivis

931 1509 1164 1547 substitutioni,
1190 1508 1450 1545 fideicommisso,
1470 1508 1668 1550 suprainten-

932 1562 1081 1602 dentiae,
1119 1561 1411 1600 administrationi,
1450 1560 1668 1599 devotationi,

931 1615 1133 1657 ceterisque,
1160 1620 1223 1646 tam
1249 1614 1280 1647 in
1307 1614 1399 1646 dictis
1425 1613 1668 1651 donationibus,

932 1679 1025 1711 quam
1048 1667 1079 1700 in
1099 1668 1158 1700 alia
1178 1677 1380 1710 quacumque
1400 1666 1547 1698 eiusdem
1573 1666 1670 1697 dona-

932 1721 1009 1754 toris
1045 1722 1209 1753 voluntate
1247 1720 1415 1762 dispositis
1452 1724 1547 1761 atque
1585 1729 1670 1751 eom-

931 1773 1116 1816 prehensis,
1140 1773 1199 1805 sub
1218 1772 1476 1815 quibuscumque
1497 1771 1670 1803 verborum

932 1827 1100 1859 tenoribus
1127 1831 1157 1859 et
1182 1825 1308 1863 formis,
1336 1831 1368 1857 et
1400 1836 1470 1857 cum
1504 1824 1670 1867 quibusvis

932 1879 1026 1911 etiam
1053 1878 1332 1921 derogatoriarum
1360 1878 1596 1920 derogatoriis3
1615 1888 1670 1909 vo-

932 1933 1086 1965 luntatem
1123 1932 1198 1964 dieti
1237 1931 1422 1970 donatoris,
1450 1931 1480 1962 in
1520 1931 1556 1963 iis
1587 1941 1669 1973 quac

933 1986 1009 2017 huie
1034 1985 1143 2017 unioni
1165 1990 1196 2017 et
1215 1984 1471 2027 incorporatioui
1498 1984 1671 2015 adversan-

934 2044 993 2078 tur,
1018 2042 1280 2075 commutantes,
1308 2047 1372 2068 uon
1399 2035 1601 2068 obstantibus
1626 2046 1671 2067 re-

933 2091 1015 2133 gulis
1053 2091 1091 2123 de
1128 2090 1197 2122 iure
1236 2089 1383 2131 quaesito
1410 2099 1472 2121 non
1502 2089 1669 2129 tollendo,

933 2143 1241 2181 constietiuliniluis,
1276 2142 1460 2184 ceterisque
1494 2141 1670 2174 contrariis

933 2196 1069 2238 quibust
1072 2206 1204 2238 umque.

977 2250 991 2292 ξ
1017 2249 1046 2280 5.
1076 2249 1262 2281 inhibentes
1296 2248 1448 2290 praet-itis
1480 2248 1670 2291 (apellatus,
1697 2254 1855 2280 ῐιιιιιιιιιιιηιιιι

935 2300 1143 2344 depositaiio,
1151 2300 1333 2343 coteiisque
1348 2301 1516 2333 administi
1519 2302 1672 2343 atoribus,
1684 2281 1866 2330 {ll'a¹10ri8.1¹‡¹''¹¹‘

935 2358 965 2385 et
998 2353 1242 2395 quomodolibet
1270 2353 1427 2386 interesse
1456 2354 1671 2395 habentibus,

936 2415 974 2437 ne
1000 2405 1039 2438 de
1064 2411 1173 2438 cetero
1199 2415 1342 2449 unquam
1368 2406 1399 2438 in
1419 2383 1672 2448 praemissoruni

935 2458 1226 2498 administratione,
1255 2459 1364 2501 quavis
1382 2462 1486 2499 causa,
1507 2460 1609 2498 titulo,
1630 2461 1673 2493 in-

935 2511 1040 2552 genio,
1067 2514 1246 2553 praetextu,
1274 2511 1339 2543 sive
1370 2512 1518 2554 quaesito
1551 2514 1672 2551 colore,

936 2573 1005 2595 sese
1024 2563 1380 2606 ingerere,dictumque
1400 2564 1607 2597 seminarium
1627 2565 1673 2596 di-

935 2621 1019 2649 recte
1046 2617 1094 2649 vel
1120 2616 1277 2650 indirecte
1316 2618 1512 2657 molestare,
1538 2629 1670 2657 vexare,
