2170 3147
0 207 41 234 An.
57 205 86 232 C.
109 204 175 232 1729

18 1429 172 1451 Confirmantur

0 1459 11 1476 »Ι
27 1457 168 1482 approbantiu-
408 1482 413 1483 V
438 1471 443 1475 .
664 1471 669 1475 .
788 1471 793 1476 .
860 1471 865 1475 .

0 1483 66 1512 &aaa
109 1488 171 1507 supra
185 1481 220 1504 ac
245 1471 283 1503 de
306 1472 502 1514 apostolieae
521 1476 687 1513 potestatis
705 1471 921 1514 plenitudine,

0 1508 173 1564 iiiiissffitiussrla'iss
184 1534 296 1557 verum
333 1529 364 1556 et
396 1523 557 1566 integrum
597 1529 741 1556 tenorem
779 1523 921 1557 omnium

0 1594 28 1619 gro
60 1561 173 1617 2255}ssssae
185 1588 283 1621 supra
307 1578 480 1610 relatorum
519 1577 665 1610 Brevium
703 1583 764 1609 tam
792 1577 922 1620 dispen-

2 1614 318 1687 {i'i'fnssss'rffl‘iiisssationis
333 1635 364 1663 et
385 1631 645 1664 commutationis
668 1630 830 1663 enunciati
848 1631 922 1670 voti,

0 1674 3 1686 :
36 1674 86 1688 §vl-

754 205 948 230 BENEDICTUS
973 205 1030 229 xm
1054 206 1102 230 PP.

185 258 325 297 utroque
359 254 430 287 soro
465 254 664 298 dispensato.
694 254 756 287 Nos
794 254 920 297 itaque,

185 307 296 340 hahita
321 306 409 350 prius
427 307 458 339 in
477 307 660 350 praemissis
679 307 837 340 relatione
860 312 921 340 tam

185 359 318 402 praefati
356 359 615 392 reverendissimi
649 360 752 392 nostri
786 360 918 399 nuncii,

185 422 279 455 quam
304 411 445 455 plurium
464 412 689 455 religiosorum
709 413 853 446 eiusdem
873 423 922 445 re-

185 465 238 507 gni
263 465 506 508 Hispaniarum,
529 467 649 502 attenta
671 466 833 499 solutione
855 477 922 499 me-

183 523 327 551 moratae
339 519 560 562 eleemosynae
572 519 610 551 de
625 519 757 561 proprio
769 519 921 562 adimple-

185 577 252 609 tae,
274 575 306 603 et
337 571 368 603 in
395 571 507 604 eadem
533 574 644 604 nostra
668 571 921 604 Poenitentiaria

183 622 328 665 legitime
343 623 523 664 iustificata,
542 624 681 656 iustitiae
701 634 827 666 quoque
846 634 919 656 eau-

184 679 218 709 sa
242 677 402 720 publicae,
426 688 464 710 ne
484 677 719 720 praeiudicium
737 677 802 710 ullo
825 677 920 710 modo

183 728 335 762 afferatur
372 730 523 773 hospitali
556 730 722 773 praedicto
754 730 918 772 orphano-

183 792 254 813 rum
292 787 324 814 et
363 782 604 825 proiectorum,
642 788 673 815 et
708 783 795 826 quod
832 783 920 814 iuxta

182 834 357 867 relationes
383 835 566 878 praedictas
601 836 788 869 comoediae
822 840 853 868 et
885 847 919 868 o-

182 898 261 930 pera
287 888 415 920 scenica
441 888 560 921 ibidem
587 891 623 921 ea
650 899 713 932 qua
743 889 838 921 decet
863 889 921 922 lio-

182 946 308 974 nestate
328 941 445 984 exponi
465 946 495 974 et
513 941 751 984 rapraescntari
770 943 918 981 assolent,

181 1004 241 1037 pro
279 993 422 1036 ipsorum
447 999 479 1026 et
503 994 617 1037 populi
654 995 811 1037 praedicti
845 1005 921 1027 con-

183 1047 390 1080 scientiarum
417 1047 690 1091 quietofflttento
726 1048 920 1090 praesertim

182 1099 296 1133 civium
323 1106 355 1133 et
379 1100 560 1133 incolarum
594 1100 762 1140 dissensu,
790 1101 861 1144 qui,
889 1101 919 1133 iu

183 1153 387 1197 expositione
409 1153 576 1199 memorati
595 1153 669 1194 voti,
687 1154 789 1186 vocati
814 1164 920 1197 neque

182 1204 327 1248 requisiti
354 1206 517 1238 ullatenus
545 1206 691 1246 suerunt,
712 1211 808 1249 prout
826 1206 919 1239 nobis

183 1258 382 1291 sufficienter
417 1264 562 1291 constare
600 1265 772 1299 curarunt,
809 1270 920 1291 eorum

182 1311 334 1354 precibus
369 1322 515 1344 annuere
557 1317 653 1355 prout
689 1312 773 1345 inira
809 1312 920 1345 ‹lecre-

183 1363 301 1397 vimus.

228 1419 242 1461 ἓ
257 1418 288 1450 7.
305 1417 390 1450 Motu
406 1418 504 1460 igitur
518 1418 662 1461 proprio,
682 1419 769 1450 certa
786 1417 921 1450 seientia

183 1694 281 1728 quam
307 1683 434 1717 illorum
461 1683 683 1723 revocationis,
704 1694 739 1715 ac
757 1689 873 1716 statum
892 1690 922 1717 et

184 1738 297 1770 merita
322 1748 437 1770 causae
465 1748 562 1780 super
594 1738 724 1770 illorum
756 1737 921 1770 executio-

184 1801 224 1823 ne
250 1801 285 1823 ac
303 1790 533 1823 observatione
559 1790 737 1833 respective
755 1790 919 1834 'praedicti

184 1844 247 1876 voti
267 1843 513 1886 quomodolibet
539 1843 743 1876 introductae
769 1849 799 1876 et
816 1844 922 1876 adbuc

185 1896 293 1928 forsan
327 1896 499 1937 pendentis
525 1895 555 1927 in
585 1896 698 1928 eadem
735 1896 824 1928 curia
855 1896 922 1938 epi-

185 1948 307 1990 scopali
341 1948 579 1990 pampilonensi
611 1954 643 1981 et
667 1960 774 1981 eoram
805 1949 920 1982 eodem

185 2000 304 2033 nuncio
330 2001 508 2044 apostolico
540 2002 768 2045 Hispaniarum
802 2008 832 2034 et
857 2003 920 2034 alio

185 2063 390 2096 quocumque
417 2053 520 2086 iudice
539 2059 570 2086 et
589 2055 749 2094 tribunali,
769 2065 922 2097 praesen—

186 2106 269 2139 tibus
288 2117 346 2149 pro
365 2106 525 2149 expressis
544 2108 717 2147 babentes,
737 2108 810 2140 lites
829 2118 922 2150 prae-

185 2159 285 2192 dictas
316 2159 355 2192 ad
387 2170 445 2192 nos
475 2165 658 2200 avocantes,
693 2161 762 2193 illas
792 2161 922 2204 penitus

186 2212 402 2254 extinguimus
427 2217 459 2245 et
483 2211 669 2253 abolemus,
700 2224 735 2245 ac
767 2224 921 2256 procura-

186 2264 246 2296 tori
273 2264 372 2297 fiscali
399 2264 501 2297 dictae
528 2265 634 2298 curiae
673 2265 866 2309 episcopalis
891 2272 923 2299 et

1600 196 1662 230 799
1709 205 1803 233 Aac.
1827 205 1894 233 1729

965 254 1122 297 praedicti
1154 256 1332 298 provisoris
1369 266 1425 288 seu
1460 255 1569 288 vicarii
1605 265 1702 297 gene-

966 307 1041 340 ralis
1055 308 1314 351 Pampilonensis
1331 314 1490 352 tamquam
1508 308 1701 351 subreptitie

965 370 1019 392 seu
1039 360 1211 403 obreptitie
1236 361 1377 401 obtenti,
1404 362 1491 404 quod
1511 362 1631 394 nullius
1652 372 1702 394 ro-

965 412 1052 445 boris
1076 417 1106 445 et
1126 412 1287 446 efficaciae
1306 414 1509 446 declaramus
1527 425 1562 446 ac
1580 414 1605 446 si
1624 424 1702 446 nun-

965 475 1060 508 quam
1076 471 1267 505 emanasset,
1282 477 1380 509 supra
1395 467 1494 499 relata
1508 467 1618 509 priora
1631 467 1702 499 Bre-

964 518 1012 550 via
1033 519 1139 551 favore
1165 519 1324 552 dictorum
1351 525 1518 552 oratorum
1551 521 1701 563 expedita

963 582 1023 615 pro
1042 573 1294 605 comunitatione
1317 579 1348 605 et
1369 573 1613 617 dispensatione
1638 574 1700 606 voti

964 625 1130 668 signanter
1149 626 1240 658 annis
1268 626 1433 659 unccxxv¹
1456 633 1487 659 et
1514 636 1699 667 unccxvvu,

964 689 1035 711 cum
1049 678 1198 712 omnibus
1214 679 1244 711 in
1259 679 1304 711 eis
1320 680 1491 719 contentis,
1503 680 1700 722 specialiter,

964 741 1112 774 expresse
1150 737 1181 764 et
1213 732 1411 775 amplissime
1448 733 1698 772 confirmamus,

964 785 1207 827 approbamus,
1233 795 1424 818 renovamus
1460 791 1491 818 et
1524 787 1703 819 recouvali-

965 837 1085 877 damus,
1111 847 1146 869 ac
1171 837 1260 870 totali
1287 844 1318 870 et
1335 838 1541 871 omnimodae
1560 850 1702 882 exequu-

966 890 1043 923 tioni
1079 890 1265 923 demandari
1307 891 1509 924 decernimus
1549 899 1579 926 et
1614 903 1702 925 man-

965 943 1088 975 damus.

1007 996 1022 1039 ἓ
1048 995 1078 1029 8.
1107 996 1254 1035 Necnon,
1283 1002 1440 1040 quatenus
1466 1009 1548 1041 opus
1574 999 1630 1038 sit,
1657 1004 1701 1031 at·
1741 1008 1811 1026 venno
1831 1005 1895 1026 iidem

966 1051 1052 1082 tenta
1076 1049 1236 1082 solutione
1262 1051 1502 1092 praedictorum
1537 1057 1700 1083 scutorum
1713 1033 1895 1085 ssifjil't'ii't'vssiffissl

965 1102 1215 1145 quingentorum
1230 1113 1287 1145 per
1300 1109 1443 1136 oratores
1454 1105 1590 1147 expleta,
1607 1110 1703 1147 prout
1714 1087 1828 1106 Eldswm‘

963 1164 1020 1197 per
1044 1165 1103 1187 nos
1125 1155 1156 1186 in
1179 1155 1321 1188 secundo
1341 1156 1433 1188 Brevi
1452 1157 1634 1189 iniunctum
1652 1167 1704 1189 ev-

965 1208 1037 1247 titit,
1066 1208 1104 1240 de
1130 1219 1192 1251 qua
1217 1209 1313 1251 plene
1339 1216 1369 1242 ct
1394 1220 1453 1252 per
1484 1210 1702 1243 authenticam

964 1260 1173 1304 quietantiam
1200 1271 1255 1293 seu
1277 1262 1513 1294 attestationem
1532 1263 1651 1306 prioris
1673 1269 1704 1295 et

964 1319 1090 1356 patrum
1117 1319 1293 1346 conventus
1319 1315 1473 1357 praedicti
1496 1321 1645 1348 constare
1664 1317 1704 1348 se⁴

965 1371 1094 1407 eerunt⁷
1123 1367 1240 1399 iterum
1267 1367 1469 1400 declaramus
1504 1368 1702 1411 praedictam

965 1419 1126 1452 civitatem
1152 1420 1448 1462 pampilonensem,
1476 1420 1610 1464 eiusque
1637 1432 1703 1453 rna-

964 1473 1153 1515 gistratum,
1189 1473 1273 1505 elves
1299 1478 1330 1505 et
1362 1473 1484 1507 incolas
1522 1475 1561 1506 ab
1594 1475 1704 1507 obser-

965 1524 1070 1557 vantia
1096 1524 1284 1556 huiusmodi
1308 1524 1414 1556 emissi
1434 1525 1496 1557 voti
1517 1525 1547 1556 in
1566 1530 1703 1568 utroque

966 1577 1034 1609 soro
1061 1577 1184 1609 solutos
1211 1587 1281 1609 esse
1317 1588 1353 1609 ae
1389 1588 1581 1617 remanere,
1608 1584 1705 1621 prout

965 1631 1054 1674 prius
1080 1635 1255 1673 antequam
1288 1630 1366 1663 illud
1403 1630 1626 1671 emitteretur,
1661 1631 1705 1663 ita

965 1683 1051 1726 ciiiod
1078 1694 1095 1715 a
1122 1683 1262 1722 nemine,
1288 1684 1397 1726 [plavis
1423 1683 1613 1716 auctoritate
1632 1684 1703 1716 sun-

965 1742 1075 1779 gatur,
1104 1741 1135 1768 et
1160 1736 1274 1778 quovis
1307 1736 1363 1768 sub
1394 1741 1584 1779 praetextu,
1610 1739 1705 1769 causa

966 1789 1014 1821 vel
1053 1788 1198 1831 quaesito
1224 1789 1356 1828 colore,
1392 1789 1506 1821 eadem
1539 1799 1637 1831 opera
1667 1801 1703 1822 ac

965 1841 1111 1873 scenicae
1138 1841 1356 1873 recreationes
1392 1840 1603 1884 imposterum
1637 1852 1704 1885 per-

965 1899 1062 1937 petuo
1089 1893 1238 1937 impediri
1266 1895 1403 1937 possint.

1008 1946 1069 1990 gt).
1087 1947 1316 1986 Deceruentes,
1331 1948 1493 1990 praesenti
1509 1953 1620 1981 nostro
1639 1959 1704 1982 mo·

966 2001 1009 2032 tui
1044 2000 1192 2043 proprio,
1220 2000 1295 2032 licet
1327 2011 1389 2033 non
1423 2001 1562 2034 admisso
1597 2012 1702 2045 neque

965 2054 995 2085 in
1023 2053 1153 2086 Camera
1179 2055 1288 2085 nostra
1314 2054 1496 2096 registrato,
1516 2065 1580 2088 non
1606 2066 1703 2098 posse

966 2107 1031 2139 ullo
1051 2116 1191 2149 unquam
1218 2111 1365 2149 tempore
1391 2108 1511 2150 opponi
1533 2108 1571 2140 de
1590 2109 1705 2140 subre-

964 2159 1098 2202 ptione,
1124 2159 1339 2201 obreptione,
1365 2160 1414 2192 vel
1450 2161 1554 2193 altero
1589 2161 1702 2204 quovis

965 2212 1040 2244 vitio
1065 2217 1116 2244 aut
1144 2212 1268 2244 defectu
1287 2213 1459 2245 voluntatis
1484 2214 1530 2246 vel
1552 2214 1703 2247 intentio-

966 2265 1015 2297 nis
1030 2270 1167 2304 nostrae,
1186 2264 1282 2297 etiam
1300 2275 1335 2297 ex
1355 2275 1393 2298 eo
1412 2266 1496 2308 quod
1516 2267 1702 2309 praedictus

1741 1958 1863 1979 Clausulas.

185 2317 257 2350 aliis
284 2317 539 2361 quibuscumque
573 2319 612 2351 ad
637 2329 764 2351 causam
790 2330 922 2362 quomo·
941 2311 945 2366 Ι
965 2318 1112 2360 provisor
1137 2327 1192 2350 seu
1215 2317 1352 2350 vicarius
1374 2319 1543 2360 generalis,
1563 2320 1612 2352 vel
1631 2319 1701 2352 eius

185 2370 310 2403 dolihet
336 2370 483 2403 admissis
511 2376 541 2403 et
566 2371 724 2404 interesse
743 2373 921 2415 quomodo·
965 2375 1154 2412 procurator
1179 2369 1315 2409 fiscalis,
1341 2377 1373 2403 et
1405 2371 1458 2403 alii
1484 2372 1594 2404 forsan
1620 2372 1703 2405 inte-

185 2423 400 2456 libetliabere
414 2424 920 2468 praetendentibus,perpetuum
964 2433 1053 2455 resse
1079 2423 1235 2455 habentes
1261 2423 1297 2455 ad
1326 2423 1387 2456 hoc
1419 2425 1520 2457 vocati
1546 2435 1610 2458 nou
1637 2426 1702 2458 sue-

184 2475 349 2508 sitentium
375 2476 586 2519 imponimus,
613 2487 657 2517 ae,
681 2478 808 2520 praevia
833 2488 922 2510 revo-
964 2475 1037 2515 rint,
1064 2477 1113 2508 vel
1140 2486 1177 2508 ex
1204 2476 1315 2519 quavis
1336 2477 1398 2510 alia
1419 2479 1514 2511 eausa
1532 2483 1703 2522 quantum-

184 2529 328 2568 catione,
354 2529 576 2562 annullatione
602 2535 635 2562 et
663 2529 838 2563 abolitione
862 2541 921 2563 no·
964 2528 1009 2561 vis
1034 2528 1193 2572 legitima,
1220 2531 1348 2572 urgenti
1377 2535 1408 2563 et
1431 2530 1584 2572 iuridica,
1605 2531 1701 2564 etiam

183 2581 302 2617 vissimi
325 2581 432 2615 Brevis
459 2582 654 2617 revocatorii
672 2583 709 2616 ad
733 2583 918 2618 instantiam

998 2593 1009 2619 1
1034 2591 1103 2619 Edit.
1127 2591 1205 2619 Main.
1227 2591 1292 2626 legit
1313 2592 1381 2620 1523
1400 2594 1440 2628 (a.
1458 2593 1505 2629 T.).
