2170 3147
0 208 40 236 tn.
59 207 88 236 C.
106 207 174 236 1721

42 2422 177 2444 Confirmatio

0 2448 56 2470 elati
69 2450 158 2471 decreti.

784 213 976 237 BENEDICTUS
1003 214 1058 238 xtlt
1083 215 1130 238 PF.

182 265 197 286 a
219 257 309 287 Maria
330 257 364 288 de
382 257 515 288 Noronha
538 258 616 288 illius
637 267 735 289 sorore
754 259 782 289 iu
799 260 916 290 civitate

182 305 262 335 Maka
292 305 372 345 prius
401 310 610 341 commorante,
634 316 708 345 quae
731 308 916 346 postmodum

183 354 241 382 una
263 362 328 383 cum
352 354 469 392 proprio
493 354 552 383 silio
576 354 700 384 Antonio
719 355 753 385 de
778 356 916 394 Leguiera

182 401 315 431 Noronha
339 402 373 431 ad
395 402 542 432 civitatem
558 402 685 432 Goanam
707 412 737 433 se
756 405 915 440 transtulit,

183 458 280 479 secum
303 450 388 480 etiam
411 451 593 489 asportasse¹
616 460 721 490 corpus
747 451 817 481 dicti
839 452 917 482 servi

183 498 250 528 Dei:
275 503 427 538 propterea
444 508 541 529 sacrae
560 499 679 529 Rituum
695 499 915 538 congregationi

183 547 268 577 modo
290 548 483 586 supplicatum
507 548 572 586 suit,
596 552 740 587 quatenus
762 549 916 587 iniungere

183 595 353 633 dignaretur
365 596 608 626 reverendissimo
620 597 838 636 archiepiscopo
846 597 918 627 Goa-

183 653 232 683 n0,
245 649 288 683 ut,
303 645 476 675 auctoritate
492 646 583 684 ipsius
599 654 698 675 sacrae
710 646 917 684 Congregatio-

184 692 240 731 nis,
254 693 328 723 idem
348 703 452 732 corpus
467 703 481 723 a
497 693 581 724 domo
596 693 701 724 Mariae
717 693 752 723 de
768 694 915 731 Noronha,

184 741 244 770 sive
259 741 289 771 in
306 750 374 770 casu
390 741 468 770 illius
492 742 593 772 mortis
615 751 629 771 a
653 751 838 781 quocumque
860 742 917 772 alio

183 788 266 827 loco,
301 789 350 819 ubi
382 789 597 829 quomodolibet
627 794 776 829 repertum
810 790 915 827 suerit,

184 842 362 876 amoveatur,
386 843 414 868 et
435 838 469 868 ad
492 838 645 868 ecclesiam
669 843 782 878 patrum
803 839 918 870 Ordinis

185 886 371 916 eremitarum
388 886 417 917 S.
436 887 591 925 Augustini
615 887 668 917 sub
690 888 774 918 titulo
797 888 917 918 Nostrae

184 933 323 964 Dominae
356 935 440 972 vulgo
472 936 508 965 de
530 935 630 965 Gratia
657 936 782 966 civitatis
804 936 918 966 Goanae

186 983 390 1021 transferatur,
408 983 442 1013 ad
458 984 589 1014 effectum
612 984 683 1014 illud
706 985 869 1015 tumulandi
891 989 918 1015 et

184 1031 321 1062 servandi
343 1032 451 1072 absque
474 1033 534 1063 ulla
557 1035 740 1064 veneratione
768 1044 860 1074 usque
883 1035 917 1064 ad

184 1081 409 1112 declarationem
433 1082 564 1121 martyrii
586 1083 655 1113 dicti
678 1083 755 1113 servi
781 1084 842 1114 Dei.
868 1085 920 1114 Ea-

185 1128 251 1159 dem
280 1139 362 1159 sacra
391 1130 582 1169 Congregatio
605 1141 657 1170 pro
680 1133 850 1163 executione
873 1133 919 1163 de—

185 1181 329 1208 cretorum
353 1179 553 1208 sanctissimae
574 1179 776 1218 Impnisitionis
798 1180 851 1211 sub
873 1181 918 1211 die

185 1234 235 1256 xm
251 1226 346 1256 martii
368 1231 395 1257 et
418 1236 454 1257 xu
477 1227 604 1258 octobris
626 1237 743 1258 uncxxv
765 1238 798 1258 ac
821 1238 837 1257 v
856 1229 918 1259 iulii

186 1282 332 1305 uncxxxiv
347 1284 433 1315 super
449 1286 505 1306 non
522 1277 601 1306 cultu
616 1277 652 1306 ab
665 1277 780 1307 Urbano
794 1278 845 1307 ΙΨ.
860 1278 919 1308 t'tu

187 1323 376 1363 editorum‚et
392 1325 421 1354 in
437 1334 524 1364 parvo
541 1326 686 1355 volumine
698 1326 917 1365 impressorum,

187 1372 301 1402 censuit
316 1373 458 1403 committi
473 1374 549 1404 dicto
565 1375 809 1405 reverendissimo
825 1376 919 1405 archi-

188 1420 336 1460 episcopo,
353 1425 395 1459 ut,
413 1422 560 1452 verificata
575 1432 670 1453 coram
688 1424 750 1463 ipso
769 1424 919 1455 identitate

188 1468 258 1499 dicti
293 1470 440 1510 corporis,
477 1471 664 1511 adhibitaque
700 1473 779 1502 omni
815 1473 919 1503 maiori

188 1517 448 1558 circumspectione
479 1523 507 1550 et
542 1522 651 1551 cautela
688 1522 716 1551 in
753 1522 918 1552 huiusmodi

187 1565 295 1597 decreti
318 1568 487 1598 executione
510 1578 544 1598 ne
567 1569 623 1599 ulla
647 1571 843 1601 controversia
870 1575 919 1602 aut

189 1614 355 1644 scandalum
379 1616 450 1646 oriri
474 1617 574 1656 possit,
597 1617 669 1648 illud
691 1619 856 1657 consignari
880 1620 919 1649 fa-

186 1662 243 1692 ciat
274 1662 429 1702 praedictis
456 1665 585 1704 patribus
611 1666 646 1696 ad
668 1667 800 1697 effectum
824 1672 920 1698 tumu-

187 1710 265 1741 landi
299 1712 328 1742 in
361 1712 440 1742 dicte
471 1723 572 1743 eorum
604 1715 748 1750 ecclesia,
785 1716 918 1756 dictaque

187 1761 336 1791 translatio
359 1771 391 1791 ac
413 1763 565 1793 tumulatio
581 1769 731 1803 praesente
749 1765 855 1796 vicario
872 1776 919 1804 ge-

188 1809 281 1838 nerali
303 1810 429 1840 eiusdem
453 1811 673 1852 archiepiscopi,
698 1813 740 1843 vel
769 1814 827 1844 alia
857 1824 920 1854 per-

187 1859 256 1886 sona
280 1858 309 1887 in
331 1859 522 1890 ecclesiastica
539 1861 677 1899 dignitate
699 1863 857 1893 constituta
880 1865 920 1894 ei-

189 1905 254 1935 dem
277 1906 425 1946 benevisa,
448 1913 558 1939 secreto
582 1910 641 1947 fiat,
665 1912 784 1941 servatis
808 1912 835 1942 in
855 1913 921 1942 reli-

188 1954 254 1992 quis
270 1955 354 1985 dictis
370 1956 494 1987 decretis
510 1962 625 1988 sanctae
641 1960 798 1990 memoriae
810 1961 919 1991 Urbani

189 2001 245 2032 Pr.
263 2002 323 2033 Vlll
345 2013 431 2043 super
453 2015 509 2035 non
526 2007 604 2036 cultu
621 2008 717 2046 eduis,
741 2019 776 2039 ne
792 2020 919 2049 unquam

190 2050 224 2080 de
238 2051 352 2081 illorum
366 2055 602 2085 contraventione
620 2056 744 2087 dubitari
760 2059 918 2098 contingat,

192 2103 221 2128 et
243 2099 406 2139 adimpletis
427 2101 491 2131 aliis
514 2102 599 2132 latius
615 2104 800 2143 iniungendis
822 2113 851 2138 et
873 2118 921 2138 ex-

190 2146 351 2185 primendis
374 2148 403 2178 in
425 2148 532 2179 litteris
553 2152 750 2191 expedientliS‚
770 2155 921 2195 eidemque

191 2196 433 2226 reverendissimo
455 2198 671 2239 archiepiscopo
693 2201 860 2240 dirigendis.
883 2222 923 2227 —

191 2242 240 2272 Die
265 2252 330 2274 xxvr
352 2245 468 2283 augusti
489 2255 645 2277 iuoccxxiv.
661 2266 672 2270 -
694 2249 725 2278 F.
749 2251 827 2281 card.
850 2253 922 2282 Plut-

189 2299 303 2329 Lt'TtUS‚
328 2293 501 2330 praefectus
525 2312 537 2316 -
560 2295 593 2325 N.
613 2295 648 2325 M.
665 2296 809 2328 Tsnssscm
830 2300 924 2330 archi-

188 2340 342 2379 episcopus
364 2341 530 2380 Apamenus
553 2344 582 2373 S.
600 2344 634 2374 R.
653 2345 685 2374 O.
710 2348 893 2378 secretarius.

230 2415 245 2459 ξ
263 2415 293 2447 Q,
313 2415 388 2449 Cum
407 2423 524 2459 autem,
547 2420 629 2452 sicut
645 2431 703 2463 pro
729 2428 819 2465 parte
845 2423 922 2457 dicti

186 2467 304 2510 prioris
329 2471 493 2510 generalis
517 2472 611 2505 nobis
636 2474 772 2508 subinde
798 2478 923 2519 exposi-

223 2544 232 2569 1
256 2542 355 2571 Forsan
382 2549 534 2581 asportans
563 2556 610 2583 pro
639 2553 800 2584 asportasse
829 2551 921 2588 legen-

185 2586 251 2614 dum
269 2588 307 2623 (n.
324 2589 371 2624 T.).

960 266 1023 294 tum
1051 263 1117 301 suit,
1136 263 1205 306 ipse
1224 263 1391 297 decretum
1414 264 1613 303 liuiusmodi,
1638 275 1698 308 pro

960 314 1092 347 firmiori
1130 315 1216 348 illius
1241 317 1469 357 subsistentia,
1498 317 1698 360 apostolicae

959 366 1215 400 confirmationis
1241 373 1373 401 nostrae
1399 370 1520 403 robore
1555 380 1700 403 commu-

959 418 1020 450 niri
1047 430 1255 463 summopere
1280 421 1468 455 desideret:
1496 433 1567 462 nos,
1593 422 1698 466 ipsum

959 471 1101 513 priorem
1124 475 1311 515 generalem
1328 475 1481 517 specialis
1502 476 1612 509 favore
1631 486 1702 519 gra-

962 523 1023 556 tiae
1049 525 1202 568 prosequi
1229 527 1394 565 volentes,
1422 533 1453 559 et
1484 539 1500 560 a
1534 529 1701 571 quibusvis

960 578 1318 618 excommunicationis,
1341 580 1564 622 suspensionis
1593 587 1624 613 et
1655 581 1704 613 in-

962 628 1110 669 terdicti,
1141 629 1280 673 aliisque
1310 632 1540 665 ecclesiasticis
1565 638 1701 666 senten-

962 682 1032 721 tiis,
1060 684 1207 717 censuris
1235 690 1267 717 ct
1297 686 1426 728 poenis,
1456 697 1473 718 a
1498 686 1567 719 iure
1596 688 1646 720 vel
1665 687 1704 720 ab

962 735 1104 775 homine,
1120 737 1231 779 quavis
1249 738 1419 771 occasione
1437 739 1487 771 vel
1512 741 1607 772 causa
1620 740 1704 779 latis,

960 788 984 820 si
1000 789 1116 832 quibus
1130 791 1380 833 quomodolibet
1395 792 1571 826 innodatus
1589 793 1704 834 existit,

960 841 997 874 ad
1022 841 1170 875 ellectum
1192 845 1412 886 praesentium
1439 845 1608 879 dumtaxat
1629 856 1706 879 con-

960 896 1182 938 sequendum,
1204 897 1320 930 harum
1341 898 1426 931 serie
1450 899 1658 932 absolventes
1675 905 1707 932 et

960 948 1143 981 absolutum
1165 950 1233 983 sore
1251 956 1422 984 censentes
1435 978 1442 991 ,
1459 952 1705 995 supplicationi-

961 1001 1019 1033 bus
1037 1001 1106 1034 eius
1130 1003 1259 1035 nomine
1280 1004 1374 1036 nobis
1395 1015 1494 1047 super
1514 1005 1578 1038 hoc
1598 1005 1706 1038 humi-

962 1053 1035 1086 liter
1055 1055 1215 1097 porrectis
1240 1055 1398 1096 inclinati,
1424 1057 1592 1090 decretum
1610 1067 1705 1101 prae-

962 1106 1132 1147 insertum,
1161 1109 1353 1142 auctoritate
1378 1111 1565 1153 apostolica,
1588 1116 1704 1144 tenore

962 1160 1183 1201 praesentium
1203 1188 1210 1201 ‚
1238 1162 1454 1204 approbamus
1483 1168 1514 1196 et
1533 1163 1705 1196 confirma-

963 1223 1044 1252 mus,
1072 1213 1187 1257 illique
1212 1214 1409 1248 inviolabilis
1432 1217 1632 1259 apostolicae
1652 1216 1705 1250 fir-

962 1266 1083 1299 mitatis
1116 1267 1216 1299 robur
1250 1267 1442 1302 adiicimus:

962 1329 1091 1362 semper
1122 1320 1155 1352 in
1187 1321 1375 1363 praemissis
1400 1322 1594 1357 auctoritate
1623 1323 1705 1357 Con-

963 1372 1161 1414 gregationis
1187 1379 1386 1407 memoratae
1411 1375 1639 1409 cardinalium.

1006 1426 1021 1468 g
1040 1424 1071 1457 3.
1090 1425 1327 1466 Decernentes,
1344 1427 1429 1470 ipsas
1446 1434 1636 1471 praesentes
1654 1430 1705 1462 lit-

962 1483 1047 1511 teras
1079 1478 1212 1519 tirmas,
1243 1480 1366 1513 validas
1403 1486 1436 1513 et
1467 1481 1615 1515 efficaces
1643 1483 1707 1516 exi-

961 1535 1046 1564 stere
1075 1537 1107 1564 et
1133 1532 1211 1572 sore,
1238 1542 1380 1576 suosque
1406 1534 1576 1577 plenarios
1601 1540 1634 1568 et
1658 1536 1706 1569 in-

961 1589 1069 1627 tegros
1101 1585 1233 1619 etl'ectus
1265 1587 1377 1620 sortiri
1409 1593 1441 1620 et
1470 1588 1645 1630 obtinere,
1671 1600 1706 1622 ac

962 1637 1025 1669 illis
1047 1665 1054 1677 ‚
1082 1639 1121 1671 ad
1148 1649 1230 1682 quos
1257 1645 1386 1683 spectat
1416 1646 1448 1673 et
1471 1652 1531 1684 pro
1558 1647 1706 1686 tempore

961 1691 1149 1733 spectabit,
1175 1693 1364 1734 plenissime
1391 1694 1560 1737 suffragari
1577 1722 1584 1735 ,
1609 1701 1640 1729 et
1665 1697 1704 1729 ab

962 1743 1007 1776 eis
1033 1744 1214 1787 respective
1247 1745 1484 1780 inviolabiliter
1518 1748 1703 1790 observari,

962 1797 1073 1840 sicque
1100 1798 1132 1830 in
1159 1799 1347 1841 praemissis
1385 1811 1444 1843 per
1481 1812 1705 1847 quoscumque

962 1849 1083 1882 iudices
1108 1851 1291 1885 ordinarios
1321 1858 1353 1886 et
1385 1853 1573 1896 delegatos,
1609 1856 1706 1890 etiam

962 1912 1130 1935 causarum
1166 1905 1279 1946 palatii
1310 1907 1479 1948 apostolici
1506 1908 1674 1942 auditores
1696 1936 1704 1949 ,

962 1954 1097 1987 iudicari
1130 1961 1161 1988 et
1186 1956 1312 1990 deliniri
1345 1958 1485 1999 debere,
1518 1971 1554 1993 ac
1578 1961 1706 1994 irritum

963 2012 995 2040 et
1017 2008 1112 2041 inane
1132 2009 1156 2042 si
1176 2020 1272 2043 secus
1297 2021 1396 2054 super
1414 2013 1464 2045 liis
1488 2024 1504 2046 a
1529 2024 1704 2056 quoquam,
1718 2020 1903 2073 aoffss'ss'iiffim‘um

963 2061 1073 2103 quavis
1095 2064 1298 2104 auctoritate,
1317 2065 1459 2098 scienter
1483 2068 1532 2100 vel
1554 2067 1707 2110 ignoran-

964 2119 1036 2154 ter,
1063 2116 1238 2158 contigerit
1262 2118 1427 2151 attentari.

1007 2166 1021 2208 ἓ
1046 2166 1076 2198 4.
1104 2167 1171 2199 Non
1191 2169 1397 2202 obstantibus
1419 2171 1707 2206 constitutionibus

964 2223 995 2251 et
1021 2220 1283 2254 ordinationibus
1298 2224 1501 2265 apostolicis,
1522 2226 1705 2270 ceterisque

964 2273 1137 2306 contrariis
1164 2274 1437 2319 quibuscumque.

1007 2324 1121 2358 Datum
1143 2326 1280 2365 Romae,
1311 2329 1398 2371 apud
1424 2329 1457 2362 S.
1484 2331 1617 2366 Mariam
1646 2333 1709 2366 Ma==

966 2376 1080 2417 iorem,
1108 2378 1167 2410 sub
1192 2381 1318 2413 annulo
1336 2381 1524 2424 Piscatoris‚
1551 2385 1604 2418 die
1630 2396 1706 2420 xviu

965 2431 1161 2472 septembris
1187 2442 1357 2476 ninccxxw,
1373 2435 1583 2478 pontificatus
1601 2440 1708 2471 nostri

965 2491 1051 2514 anno
1078 2493 1099 2516 L

1001 2544 1062 2571 [tat.
1081 2545 1125 2574 die
1144 2548 1174 2575 18
1190 2549 1358 2584 septembris
1377 2551 1462 2587 1724,
1479 2553 1578 2588 pontit.
1597 2561 1669 2582 anno
1688 2560 1706 2581 t.

1619 207 1661 241 99
1708 217 1758 245 An.
1779 217 1809 245 c.
1827 218 1895 246 im

1483 1270 1570 1303 salva
1595 1275 1703 1303 tamen
1742 1281 1863 1306 clamatae,
