2170 3147
204 230 297 257 An.c.
325 230 390 257 ¹7:³9
437 220 501 254 8102

250 1089 346 1115 Denique
365 1089 384 1109 in

200 1116 295 1141 capituto
323 1122 385 1139 aena-

200 1143 239 1163 rati
269 1144 289 1162 in
317 1142 384 1162 Bono-

200 1170 266 1190 niensi
283 1171 343 1188 iustis
359 1169 384 1189 de

199 1196 271 1215 cau-is
285 1201 383 1221 suppum-

200 1228 223 1242 εὖ
247 1223 285 1242 suit
307 1225 327 1242 et
348 1222 385 1242 de-

200 1251 280 1268 rretnm
298 1248 338 1268 liae
351 1255 384 1268 su-

215 1282 237 1294 ci·
256 1281 277 1296 re
300 1281 385 1296 emana-

202 1305 251 1323 tum.

398 280 528 322 vigebat
559 279 720 322 regularis
754 277 962 311 observantia
992 286 1028 309 ac
1053 275 1146 308 disei-

399 332 498 375 plina,
520 333 551 364 iu
577 342 635 365 suo
661 336 746 363 statu
774 335 806 364 et
830 329 1009 374 privilegiis
1036 334 1145 362 aucto-

400 386 494 418 ritate
520 383 696 429 apostolica
714 384 918 417 confirmavit
943 388 974 416 et
999 387 1146 415 manute-

399 440 468 472 neri
488 439 664 478 mandavit,
683 438 850 481 voluitque
876 437 1030 471 vicarium
1053 446 1146 479 prae-

400 493 483 525 fatae
509 493 781 535 Congregationis
815 502 926 525 vocem
966 491 1087 524 babere
1112 490 1143 522 in

399 546 548 589 capitulis
573 545 827 589 provincialibus
846 545 989 578 ciusdem
1016 545 1145 588 provin-

399 600 466 632 ciae
494 600 650 642 deinceps
675 599 895 638 celebrandis,
920 604 1018 641 prout
1044 598 1146 630 babe-

398 653 454 685 bat
478 653 616 685 vicarius
638 652 770 685 alterius
789 649 1062 694 Congregationis
1080 650 1146 683 Bri-

398 706 564 747 tannicae;
593 711 623 739 et
648 706 737 746 alias,
764 711 861 749 prout
885 705 916 737 in
944 705 1046 747 ipsius
1073 705 1145 737 Ale-

398 759 510 792 xandri
541 759 807 802 praedecessoris
842 758 960 791 litteris
988 758 1019 790 in
1045 757 1143 790 simili

398 814 501 845 forma
529 812 638 845 Brevis
672 813 723 845 die
749 823 805 846 xxx
830 812 907 844 iunii
934 821 1061 846 MDCLXV
1090 811 1145 844 de-

397 876 498 909 super
522 866 696 910 expeditis,
717 877 855 909 quarum
883 870 1027 898 tenorem
1053 875 1145 908 prae-

397 920 542 953 sentibus
567 931 626 963 pro
659 921 756 963 plene
795 925 826 952 et
861 920 1059 952 sufficienter
1085 929 1145 952 ex-

396 984 510 1016 presso
533 984 569 1007 ac
595 975 635 1007 de
662 973 759 1007 verbo
786 974 824 1006 ad
853 973 987 1006 verbum
1021 973 1143 1006 inserto

397 1027 510 1060 baberi
537 1028 709 1067 volumus,
735 1026 868 1059 uberius
895 1027 1096 1059 continetur.

441 1080 455 1123 ἓ
480 1079 511 1113 3.
540 1080 672 1120 Verum,
695 1091 766 1112 cum
793 1079 824 1112 in
852 1090 977 1123 nupero
999 1079 1143 1122 capitulo

396 1133 543 1175 generali
581 1133 741 1177 praedicti
776 1133 906 1166 Ordinis
944 1133 977 1165 in
1013 1133 1142 1166 civitate

396 1189 508 1219 nostra
542 1187 739 1219 Bononiensi
774 1186 905 1227 habito,
933 1186 965 1219 in
999 1187 1060 1218 vim
1087 1197 1143 1219 seu

396 1239 623 1272 executionem
657 1240 869 1282 quarumdam
904 1243 1086 1272 nostrarum
1112 1238 1144 1271 in

395 1293 466 1337 pari
493 1294 596 1326 forma
622 1294 731 1327 Brevis
756 1294 958 1334 litterarum,
985 1303 1065 1336 quas
1092 1292 1143 1325 die

397 1356 453 1380 vni
471 1347 582 1390 aprilis
600 1357 750 1381 ainccxxv
768 1357 869 1391 super
886 1346 1046 1380 eiusmodi
1068 1357 1144 1379 con-

396 1400 640 1443 gregationibus
676 1401 919 1444 provinciarum
953 1399 1028 1433 dicti
1055 1399 1145 1432 Ordi-

395 1453 444 1486 nis
470 1454 500 1486 in
528 1453 714 1487 universum
748 1454 891 1497 acceptis
917 1454 956 1487 ad
982 1454 1067 1487 idem
1093 1464 1144 1486 ea-

396 1507 534 1549 pitulum
572 1508 726 1550 generale
764 1508 795 1540 in
833 1507 961 1541 civitate
997 1508 1144 1551 praefata

396 1567 629 1604 congregatum
644 1562 805 1601 dedimus,
825 1567 900 1605 post
918 1566 1075 1594 maturam
1096 1561 1142 1594 rei

397 1615 631 1650 discussionem
659 1622 815 1650 statutum
841 1623 937 1660 atque
956 1617 1142 1649 ordinatum

984 225 1168 251 BULLARIUM
1193 225 1351 251 ROMANUM

1189 276 1378 318 supradicta
1403 274 1619 318 Congregatio
1642 276 1841 319 Angelorum
1863 284 1934 309 con-

1189 330 1304 370 stabat,
1323 330 1364 362 ob
1383 329 1517 362 fratrum
1544 329 1728 372 penuriam,
1751 335 1932 373 temporum

1190 383 1365 422 iniuriam,
1393 393 1569 425 rerumque
1596 382 1872 423 vicissitudinem,
1898 393 1934 415 ac

1190 436 1346 479 inopiam,
1364 435 1509 478 aliasque
1532 435 1740 474 calamitates,
1760 446 1776 468 a
1794 435 1934 478 primae-

1190 491 1227 522 va
1246 490 1387 532 regulari
1404 489 1608 522 observantia
1624 488 1796 528 defecisse,
1817 499 1878 522 nec
1900 488 1935 521 il-

1191 544 1228 576 lis
1248 548 1422 586 suppetere
1441 543 1527 576 unde
1546 553 1679 576 suorum
1704 542 1933 585 religiosorum

1190 598 1439 631 necessitatilnis
1466 597 1638 630 subvenire
1660 601 1808 639 possent,
1829 606 1864 629 ac
1888 596 1935 628 in-

1189 661 1288 694 super
1305 650 1342 683 ad
1360 650 1522 693 duplicem
1537 649 1820 689 contributionem,
1836 659 1932 682 unam

1190 704 1321 748 quidem
1352 703 1454 747 priori
1490 714 1530 746 pr
1552 703 1680 736 vinciali
1719 702 1823 736 dietae
1858 713 1934 746 pro-

1190 757 1336 797 vinciae,
1364 757 1498 789 alteram
1524 766 1600 789 vero
1626 756 1769 789 eiusdem
1792 755 1934 798 Congre—

1189 810 1327 853 gationis
1353 809 1473 842 vicario
1499 820 1556 853 pro
1582 810 1680 842 rebus
1699 809 1736 842 ad
1756 809 1844 842 illam
1862 819 1936 852 spe-

1189 864 1350 896 ctantibus
1377 864 1569 903 faciendam,
1597 863 1699 897 teneri
1723 868 1753 896 et
1774 863 1934 906 obligatos

1189 917 1346 950 existere:
1374 917 1482 951 dilecti
1510 916 1566 950 filii
1592 917 1774 950 Ludovieus
1799 916 1933 949 Manche

1189 971 1324 1004 vicarius
1352 972 1468 1004 ultimo
1496 972 1640 1011 electus,
1668 976 1699 1004 et
1734 970 1934 1015 Hyacinthus

1189 1025 1411 1058 Dantreeliauz
1438 1024 1618 1058 exricarius
1636 1052 1643 1065 ‚
1666 1024 1787 1067 aliique
1813 1023 1934 1057 alumni

1189 1078 1291 1112 dictae
1310 1077 1592 1121 Congregationis,
1607 1083 1776 1111 enarratae
1801 1077 1933 1110 ordina—

1191 1132 1268 1165 tioni
1296 1132 1425 1174 capituli
1455 1131 1616 1175 generalis
1642 1131 1865 1171 inhaerentes,
1894 1131 1934 1164 ab

1188 1185 1302 1218 eodem
1329 1185 1452 1217 Tboma
1477 1185 1632 1227 magistro
1659 1184 1805 1227 generali
1831 1183 1934 1227 petie-

1189 1243 1264 1271 runt
1281 1244 1377 1281 atque
1405 1239 1614 1271 obtinuerunt
1631 1238 1832 1282 praedictam
1851 1237 1934 1270 Con-

1188 1292 1410 1334 gregationcm
1437 1293 1638 1334 Angelorum
1658 1291 1789 1324 dissolvi
1808 1296 1839 1324 et
1858 1301 1934 1334 sup-

1188 1345 1309 1388 primi,
1334 1345 1487 1389 illiusque
1525 1351 1702 1378 conventus
1733 1349 1933 1378 memoratae

1188 1399 1374 1442 provinciae
1401 1399 1527 1432 restitui
1554 1410 1591 1431 ac
1616 1398 1757 1439 reuniri;
1785 1403 1816 1431 et
1841 1397 1932 1437 alias,

1187 1458 1289 1496 prout
1314 1453 1501 1486 continetur
1526 1453 1558 1485 in
1578 1453 1712 1486 decreto
1730 1451 1831 1495 ipsius
1848 1451 1934 1484 Tho-

1189 1517 1259 1540 mae
1285 1507 1431 1549 magistri
1458 1507 1621 1549 generalis
1648 1508 1684 1540 ea
1709 1516 1809 1549 super
1829 1515 1863 1538 re
1881 1505 1933 1538 die

1187 1571 1204 1593 v
1231 1560 1308 1593 iunii
1330 1570 1518 1595 Moccxxvtu
1538 1561 1636 1601 edito,
1655 1560 1779 1593 tenoris
1801 1559 1855 1604 qui
1882 1569 1932 1592 se-

1187 1615 1312 1658 quitur,
1339 1615 1509 1648 videlicet:

1944 226 1996 254 An.
2011 227 2039 255 C.
2060 227 2124 257 17²9

2015 1678 2121 1700 Decretum

397 1670 525 1711 suisset,
562 1677 726 1714 tamquam
753 1671 959 1704 conducibile
986 1671 1023 1704 ad
1051 1681 1143 1713 regu-

396 1724 473 1756 laris
498 1724 691 1768 disciplinae
729 1725 1024 1762 instaurationem,
1052 1734 1144 1767 quas-

397 1788 536 1821 cumque
563 1778 835 1821 congregationes
872 1778 911 1810 ab
944 1778 1005 1810 hac
1029 1777 1143 1810 Sancta

396 1831 478 1864 Sede
505 1842 569 1865 non
596 1837 720 1864 erectas
746 1842 806 1864 nee
831 1831 1055 1871 confirmatas,
1086 1830 1141 1863 sed

1225 1669 1278 1699 Nos
1295 1671 1384 1708 frater
1405 1669 1519 1698 Thomas
1538 1668 1644 1708 Ripotl,
1668 1678 1761 1699 sacrae
1783 1668 1932 1707 theologiae

1185 1718 1335 1755 professor,
1347 1717 1428 1746 lolius
1439 1716 1552 1745 Ordinis
1567 1718 1688 1755 fratrum
1704 1715 1931 1745 praedicatorum
1942 1707 2122 1759 ΒᾞΜὲῖξξὲῗρξὲἶ

1186 1764 1315 1801 mayfsler
1335 1762 1473 1801 generalis
1494 1768 1519 1792 et
1541 1772 1644 1792 servus.
1662 1762 1724 1797 Quo
1746 1762 1873 1802 primum
1897 1761 2015 1807 adfflffffi,
2042 1759 2122 1796 “Tus“

1952 1800 1957 1807 ‹
1992 1802 1996 1806 r
2019 1791 2122 1813 ppiessm-

1187 1821 1356 1852 supremum
1391 1812 1508 1842 Ordinis
1538 1812 1684 1850 regimen,
1717 1811 1829 1841 meritis
1864 1811 2122 1861 licetffiunfftmffim·

396 1885 466 1917 sola
491 1885 642 1917 facultate
670 1885 836 1918 ordinaria
861 1884 1030 1927 religionis
1051 1883 1142 1916 insti-

399 1944 491 1978 tutas,
518 1949 624 1982 neque
644 1949 661 1971 a
678 1939 745 1971 suis
766 1938 943 1982 provinciis
961 1938 1142 1982 respective

396 1992 580 2033 seiunctas,
608 1993 878 2036 i‘piotiescumque
912 2003 975 2025 non
1002 1992 1143 2026 eustodi-

395 2052 470 2080 rent
496 2052 636 2080 veterem
661 2047 900 2080 observantiam
924 2057 1035 2079 eorum
1061 2056 1142 2090 quae

395 2101 427 2133 in
446 2102 616 2145 primaevo
643 2101 818 2135 erectionis
839 2102 963 2135 l'ervore
982 2100 1143 2144 praescri-

395 2159 450 2196 pta
477 2155 578 2196 suere,
610 2155 675 2188 suis
702 2155 877 2198 provinciis
903 2155 1036 2188 omnino
1062 2165 1142 2187 reu-

396 2208 532 2242 niendas
558 2219 647 2250 esse,
666 2210 747 2241 saeta
765 2214 926 2252 potestate
942 2219 1001 2252 per
1022 2209 1141 2241 dictum

397 2262 571 2305 capitulum
590 2264 744 2305 generale
767 2263 887 2296 dilecto
914 2263 980 2295 silio
999 2262 1141 2295 Tliomae

396 2315 504 2358 Ripolt
530 2316 689 2349 moderno
723 2316 880 2359 magistro
914 2316 1058 2359 generali
1085 2316 1142 2349 Or-

397 2368 480 2400 dinis
505 2369 663 2411 praesati,
692 2369 803 2402 habita
829 2370 868 2402 de
894 2369 1032 2412 singulis
1058 2369 1140 2402 Con-

397 2422 641 2463 gregationibus
669 2423 856 2455 huiusmodi
878 2423 1028 2465 pleniore
1047 2422 1142 2455 ratio-

396 2483 448 2513 ne,
472 2485 524 2507 eas
542 2476 766 2518 supprimendi
793 2481 824 2508 et
849 2475 1021 2509 reuniendi
1043 2476 1141 2518 origi-

395 2527 524 2560 nalibus
550 2528 734 2571 provinciis,
755 2540 835 2573 quas
861 2540 877 2562 a
903 2540 963 2563 suo
984 2530 1138 2564 laudabili

395 2578 459 2612 sine
485 2580 646 2614 decidisse
664 2583 858 2625 reperisset;
877 2589 974 2627 atque
993 2593 1140 2626 comper-

395 2639 463 2669 tum
487 2634 610 2675 suisset,
637 2635 781 2679 quinque
807 2642 995 2679 conventus,
1021 2637 1138 2681 quibus

1186 1861 1360 1901 imparibus,
1385 1861 1476 1891 evecti
1501 1861 1621 1898 fuimus,
1638 1860 1673 1890 ab
1691 1860 1827 1891 omnibus
1843 1861 1933 1890 totius

1186 1910 1308 1949 capituli
1345 1910 1490 1947 generalis
1525 1910 1672 1940 Bononiae
1706 1909 1847 1939 celebrati
1881 1918 1931 1948 pa-

1187 1959 1280 1989 tribus
1303 1959 1472 1998 specialiter
1496 1959 1580 1989 nebis
1603 1959 1792 1989 commissum
1815 1962 1877 1997 est,
1901 1962 1933 1988 ut

1185 2009 1419 2039 allaborarenius
1453 2009 1487 2038 ad
1524 2009 1696 2039 reunionem
1734 2012 1932 2039 conventuum

1185 2068 1252 2088 cum
1276 2059 1447 2098 provinciis,
1471 2068 1485 2088 e
1509 2068 1632 2098 quarum
1656 2059 1722 2088 sinu
1745 2057 1930 2097 prodierunt,

1186 2107 1235 2137 ubi
1258 2112 1337 2137 certo
1359 2111 1493 2137 constare
1517 2107 1624 2147 peterit
1652 2107 1894 2146 congregationes
1917 2116 1932 2136 e

1186 2157 1287 2187 talium
1306 2161 1503 2187 conventuum
1528 2157 1640 2186 selectu
1656 2157 1793 2186 formatas
1816 2166 1850 2186 ex
1873 2155 1933 2195 pri-

1186 2213 1289 2234 maevo
1322 2203 1480 2233 erectionis
1509 2212 1579 2232 suae
1612 2203 1725 2232 fervore
1757 2202 1930 2239 decessisse,

1185 2262 1372 2293 quorumque
1396 2253 1513 2282 tandem
1537 2256 1642 2282 eventu
1667 2252 1710 2282 vel
1734 2261 1803 2282 casu
1826 2250 1934 2281 labefa-

1185 2307 1259 2332 ctata
1281 2302 1436 2342 disciplina
1457 2302 1622 2341 proveniat.
1652 2300 1721 2332 Cum
1751 2301 1851 2340 itaque
1874 2309 1932 2331 non

1185 2353 1247 2382 sine
1284 2361 1417 2383 moerore
1449 2351 1641 2382 didicerimus
1670 2350 1931 2390 Congregationem

1185 2406 1316 2431 nostram
1340 2401 1517 2439 Angelorum
1534 2401 1563 2430 in
1581 2400 1732 2440 provincia
1750 2400 1852 2437 nostre.
1868 2398 1933 2429 Gal-

1184 2450 1382 2490 loprovinciae
1406 2454 1532 2480 erectam
1563 2454 1594 2479 ut
1624 2448 1664 2479 ibi
1694 2448 1872 2479 adamussim
1895 2447 1932 2478 ad

1184 2499 1311 2538 rigorem
1343 2498 1499 2528 exactioris
1533 2497 1735 2528 observantiae
1769 2497 1930 2535 viveretur,

1183 2549 1279 2576 tamen
1304 2545 1339 2575 ob
1364 2545 1460 2575 varias
1483 2545 1607 2575 iniurias
1638 2549 1804 2583 temporum
1833 2543 1928 2574 diver·

1183 2602 1288 2632 sasque
1317 2592 1498 2622 calamitates
1528 2592 1567 2622 ita
1596 2601 1611 2621 a
1640 2591 1828 2632 praescriptis
1850 2599 1931 2621 seve-

1182 2639 1311 2671 rioribus
1342 2640 1460 2672 statutis
1489 2639 1664 2679 excessisse,
1689 2643 1717 2670 et
1739 2648 1816 2670 unus
1838 2638 1930 2670 idem-
