2170 3147
236 196 287 221 An.
305 196 332 221 C.
359 194 424 223 ¹726

249 257 361 277 clausulae
374 263 420 277 rum

236 287 371 303 executurum
384 285 420 303 dr·

236 313 352 334 vulatione.

310 1526 424 1549 nemauo

238 1554 400 1574 contrariorum.

471 186 534 219 3⁹2⁹]

475 245 490 288 ἓ
515 245 545 276 5.
570 245 779 277 Decerniinus
806 255 955 288 quoque,
983 250 1175 288 praesentes

433 298 471 329 de
490 297 712 339 subreptionis
731 298 778 329 vel
798 297 1002 340 obreptionis
1020 297 1108 337 vitio,
1123 304 1177 330 aut

432 349 622 381 intentionis
649 355 780 382 nostrae
807 350 855 382 vel
883 350 996 392 quovis
1028 350 1093 383 alio
1123 351 1177 383 de-

432 401 515 434 fectu
535 401 639 434 notari
658 412 713 434 seu
732 402 931 445 impugnari,
952 408 1007 435 aut
1023 414 1176 447 quacum-

431 466 494 498 que
532 455 675 493 rat10ne,
705 461 866 499 tamquam
904 457 1038 490 sortasse
1065 464 1177 491 contra

432 508 509 541 alias
546 509 742 552 apostolicas
775 510 1015 554 canonicasque
1041 511 1177 544 sanctio·

432 573 488 595 nes
517 562 709 605 iampridem
736 573 794 595 usu
822 569 968 606 receptas
994 564 1151 597 facientes
1168 591 1175 605 ,

432 622 487 648 aut
512 616 624 659 quovis
651 616 713 649 alio
739 617 888 659 quaesito
915 618 1041 657 colore,
1069 617 1102 650 in
1129 617 1177 650 ius

434 676 463 702 ct
489 670 744 702 controversiain
764 671 883 711 vocari,
901 681 937 703 ac
955 670 993 703 ad
1021 671 1178 704 terminos

434 723 511 756 iuris
540 722 650 755 reduci
678 733 742 755 non
769 723 952 766 posse,sed
971 733 1102 767 semper
1127 735 1178 757 va-

434 777 532 818 lidas,
559 777 703 810 efficaces
731 787 766 809 ac
791 783 954 820 perpetuo
980 777 1176 818 duraturas,

433 831 545 874 sicque
573 830 602 862 in
623 830 814 873 praemissis
839 830 1000 863 universis
1022 836 1053 863 et
1071 830 1179 874 singu-

433 884 472 916 lis
497 894 556 927 per
581 894 805 926 quoscumque
839 883 965 916 iudices
997 884 1179 918 ordinarios

433 942 464 970 et
505 937 696 979 delegatos,
725 947 760 969 ac
786 936 818 969 S.
847 936 883 969 R.
910 936 945 969 E.
981 937 1177 978 cardinales,

433 989 529 1022 etiam
557 989 596 1021 de
623 990 723 1022 latere
751 990 895 1032 legatos,
924 989 1123 1032 vicelegatos
1149 996 1180 1023 et

432 1042 525 1075 Sedis
544 1042 750 1085 Apostolieae
777 1042 934 1083 nuncios,
957 1053 991 1075 ac
1010 1053 1180 1076 causarum

432 1095 546 1139 palatii
576 1095 746 1138 apostolici
778 1095 953 1135 auditores,
980 1096 1106 1129 sublata
1135 1096 1180 1129 eis

434 1154 465 1182 et
490 1159 602 1181 eorum
621 1148 753 1181 cuilibet
774 1149 885 1192 quavis
904 1148 999 1182 aliter
1015 1149 1179 1182 iudicandi

434 1207 465 1234 et
489 1201 727 1244 interpretandi
756 1206 786 1234 et
816 1201 993 1235 deliniendi
1027 1202 1181 1236 facultate

434 1260 466 1288 et
495 1255 709 1294 auctoritate,
736 1254 889 1294 iudicari,
917 1255 1124 1298 interpretari
1150 1262 1181 1289 et

434 1307 559 1341 deliniri
580 1308 714 1348 debere,
742 1319 871 1341 necnon
889 1308 1018 1342 irritum
1036 1315 1067 1342 et
1084 1310 1181 1343 inane

434 1361 459 1394 si
485 1372 579 1394 secus
606 1372 703 1405 super
730 1362 781 1394 liis
813 1372 829 1394 a
859 1373 1042 1406 quoquam,
1069 1363 1181 1406 quavis

434 1414 642 1454 auctoritate,
659 1414 799 1447 scienter
824 1416 872 1448 vel
899 1416 1097 1458 ignoranter,
1109 1426 1182 1449 con-

436 1468 548 1511 tigerit
573 1468 738 1500 attentari.

480 1522 494 1565 ἓ
526 1522 557 1554 6.
597 1521 756 1562 Quocirca
794 1522 985 1555 mandamus
1021 1523 1181 1556 universis

435 1577 582 1609 locorum
607 1574 799 1615 Ordinariis,
828 1580 872 1616 ut,
898 1576 1040 1618 quando,
1065 1576 1120 1609 ubi
1151 1582 1183 1610 et

436 1629 563 1672 quoties
590 1639 671 1672 opus
698 1629 807 1667 suerit,
834 1630 964 1662 easdem
990 1635 1180 1673 praesentes

434 1682 626 1715 solemniter
650 1682 868 1725 publicantes,
897 1682 942 1715 eis
969 1682 1001 1714 in
1027 1682 1182 1726 praemiS-

435 1736 478 1768 sis
504 1736 643 1769 efficacis
669 1735 868 1768 defensionis
900 1735 1066 1778 praesidio
1100 1737 1182 1769 assi-

433 1794 536 1822 stant:
564 1799 630 1822 non
656 1788 860 1821 obstantibus
889 1788 1181 1821 constitutionibus

433 1849 465 1876 et
481 1843 749 1876 ordinationibus
772 1843 974 1886 apostolicis,
991 1853 1026 1875 ac
1052 1843 1083 1875 in
1104 1853 1182 1876 con-

434 1896 516 1929 ciliis
548 1897 643 1929 etiam
678 1896 885 1939 generalibus
917 1896 1011 1928 editis
1045 1896 1180 1939 quibus—

434 1960 599 1992 cumque·‚
627 1959 754 1982 necnon
780 1947 976 1981 Ordinibus¹
1004 1948 1179 1989 eiusmodi,

436 2003 534 2035 ctiam
562 2002 755 2041 iuramento,
777 2000 1026 2035 confirmatione
1053 2007 1181 2045 aposto-

435 2056 506 2094 lica,
531 2056 580 2088 vel
607 2055 718 2098 quavis
744 2052 805 2087 alifi
830 2054 980 2087 firmitate
1007 2054 1181 2093 roboratis,

434 2107 616 2151 privilegiis
643 2118 773 2150 quoque
794 2135 801 2147 ,
831 2107 966 2140 indultis
993 2113 1024 2140 et
1062 2107 1181 2140 litteris

435 2161 632 2204 apostolicis,
649 2161 771 2193 eisdem
786 2160 969 2200 Ordinibus,
985 2160 1181 2204 illorumque

434 2214 658 2256 superioribus
690 2218 722 2246 et
754 2213 908 2246 fratribus
934 2214 1182 2257 quomodolibet

436 2267 531 2299 etiarn
559 2267 681 2310 pluries
708 2268 874 2299 concessis
907 2272 939 2299 et
970 2267 1179 2310 approbatis,

435 2320 553 2362 quibus
578 2320 729 2352 omnibus
749 2326 778 2352 et
800 2319 948 2362 singulis,
974 2320 1101 2352 etiamsi
1123 2330 1181 2363 pro

435 2371 607 2404 sufficienti
635 2372 764 2404 illorum
799 2372 1013 2414 derogatione
1043 2373 1081 2405 de
1118 2372 1181 2406 illis

435 2434 612 2467 eorumque
639 2425 713 2456 totis
743 2425 912 2458 tenoribus
930 2426 1095 2469 specialis,
1111 2437 1181 2469 spe-

436 2476 536 2515 cifica,
553 2488 707 2519 expressa
725 2484 755 2510 et
774 2479 951 2515 individua.
970 2490 1006 2511 ac
1024 2479 1063 2512 de
1082 2480 1181 2512 verbo

435 2530 472 2561 ad
493 2530 635 2562 verbum.
655 2540 718 2561 non
741 2536 846 2563 autem
866 2542 924 2573 per
949 2532 1108 2565 clausulas
1127 2542 1181 2574 ge-

473 2593 482 2618 1
508 2591 601 2625 Aptius
624 2591 681 2626 lege
704 2592 849 2619 Oult'mtm
856 2613 908 2619 .....
931 2593 1047 2621 statutis
1068 2593 1105 2628 (R.
1127 2593 1178 2625 T.)-

1036 197 1085 220 ΒΗ
1098 197 1215 220 LAnttM
1241 198 1395 222 ROMANL‘M

1219 246 1347 279 nerales
1380 247 1467 281 idem
1500 248 1733 293 iinportantes,
1762 250 1882 285 mentio
1908 261 1963 284 seu

1220 300 1352 342 quaevis
1377 300 1440 334 alia
1464 302 1631 344 expressio
1652 303 1814 342 habenda,
1836 310 1890 337 aut
1907 304 1964 338 ali-

1220 362 1284 394 qua
1300 353 1363 386 alia
1381 354 1542 397 exquisita
1557 355 1660 388 forma
1674 355 1711 388 ad
1729 356 1792 388 hoc
1807 357 1966 390 servanda

1221 405 1313 446 soret,
1335 411 1467 440 tenores
1489 407 1690 448 huiusmodi,
1708 420 1744 441 ac
1763 409 1787 441 si
1807 409 1845 442 de
1865 410 1964 444 verbo

1221 458 1259 490 ad
1293 460 1426 492 verbum
1461 459 1702 501 insererentur,
1736 462 1966 504 praesentibus

1221 518 1280 551 pro
1302 511 1465 553 expressis
1491 511 1660 550 habentes,
1675 511 1739 544 illis
1758 511 1837 544 alias
1857 511 1888 544 in
1907 522 1965 546 suo

1222 560 1337 594 robore
1364 563 1595 605 permansuris,
1612 563 1673 596 bac
1694 563 1760 597 vice
1786 564 1963 605 dumtaxat,

1221 613 1408 658 specialiter
1433 621 1465 648 et
1490 626 1642 658 expresse
1668 616 1884 659 derogamus;
1912 628 1966 651 ce-

1223 666 1366 710 terisque
1393 667 1566 700 contrariis
1593 668 1864 713 quibuscumque.

1266 720 1280 763 §
1306 720 1336 752 7.
1376 719 1460 753 Nulli
1502 731 1579 764 ergo
1620 722 1754 755 omnino
1794 723 1965 759 hominum

1223 772 1319 806 liceat
1343 773 1427 806 hanc
1452 774 1603 817 paginam
1629 781 1761 809 nostrae
1778 778 1965 821 sanctionis,

1223 826 1468 871 prohibitionis,
1494 827 1628 868 decreti,
1648 829 1802 872 mandati,
1822 831 1967 865 volunta-

1225 880 1263 913 tis
1301 886 1331 914 et
1368 881 1593 924 derogationis
1630 881 1811 925 infringere
1826 911 1834 926 ‚
1856 886 1905 919 vel
1937 885 1967 919 ei

1223 945 1300 967 ausu
1327 935 1499 967 temerario
1524 935 1706 976 contraire,
1726 937 1750 969 si
1772 937 1841 980 quis
1859 944 1967 973 autem

1224 988 1287 1020 hoc
1305 993 1464 1021 attentare
1482 990 1749 1032 praesumpserit,
1771 990 1969 1033 indignatio-

1225 1051 1298 1073 nem
1313 1041 1548 1085 omnipotentis
1563 1042 1619 1074 Dei
1641 1053 1677 1075 ac
1695 1043 1866 1077 beatorum
1881 1045 1967 1078 Petri

1225 1099 1256 1126 et
1292 1094 1382 1127 Pauli
1419 1096 1645 1138 apostolorum
1685 1096 1755 1130 eius
1782 1107 1816 1130 se
1843 1098 1972 1132 noverit

1224 1147 1445 1180 incursurum.

1267 1200 1379 1233 Datum
1399 1201 1537 1242 Romae,
1559 1201 1643 1245 apud
1664 1201 1696 1236 S.
1715 1202 1865 1246 Petrum,
1883 1215 1969 1239 anno

1223 1252 1460 1287 Incarnationis
1478 1254 1660 1288 dominicae
1674 1265 1845 1299 nnccxxvl,
1861 1257 1969 1291 idibus

1225 1306 1400 1347 februarii,
1427 1306 1635 1350 pontificatus
1668 1309 1771 1342 nostri
1804 1320 1889 1343 anno
1915 1321 1950 1345 ιι.

1261 1367 1317 1395 Dat.
1340 1367 1382 1395 die
1404 1368 1436 1396 13
1456 1368 1588 1396 februarii
1609 1369 1695 1405 1726,
1716 1369 1810 1405 pontif.
1832 1378 1901 1399 anno
1922 1377 1953 1398 ιι.

1543 1512 1643 1545 CXlll.

1224 1590 1393 1624 Statuitur
1434 1597 1470 1624 ut
1504 1592 1648 1625 Minores
1687 1593 1724 1625 de
1760 1593 1971 1627 Obseruantia

1268 1655 1393 1687 semper
1417 1649 1446 1677 et
1470 1645 1592 1688 ubique
1619 1647 1845 1689 praecedentia
1876 1658 1970 1689 super

1270 1696 1474 1738 Reformatos
1497 1697 1640 1739 yaudere
1664 1697 1800 1730 debeant
1823 1697 1843 1730 ².

1402 1777 1586 1804 Benedictus
1612 1779 1791 1812 episcopus,

1420 1829 1528 1848 servus
1540 1829 1696 1849 servorum
1711 1823 1772 1854 Dei,

1342 1867 1379 1893 ad
1401 1869 1581 1900 perpetuam
1599 1867 1646 1893 rei
1666 1868 1851 1895 memoriam.

1270 1946 1441 1980 Pastoralis
1479 1946 1575 1979 officii
1612 1946 1706 1980 nobis
1744 1947 1898 1982 divinitus
1924 1948 1971 1982 in-

1226 2000 1326 2033 iuncti
1345 2000 1533 2033 sollicitudo
1553 2010 1612 2033 nos
1635 2001 1801 2041 admonet,
1819 2007 1853 2034 ut
1877 2002 1969 2035 omni

1226 2055 1303 2087 cura
1324 2065 1358 2086 ae
1377 2053 1483 2087 studio
1502 2054 1539 2086 ad
1559 2064 1596 2086 ea
1614 2053 1731 2096 iugiter
1747 2053 1968 2096 intendamus,

1226 2117 1284 2150 per
1308 2117 1390 2150 quae
1416 2106 1677 2139 christifidelium
1709 2107 1770 2140 sub
1803 2108 1889 2140 suavi
1922 2118 1970 2142 ar-

1226 2159 1335 2192 ctioris
1375 2159 1543 2202 religionis
1582 2159 1657 2202 iugo
1695 2160 1968 2204 mancipatorum,

1225 2212 1408 2256 uberesque
1428 2212 1586 2245 bonorum
1606 2223 1743 2255 operum
1765 2214 1897 2253 fruetus,
1914 2215 1971 2247 be-

1226 2265 1399 2298 nedicente
1425 2265 1578 2304 Domino,
1604 2265 1751 2308 proferre
1778 2265 1897 2309 iugiter
1921 2277 1970 2300 sa-

1227 2318 1416 2361 tagentium,
1444 2318 1543 2362 quieti
1578 2323 1609 2351 et
1644 2319 1868 2362 tranquillitati
1894 2331 1970 2354 con-

1226 2372 1355 2413 sulitur,
1374 2375 1415 2413 et,
1436 2383 1518 2415 quae
1542 2372 1730 2416 religiosum
1757 2383 1870 2406 eorum
1898 2384 1969 2416 pro-

1262 2461 1272 2486 1
1298 2459 1335 2486 De
1356 2459 1547 2495 praecedentia
1568 2460 1593 2486 in
1615 2459 1835 2494 processionibus
1856 2461 1969 2487 canoni-

1226 2513 1320 2530 corum
1342 2504 1509 2537 regularium
1531 2505 1753 2531 Lateranensium
1775 2504 1885 2530 Ordinis
1906 2512 1970 2531 san-

1224 2548 1258 2574 cti
1275 2548 1420 2581 Augustini
1435 2557 1518 2582 supra
1534 2556 1637 2581 omnes,
1656 2548 1715 2574 vide
1732 2548 1812 2574 liuius
1827 2548 1969 2575 Pontificis

1224 2592 1331 2619 constit.
1352 2592 1417 2619 edit.
1439 2598 1592 2624 unccxxvn,
1608 2591 1651 2618 die
1671 2591 1699 2618 2¹
1724 2591 1801 2624 iunii,
1818 2591 1914 2627 pontif.
1931 2598 1968 2620 iv.

1965 203 2014 231 An.
2037 204 2065 231 C.
2084 205 2151 234 ¹725

2003 738 2092 760 Sanctio
2110 745 2159 766 pue·

1977 766 2038 786 nalis.

2008 1955 2130 1979 Exordium.
