2170 3147
10 241 59 269 An.
75 241 105 269 C.
128 240 196 269 ¹728

39 1779 123 1800 Eseciia
135 1784 154 1804 μι
161 1783 195 1799 ae·

13 1808 64 1828 ἵνα.

794 241 988 266 BENEDICTUS
1015 242 1071 266 XIII
1095 242 1144 267 ΡΡ,

203 299 286 332 quae
311 298 423 322 semen
450 288 671 331 evangelicum
698 301 713 322 a
730 289 827 322 beato
845 289 939 323 Petro
959 292 962 335 ζ

203 342 422 385 apostolorum
448 341 597 384 principe
623 351 682 384 per
707 341 737 374 S.
761 342 938 382 Paulinum,
961 339 962 372 Τ

202 394 343 438 primum
368 394 455 427 illius
482 394 657 427 antistitem
685 399 759 426 tunc
785 394 822 426 ad
839 389 963 436 regio-³²

202 457 261 480 nes
287 447 358 480 illas
385 446 617 485 transmissum,
644 448 676 479 in
702 446 773 478 sinu
800 457 858 479 suo
878 447 963 495 ala-3

203 500 302 533 criter
326 505 541 543 prompteque
567 500 710 543 excepit,
738 510 773 533 ac
803 499 942 533 fideliter

204 557 253 586 tot
277 553 514 586 revolventibus
541 553 695 591 saecum,
721 552 941 585 benedicente
962 584 964 602 ,Ι

204 605 362 645 Domino,
394 606 623 648 conservavit)
657 605 809 648 illiusque
843 606 964 647 ecclc-J

205 657 253 691 sia
281 658 478 691 cathedralis
512 669 529 691 a
565 658 668 691 felicis
706 658 964 691 recordationis*

205 710 390 744 Alexandro
406 710 492 754 Papa
508 710 532 743 ll
550 711 803 754 praedecessore
820 716 918 743 nostr.

204 763 260 807 qui
296 769 370 796 ante
405 769 437 796 et
461 768 535 807 post
559 764 710 807 adeptam
736 765 941 807 Apostolicae

205 815 296 850 Sedis
311 816 501 859 dignitatem
519 817 577 848 suit
595 817 767 860 episeopus
785 817 941 856 Lucanus,
964 816 965 821 ’

205 868 464 911 magnificentius
490 875 657 909 extructa,
683 880 719 902 ac
745 869 779 902 B.
807 869 942 902 Martino

205 921 359 965 episcopo
370 921 551 955 Turonensi
567 923 814 955 consecratione
827 922 943 962 dicata,

204 975 422 1008 celeberrima
447 974 590 1008 crucifixi
617 975 757 1017 imagine
785 981 816 1008 et
843 975 944 1018 pluri-

204 1027 264 1060 bus
290 1032 476 1060 sanctorum
510 1028 707 1071 corporibus
745 1027 943 1070 insignibus-

205 1089 268 1123 que
293 1079 440 1123 reliquiis
467 1080 597 1123 copiose
624 1081 734 1119 ditata,
766 1073 964 1124 praeclaris

153 1144 155 1146 ·
205 1132 303 1165 etiam
329 1132 548 1166 Romanorum
581 1133 772 1167 Pontificum
810 1134 943 1177 praede-

204 1195 368 1218 cessorum
410 1191 598 1219 nostrorum
636 1193 667 1219 et
705 1187 941 1230 imperatorum

204 1237 382 1282 privilegiis
405 1240 620 1272 condecorata
639 1239 789 1280 extiterit,
809 1239 942 1282 eiusque

204 1291 339 1324 antistes
373 1292 452 1325 nulli
485 1302 628 1336 unquam
661 1292 941 1335 metropolitano,

205 1345 260 1377 sed
287 1350 408 1377 tantum
435 1345 540 1378 eidem
572 1345 645 1378 Sodi
684 1345 890 1388 Apostolicac
927 1356 943 1378 a

204 1397 369 1441 primaeva
395 1397 497 1441 ipsius
529 1398 688 1432 ecclesiae
719 1399 865 1432 Lucanae
898 1399 944 1431 in-

205 1450 374 1484 stitutione
399 1451 586 1484 immediate
611 1452 775 1484 subiectus
803 1452 943 1494 reperia-

206 1508 265 1544 tur,
291 1504 508 1547 omnibnsque
526 1504 817 1548 archiepiscopalis
839 1504 943 1546 digni·
964 1506 965 1526 ³

206 1556 278 1589 tatis
303 1557 447 1600 potiatur
464 1557 624 1600 insigniis,
643 1568 700 1601 pro
720 1558 818 1590 divini
840 1559 943 1590 cultus
964 1555 965 1565 ¹

205 1616 236 1643 et
260 1610 442 1643 catholicae
470 1610 637 1653 religionis
664 1616 861 1653 augumento
884 1622 943 1643 ina-

206 1663 330 1706 iorique
356 1664 473 1696 decore
499 1670 527 1697 et
557 1664 812 1706 praeeminentia
840 1664 870 1696 in
897 1676 945 1697 ar-

206 1716 479 1760 chiepiscopalem
507 1717 585 1759 erigi
613 1723 788 1750 mercatur:

250 1770 264 1813 ξ
289 1768 320 1802 2.
347 1769 421 1810 Nos,
443 1780 579 1813 quorum
606 1771 824 1804 humilitatem
851 1771 945 1804 Altis-

207 1823 305 1856 simus
330 1833 389 1866 per
414 1822 612 1856 ineffabilem
639 1823 764 1856 divinae
789 1834 865 1857 suae
891 1823 967 1857 b0-'

206 1875 316 1908 nitatis
343 1876 575 1909 abundantiam
602 1877 639 1909 ad
667 1877 862 1920 apostolicae
900 1878 947 1909 di-

206 1929 336 1972 gnitatis
364 1929 524 1971 fastigium
551 1930 691 1962 evehere
718 1936 748 1962 et
769 1930 968 1963 sublimare⁴

207 1982 358 2024 dignatus
384 1987 453 2022 est,
481 1982 601 2025 quique
623 1993 683 2025 pro
711 1982 812 2015 nostri
838 1989 969 2028 pasto-1>

208 2035 285 2067 ralis
310 2034 405 2067 officii
433 2035 543 2067 debito
570 2036 655 2067 curis
690 2035 868 2068 excitamur
901 2046 948 2068 as—

208 2087 309 2121 siduis
346 2093 380 2120 ut
416 2088 455 2120 ad
489 2088 544 2120 illa
569 2088 708 2121 sollicite
743 2088 947 2122 intendamus

208 2151 268 2184 per
285 2150 368 2183 quae
385 2144 511 2173 nostrae
534 2141 733 2183 provisionis
757 2152 820 2184 ope
840 2146 870 2174 et
889 2142 946 2174 mi-

209 2192 343 2225 nisterio
375 2192 587 2235 singularium
616 2193 829 2226 ecclesiarum
849 2193 895 2236 (in
914 2193 948 2227 il·
968 2191 970 2197 ’

209 2246 248 2279 lis
267 2245 457 2288 praesertim
479 2245 660 2278 civitatibus
682 2256 764 2288 quae
786 2246 948 2289 frequenti

209 2298 367 2332 nobilium
384 2308 597 2341 personarum
613 2298 795 2331 interventu
812 2304 842 2331 et
860 2309 950 2342 prae-

209 2351 313 2385 sentia
327 2351 538 2393 decorantur>
557 2351 681 2393 gloriae
704 2356 735 2383 et
757 2356 949 2384 ornamento

209 2404 393 2437 consulitur
411 2431 418 2444 ,
444 2404 574 2436 attentis
600 2404 705 2437 dietae
730 2403 866 2436 civitatis
891 2404 950 2436 Lu-

211 2467 307 2489 canae
333 2456 526 2499 antiquitate
553 2462 584 2489 et
609 2457 796 2499 splendore,
817 2457 951 2499 eiusque

211 2510 243 2542 in
267 2510 472 2553 orthodoxae
490 2509 565 2542 fidei
586 2509 717 2542 assiduo
737 2510 840 2549 cultu,
863 2519 952 2552 prae-

213 2562 318 2605 cipuis
346 2568 378 2594 et
402 2562 586 2594 illustribus
620 2561 764 2603 meritis,
791 2572 827 2594 ac
851 2561 951 2605 ipsius

213 2614 347 2648 civitatis
381 2619 412 2648 et
444 2614 656 2659 Reipublicae
692 2614 837 2648 Lucanae
875 2614 952 2648 dile-

1626 230 1685 265 431

983 296 1107 323 ctorum
1135 290 1275 323 filiorum
1301 289 1516 332 gonsalonerii
1537 295 1568 322 et
1586 289 1722 333 optima-

983 348 1103 374 matum
1130 342 1281 385 precibus
1307 343 1401 376 nobis
1420 353 1519 385 super
1537 343 1598 375 hoc
1617 341 1722 374 humi-

984 394 1057 427 liter
1082 395 1241 438 porrectis
1265 395 1407 438 benigne
1442 395 1610 435 inclinati,
1648 395 1722 428 civi-

985 448 1056 480 tatis
1084 454 1114 480 et
1139 449 1297 481 ecclesiae
1317 449 1463 481 Lucanae
1483 448 1722 491 praedictarum

986 500 1094 533 decori
1122 506 1152 533 ct
1178 501 1325 543 dignitati
1345 501 1375 533 in
1395 501 1584 544 praemissis
1603 512 1724 545 oppor-

987 558 1061 585 tune
1087 554 1261 586 consulere
1287 555 1452 593 volenteS,
1487 564 1523 586 ac
1559 554 1724 587 infrascri—

986 610 1075 647 ptum
1102 605 1337 638 Bernardinum
1373 606 1501 648 Guinigi
1535 606 1725 650 episcopum

986 667 1002 689 a
1027 657 1195 699 quibusvis
1229 658 1453 700 suspensionis
1491 665 1518 691 et
1545 658 1723 698 interdictI,

987 709 1123 752 aliisque
1139 710 1366 743 ecclesiasticis
1382 711 1562 749 sententiis,
1578 711 1724 744 censuris

964 803 965 807 Ἰ
987 768 1017 794 et
1043 763 1168 806 poenis,
1196 775 1212 796 a
1240 764 1308 796 iure
1335 765 1382 796 rel
1399 765 1438 796 ab
1454 765 1598 804 homine,
1616 765 1725 807 quavis

987 815 1159 848 occasione
1187 817 1234 849 rel
1261 818 1356 848 causa
1371 817 1454 855 latis,
1473 817 1497 849 si
1518 817 1634 860 quibus
1649 827 1726 860 quo-

988 869 1168 901 modolibet
1194 869 1370 901 innodatus
1397 869 1501 902 existit
1523 897 1530 910 ‚
1567 871 1606 902 ad
1644 869 1724 903 effe>-

987 926 1071 953 ctum
1105 922 1327 964 praesentium
1367 927 1489 955 tantum
1525 932 1726 965 consequen-

964 1016 965 1021 1
987 974 1081 1014 dum,
1100 975 1215 1007 harum
1242 975 1324 1008 serie
1351 976 1559 1009 absolventes
1578 981 1609 1008 et
1633 976 1729 1008 abso-

988 1028 1090 1060 lutum
1118 1028 1184 1061 sore
1204 1035 1387 1069 censentes,
1405 1035 1477 1072 post
1496 1029 1637 1062 habitam
1657 1038 1728 1061 cum

987 1081 1229 1114 venerabilibus
1258 1081 1408 1114 fratribus
1434 1082 1554 1115 nostris
1581 1081 1729 1114 eiusdem

987 1133 1016 1166 S.
1043 1133 1079 1166 R.
1112 1134 1145 1167 E.
1175 1134 1397 1167 cardinalibus
1423 1141 1581 1167 maturam
1607 1134 1729 1167 delibe-

987 1186 1157 1227 rationem,
1176 1187 1214 1220 de
1236 1198 1349 1220 eorum
1376 1188 1512 1220 consilio
1539 1194 1634 1231 atque
1653 1197 1729 1231 apo-

987 1239 1116 1272 stolicae
1143 1241 1311 1283 potestatis
1326 1240 1540 1284 plenitudine,
1557 1240 1729 1274 ecclesiam

989 1292 1147 1325 Lucanam
1173 1294 1365 1336 praefatam,
1389 1295 1426 1326 ad
1459 1294 1587 1327 laudeni
1613 1298 1645 1326 et
1671 1293 1730 1326 ho-

988 1356 1102 1379 norem
1130 1347 1363 1390 omnipotcntis
1382 1347 1449 1386 Dei,
1472 1357 1506 1379 ac
1524 1347 1730 1379 beatissimae

964 1430 965 1434 ,
988 1399 1128 1441 Virginis
1153 1400 1284 1440 Mariae,
1309 1411 1344 1432 ae
1379 1405 1564 1433 sanctorum
1601 1405 1732 1443 aposto-

964 1486 965 1499 ,
988 1454 1094 1485 lorum
1114 1453 1196 1485 Petri
1214 1458 1244 1485 et
1263 1453 1362 1493 l‘auli,
1383 1464 1508 1486 necnon
1528 1453 1601 1486 fidei
1622 1454 1733 1486 catho-

988 1505 1067 1538 licae
1095 1506 1353 1545 exaltationem,
1390 1512 1420 1538 et
1456 1506 1555 1539 totius
1593 1506 1732 1538 militan-

971 1558 1027 1590 ·tis
1054 1558 1218 1591 Ecclesiae
1245 1559 1394 1601 gloriam,
1412 1559 1441 1591 in
1469 1559 1734 1602 archiepiscopa-

989 1612 1051 1644 lem
1078 1611 1271 1651 ecclesiam,
1302 1617 1334 1644 et
1366 1612 1475 1644 sedem
1510 1611 1732 1655 episcopalem

989 1664 1149 1697 Lucanam
1176 1664 1207 1696 in
1234 1664 1550 1708 ar-fhiepiscopalcin
1569 1663 1732 1707 archiepi-

989 1716 1129 1759 scopalis
1157 1717 1313 1759 praesidis
1340 1717 1451 1749 sedem
1480 1728 1538 1760 pro
1555 1727 1619 1749 uno
1641 1717 1733 1749 dein-

966 1779 1065 1816 1ceps
1091 1769 1338 1812 archiepiscopo
1369 1769 1422 1812 qui
1453 1769 1544 1812 pallii
1575 1774 1607 1802 et
1630 1770 1734 1802 erucis

990 1833 1092 1862 usum,
1113 1823 1250 1855 aliorum
1280 1823 1609 1866 archiepiscoporum
1628 1833 1732 1863 more,

967 1910 968 1913 Ἰ
991 1876 1117 1915 habeat,
1141 1882 1236 1918 prout
1263 1882 1357 1908 antea
1384 1876 1542 1916 habebat,
1571 1876 1734 1909 omnibus·

991 1939 1054 1971 que
1081 1929 1152 1970 aliis
1188 1928 1336 1970 insigniis
1362 1925 1703 1970 archiepiscopalibus
1725 1956 1731 1969 ,

991 1991 1118 2013 necnon
1146 1980 1344 2023 privilegiis,
1373 1980 1555 2013 honoribus
1582 1986 1611 2013 et
1637 1991 1733 2024 prae-

968 2060 969 2067 ,
991 2032 1144 2075 rogativis
1169 2032 1430 2075 archiepiscopis
1456 2032 1575 2065 debitis
1601 2037 1633 2065 et
1657 2043 1734 2066 con-

991 2085 1087 2119 cessis
1108 2113 1115 2126 ,
1153 2086 1271 2129 quibus
1307 2086 1471 2128 praefatus
1509 2086 1732 2119 Bernardinus

968 2174 970 2186 Ι
992 2138 1165 2182 episcopus
1192 2149 1227 2171 ac
1252 2149 1310 2181 pro
1332 2143 1475 2181 tempore
1494 2138 1669 2172 existentes
1688 2139 1733 2172 di-

991 2197 1060 2224 ctae
1087 2191 1245 2224 ecelesiae
1273 2191 1417 2223 Lucanae
1451 2192 1640 2233 praesules,
1678 2191 1734 2235 qui

991 2243 1064 2276 Sedi
1102 2243 1306 2286 Apostolicae
1341 2244 1380 2276 ab
1416 2243 1485 2286 ipsa
1524 2243 1732 2278 institutione

992 2296 1177 2330 immediate
1192 2297 1329 2330 subiecti
1346 2297 1531 2330 iamdudum
1549 2297 1646 2340 potiri
1659 2309 1734 2331 con-

993 2354 1185 2389 sueverunt,
1211 2350 1250 2382 ad
1276 2359 1431 2392 praesens
1457 2350 1616 2392 gaudent,
1635 2350 1734 2383 firmis

994 2406 1101 2435 tamen
1127 2402 1371 2435 remanentibus
1396 2402 1575 2445 privilegiis
1594 2429 1602 2443 ‚
1630 2403 1733 2437 hono-

994 2455 1082 2487 ribus
1119 2460 1149 2487 et
1184 2455 1420 2498 praerogativis
1459 2455 1669 2496 huiusmodi,
1703 2461 1735 2489 et

994 2507 1073 2540 citra
1098 2508 1197 2540 ullum
1224 2507 1354 2540 illorum
1369 2508 1617 2551 praeiudicium,
1636 2509 1734 2542 etiam

995 2560 1026 2592 in
1053 2565 1218 2603 posterum
1245 2560 1318 2600 frui,
1344 2560 1443 2603 potiri
1470 2565 1501 2594 et
1526 2562 1668 2604 gaudere
1697 2561 1735 2594 li-

995 2614 1073 2646 bere
1100 2619 1130 2646 et
1156 2613 1242 2646 licite
1279 2614 1383 2657 possit
1423 2619 1454 2646 et
1487 2615 1618 2654 valeat,
1656 2624 1734 2658 apo-

1736 240 1784 266 An.
1802 239 1830 266 C.
1852 239 1920 268 ¹726
