2170 3147
275 208 325 235 An.
346 209 375 236 o.
392 208 462 235 1725
509 200 573 234 390

282 1708 385 1729 Iudicium
397 1709 449 1730 Con-

265 1736 395 1761 nregationis
411 1742 448 1761 pro

265 1763 388 1786 praedictae
405 1769 449 1783 ser-

265 1795 303 1809 vae
323 1789 362 1809 Dei
381 1790 449 1810 beati-

264 1816 374 1839 acutione,

467 258 526 290 sub
551 258 640 290 suavi
662 258 829 300 religionis
856 258 930 300 iugo
957 258 1148 291 obtulerunt
1178 258 1211 290 in

469 310 696 343 holocaustum
734 316 766 343 et
802 311 934 343 odorem
961 311 1146 350 suavitatis,
1174 321 1211 343 ac

466 363 584 395 virtute
617 374 652 396 ex
686 364 750 396 alto
777 364 931 403 indutae,
961 369 993 396 et
1024 363 1139 406 spiritu
1166 363 1212 395 vi-

467 421 519 448 tae
538 427 599 459 que
618 416 802 449 austeritate
830 417 912 449 facta
939 416 1045 449 carnis
1073 416 1210 450 mortiti-

467 475 597 509 cantes,
625 470 745 502 bonum
772 475 938 503 certamen
964 475 1148 510 certarunt,
1176 469 1211 501 fi-

468 522 607 565 demque
628 528 804 563 servantes,
823 534 954 556 cursum
975 523 1115 556 feliciter
1132 534 1211 556 con-

467 581 690 617 summarunt,
713 587 747 610 ac
769 577 892 610 intrare
918 587 990 609 cum
1016 576 1144 620 Sponso
1171 577 1210 610 ad

466 630 597 673 nuptias
616 635 823 671 meruerunt,
851 630 1129 663 immarcescibilis
1147 631 1210 673 glo·

466 682 533 716 riae
559 686 682 716 corona
707 683 808 716 donat
833 683 865 714 in
892 683 1007 723 caelis,
1027 683 1209 726 harumque

466 737 672 769 sanctitatem
698 736 862 770 interdum
884 736 995 779 signis,
1015 742 1113 779 atque
1134 747 1210 779 por-

466 791 566 823 tentis
586 795 734 824 testatam
756 790 847 830 facit,
868 789 911 822 ita
929 795 960 822 et
977 800 1047 829 nos,
1067 789 1121 832 qui
1142 789 1209 822 eius

465 844 562 885 vices,
582 844 657 877 licet
674 843 840 884 immeriti,
864 843 895 876 in
917 843 979 876 hac
1000 845 1128 875 terrena
1145 848 1209 875 sta-

465 898 553 931 tione
579 898 734 941 gerimUS,
753 897 900 939 magistri
925 896 1029 929 nostri
1055 896 1208 939 vestigiis,

465 957 622 994 quantum
649 956 759 983 nostra
785 950 848 983 fert
873 949 1063 989 infirmitas,
1088 949 1207 981 inhae-

464 1010 589 1043 rentes,
616 1003 745 1036 illarum
771 1003 803 1035 in
830 1001 927 1036 terris
953 1002 1075 1034 cultum
1102 1006 1134 1034 et
1159 1012 1211 1034 ve-

464 1057 680 1096 nerationem,
707 1062 742 1089 ut
762 1056 909 1100 ipsarum
935 1055 1055 1088 Christi
1081 1055 1211 1087 ancilla-

464 1121 535 1143 rum
562 1110 696 1142 virtutes
722 1114 857 1142 narrent
882 1108 1006 1152 popuii,
1034 1119 1071 1141 ac
1095 1108 1208 1140 laudes

463 1174 574 1196 earum
592 1162 719 1196 nuntiet
736 1162 892 1203 Ecclesia,
911 1168 953 1202 et,
972 1172 1054 1205 quae
1073 1171 1210 1204 sequun-

463 1223 516 1250 tur
544 1218 669 1259 Agnum
707 1227 914 1260 quocumque
950 1215 1045 1255 ierit,
1072 1214 1208 1248 luctanti

463 1281 536 1303 cuin
567 1270 691 1303 saeculi
720 1269 954 1303 tentationibus
987 1267 1209 1301 imbecillitati

462 1330 591 1358 nostrae
617 1323 769 1357 adiutorii
787 1323 938 1357 caelestis
956 1333 1050 1366 opem
1069 1327 1100 1355 et
1117 1332 1209 1365 prae-

462 1378 581 1412 sidium
607 1390 623 1412 a
648 1378 774 1422 Sponso
800 1377 922 1420 iugiter
952 1376 1128 1420 impetrare
1155 1375 1206 1408 di-

462 1437 616 1475 gnentur,
638 1441 831 1475 promovere
857 1430 1033 1468 studemus,
1061 1430 1145 1462 sicut
1169 1429 1207 1461 ad

461 1486 693 1529 omnipotentis
729 1485 783 1518 Dei
826 1484 987 1527 gloriam,
1026 1483 1207 1516 catholicae

460 1540 625 1574 Ecclesiae
645 1540 755 1578 decus,
771 1538 914 1572 fidelium
933 1537 1206 1578 aedificationem,

461 1599 493 1626 et
517 1593 698 1626 animarum
723 1593 859 1625 salutem
886 1591 1063 1624 salubriter
1088 1591 1120 1623 in
1147 1591 1207 1624 Do-

460 1647 549 1680 mino
577 1645 730 1689 expedire
752 1645 960 1678 arbitramur.

505 1701 519 1744 §
540 1700 572 1732 «1.
589 1699 666 1733 Cum
685 1699 806 1742 itaque,
821 1703 944 1731 mature
964 1698 1205 1741 dlligenterque

461 1753 617 1786 discussis
643 1759 740 1796 atque
774 1752 948 1796 perpensis
977 1762 1037 1795 per
1065 1751 1207 1794 Congre-

460 1807 625 1850 gationem
653 1805 889 1839 venerabilium
916 1805 1049 1837 fratrum
1075 1810 1206 1838 nostro-

459 1871 529 1893 rum
555 1860 587 1893 S.
607 1860 645 1892 R.
665 1859 700 1892 E.
720 1858 933 1892 cardinalium
958 1858 1059 1891 sacris
1089 1858 1204 1891 ritibus

458 1915 725 1958 praepositorum
750 1912 958 1955 processibus
985 1912 1023 1944 de
1042 1911 1207 1954 Apostoli-

459 1977 515 2000 cae
542 1966 634 1999 Sedis
659 1965 791 1998 licentia
816 1964 974 1998 confectis
999 1975 1096 2008 super
1122 1964 1204 1997 ritae

459 2021 631 2053 sanctitate
654 2025 686 2053 et
710 2020 883 2052 virtutibus
913 2024 977 2052 tam
1004 2019 1203 2061 theologicis

459 2084 555 2117 quam
582 2073 761 2106 moralibus
780 2073 812 2104 in
831 2073 934 2115 gradu
960 2071 1106 2112 heroico,
1135 2071 1204 2115 qui-

457 2127 517 2160 bus
542 2138 633 2160 serva
658 2127 713 2159 Dei
740 2126 923 2169 Hyacintha
949 2126 988 2158 de
1006 2125 1203 2158 Mariscottis

456 2180 607 2213 monialis
625 2180 776 2223 professa
792 2179 891 2212 Tertii
909 2179 1040 2212 Ordinis
1058 2178 1089 2211 S.
1109 2178 1204 2211 Fran-

458 2233 533 2266 cisci
559 2233 785 2276 multipliciter
810 2232 975 2273 claruisse,
994 2242 1122 2265 necnon
1147 2231 1204 2264 mi—

1055 210 1236 234 BULLARIUM
1260 210 1415 239 ROMANUM

1254 260 1439 303 (locumque
1474 259 1567 293 nobis
1593 259 1769 301 videretur,
1794 259 1994 303 praedictam

1254 323 1377 345 servam
1396 313 1451 345 Dei
1475 313 1607 346 Beatam
1634 312 1804 353 declarari,
1828 319 1925 357 atque
1951 312 1998 345 in-

1255 366 1346 398 terim
1373 366 1536 409 indulgeri
1569 369 1602 399 ut
1635 366 1673 399 de
1704 369 1740 398 ea
1766 371 1929 409 tamquam
1956 366 1995 399 de

1253 419 1377 461 virgine
1398 430 1464 452 non
1490 425 1631 463 martyre
1649 420 1680 452 in
1700 420 1892 463 quibusdam
1917 420 1996 453 locis

1254 472 1394 505 officium
1422 478 1454 506 et
1483 473 1581 505 missa
1607 473 1737 506 recitari
1770 479 1801 506 et
1837 473 1995 506 celebrari

1253 527 1404 559 valeant:

1297 580 1311 622 g
1336 579 1367 612 ΕΖ.
1396 579 1478 612 llinc
1503 584 1550 612 est
1576 579 1663 623 quod
1695 590 1776 620 nos,
1802 579 1864 623 piis
1899 585 1996 623 atque

1254 632 1356 665 enixis
1382 632 1491 666 dilecti
1518 632 1574 665 [ilii
1601 632 1722 665 nobilis
1747 632 1806 665 viri
1831 632 1996 666 Francisci

1252 686 1370 719 Mariae
1396 686 1531 729 Ruspoli
1559 690 1663 719 terrae
1694 686 1875 719 Cerveteris
1906 686 1997 730 prin-

1253 739 1334 781 cipis
1349 766 1356 779 ,
1377 739 1581 782 aliorumque
1607 749 1722 772 causae
1747 739 1996 773 beatificationis

1253 791 1440 824 huiusmodi
1474 792 1724 834 postulatorum,
1747 802 1783 824 ac
1815 792 1913 825 totius
1939 792 1996 825 Or-

1253 845 1336 878 dinis
1362 845 1494 877 fratrum
1512 843 1669 877 Minorum
1687 845 1716 878 S.
1730 844 1903 886 Francisci,
1920 856 1996 878 nec-

1253 909 1317 931 non
1344 898 1536 931 dilectarum
1561 898 1593 930 in
1611 897 1740 931 Christo
1766 898 1906 932 siliarum
1931 909 1997 932 mo-

1253 951 1374 985 nalium
1399 951 1588 984 monasterii
1626 951 1658 984 S.
1678 952 1869 985 Bernardini
1895 952 1997 985 Viter·

1252 1005 1387 1046 biensis,
1405 1005 1438 1038 in
1465 1016 1528 1048 quo
1553 1005 1699 1048 praefata
1724 1015 1816 1038 serva
1839 1005 1896 1038 Dei
1914 1006 1997 1049 Hya-

1253 1059 1363 1092 cintha
1403 1058 1641 1101 professionem
1683 1059 1867 1101 regularem
1909 1058 1993 1092 emi-

1253 1118 1340 1146 serat
1368 1123 1404 1145 ac
1444 1113 1529 1146 diem
1571 1112 1671 1153 obiit,
1699 1112 1995 1156 supplicationibus

1253 1166 1350 1210 (quas
1377 1166 1498 1199 dudum
1517 1167 1627 1209 plures
1654 1165 1749 1198 etiam
1775 1165 1937 1198 carissimi
1963 1165 1997 1199 in

1252 1218 1379 1252 Christo
1406 1218 1462 1250 filii
1487 1218 1591 1251 nostri
1627 1218 1799 1251 orthodoxi
1831 1228 1925 1261 reges
1961 1228 1997 1252 ac

1253 1272 1306 1305 alii
1334 1272 1490 1305 sublimes
1520 1272 1674 1305 catholici
1707 1271 1875 1316 principes
1901 1272 1997 1306 devo-

1253 1332 1357 1359 tarum
1383 1336 1516 1359 suarum
1535 1336 1668 1369 precum
1692 1325 1876 1359 accessione
1901 1327 1997 1360 robo-

1251 1379 1426 1422 raverant)
1464 1378 1556 1412 nobis
1593 1389 1693 1422 super
1729 1378 1793 1412 hoc
1828 1378 1997 1413 humiliter

1251 1432 1411 1476 porrectis
1449 1434 1585 1475 paterna
1616 1431 1820 1475 benignitate
1850 1442 1996 1466 annuen—

1251 1493 1312 1527 tec,
1333 1487 1372 1519 de
1395 1490 1653 1519 memoratorum
1679 1485 1892 1518 cardinalium
1918 1496 1996 1520 con—

1252 1539 1324 1572 silio
1343 1538 1467 1582 pariter
1486 1543 1517 1571 et
1535 1549 1683 1577 assensu,
1704 1538 1898 1571 auctoritate
1917 1548 1996 1582 apo-

1251 1592 1374 1631 stoliea,
1397 1597 1509 1624 tenore
1535 1591 1766 1635 praesentium,
1788 1591 1995 1634 indulgemus

1251 1651 1286 1678 ut
1312 1646 1425 1678 eadem
1451 1644 1505 1677 Dei
1533 1655 1624 1678 serva
1649 1643 1829 1688 Hyacintha
1850 1645 1889 1678 de
1906 1644 1996 1678 Mari·

1250 1699 1362 1733 scottis
1380 1699 1412 1732 in
1431 1707 1600 1742 posterum
1623 1698 1739 1731 Beatae
1764 1698 1894 1731 nomine
1912 1708 1995 1732 nun-

1249 1759 1402 1797 cupetur,
1441 1752 1576 1794 ciusque
1614 1762 1732 1794 corpus
1768 1756 1800 1785 et
1835 1751 1994 1796 reliquiae

1248 1805 1450 1840 venerationi
1470 1805 1614 1838 fidelium
1642 1805 1720 1847 (non
1741 1809 1849 1838 tamen
1867 1806 1899 1838 in
1917 1815 1994 1849 pro-

1249 1860 1452 1893 cessionibus
1479 1858 1754 1901 circumferenda)
1777 1863 1991 1901 exponantur,

1249 1913 1406 1956 imagines
1425 1922 1557 1955 quoque
1572 1910 1670 1943 radiis
1689 1921 1743 1943 seu
1762 1911 1993 1954 splendoribus

1249 1971 1465 2005 exornentur,
1492 1970 1587 2007 atque
1612 1965 1651 1997 de
1678 1965 1714 1997 ea
1740 1964 1915 2007 quotannis
1939 1964 1992 1997 die

2003 211 2052 238 An.
2068 211 2096 238 C.
2119 211 2170 240 1721

2023 589 2136 612 Praedicta
2146 596 2168 612 so

2007 622 2033 637 va
2056 617 2096 638 Dei
2124 618 2170 639 beat

2007 643 2137 666 declaratur.

1248 2018 1471 2052 anniversaria
1496 2018 1599 2050 felicis
1626 2017 1694 2050 eius
1721 2017 1838 2058 obitus,
1857 2028 1911 2051 seu
1930 2018 1993 2050 alia
2039 2020 2042 2023 “

1248 2074 1299 2106 die
1333 2083 1397 2106 non
1427 2071 1583 2115 impedita
1608 2071 1697 2104 illam
1724 2071 1910 2104 immediate
1943 2081 1993 2104 se-

1248 2126 1372 2170 quenti,
1394 2125 1550 2158 recitetur
1568 2123 1709 2157 offieium
1736 2129 1769 2157 et
1792 2124 1889 2157 missa
1910 2125 1992 2157 cele-

1246 2180 1358 2212 bretur
1390 2179 1429 2211 (le
1462 2178 1589 2220 virgine
1622 2187 1686 2210 non
1718 2182 1877 2221 martyre,
1903 2177 1991 2210 iuxta

1247 2233 1392 2265 rubricas
1418 2231 1573 2265 breviarii
1600 2237 1631 2264 et
1655 2231 1796 2264 missalis
1822 2229 1960 2264 romani.

1290 2285 1305 2328 ξ
1327 2285 1359 2318 3.
1386 2285 1489 2317 Porro
1506 2284 1731 2317 recitationem
1753 2283 1850 2317 officii
1869 2289 1900 2317 et
1916 2283 1990 2317 mis-
2016 2284 2170 2311 Conceditur-fa

1999 2316 2170 2337 cultascelebran

1246 2349 1299 2371 sac
1322 2337 1580 2371 celebrationem
1606 2337 1793 2370 huiusmodi
1819 2337 1888 2370 fieri
1914 2343 2170 2390 0011-ξῆἰοῖτᾶὶῶεῆίὲ

1245 2391 1390 2424 cedimus
1409 2391 1441 2423 111
1464 2390 1545 2423 loeis
1571 2391 1735 2423 dumtaxat
1758 2389 1985 2433 infrascriptis,
1999 2396 2170 2443 gfignugssaitgoegj

1243 2444 1409 2485 videlicet,
1427 2444 1460 2476 in
1480 2445 1566 2476 terra
1582 2443 1776 2486 Yignanelli,
1795 2443 2170 2498 Civitatisca-gaisquibusdw

1244 2497 1454 2530 stellanensis
1472 2496 1645 2536 dioecesis,
1662 2496 1694 2528 in
1713 2505 1777 2539 qua
1794 2495 1878 2528 dicta
1895 2505 1988 2529 serva
2055 2492 2060 2498 ’

1242 2549 1299 2582 Dei
1325 2555 1402 2583 nata
1427 2555 1486 2590 est,
1507 2550 1538 2582 in
1564 2549 1692 2582 civitate
1708 2547 1916 2589 Viterbiensi,
1931 2548 1987 2581 uhi

1243 2604 1281 2637 ad
1314 2605 1419 2638 caelos
1455 2603 1592 2637 evolavit
1628 2612 1663 2635 ac
1698 2601 1884 2636 venerabile
1917 2602 1986 2637 eius

458 2286 576 2319 raculis
613 2296 695 2329 quae
729 2285 797 2318 eius
834 2284 1071 2318 intercessione
1101 2289 1132 2317 et
1162 2283 1202 2316 ad

457 2339 727 2371 manifestandam
755 2338 941 2371 hominibus
969 2338 1055 2371 illius
1080 2337 1202 2370 saneti-

457 2396 557 2424 tatem
577 2402 593 2423 a
612 2392 677 2424 Deo
696 2397 820 2434 patrata
842 2391 938 2423 fuisse
958 2391 1199 2429 asserebantur,

457 2445 569 2477 eadem
588 2444 805 2486 Congregatio
832 2454 942 2477 coram
968 2443 1063 2476 nobis
1084 2443 1201 2476 cousti-

457 2502 539 2536 tuta,
567 2497 683 2529 auditis
710 2498 807 2529 etiam
835 2498 1060 2529 consultorum
1085 2495 1201 2528 suffra-

455 2551 527 2594 giis,
547 2549 747 2582 unanimiter
772 2549 954 2582 censuerit¹
977 2560 1083 2592 posse,
1104 2559 1200 2593 quan-

493 2614 503 2640 1
526 2612 597 2641 Edit.
615 2612 695 2640 Main.
714 2612 779 2647 legit
798 2613 965 2640 censuerint
983 2613 1025 2648 (11.
1042 2613 1091 2648 Τ.).
