2170 3147
202 152 244 177 tn.
263 150 290 176 C.
316 151 382 176 two

219 793 331 818 Derttgattn
340 799 379 814 iao.

224 1172 230 1191 l
251 1169 287 1188 <les
302 1167 354 1188 habt

204 1198 222 1217 ’Δ
238 1202 249 1216 i,
263 1203 321 1216 ,il—tn.
348 1198 350 1210 ἴ

428 141 492 174 ‚458
975 150 1159 175 nunttmun
1185 150 1341 177 Romnum
1933 155 1985 183 Λιι,
2000 154 2028 182 e.
2050 155 2117 185 1726

391 200 501 242 palatii
521 200 687 242 apostolici
718 199 899 239 auditores,
918 210 953 231 ac
979 199 1010 231 S.
1041 199 1077 231 R.
1096 199 1130 232 E.

392 252 589 291 cardinales,
618 252 713 284 etiam
740 252 779 284 de
806 253 907 284 latere
931 252 1076 294 legatos,
1103 257 1135 284 et

393 306 601 347 Apostolicae
617 305 706 337 Sedis
724 305 874 344 nuncios,
893 310 923 337 et
940 305 1022 338 alios
1037 316 1135 348 qnos-

391 358 467 390 liliet
485 358 596 401 quavis
615 359 810 391 auctoritate
834 364 865 391 et
882 364 1043 402 potestate
1069 360 1135 391 sun-

391 417 503 452 gcntes
519 417 548 443 ct,
564 411 838 454 quandocumque
864 412 1044 452 suncturos,
1063 412 1135 444 sub-

393 465 454 496 tata
482 464 527 496 eis
555 470 715 497 eteorum
742 464 880 498 cuilibet
905 466 1016 509 quavis
1042 465 1137 498 aliter

395 517 560 549 iudicandi
588 523 618 549 et
644 518 886 562 interpretandi
927 519 1078 552 facultate
1106 524 1135 551 et

394 571 596 611 auctoritate,
623 571 759 604 iudicari
781 577 812 604 et
841 571 970 605 definiri
1004 573 1135 613 debere,

394 634 429 656 ae
456 624 583 657 irritum
604 630 631 657 et
653 624 748 658 inane
768 625 792 658 si
812 635 904 659 secus
932 626 1101 670 superbis
1122 637 1138 658 a

393 688 574 721 quoquam,
602 679 714 722 quavis
752 679 968 719 auctoritate,
997 678 1139 712 scienter

394 732 441 763 rel
468 731 669 773 ignoranter,
697 732 873 774 contigerit
898 732 1063 765 attentari.

437 783 450 825 g
476 783 504 815 5.
532 783 599 816 Non
626 784 842 824 obstantibus,
868 790 1028 828 quatenus
1055 795 1139 828 opus

393 836 441 875 sit,
469 839 580 870 nostra
617 842 649 870 ct
684 837 905 871 Cancellariae
931 838 1138 882 Apostolicae

392 891 508 933 regula
535 891 572 923 de
599 891 667 924 iure
695 892 844 935 quaesito
877 902 943 924 non
978 892 1137 932 tollendo,

392 955 520 977 necnon
549 944 698 977 cin-nibus
725 950 755 977 et
789 944 924 988 singulis
959 955 1042 988 quae
1077 950 1139 977 tam

392 997 599 1030 Innocentius
626 998 870 1041 praedecessor,
897 1009 994 1042 quam
1021 1008 1079 1031 nos
1106 998 1138 1030 in

394 1052 509 1083 litteris
535 1052 689 1094 praetatis
715 1052 934 1084 concessimus
953 1063 1017 1085 non
1038 1053 1138 1085 obsta-

393 1115 426 1137 re
445 1133 451 1144 ‚
472 1106 655 1149 ceterisque
677 1106 847 1138 contrariis
865 1105 1136 1149 quibuscumque.

437 1159 495 1201 {ss
547 1159 702 1191 Volumus
740 1164 849 1192 autem
881 1165 915 1191 ut
950 1160 1140 1192 earumdem

377 1209 614 1255 'praesentium
641 1213 864 1256 transumptis,
886 1212 982 1245 etiam
1009 1212 1141 1256 impres-

394 1264 447 1303 sis,
473 1276 570 1296 manu
598 1265 735 1297 alicuius
768 1265 886 1297 notarii
913 1265 1038 1309 publici
1065 1266 1138 1298 sub-

393 1318 533 1361 scriptis,
554 1324 585 1351 et
605 1319 711 1361 sigillo
737 1329 901 1362 personae
927 1319 959 1351 in
987 1320 1140 1352 ecclesia-

394 1372 472 1403 stica
500 1372 657 1414 dignitate
684 1372 878 1404 constitutae
905 1373 1062 1414 munitis,
1089 1383 1141 1405 ea-

394 1425 467 1457 dem
495 1435 628 1468 prorsus
656 1424 736 1457 sides
757 1425 950 1458 adhibeatur
969 1425 999 1457 in
1020 1425 1140 1459 indicio

395 1484 427 1510 et
446 1483 533 1510 extra
563 1478 660 1518 illud,
692 1488 773 1521 quae
804 1479 927 1512 eisdem
958 1479 1140 1522 praesenti-

394 1531 453 1564 bus
480 1531 695 1564 adhiberetur
720 1531 745 1563 si
772 1532 878 1565 forent
904 1533 1069 1565 exhibitae
1090 1533 1139 1565 vel

395 1590 558 1617 ostensae.

438 1638 552 1670 Datum
585 1638 717 1678 Romae,
744 1638 827 1682 apud
864 1638 895 1671 S.
923 1638 1054 1671 Mariam
1080 1638 1142 1671 Ma-

396 1692 509 1731 iorem,
534 1692 592 1723 sub
620 1692 742 1724 annulo
779 1691 975 1732 Piscatoris,
1014 1691 1066 1724 die
1098 1702 1140 1725 xil

396 1746 538 1777 octobris
575 1755 754 1785 ninccxxw,
793 1745 1001 1790 pontificatus
1035 1745 1140 1778 nostri

397 1810 482 1832 anno
509 1809 557 1832 111.

433 1862 489 1888 [tat.
510 1861 553 1887 die
575 1862 602 1888 ΗΖ
620 1860 741 1888 octobris
766 1861 842 1896 1726,
866 1860 960 1896 pontit.
981 1869 1052 1887 anno
1071 1868 1112 1888 111.

721 2022 807 2056 CLlI.

396 2115 597 2145 Statmtntur
621 2111 787 2144 nonnulla
806 2121 865 2154 pro
885 2110 1055 2143 monachis
1071 2120 1142 2154 pro-

443 2166 518 2196 visis
553 2165 590 2197 de
627 2164 830 2208 prioratibus
870 2163 1141 2207 Conqreqatiom's

440 2218 488 2250 ss.
506 2218 616 2250 Viloni
641 2224 668 2250 et
694 2216 864 2261 Hidulphi
890 2216 1024 2250 Ordinis
1040 2216 1074 2250 S.
1087 2217 1142 2250 Be-

441 2271 562 2303 nedicti
586 2270 606 2303 ¹.

439 2379 443 2401 1
470 2376 525 2401 Atia
549 2376 627 2402 liuius
649 2377 785 2403 romincis
805 2381 890 2403 const.
912 2377 978 2403 edit.
1000 2382 1140 2408 MDCCxxvt,

399 2421 440 2445 ‹iie
466 2422 494 2445 tu
515 2422 632 2453 angusti,
654 2421 748 2455 pontis.
771 2429 812 2452 ιιι,
835 2425 954 2447 statutus
975 2420 1025 2447 fuit
1045 2420 1142 2447 modus

399 2464 540 2489 electionis
573 2464 598 2488 in
629 2468 766 2498 posterum
794 2465 901 2491 abbatis
931 2464 1088 2492 monasterii
1108 2464 1142 2491 de

399 2508 486 2533 Monte
507 2508 615 2533 §extrito
636 2508 747 2535 Ordinis
771 2510 799 2535 S.
823 2509 958 2536 Benedicti
986 2510 1141 2544 Congrega-

398 2552 513 2587 gationis
535 2551 741 2586 Vallisdeninae,
763 2557 789 2580 et
809 2557 894 2582 const.
917 2553 981 2581 edit.
999 2560 1140 2586 nnecxxix,

1354 200 1538 229 Benedictus
1564 201 1745 236 episcopus,

1322 245 1357 271 ad
1380 245 1515 272 futuram
1536 246 1581 273 rei
1605 246 1791 274 memoriam.

1223 306 1282 349 {l⁴
1302 306 1424 350 Exponi
1455 307 1549 340 nobis
1575 319 1680 351 nuper
1706 308 1854 341 fecerunt
1879 308 1922 342 di·
1940 320 2118 347 Expositiosacn.

1180 360 1252 393 lecti
1272 359 1328 393 tilii
1355 360 1488 393 abbates
1514 372 1548 393 ac
1567 361 1754 404 superiores
1779 361 1922 404 Congre-

1180 413 1319 455 gationis
1337 413 1384 446 Ss.
1405 414 1512 447 titoni
1541 419 1570 446 et
1602 414 1760 457 Hidulphi
1789 414 1921 448 Ordinis

1180 467 1210 499 S.
1239 467 1428 507 Benedicti,
1450 468 1539 510 quod
1566 467 1650 501 dicta
1679 467 1895 510 Congregatio
1913 495 1920 509 ,

1181 531 1263 563 quae
1279 531 1295 553 a
1310 520 1413 553 felicis
1431 519 1667 553 reeordationis
1686 521 1785 554 Paulo
1800 521 1923 564 PapaV

1181 573 1433 617 praedecessore
1460 578 1571 607 nostro
1587 574 1768 617 approbata
1794 579 1825 606 et
1849 584 1924 608 con-

1182 626 1306 659 firmata
1320 633 1530 667 memoratur,
1541 627 1783 674 'quinquaginta
1796 627 1924 661 circiter

1182 680 1390 713 monasteriis
1431 680 1463 712 in
1501 680 1733 723 Lotliaringiae
1771 686 1803 713 et
1833 680 1924 714 Barri

1183 732 1354 765 ducatibus
1402 732 1599 776 Campaniae
1644 744 1680 766 ac
1717 733 1925 776 Burgundiae

1182 785 1391 829 provinciae¹
1412 790 1443 819 et
1461 786 1613 819 comitatu
1635 786 1704 819 sitis
1723 791 1865 828 constet,
1884 787 1924 819 ab

1183 839 1305 873 eisdem
1331 850 1408 872 vero
1433 839 1636 873 monasteriis
1668 840 1820 874 nonnulli
1850 842 1926 874 cura

1183 898 1409 937 conventuque
1435 898 1594 934 carentes,
1633 904 1693 926 nec
1718 894 1926 935 personalem

1182 946 1392 980 residentiam
1418 946 1635 990 requirentes
1655 946 1821 990 simplices
1844 948 1927 992 prio-

1182 1005 1270 1032 ratus
1308 999 1507 1043 dependent,
1535 1010 1671 1042 quorum
1705 1001 1836 1034 collatio
1869 1012 1925 1034 seu

1183 1053 1365 1097 dispositio,
1381 1052 1412 1085 in
1434 1052 1601 1085 mensibus
1626 1053 1701 1086 Sedi
1720 1054 1926 1097 Apostolicae

1182 1107 1365 1147 reservatis,
1392 1106 1431 1139 ad
1458 1116 1515 1139 nos
1540 1117 1576 1139 ac
1600 1106 1782 1141 Romanum
1799 1107 1927 1141 Pontifi-

1182 1172 1250 1194 cem
1277 1171 1336 1204 pro
1364 1166 1511 1204 tempore
1538 1161 1744 1202 existentem,
1771 1161 1926 1195 cessanti-

1184 1215 1242 1247 bus
1263 1214 1538 1247 reservationibus
1557 1219 1588 1247 et
1605 1213 1831 1247 affectionibus
1851 1225 1927 1258 apo*

1183 1268 1320 1310 stolicis,
1339 1268 1377 1300 ad
1396 1267 1530 1300 abbates
1549 1273 1624 1300 tunc
1641 1267 1766 1311 pariter
1786 1267 1928 1300 existen-

1185 1328 1229 1355 tes
1255 1321 1528 1354 monasteriorum
1555 1332 1572 1353 a
1597 1321 1714 1364 quibus
1740 1320 1816 1354 dicti
1843 1320 1927 1364 prio·

1184 1380 1271 1407 ratus
1306 1374 1487 1418 respective
1513 1373 1697 1417 dependet,
1725 1379 1872 1418 spectare
1898 1379 1929 1407 et

1183 1428 1353 1471 pertinere
1380 1426 1593 1470 dignoscitur.

1228 1482 1241 1524 ξ
1268 1480 1298 1513 2.
1328 1480 1405 1513 Cnrn
1436 1485 1553 1521 autem,
1579 1480 1662 1513 sicut
1689 1481 1802 1513 eadem
1829 1489 2124 1538 expo-QegKaHffiefflg:

1184 1533 1257 1567 sitio
1295 1533 1537 1576 subiungebat,
1565 1533 1716 1567 monachi
1744 1532 2016 1577 praedictaeiorum-

1184 1587 1471 1630 Congoegabonis,
1492 1587 1671 1630 apostolica
1689 1589 1738 1621 vel
1761 1587 1927 1621 ordinaria

1184 1641 1374 1674 anctoritate
1394 1641 1432 1673 de
1451 1640 1609 1673 eiusmodi
1637 1641 1834 1684 prioratibus
1852 1651 1929 1684 pro-

1185 1694 1260 1733 visi,
1281 1705 1297 1726 a
1315 1694 1540 1732 monasteriis,
1561 1693 1605 1726 eis
1623 1704 1639 1725 a
1665 1694 1807 1737 capitulo
1834 1704 1930 1737 gene-

1184 1747 1241 1780 rali
1269 1747 1318 1779 vel
1345 1746 1573 1789 superioribus
1607 1747 1712 1780 dictae
1744 1747 1930 1790 Congreget-

1186 1799 1281 1832 tionis
1320 1799 1490 1832 destinatis
1517 1804 1549 1832 et
1574 1799 1747 1842 assignatis
1769 1827 1776 1840 ,
1803 1800 1928 1843 absque

1186 1853 1377 1886 eorumdem
1415 1853 1625 1896 superiorum
1661 1854 1793 1887 licentia
1829 1863 1925 1886 rece-

1185 1907 1274 1947 dere,
1295 1917 1330 1939 ac
1349 1906 1380 1939 in
1403 1906 1557 1949 praefatis
1578 1907 1789 1950 prioratibus,
1808 1906 1840 1940 in
1859 1907 1929 1950 qui-

1183 1960 1243 1993 bus
1269 1960 1359 1993 nulla
1392 1960 1479 2003 viget
1511 1960 1671 2003 regularis
1702 1959 1928 2002 observantia,

1183 2013 1241 2046 soli
1269 2014 1318 2046 vel
1345 2023 1418 2046 cum
1444 2012 1563 2046 famulo
1596 2012 1740 2046 residere
1765 2017 1819 2046 aut
1843 2023 1929 2047 com-

1183 2066 1320 2107 morari,
1359 2076 1421 2099 non
1459 2066 1528 2099 sine
1565 2066 1708 2099 evidenti
1745 2066 1927 2100 animarum

1184 2130 1315 2152 suarum
1341 2119 1531 2153 discrimine
1558 2125 1589 2152 et
1613 2119 1811 2153 monasticae
1839 2119 1929 2153 disci-

1185 2173 1293 2216 plinae
1320 2172 1528 2212 detrimento,
1554 2172 1752 2216 quandoque
1778 2176 1929 2216 praeten-

1185 2227 1285 2267 dant,
1321 2225 1527 2258 occasionem
1561 2225 1720 2268 vagandi,
1754 2235 1855 2268 seque
1887 2225 1927 2258 ab

1185 2278 1394 2319 obedientia,
1417 2289 1513 2322 quarn
1533 2278 1597 2311 suis
1622 2278 1849 2322 superioribus
1874 2277 1929 2311 de-

1184 2332 1284 2373 bent,
1317 2331 1532 2365 subtrahendi
1568 2331 1643 2364 inde
1677 2336 1864 2374 captanteS,
1891 2341 1927 2364 ac

1184 2421 1227 2448 die
1242 2420 1271 2447 21
1292 2421 1391 2451 martii,
1409 2420 1502 2456 pontif.
1515 2427 1541 2453 v,
1553 2420 1729 2447 confirmatur
1743 2419 1924 2446 summarium

1183 2466 1413 2500 indulgentiarum
1434 2473 1504 2500 quae
1524 2473 1539 2491 a
1558 2464 1622 2491 dicti
1649 2464 1807 2491 monasterii
1827 2463 1926 2491 abbate

1185 2509 1303 2537 ltosariis
1324 2509 1485 2544 applicatur.

1223 2555 1230 2580 l
1256 2552 1356 2580 Forsan
1374 2552 1524 2588 provincid
1547 2551 1586 2579 vel
1604 2551 1762 2587 provinciis
1780 2550 1819 2585 (R.
1840 2551 1889 2586 12).
