2170 3147
37 176 74 200 An
104 175 131 199 (Ζ.
155 174 220 201 17Ξῦ

73 343 135 364 Fides
161 345 218 364 tran-

33 373 170 396 sumptorum.

53 1453 174 1474 Exuntmui.

53 1931 133 1953 Causae
148 1937 209 1958 prae·

26 1959 90 1989 sentis
108 1962 209 1980 eonstitu-

28 1987 95 2006 nouis.

823 178 1015 202 ulimmerus

228 229 260 256 et
277 223 493 256 decernimus.
510 224 542 256 In
557 224 754 258 contrarium
770 225 963 259 facientibus

227 286 290 309 non
318 275 520 308 obstantibus
545 277 814 321 quibuscumque.

272 328 286 371 ἓ
310 327 340 361 3.
369 328 521 361 Volumus
546 329 642 361 etiam
676 335 710 361 ut
742 331 963 373 praesentium

227 380 408 414 litterarum
436 382 667 425 transumptis,
703 392 757 414 seu
784 383 960 425 exemplis,

226 433 322 467 etiam
348 433 535 477 impressis,
560 445 656 467 manu
683 434 819 467 alicuius
845 435 963 467 notarii

224 486 348 530 publici
375 486 587 530 subscriptis,
614 493 645 520 et
669 487 775 530 sigillo
801 498 963 531 personae
985 511 986 516 ,

225 541 257 573 in
302 541 522 574 ecclesiastica
571 540 727 583 dignitate
763 541 962 573 constitutae

224 594 380 634 munitis,
406 595 520 627 eadem
547 604 680 637 prorsus
707 594 787 627 tides
812 594 962 627 adhibea-

225 652 286 687 tur,
305 657 387 690 quae
406 647 620 680 adhiberetur
636 647 715 691 ipsis
733 647 962 690 praesentibus
984 689 985 694 1

224 700 250 733 si
276 700 381 734 forent
407 701 570 733 exhibitae
595 702 643 733 vel
666 706 828 734 ostensae.

268 752 382 785 Datum
409 753 541 794 Romae,
568 755 651 797 apud
678 754 708 787 S.
738 754 876 795 Petrum,
904 755 986 787 sub⁴

224 806 345 839 annulo
386 806 580 846 Piscatoris,
618 807 670 840 die
710 818 782 841 xxiv
825 807 962 840 ianuarii

224 869 404 899 nnccxxw,
426 859 634 903 pontificatus
660 861 764 893 nostri
790 871 876 894 anno
902 871 938 894 11.

260 921 318 948 Dat.
336 921 380 948 die
399 921 431 948 24
452 921 566 948 ianuarii
590 922 667 954 1726,
684 922 781 957 pontis.
804 931 874 949 anno
897 929 926 949 11.

542 1062 640 1096 CVIII.

983 1120 985 1135 Ι

221 1143 402 1176 Μαηάαὶω·
426 1145 550 1176 servari
573 1145 817 1177 constitutiones
838 1149 963 1187 aposto·
983 1151 985 1184 t

266 1196 345 1229 licus
377 1197 413 1229 in
442 1197 581 1239 favorem
606 1198 838 1230 canonicorum
863 1208 959 1240 reyu·
983 1215 985 1241 ,1

267 1249 392 1282 teu-ium
416 1250 448 1283 S.
476 1251 618 1283 Antonii
642 1250 768 1283 abbatis
792 1250 908 1285 editas.

1042 179 1097 203 §nu
1122 180 1169 203 rr.
1645 171 1708 205 313
1758 182 1806 206 ‚m
1826 182 1852 206 c.
1880 182 1945 209 1726

1007 227 1082 267 bus,
1101 238 1218 272 nempe
1236 228 1402 261 Bonisacio
1421 228 1483 262 Vlll
1496 256 1503 270 ‚
1527 227 1692 262 Clemente
1707 230 1748 271 Y,

1008 280 1198 314 Innocentio
1215 281 1262 321 Vl,
1281 281 1439 324 Gregorio
1453 282 1503 322 xl,
1522 281 1642 315 Ioanne
1660 283 1749 330 XXII,

985 333 1142 368 iMartino
1180 334 1217 375 V,
1258 334 1403 377 Eugenio
1442 335 1492 374 tv,
1530 335 1649 368 Calisto
1690 336 1748 376 Ill,

1008 386 1094 419 Sixto
1129 387 1183 427 IV,
1220 387 1413 420 Innocentio
1448 388 1528 426 VIII,
1565 389 1674 421 Leone
1700 390 1748 428 X,

985 449 987 472 ῖ
1008 437 1172 471 Clemente
1196 439 1263 479 VII,
1291 440 1389 473 Paulo
1416 440 1471 480 111,
1497 439 1658 483 Gregorio
1684 441 1748 474 XIII

1009 497 1040 524 et
1064 490 1228 524 Clemente
1265 492 1329 525 VIII
1365 493 1397 525 in
1430 503 1542 526 eorum
1569 495 1750 528 costitutio-

1008 543 1102 576 nibus
1128 545 1368 587 quamplurima
1386 546 1512 579 Indulta
1531 552 1561 580 et
1579 547 1749 591 privilegia

985 601 987 622 t
1008 606 1165 629 concessa
1190 596 1354 630 suerunt¹.

1052 650 1066 692 g
1091 648 1122 682 ⁶2.
1150 649 1227 682 Cum
1253 656 1374 690 autem,
1400 651 1483 684 sicut
1510 653 1621 685 eadem
1649 664 1747 696 expo-

1812 667 1888 687 l'ieeos
1908 673 1943 687 eo-

1760 694 1851 713 inanimi
1880 699 1944 715 cauo-

985 704 986 735 }
1008 702 1081 735 sitio
1107 702 1333 746 subiungebat,
1360 704 1458 738 iidem
1475 712 1686 748 exponentes,
1707 718 1862 740 riciaeminu.

1008 756 1142 789 eaedem
1167 756 1418 790 constitutiones
1453 763 1484 790 et
1520 759 1688 801 privilegia
1714 760 1745 792 in

1007 814 1175 853 posterum
1200 809 1300 842 ullam
1327 810 1551 853 exceptionem
1582 812 1647 854 pati
1675 823 1748 854 pos-

1008 862 1082 902 sint,
1107 872 1167 905 pro
1194 861 1309 894 maiori
1335 863 1456 896 robore
1483 870 1514 896 et
1532 864 1746 903 observantia,

1008 920 1039 948 et
1064 915 1102 948 ad
1129 915 1366 948 consulendum
1393 923 1572 959 perpetuae
1600 917 1701 960 quieti
1720 923 1749 950 et

1008 967 1234 1011 tranquillitati
1261 967 1389 1000 Ordinis
1415 969 1584 1011 praedicti,
1604 971 1747 1003 omnium

1008 1021 1196 1054 eorumdem
1209 1020 1432 1054 Romanorum
1448 1022 1638 1056 Pontificum
1655 1035 1748 1066 prae-

1007 1074 1211 1106 decessorum
1247 1074 1519 1108 constitutionum
1546 1076 1583 1108 ad
1607 1076 1747 1109 savorem

983 1127 1082 1160 *dicti
1109 1127 1238 1160 Ordinis
1270 1127 1301 1161 S.
1331 1129 1461 1162 Antonii
1499 1129 1625 1162 abbatis
1660 1141 1748 1163 ema-

984 1188 1169 1221 ‘natarum,
1197 1187 1232 1213 ut
1256 1181 1454 1224 praefertur,
1481 1193 1517 1215 ac
1543 1183 1746 1226 singulorum

983 1270 984 1273 Ἰ
1007 1235 1249 1279 privilegiorum
1286 1235 1317 1267 in
1351 1235 1414 1268 illis
1440 1242 1688 1278 contentorum,
1715 1243 1747 1270 et

982 1284 1198 1332 'praesertim
1236 1289 1321 1322 illius
1357 1289 1530 1323 Clementis
1565 1290 1669 1334 Papae
1695 1291 1746 1324 vtt

403 1329 585 1357 Benedictus
611 1331 785 1365 episcopus.

363 1374 400 1400 ad
421 1375 556 1401 futuram
578 1376 623 1402 rei
645 1377 830 1404 memoriam.

265 1447 311 1480 Ad
331 1446 529 1490 apostolicae
549 1447 717 1490 dignitatis
739 1448 876 1491 apicem,
897 1460 963 1484 me-
983 1456 985 1483 J

221 1501 291 1535 ritis
316 1501 393 1534 licet
414 1501 602 1544 imparibus,
620 1501 726 1535 divina
745 1502 961 1546 dispositione
983 1505 984 1533 ἶ

221 1554 337 1594 evecti,
355 1564 404 1594 ea,
426 1564 507 1596 (inae
533 1566 549 1585 a
575 1554 728 1587 Romanis
749 1555 960 1590 Pontificibus

219 1607 532 1651 praedecessoribus
576 1607 695 1640 nostris
739 1608 777 1641 ad
821 1609 961 1642 savorem

219 1661 375 1695 Ordinum
395 1660 594 1704 regularium
610 1672 892 1706 quorumcumque
908 1664 960 1706 pie

218 1715 421 1759 provideque
447 1725 615 1748 emanasse
635 1715 796 1756 dicuntur,
816 1723 851 1749 ut
869 1716 960 1750 firma
981 1725 983 1762 t

219 1775 314 1812 atque
351 1769 478 1802 illibata
513 1776 751 1815 permaneant,
789 1772 959 1814 apostolici

218 1822 407 1856 muniminis
443 1822 636 1865 patrocinio,
664 1834 735 1856 cum
767 1824 797 1857 id
824 1835 840 1856 a
866 1825 959 1857 nobis

218 1873 351 1916 petitur,
378 1873 519 1906 libenter
543 1873 805 1908 constabilimus.

264 1926 327 1970 gl.
360 1926 485 1970 Exponi
523 1927 686 1970 siquidem
722 1928 817 1961 nobis
855 1939 960 1972 nuper

221 1980 366 2014 fecerunt
394 1980 501 2014 dilecti
540 1979 596 2013 filii
622 1980 766 2014 canonici
794 1983 981 2027 regulares

219 2032 348 2066 Ordinis
373 2032 404 2066 S.
434 2033 602 2076 Augustini
628 2034 758 2067 habitus
775 2034 806 2068 S.
828 2035 957 2068 Antonii
980 2037 982 2048 ¹

218 2086 344 2119 abbatis
371 2086 563 2130 nuncupati,
590 2097 624 2119 ac
643 2088 739 2120 etiam
761 2088 849 2120 Felix
867 2088 960 2122 Soler
979 2089 981 2135 l

218 2139 349 2172 illorum
385 2144 578 2182 praeceptor
614 2141 795 2182 generalis,
828 2137 981 2183 necnon}

218 2193 502 2226 commendatores
528 2199 559 2226 et
580 2194 767 2236 superiores
787 2195 958 2228 domorum

217 2246 360 2280 omnium
398 2251 428 2279 et
464 2245 677 2289 hospitalium
713 2247 788 2279 dieti
828 2247 957 2281 Ordinis

217 2310 254 2333 ac
289 2304 521 2343 praeceptores
560 2299 591 2331 in
629 2300 737 2342 regnis
773 2300 955 2342 Navarrae,

217 2353 424 2396 Aragoniae,
450 2352 658 2391 Cataloniae,
684 2353 847 2386 valentias:
865 2381 871 2394 ‚
899 2354 959 2387 Ma-

216 2406 348 2446 ioricae,
374 2405 550 2438 Minoricae
576 2406 765 2446 existentes,
791 2408 891 2450 quod,
918 2408 958 2441 ad

216 2460 319 2503 magis
345 2459 545 2493 confovenda
566 2459 694 2502 pietatis
712 2470 822 2503 opera,
845 2471 956 2494 eorum

217 2512 329 2546 Ordini
355 2523 372 2545 a
397 2512 591 2556 praedictis¹
618 2512 771 2546 Romanis
798 2513 958 2547 Pontifici-

255 2576 263 2601 1
282 2575 384 2602 Forsan
399 2575 536 2609 pluribus
553 2583 600 2610 pro
612 2576 775 2609 praedictis
791 2576 826 2611 (R.
843 2577 892 2610 T.).

306 2627 387 2655 Butt.
408 2628 491 2656 Rom.
515 2645 534 2648 ἡ·
570 2628 629 2657 Γοῖ.
651 2629 742 2656 XXII.
888 2630 922 2659 to

1006 1342 1091 1376 circa
1123 1343 1405 1387 quaestuationem
1441 1344 1651 1387 privativam,
1680 1346 1744 1377 eri-

1005 1396 1101 1439 gendi
1128 1396 1240 1428 altaria
1266 1396 1410 1429 eiusdem
1437 1397 1468 1430 S.
1490 1398 1623 1430 Antonii
1649 1398 1746 1430 abba-

1006 1449 1060 1488 tis,
1086 1448 1256 1493 illiusque²
1274 1459 1355 1492 quae
1374 1450 1489 1493 incipit
1514 1450 1649 1483 Ratione·
1673 1462 1745 1483 cou-

1003 1502 1111 1545 gffuit,
1133 1509 1208 1543 ete,
1228 1514 1244 1535 a
1268 1502 1365 1535 Paulo
1392 1503 1494 1546 Papae
1513 1503 1550 1536 Ill
1576 1505 1745 1537 confirma-

1005 1562 1063 1596 tae,
1089 1561 1184 1600 atque
1208 1556 1362 1590 ulterius⁸
1385 1557 1531 1600 Gregorii
1556 1557 1658 1601 Papae
1679 1558 1745 1591 xttt

1005 1610 1093 1642 cuius
1120 1610 1246 1642 initium
1279 1610 1421 1643 Romam·
1448 1611 1639 1654 Pontifices,
1675 1616 1743 1652 etc„

982 1663 1184 1696 *successive
1210 1664 1249 1696 ab
1276 1665 1390 1697 eodem
1416 1664 1580 1697 Clemente
1608 1665 1669 1697 vttt
1691 1677 1745 1708 pa-

1004 1716 1081 1749 riter
1095 1716 1314 1757 confirmatae,
1343 1717 1582 1751 observantiam
1607 1729 1624 1750 a
1649 1719 1743 1751 nobis

1004 1770 1193 1804 demandari
1221 1782 1428 1815 summopere
1447 1771 1630 1805 desiderent
1647 1784 1652 1805 z

1046 1822 1060 1865 ξ
1079 1821 1107 1855 3.
1126 1821 1202 1861 Nos,
1221 1821 1308 1865 ipsos
1327 1828 1529 1865 exponentes
1547 1823 1742 1867 specialibus
1769 1836 1939 1857 itti-nitatumob·

1766 1864 1852 1883 errandi
1876 1869 1938 1889 prae-

980 1916 981 1919 *
1003 1874 1168 1907 favoribus
1195 1880 1227 1907 et
1252 1875 1363 1918 gratiis
1398 1875 1550 1919 prosequi
1585 1869 1938 1918 veilentes,{=1.·112‹consutu-

1754 1918 1828 1936 tiones.

1003 1932 1033 1960 et
1059 1938 1075 1960 a
1101 1927 1266 1971 quibusvis
1292 1929 1653 1970 excommunicationis,
1672 1941 1741 1964 sus-

1002 1980 1168 2023 pensionis
1198 1987 1227 2014 et
1259 1981 1448 2023 interdicti,
1476 1982 1612 2026 aliisque
1638 1985 1742 2017 eccle-

1001 2034 1141 2067 siasticis
1159 2034 1340 2076 sententiis,
1366 2036 1513 2069 censuris
1531 2041 1562 2069 et
1580 2038 1705 2080 poenis,
1727 2049 1742 2069 a

1001 2087 1071 2121 iure
1098 2089 1145 2121 vel
1173 2089 1212 2121 ab
1239 2089 1392 2129 bomine,
1420 2090 1532 2132 quavis
1571 2090 1741 2123 occasione

1000 2142 1050 2174 vel
1077 2143 1171 2174 causa
1197 2141 1280 2182 latis,
1308 2142 1334 2174 si
1360 2142 1476 2185 quibus
1495 2144 1743 2186 quomodolibet

1001 2195 1148 2228 innodati
1177 2196 1327 2236 existunt,
1352 2197 1389 2229 ad
1417 2196 1565 2230 ell'ectum
1592 2208 1742 2241 praesen-

1003 2247 1080 2280 tium
1107 2248 1270 2281 dumtaxat
1307 2250 1600 2293 consequendum,
1627 2251 1741 2285 harum

1001 2300 1086 2334 serie
1113 2301 1319 2334 absolventes
1338 2307 1370 2334 et
1387 2302 1552 2335 absolutos
1578 2303 1646 2337 sore
1665 2316 1749 2344 cen<

1001 2359 1122 2395 sentes,
1147 2354 1442 2398 supplicationibus
1471 2367 1583 2389 eorum
1608 2358 1738 2391 nomine

1001 2407 1093 2441 nobis
1135 2418 1234 2451 super
1273 2408 1336 2442 hoc
1376 2405 1542 2443 humiliter
1581 2412 1740 2455 porrectis

1039 2489 1047 2514 1
1073 2487 1168 2514 Vocem
1187 2488 1308 2522 fuerunt
1329 2496 1378 2516 nos
1398 2489 1523 2517 addimus
1544 2491 1583 2524 (u.
1600 2493 1650 2526 Τ.).

1035 2532 1050 2558 2
1070 2531 1141 2559 Edit.
1163 2532 1242 2559 Main.
1264 2532 1346 2560 habet
1365 2534 1482 2569 illisque
1502 2538 1541 2569 (a.
1558 2538 1608 2569 τ.).

1036 2576 1049 2601 3
1067 2575 1167 2603 Forsan
1183 2577 1307 2605 alterius
1322 2586 1369 2611 pro
1386 2579 1510 2607 ulterius
1523 2580 1564 2615 (u.
1581 2580 1631 2615 r).
