2170 3147
255 188 308 214 An.
327 188 356 214 c.
375 186 443 213 1726
489 177 553 212 358

273 1150 315 1171 Seil
327 1153 400 1176 postea
411 1151 436 1170 ab

253 1175 375 1197 lunam-nno

253 1209 276 1223 rx
294 1202 525 1236 1110c‹.0=1‹„.oem‚
553 1202 638 1229 terra
670 1196 725 1229 illa
746 1196 836 1229 dedit
861 1197 1000 1228 fructum
1026 1206 1137 1234 suurn,
1163 1200 1195 1228 et

253 1232 290 1253 tu,
319 1236 365 1250 cuni
390 1233 436 1250 alus

451 236 589 279 sciplina
611 237 737 278 integre
757 235 937 278 rigidoque,
956 235 1070 273 illaesa
1088 239 1194 266 tamen

451 289 570 332 prioris
591 288 802 332 provincialis
823 288 1014 320 auctoritate
1034 287 1129 330 cique
1148 286 1198 318 de-

451 343 516 375 bita
542 343 761 382 subiectione,
789 342 928 384 vigeret,
956 341 1059 373 felicis
1087 350 1197 372 recor-

452 395 591 428 dationis
617 396 890 438 praedecessores
924 394 1026 427 nostri
1061 394 1197 427 Alexan-

451 449 509 482 der
535 449 620 492 Papa
645 449 695 481 Vll
729 455 761 482 et
786 449 935 482 Clemens
962 449 1047 491 Papa
1071 448 1110 480 lx
1147 458 1197 479 ar-

451 502 562 535 ctioris
589 502 685 535 liuius
711 502 935 535 observantiae
971 502 1001 534 in
1033 501 1196 534 antedicto

450 560 613 588 conventu
640 555 671 588 S.
694 555 832 588 Sabinae
858 557 1057 599 palaestram
1084 559 1115 587 et
1141 555 1196 587 do-

449 608 605 641 micilium
635 600 861 646 collocarunt,
889 614 941 645 ut,
970 608 1136 651 tyronibus
1164 607 1195 639 in

449 663 486 695 ea
511 662 667 695 severiori
688 662 917 695 exercitatione
935 660 1106 700 institutis,
1126 660 1196 693 imi-

450 715 547 748 tanda
582 715 708 747 virtutis
743 717 892 758 exempla
922 725 981 758 per
1013 714 1194 746 universam

448 768 647 811 provinciam
674 767 903 800 diffunderent.
936 766 1047 810 Neque
1088 772 1194 799 tamen

447 821 635 864 provinciae
678 826 708 854 et
748 820 941 864 provinciali
980 820 1195 853 LombardIae

448 875 624 919 quidquam
644 867 725 907 iuris
745 881 775 907 et
793 874 992 908 auctoritatis
1014 874 1194 906 detractum

448 934 518 969 est,
546 935 582 962 ut
607 929 637 961 in
664 929 854 972 apostolicis
884 928 1030 971 ipsorum
1057 927 1195 966 litteris,

447 982 513 1015 illis
538 982 732 1026 praesertim
760 992 839 1025 quas
867 982 1017 1014 laudatus
1045 980 1193 1014 Clemens

448 1036 533 1079 Papa
548 1036 582 1068 tx
606 1036 696 1069 dedit
713 1036 764 1068 die
783 1046 833 1069 xxt
852 1035 926 1068 maii
942 1045 1027 1068 anno
1041 1044 1192 1074 Moetxm

448 1089 638 1132 perspicere
665 1089 754 1122 licet.

492 1143 507 1186 g
531 1142 563 1175 ⁶2.
592 1143 702 1185 Igitur,
731 1142 868 1175 Domino
895 1143 994 1175 dante
1015 1141 1195 1184 benignita-

1039 185 1221 210 Bt'LLAiuUM
1245 184 1400 209 Romnum

1242 233 1331 275 poris
1357 233 1558 277 experientia
1584 234 1702 273 edocti,
1728 238 1823 276 atque
1850 233 1888 266 ad
1910 243 1986 277 pro-

1243 287 1447 329 pagationem
1474 298 1539 320 non
1567 288 1670 320 minus
1697 299 1793 330 quain
1816 297 1986 320 conserva-

1243 341 1362 373 tionem
1390 341 1531 384 pnrioris
1557 341 1746 383 disciplinae
1773 341 1917 373 animum
1937 340 1986 372 in-

1242 394 1424 432 tendentes,
1436 393 1725 426 constitutionibus
1739 400 1984 426 antecessorum

1242 452 1428 479 nostrorum
1457 447 1544 478 Pauli
1570 446 1608 479 lll
1625 473 1632 485 ,
1657 446 1688 479 S.
1713 446 1757 478 l'ii
1784 445 1818 485 V,
1848 446 1984 479 Alexan-

1241 499 1288 531 dri
1312 500 1360 532 Vll
1387 505 1418 532 et
1436 499 1610 532 Clementis
1632 499 1687 538 IX,
1711 505 1741 531 et
1767 498 1866 542 ipsius
1885 500 1984 531 etiam

1240 553 1420 586 Innocentii
1459 553 1511 585 xit
1551 553 1720 596 proposito
1757 552 1982 593 inhaerentes,

1240 617 1366 638 necnon
1394 606 1563 638 desideriis
1589 611 1620 637 ct
1645 605 1814 638 conatibus
1839 605 1986 639 comitio-

1240 670 1310 691 rum
1353 659 1554 692 dilectissimi
1591 658 1719 691 Ordinis
1760 658 1985 701 suffragantes,

1241 718 1313 756 post
1332 718 1490 745 maturam
1512 712 1785 745 deliberationem
1811 717 1842 745 et
1867 711 1986 744 collata

1241 766 1376 798 consilia
1413 776 1485 798 cum
1522 765 1599 798 viris
1636 766 1706 798 zelo
1743 765 1985 809 prudentiaque

1241 819 1485 857 commendatis,
1506 817 1578 861 per¹
1597 818 1792 861 apostolicas
1811 818 1908 851 hasce
1926 828 1986 850 no-

1240 879 1321 905 stras
1346 873 1378 904 in
1405 873 1506 905 forma
1533 872 1642 905 Brevis
1668 872 1791 904 litteras
1823 876 1984 914 perpetuo

1240 926 1393 959 valituras
1413 925 1634 969 praecipimus
1655 931 1687 958 et
1706 925 1915 965 mandamus,
1932 929 1983 965 ut,

1240 979 1351 1011 stricta
1374 978 1584 1012 observantia
1605 978 1696 1010 firma
1714 983 1928 1021 permanente
1951 977 1984 1010 in

1240 1033 1451 1066 conventibus
1472 1032 1607 1065 inseritis
1626 1032 1857 1076 exprimendis,
1875 1031 1986 1064 salvis-

1240 1098 1302 1130 que
1330 1086 1451 1129 regulis
1476 1097 1555 1129 quas
1581 1096 1642 1129 pro
1668 1085 1843 1118 munienda
1866 1095 1986 1129 propa-

1239 1141 1409 1184 gandaque
1435 1140 1638 1173 observantia
1664 1140 1696 1172 in
1721 1139 1884 1172 antedicta
1909 1149 1986 1182 pro-

1240 1194 1343 1226 vincia
1368 1193 1581 1226 Lonibardiae
1604 1193 1872 1236 praeseribendas
1898 1191 1986 1225 duxi-

1992 183 2043 212 An.
2062 184 2090 211 C.
2109 186 2170 216 tm

1238 1259 1317 1289 mus,
1337 1248 1533 1288 auctoritati,
1553 1248 1779 1288 iurisdictioni‚
1797 1246 1984 1288 visitationi,

1239 1302 1443 1342 correctioni,
1474 1312 1569 1335 curae
1608 1307 1639 1334 et
1676 1301 1828 1344 regimini
1864 1301 1984 1345 prioris

1240 1355 1447 1398 provincialis
1482 1354 1699 1387 Lombardiae
1737 1364 1797 1397 pro
1835 1359 1985 1398 tempore

252 1249 640 1308 Effisss'lllss}‘Ess‘prffl'lncmll
667 1259 726 1282 suo
745 1250 842 1292 plene
864 1249 1009 1281 subiecta
1026 1248 1195 1291 provincia

252 1309 313 1329 lum
339 1317 350 1329 ³
374 1302 673 1342 ¹'um-Lon‘ilziardiae,
694 1307 757 1335 tani
776 1303 809 1335 in
828 1306 991 1336 conventu
1009 1302 1039 1335 S.
1056 1302 1193 1335 Sabinae

252 1336 344 1356 dictione
354 1343 436 1362 proitn.

252 1364 312 1382 ⁶¹¹¹«
340 1367 544 1400 ‘'¹⁵'111rtaqtlssm
569 1357 603 1389 in
628 1356 700 1389 aliis
725 1356 881 1389 strictiori
900 1355 1127 1389 observantiae
1153 1355 1195 1388 di-

275 2576 329 2600 unio
339 2580 361 2600 ut
372 2578 392 2599 in
402 2583 436 2599 ru-

252 2605 321 2628 brice.

252 1389 384 1412 mmmm
447 1410 535 1450 eatis,
559 1421 762 1443 summorum
789 1409 979 1443 Pontificum
1006 1409 1196 1453 praedeces-

448 1475 560 1498 sorum
600 1470 788 1498 nostrorum
826 1463 970 1497 consiliis
1007 1468 1039 1496 et
1076 1463 1217 1506 optatis*

449 1519 654 1552 comitiorum
673 1518 876 1561 generalium
905 1518 1106 1560 respondere
1125 1527 1195 1560 per-

448 1573 549 1613 rexit3
573 1573 692 1612 donec,
719 1572 779 1604 sub
801 1572 994 1604 Innocentio
1012 1571 1064 1603 ΧΠ
1090 1570 1193 1603 felicis

448 1624 561 1658 itidem
588 1625 825 1658 recordationis
860 1625 1111 1668 praedecessore
1137 1634 1194 1657 no-

447 1684 523 1719 stro,
540 1684 690 1722 exempta
704 1679 746 1711 ob
761 1678 849 1711 omni
864 1678 1090 1711 iurisdictione
1108 1678 1195 1720 prio-

447 1732 491 1765 ris
517 1731 744 1775 provincialis,
773 1730 988 1774 Congregatio
1014 1735 1121 1763 erecta
1146 1735 1194 1763 est

447 1785 479 1818 S.
496 1784 645 1824 Sabinae,
661 1785 773 1827 eique,
791 1784 861 1817 aliis
875 1783 1043 1817 nonnullis
1058 1783 1193 1816 attribu·

449 1839 487 1871 tis
506 1838 733 1879 conventibus,
756 1838 908 1881 proprius
934 1837 1070 1870 vicarius
1101 1848 1193 1880 prae-

447 1891 571 1936 positus
592 1898 655 1929 est,
678 1902 694 1924 a
721 1891 866 1934 generali
891 1891 1019 1924 Ordinis
1040 1891 1192 1934 magistro

447 1944 584 1987 singulis
609 1944 751 1977 bienniis
779 1945 969 1987 eligendus,
997 1949 1031 1977 ut
1060 1944 1092 1976 in
1119 1954 1192 1987 apo-

448 1999 571 2032 stolicis
604 1999 737 2039 litteris,
764 2010 842 2042 quas
875 2009 960 2032 anno
987 1999 1034 2032 sui
1065 1998 1193 2042 pontifi-

448 2058 538 2085 catus
563 2063 593 2086 1v
624 2052 731 2093 dedit,
758 2052 858 2085 fusius
884 2052 1076 2095 explicatur.
1105 2051 1192 2084 Votis

449 2113 554 2140 tamen
592 2107 739 2140 eiusdem
765 2106 929 2139 Pontificis
962 2106 1191 2139 observantiae

447 2161 543 2194 latius
570 2160 757 2194 dilatandae
790 2160 894 2193 exitus
930 2159 1064 2192 minime
1098 2159 1193 2192 obse-

448 2214 618 2254 cundavit3
651 2213 760 2246 floruit
789 2213 875 2246 enim
907 2212 1069 2255 regularis
1100 2211 1193 2244 disci-

447 2267 534 2310 plina
560 2273 591 2299 et
612 2267 643 2300 S.
664 2266 803 2300 Sabinae
828 2265 1045 2309 Congregatio
1064 2265 1193 2309 optimis

448 2321 606 2364 exemplis
633 2320 806 2363 religiosae
838 2320 963 2353 virtutis
989 2320 1191 2360 abundavit,

448 2374 517 2413 sed,
537 2384 596 2417 per
614 2384 729 2406 novam
748 2374 837 2406 illam
856 2373 1025 2416 regiminis
1044 2373 1192 2410 sormam,

447 2427 556 2470 potius
595 2427 678 2459 intra
704 2427 975 2469 Congregationis
1011 2427 1090 2460 sines
1116 2437 1193 2460 con-

448 2481 547 2520 clusa,
574 2490 669 2522 quain
694 2480 732 2512 ad
761 2480 857 2512 totins
888 2480 1076 2522 provinciae
1107 2480 1193 2512 utili-

448 2538 547 2566 tatem
574 2532 771 2575 amplisicata
792 2533 1000 2566 observantia
1025 2539 1086 2566 est.

492 2586 507 2631 ἓ
531 2586 562 2620 3.
585 2585 649 2620 Nos
665 2586 816 2630 proinde,
836 2587 987 2620 diuturna
1005 2587 1094 2631 longi
1113 2592 1192 2621 tern-

1240 1408 1407 1442 existentis
1439 1408 1573 1441 omnino
1609 1412 1746 1451 pareant
1781 1413 1812 1441 et
1846 1407 1985 1441 subiecti

1239 1462 1319 1502 sint,
1335 1464 1399 1494 una
1417 1472 1490 1494 cum
1516 1461 1667 1494 omnibus
1685 1461 1787 1501 bonis,
1807 1460 1930 1494 iuribus
1953 1465 1986 1494 et

1240 1515 1446 1559 pertinentiis
1464 1514 1540 1554 suis,
1563 1519 1739 1547 conventus
1761 1520 1792 1548 et
1812 1514 1926 1547 fratres
1951 1514 1985 1547 in

1239 1569 1317 1612 ipsis
1336 1573 1584 1608 commorantes,
1602 1568 1772 1601 videlicet:
1794 1567 1826 1600 S.
1846 1567 1984 1601 Sabinae

1240 1623 1369 1662 Itomae,
1402 1622 1433 1655 S.
1454 1621 1614 1654 Dominici
1648 1621 1833 1662 Ravennae,
1867 1620 1901 1654 S.
1922 1620 1985 1654 Do-

1238 1676 1347 1708 miniei
1373 1675 1552 1713 Ferrariae,
1578 1674 1608 1707 S.
1638 1674 1797 1707 Dominici
1833 1674 1865 1707 in
1902 1674 1984 1708 urbe

1237 1730 1266 1763 S.
1282 1729 1446 1768 Severini,
1467 1728 1497 1761 S.
1515 1727 1710 1761 Catliarinae
1728 1728 1761 1760 in
1779 1727 1875 1760 Trino
1895 1727 1985 1761 dioe-

1238 1784 1318 1817 cesis
1345 1782 1538 1823 Casatcnsis,
1565 1788 1596 1815 ct
1621 1782 1676 1826 qui
1699 1782 1796 1825 positi
1821 1787 1896 1814 sunt
1919 1782 1985 1814 Au-

1237 1837 1324 1876 ximi,
1350 1836 1521 1874 caesenae,
1550 1836 1581 1868 ln
1607 1836 1707 1878 Lugo,
1723 1835 1755 1867 in
1773 1835 1924 1875 Meldula,
1949 1834 1984 1868 in

1238 1890 1416 1929 Bonisacio,
1453 1891 1515 1921 una
1553 1899 1623 1921 cum
1661 1889 1764 1922 altero
1802 1888 1833 1920 in
1867 1888 1984 1921 eedem

1237 1944 1340 1977 insula
1358 1943 1485 1977 Corsica
1516 1945 1706 1983 constituto,
1733 1942 1869 1986 perinde
1895 1953 1931 1975 ac
1956 1941 1982 1975 si

1237 2008 1402 2041 nunqnam
1432 1996 1631 2040 apostolicae
1668 1996 1795 2029 litterae
1833 1995 1982 2029 eiusdem

1237 2051 1421 2084 Innocentii
1437 2050 1488 2083 §211
1508 2050 1654 2093 aliaeque
1673 2050 1897 2083 costitutiones
1915 2049 1983 2083 edi·-

1238 2110 1288 2137 tae
1319 2104 1473 2143 fuissent,
1499 2114 1582 2146 quae
1611 2108 1816 2136 enumeratos
1841 2113 1983 2136 conven-

1239 2163 1288 2190 tus
1315 2157 1353 2189 ab
1392 2156 1585 2189 auctoritate
1611 2166 1647 2188 ac
1672 2156 1741 2188 iure
1767 2155 1889 2198 prioris
1911 2165 1984 2198 pro-

1237 2210 1384 2243 vincialis
1410 2210 1625 2243 Lonibardiae
1662 2215 1717 2242 aut
1753 2208 1911 2252 cuiusque
1940 2208 1984 2242 al-

1238 2264 1339 2298 terius
1366 2263 1841 2308 provincialisssubduxerunt;
1864 2261 1983 2305 quihus

1238 2323 1269 2350 et
1294 2318 1364 2350 aliis
1390 2318 1423 2350 in
1456 2317 1626 2350 contrariis
1660 2315 1909 2360 quomodolibet
1935 2315 1981 2348 sa—

1237 2370 1399 2404 cientibus
1426 2371 1464 2404 de
1495 2370 1700 2413 plenitudine
1729 2369 1900 2413 potestatis
1922 2377 1983 2412 per

1238 2426 1296 2457 lias
1323 2430 1510 2468 praesentes
1544 2424 1666 2457 litteras
1697 2422 1894 2467 amplissime
1925 2421 1981 2454 de-

1237 2489 1401 2521 rogamus.

1280 2531 1351 2574 §la
1378 2532 1438 2564 Pro
1470 2531 1689 2564 conservanda
1721 2539 1796 2562 vero
1830 2538 1866 2562 ac
1899 2527 1980 2561 dila-

1273 2595 1282 2621 1
1306 2593 1374 2622 Male
1395 2593 1459 2621 edit.
1481 2593 1560 2622 Maia.
1581 2592 1648 2628 legit
1666 2595 1691 2620 et
1709 2599 1760 2627 pro
1777 2599 1832 2627 per
1846 2593 1885 2626 (a.
1902 2593 1952 2625 Τ.).

1998 2533 2170 2556 Praescribuntut

1992 2560 2095 2583 nonnulla
2134 2564 2170 2587 pru
