2170 3147
223 226 271 250 An.
290 227 320 252 C.
347 226 413 252 1727

240 1296 406 1320 Appellatio-uun

221 1324 295 1353 'iunius
316 1325 336 1342 ct
355 1324 406 1343 undo

222 1353 313 1375 pontiur.

461 216 526 249 544
1006 225 1188 249 nummum

418 285 594 318 scoporum
621 280 654 306 et
679 274 878 316 regularium
905 285 957 306 an.
986 284 1168 312 notxxxvu,

417 327 647 360 confirmanius
695 333 726 361 ct
772 328 966 361 innovamus
1017 327 1170 360 similiter

420 392 649 424 quaecumque
675 382 833 414 haetenus
859 381 944 414 eirca
976 381 1169 424 appellatio-

419 445 477 467 nes
511 440 705 467 emanarunt
737 435 776 467 ab
803 435 990 478 Apostolica
1014 434 1110 474 Sede,
1138 440 1169 467 et

418 488 596 531 praecipue
622 488 877 521 constitutiones
900 499 957 531 pro
976 488 1091 521 eodeni
1112 488 1168 521 Or-

419 541 494 574 dine
514 541 671 574 Bonifacii
692 541 754 573 vltl
782 542 812 573 in
839 541 1028 584 praecitatis
1051 541 1166 574 litteris

417 594 651 638 incipientibus
690 595 743 628 Ad
775 599 1005 637 auymcnlum,
1040 596 1167 628 Bonifa-

417 648 457 681 cii
479 648 519 680 15.
536 648 655 682 Sacrae
672 649 856 691 reli‘qi'onz‘S‚
880 659 896 681 v
915 649 1071 682 kalendas
1090 650 1165 682 maii

416 711 522 741 MCDH,
549 701 622 734 Iulii
648 702 672 734 II
693 702 885 745 Ezposuisti
902 703 1003 742 nobis,
1022 713 1092 735 xxw
1111 714 1166 736 no-

416 754 557 787 vembris
574 764 665 794 MDXl,
683 766 718 787 ac
736 755 855 788 Leonis
875 756 898 787 X
919 756 1062 788 Romani
1078 756 1165 788 Pon-

418 807 533 849 tificis,
567 818 638 841 xxix
665 808 778 850 aprilis
803 818 949 848 Mvaui,
976 814 1007 841 et
1033 808 1163 851 quidem

417 861 525 904 quoad
553 861 663 894 omnia
691 867 723 894 et
740 861 870 904 singula
887 862 920 894 in
938 862 983 895 eis
1001 868 1164 902 contenta,

417 915 514 947 etiam
552 915 659 958 quoad
692 925 845 948 censuras
872 916 957 948 latae
983 917 1164 949 sententiae

417 974 449 1001 et
484 978 626 1011 poenas,
658 968 755 1001 ctiam
792 975 906 1002 contra
942 980 1165 1012 quoscumque

418 1021 542 1055 iudices
580 1021 821 1055 ecclesiasticos
847 1027 879 1055 et
904 1024 1090 1055 saeculares
1125 1023 1164 1055 de

417 1075 646 1108 huiuscemodi
666 1075 941 1118 appellationibus
968 1086 1166 1118 cognoscere

416 1129 563 1162 volentes
596 1133 708 1161 contra
734 1128 885 1161 ordinem
918 1134 1104 1161 contentum
1136 1134 1167 1162 et

416 1182 842 1225 rationem'praescriptam
870 1181 901 1214 in
921 1182 1095 1225 praedictis
1120 1182 1165 1215 lit-

418 1236 495 1269 teris
521 1235 720 1279 apostolicis.

461 1290 476 1333 g
500 1289 554 1322 40.
574 1289 688 1329 Immo,
709 1299 808 1332 quum
833 1289 929 1322 etiam
956 1289 1052 1323 nobis
1079 1295 1166 1323 certo

417 1348 555 1383 constet,
581 1342 787 1386 superiorum
813 1343 1034 1386 praefatorum
1061 1349 1167 1377 aucto-

417 1397 549 1429 ritatem
576 1397 665 1429 eludi
692 1402 723 1429 et
747 1397 925 1437 contemni,
945 1397 971 1430 si
989 1397 1074 1430 circa
1091 1408 1165 1431 con-

417 1450 587 1484 cernentia
604 1455 723 1482 statum
741 1450 847 1493 ipsum
866 1452 1063 1493 regularem,
1083 1462 1165 1494 quae

418 1504 563 1538 totaliter
599 1504 735 1537 remissa
771 1509 845 1536 sunt
871 1510 903 1537 et
938 1515 1008 1537 csse
1046 1505 1167 1538 debent

416 1558 562 1602 ipsorum
588 1557 742 1600 religioni
769 1563 801 1591 et
826 1557 961 1598 iudicio,
982 1558 1164 1591 cuiusmodi

416 1616 492 1644 sunt
517 1611 650 1644 fratrum
677 1610 927 1653 assignationes,
952 1612 1164 1652 remotiones,

416 1665 706 1709 dispensationes,
743 1664 923 1697 lectionum
962 1670 994 1697 et
1028 1664 1164 1698 aliorum

416 1729 590 1752 munerum
623 1717 834 1757 collationes,
859 1728 895 1750 ac
929 1724 1036 1751 cetera
1069 1729 1166 1761 quae-

416 1782 556 1816 cumque
593 1782 653 1814 per
689 1771 941 1804 constitutiones
968 1772 1163 1814 apostolicas

415 1831 446 1859 et
476 1825 552 1858 dicti
578 1824 707 1858 Ordinis
735 1825 849 1858 relicta
873 1824 1007 1858 arbitrio
1033 1831 1065 1857 ct
1089 1835 1165 1868 pru-

416 1879 546 1913 dentiae
573 1878 765 1912 eorumdem
792 1879 1026 1921 praelatorum,
1055 1884 1164 1921 pateat

414 1942 567 1966 recursus
585 1932 625 1965 ad
644 1931 842 1974 apostolicos
868 1932 1005 1964 nuncios
1022 1938 1162 1975 nostros,

418 1986 644 2029 vice-legatos,
660 1996 697 2019 ac
719 1991 845 2018 ceteros
864 1984 957 2019 Sedis
975 1985 1164 2029 praedictae

415 2050 453 2073 ac
477 2045 608 2073 nostrae
642 2039 832 2079 ministros,
858 2039 928 2072 istis
954 2039 1106 2071 omnibus
1133 2044 1164 2072 et

416 2093 555 2135 singulis
570 2093 762 2126 auctoritate
778 2093 959 2136 apostolica
972 2093 1163 2125 mandamus

415 2152 447 2180 et
470 2146 705 2190 praecipimus,
727 2157 766 2179 ne
789 2146 820 2178 in
847 2146 964 2179 iisdem
990 2156 1061 2179 sese
1084 2146 1163 2178 ulla-

415 2206 510 2233 tenus
543 2200 575 2232 in
610 2205 775 2243 posterum
807 2199 1039 2240 intromittant3
1066 2205 1161 2243 atquc

416 2252 450 2285 in
476 2253 540 2286 illis
566 2253 657 2296 ipsis,
680 2263 763 2296 quae
783 2263 843 2296 per
866 2253 948 2285 viam
974 2253 1162 2295 appellatio-

415 2306 465 2339 nis
492 2317 529 2339 ex
556 2306 734 2349 apostolico
753 2306 862 2349 aliquo
884 2306 1015 2349 speciali
1035 2306 1161 2339 indulto

416 2360 550 2393 eosdem
576 2370 670 2403 posse
697 2370 935 2403 recognoscere
965 2360 1044 2393 alias
1069 2366 1159 2394 certo

416 2418 592 2453 constaret,
615 2423 680 2446 non
706 2413 800 2446 aliter
826 2413 857 2446 id
884 2414 986 2447 facere
1005 2424 1099 2457 posse
1125 2424 1161 2447 ac

417 2465 560 2506 debere,
586 2466 790 2499 declaramus
817 2473 847 2499 ct
872 2468 1039 2506 volumus,
1066 2478 1160 2511 quam

416 2517 598 2561 praemissa
616 2528 675 2561 per
693 2520 805 2552 tratres
832 2520 905 2553 illos
932 2520 1078 2563 graduali
1105 2532 1160 2564 ap-

417 2571 596 2614 pellatione
630 2581 688 2613 per
723 2579 912 2615 praesentes
946 2574 1005 2606 lias
1031 2580 1158 2607 nostras

416 2625 540 2658 litteras
560 2628 715 2667 perpetuo
734 2625 927 2667 constituta;
945 2627 1158 2660 veliementer

1215 225 1372 249 aomivuu
1961 227 2008 252 An.
2031 226 2059 252 c.
2083 226 2147 255 ¹727

1213 273 1246 306 in
1276 273 1412 307 Domino
1449 275 1618 308 hortantes
1653 281 1749 318 atque
1782 274 1957 308 excitantes

1214 338 1432 371 quascumque
1464 329 1699 362 venerabilium
1734 329 1867 361 fratrum
1903 339 1958 361 no-

1212 387 1350 413 strorum
1376 382 1504 414 s.R.E.
1534 381 1749 414 cardinalium
1771 382 1958 424 Congrega-

1214 433 1336 474 tiones,
1362 440 1396 467 ut
1420 435 1563 468 severius
1590 435 1731 478 desuper
1756 435 1958 468 animadver-

1213 493 1282 520 tant
1306 493 1419 520 contra
1444 488 1559 520 fratres
1577 488 1743 531 quoslibet
1767 488 1871 521 nostri
1898 488 1958 520 hu-

1212 541 1300 574 iusce
1318 541 1448 574 Ordinis
1474 541 1513 574 ad
1539 541 1744 574 retinendam
1770 542 1956 584 regularem

1211 595 1451 628 observantiam
1478 594 1510 627 in
1533 595 1595 627 Iioc
1615 594 1687 638 ipso
1713 594 1913 627 deficientes,

1255 649 1270 691 ξ
1295 649 1349 681 lil.
1369 648 1585 681 Attendentcs
1605 649 1722 681 deinde
1740 659 1822 691 quae
1840 658 2091 707 sanxe-msffipuvffr
2101 666 2149 708 3¹1:-

1210 707 1285 733 runt
1305 702 1577 744 praedecessores
1604 702 1706 734 nostri
1724 700 1901 744 Gregorius
1917 701 2151 766 Ikgtei'iuffiffisffi.

1187 777 1188 785 i
1210 760 1242 787 et
1263 755 1472 788 Innocentius
1498 755 1533 787 IV
1559 755 1590 787 in
1618 766 1728 787 corum
1755 753 2043 788 constitutio-tuum.

1210 807 1305 840 nibus
1331 807 1488 840 ambabus
1514 808 1747 850 incipientibus
1776 807 1862 847 Quia
1886 818 1957 840 con-

1209 861 1295 903 fusio
1321 861 1468 901 habitam,
1493 871 1549 894 v111
1581 861 1737 894 kalendas
1770 861 1956 894 novembris

1210 923 1378 954 mccxxxix,
1405 924 1461 947 vm
1487 914 1642 947 kalendas
1667 913 1780 957 aprilis
1806 923 1954 954 Mcch1v‚

1211 973 1242 1000 et
1282 967 1456 1010 Gregorius
1492 968 1530 1000 XI
1577 968 1702 1000 Virtute
1741 968 1927 1010 conspicuos
1948 994 1955 1006 ,

1211 1031 1233 1054 ιι
1251 1032 1355 1054 nonas
1381 1021 1487 1053 martii
1513 1030 1706 1061 ncchvxw,
1728 1021 1876 1053 Clemens
1893 1019 1957 1052 VIII

1209 1074 1241 1106 in
1263 1079 1366 1107 const.
1388 1079 1438 1107 clv
1456 1074 1506 1106 Ex
1531 1074 1678 1106 iniuncto
1704 1074 1805 1114 nobis,
1825 1084 1848 1106 11
1867 1078 1956 1106 octo-

1209 1127 1276 1160 bris
1301 1136 1415 1166 ichui,
1437 1137 1473 1159 ac
1497 1127 1676 1160 novissime
1703 1127 1889 1160 Alexander
1906 1126 1956 1158 VII

1209 1181 1242 1213 in
1268 1180 1503 1213 constitutione
1529 1180 1579 1213 Ea:
1603 1180 1755 1212 iniuncto
1780 1179 1958 1219 nobis‚v111

1209 1234 1364 1267 februarii
1391 1243 1550 1267 unctxvlz
1571 1233 1627 1266 illa
1644 1234 1767 1274 omnia,
1786 1233 1959 1267 auctorita-

1211 1293 1251 1328 te,
1278 1293 1369 1321 motu
1395 1293 1427 1321 et
1451 1288 1587 1321 scientia
1612 1287 1791 1331 praedictis
1809 1314 1816 1328 ‚
1843 1287 1958 1321 confir-

1209 1348 1334 1375 mantes
1360 1353 1396 1374 ac
1422 1341 1626 1381 innovantes,
1643 1341 1793 1374 similiter
1810 1341 1957 1374 districte

1210 1397 1400 1429 mandamus
1428 1396 1581 1429 fratribus
1606 1395 1803 1435 TrinitariiS,
1830 1401 1862 1428 et
1886 1395 1957 1428 aliis

1210 1451 1495 1494 quibuscumque,
1518 1459 1558 1482 ne
1584 1450 1670 1482 ullus
1697 1460 1811 1482 eorum
1837 1450 1956 1483 audeat

1208 1504 1348 1547 posthac
1374 1503 1521 1536 habitum
1549 1504 1681 1536 fratrum
1706 1502 1836 1536 Ordinis
1860 1503 1957 1536 Prae-

1210 1559 1392 1591 dicatorum
1424 1558 1473 1590 vel
1495 1557 1556 1601 ipsi
1578 1558 1659 1591 adeo
1684 1557 1823 1591 similem
1851 1558 1956 1591 defer-

1209 1623 1255 1652 re,
1284 1617 1319 1644 ut
1344 1613 1445 1644 frater
1466 1611 1614 1645 ciusdem
1640 1611 1770 1645 Ordinis
1791 1612 1956 1645 Praedica-

1211 1672 1313 1699 torum
1336 1666 1425 1699 credi
1447 1666 1539 1698 facile
1556 1666 1668 1709 possit,
1688 1666 1831 1710 exceptis
1849 1670 1955 1700 tamen

1209 1718 1401 1752 eremitanis
1427 1719 1531 1751 sancti
1550 1719 1651 1761 patris
1677 1718 1862 1761 Augustini,
1889 1719 1956 1763 qui-

1209 1772 1267 1804 bus
1294 1772 1325 1804 in
1352 1772 1450 1804 certis
1469 1772 1720 1805 circumstantiis
1737 1772 1817 1805 alias
1836 1783 1853 1805 a
1873 1772 1955 1806 Sede

1209 1826 1397 1869 Apostolica
1424 1826 1555 1858 habitus
1580 1827 1672 1859 albus
1699 1827 1844 1860 eiusdem
1866 1826 1955 1860 Ordi-

1209 1880 1258 1912 nis
1282 1879 1461 1923 permissus
1487 1885 1555 1919 est;
1589 1880 1627 1912 ab
1654 1880 1705 1912 Iiis
1730 1886 1835 1913 tamen
1862 1881 1955 1913 liabi-

1209 1938 1276 1965 tum
1303 1933 1395 1966 illum
1422 1943 1486 1965 non
1513 1933 1606 1966 aliter
1642 1934 1764 1967 deferri
1797 1935 1952 1975 volumus,

1208 1987 1416 2020 decernimus
1439 1992 1471 2019 et
1495 1987 1694 2027 mandamus,
1721 1998 1819 2030 quam
1844 1987 1955 2021 secun-

1208 2041 1282 2073 dum
1314 2040 1513 2084 praedictam
1546 2040 1721 2074 Clementis
1746 2041 1809 2073 VIII
1836 2042 1954 2074 consti-

1208 2095 1388 2133 tutionem,
1414 2094 1476 2127 bac
1502 2096 1614 2127 nostra
1651 2094 1828 2127 inviolabili
1855 2096 1950 2138 lege,

1207 2153 1345 2191 propter
1377 2148 1497 2180 motiva
1533 2147 1725 2180 iamdudum
1757 2149 1953 2190 relataper

1207 2202 1425 2234 Alexandrum
1446 2201 1480 2233 IV
1499 2201 1532 2233 in
1551 2201 1620 2234 eius
1638 2202 1869 2235 constitutione
1889 2202 1952 2235 Me-

1205 2255 1364 2288 minimus
1396 2265 1454 2287 nos
1491 2254 1597 2287 idibus
1634 2255 1776 2288 octobris
1812 2264 1949 2295 MCCle;

1206 2308 1510 2350 districtissimeque
1529 2307 1607 2350 ipsis
1627 2307 1815 2341 eremitanis
1840 2308 1950 2352 prohi-

1205 2361 1400 2400 bcm¹1s‚ne
1434 2366 1523 2393 extra
1557 2361 1699 2393 claustra
1731 2361 1865 2404 propria
1889 2372 1948 2394 au-

1205 2415 1301 2448 deant
1325 2414 1486 2447 ullatenus
1518 2424 1592 2446 cum
1629 2414 1698 2447 solo
1735 2414 1847 2447 habitu
1876 2415 1950 2447 albo

1204 2468 1373 2511 praedicto
1401 2468 1605 2511 procedere,
1632 2467 1831 2511 amplissime
1858 2468 1948 2500 dero-

1204 2526 1318 2564 gantes
1355 2521 1549 2564 cuicumque
1587 2519 1815 2553 consuetudini
1851 2520 1948 2553 ctiam

1203 2573 1452 2607 immemorabili
1480 2574 1512 2606 in
1537 2574 1753 2613 contrarium,
1780 2578 1812 2605 et
1837 2573 1949 2607 dantes

1202 2628 1332 2670 plenam
1363 2628 1548 2661 facultatem
1578 2627 1725 2660 locorum
1757 2625 1948 2668 Ordinariis‚
