<?xml version="1.0" encoding="UTF-8"?>
<!DOCTYPE html PUBLIC "-//W3C//DTD XHTML 1.0 Transitional//EN"
    "http://www.w3.org/TR/xhtml1/DTD/xhtml1-transitional.dtd">
<html xmlns="http://www.w3.org/1999/xhtml" xml:lang="en" lang="en">
 <head>
  <title>
</title>
<meta http-equiv="Content-Type" content="text/html;charset=utf-8" />
  <meta name='ocr-system' content='tesseract 3.04.00' />
  <meta name='ocr-capabilities' content='ocr_page ocr_carea ocr_par ocr_line ocrx_word'/>
</head>
<body>
  <div class='ocr_page' id='page_1' title='image "./bullarumdiplomat22cath_0424.png"; bbox 0 0 2170 3147; ppageno 0'>
   <div class='ocr_carea' id='block_1_1' title="bbox 230 256 523 291">
    <p class='ocr_par' dir='ltr' id='par_1_1' title="bbox 230 256 523 291">
     <span class='ocr_line' id='line_1_1' title="bbox 230 256 523 291; baseline 0 -2"><span class='ocrx_word' id='word_1_1' title='bbox 230 265 279 289; x_wconf 78' lang='grc' dir='ltr'>Αη.</span> <span class='ocrx_word' id='word_1_2' title='bbox 295 264 324 291; x_wconf 82' lang='lat' dir='ltr'>e.</span> <span class='ocrx_word' id='word_1_3' title='bbox 344 264 411 291; x_wconf 63' lang='lat'>,725</span> <span class='ocrx_word' id='word_1_4' title='bbox 458 256 523 290; x_wconf 64' lang='lat'>384</span> 
     </span>
    </p>
   </div>
   <div class='ocr_carea' id='block_1_2' title="bbox 229 1490 415 1564">
    <p class='ocr_par' dir='ltr' id='par_1_2' title="bbox 229 1490 415 1564">
     <span class='ocr_line' id='line_1_2' title="bbox 279 1490 415 1512; baseline 0.007 -1"><span class='ocrx_word' id='word_1_5' title='bbox 279 1490 415 1512; x_wconf 52' lang='lat' dir='ltr'>Confirmata</span> 
     </span>
     <span class='ocr_line' id='line_1_3' title="bbox 229 1517 403 1538; baseline 0.006 -1"><span class='ocrx_word' id='word_1_6' title='bbox 229 1517 343 1537; x_wconf 68' lang='lat' dir='ltr'>rvlalorum</span> <span class='ocrx_word' id='word_1_7' title='bbox 394 1527 403 1538; x_wconf 69' lang='lat' dir='ltr'>c</span> 
     </span>
     <span class='ocr_line' id='line_1_4' title="bbox 229 1547 341 1564; baseline 0 0"><span class='ocrx_word' id='word_1_8' title='bbox 229 1547 341 1564; x_wconf 65' lang='lat' dir='ltr'>erutorum.</span> 
     </span>
    </p>
   </div>
   <div class='ocr_carea' id='block_1_3' title="bbox 426 313 1173 1256">
    <p class='ocr_par' dir='ltr' id='par_1_3' title="bbox 426 313 1173 1256">
     <span class='ocr_line' id='line_1_5' title="bbox 430 313 1169 356; baseline 0.001 -11"><span class='ocrx_word' id='word_1_9' title='bbox 430 313 655 356; x_wconf 77' lang='lat' dir='ltr'>deputatione:</span> <span class='ocrx_word' id='word_1_10' title='bbox 670 313 744 346; x_wconf 86' lang='lat' dir='ltr'>ideo</span> <span class='ocrx_word' id='word_1_11' title='bbox 759 313 936 356; x_wconf 86' lang='lat' dir='ltr'>capitulum</span> <span class='ocrx_word' id='word_1_12' title='bbox 953 314 1107 356; x_wconf 85' lang='lat' dir='ltr'>generale</span> <span class='ocrx_word' id='word_1_13' title='bbox 1122 324 1169 346; x_wconf 89' lang='lat' dir='ltr'>su·</span> 
     </span>
     <span class='ocr_line' id='line_1_6' title="bbox 428 365 1170 409; baseline 0.001 -12"><span class='ocrx_word' id='word_1_14' title='bbox 428 365 620 408; x_wconf 85' lang='lat' dir='ltr'>pradictum,</span> <span class='ocrx_word' id='word_1_15' title='bbox 639 365 837 398; x_wconf 76' lang='lat' dir='ltr'>celebratum</span> <span class='ocrx_word' id='word_1_16' title='bbox 854 371 889 398; x_wconf 87' lang='lat' dir='ltr'>ut</span> <span class='ocrx_word' id='word_1_17' title='bbox 906 366 1097 409; x_wconf 81' lang='lat' dir='ltr'>praefertur,</span> <span class='ocrx_word' id='word_1_18' title='bbox 1117 366 1170 398; x_wconf 89' lang='lat' dir='ltr'>de-</span> 
     </span>
     <span class='ocr_line' id='line_1_7' title="bbox 427 417 1170 460; baseline 0.004 -12"><span class='ocrx_word' id='word_1_19' title='bbox 427 418 528 450; x_wconf 84' lang='lat' dir='ltr'>crevit</span> <span class='ocrx_word' id='word_1_20' title='bbox 543 417 627 460; x_wconf 86' lang='lat' dir='ltr'>quod</span> <span class='ocrx_word' id='word_1_21' title='bbox 643 417 856 460; x_wconf 80' lang='lat' dir='ltr'>Imposterum</span> <span class='ocrx_word' id='word_1_22' title='bbox 871 418 911 450; x_wconf 86' lang='lat' dir='ltr'>sit</span> <span class='ocrx_word' id='word_1_23' title='bbox 924 424 955 451; x_wconf 90' lang='lat' dir='ltr'>et</span> <span class='ocrx_word' id='word_1_24' title='bbox 968 429 1037 451; x_wconf 87' lang='lat' dir='ltr'>esse</span> <span class='ocrx_word' id='word_1_25' title='bbox 1053 419 1170 451; x_wconf 83' lang='lat' dir='ltr'>debeat</span> 
     </span>
     <span class='ocr_line' id='line_1_8' title="bbox 428 471 1168 515; baseline 0 -11"><span class='ocrx_word' id='word_1_26' title='bbox 428 472 516 514; x_wconf 88' lang='lat' dir='ltr'>prior</span> <span class='ocrx_word' id='word_1_27' title='bbox 549 471 710 513; x_wconf 82' lang='lat' dir='ltr'>generalis</span> <span class='ocrx_word' id='word_1_28' title='bbox 747 471 846 504; x_wconf 87' lang='lat' dir='ltr'>totius</span> <span class='ocrx_word' id='word_1_29' title='bbox 878 472 1031 512; x_wconf 80' lang='lat' dir='ltr'>Ordinis,</span> <span class='ocrx_word' id='word_1_30' title='bbox 1057 472 1110 515; x_wconf 88' lang='lat' dir='ltr'>qui</span> <span class='ocrx_word' id='word_1_31' title='bbox 1136 472 1168 504; x_wconf 89' lang='lat' dir='ltr'>in</span> 
     </span>
     <span class='ocr_line' id='line_1_9' title="bbox 429 524 1169 567; baseline 0.004 -12"><span class='ocrx_word' id='word_1_32' title='bbox 429 525 544 558; x_wconf 87' lang='lat' dir='ltr'>eodem</span> <span class='ocrx_word' id='word_1_33' title='bbox 572 524 713 567; x_wconf 89' lang='lat' dir='ltr'>capitulo</span> <span class='ocrx_word' id='word_1_34' title='bbox 737 524 785 556; x_wconf 88' lang='lat' dir='ltr'>sui</span> <span class='ocrx_word' id='word_1_35' title='bbox 804 526 1009 567; x_wconf 73' lang='lat' dir='ltr'>generalatus</span> <span class='ocrx_word' id='word_1_36' title='bbox 1027 525 1169 558; x_wconf 85' lang='lat' dir='ltr'>officium</span> 
     </span>
     <span class='ocr_line' id='line_1_10' title="bbox 427 577 1171 622; baseline 0.003 -13"><span class='ocrx_word' id='word_1_37' title='bbox 427 577 578 617; x_wconf 84' lang='lat' dir='ltr'>absolvit,</span> <span class='ocrx_word' id='word_1_38' title='bbox 597 583 692 620; x_wconf 90' lang='lat' dir='ltr'>atque</span> <span class='ocrx_word' id='word_1_39' title='bbox 711 577 774 617; x_wconf 79' lang='lat' dir='ltr'>hic,</span> <span class='ocrx_word' id='word_1_40' title='bbox 790 577 959 611; x_wconf 74' lang='lat' dir='ltr'>eveniente</span> <span class='ocrx_word' id='word_1_41' title='bbox 981 589 1054 611; x_wconf 87' lang='lat' dir='ltr'>casu</span> <span class='ocrx_word' id='word_1_42' title='bbox 1076 589 1171 622; x_wconf 88' lang='lat' dir='ltr'>prae-</span> 
     </span>
     <span class='ocr_line' id='line_1_11' title="bbox 428 629 1171 673; baseline 0 -11"><span class='ocrx_word' id='word_1_43' title='bbox 428 630 531 663; x_wconf 86' lang='lat' dir='ltr'>dictae</span> <span class='ocrx_word' id='word_1_44' title='bbox 559 629 765 673; x_wconf 88' lang='lat' dir='ltr'>aequalitatis</span> <span class='ocrx_word' id='word_1_45' title='bbox 792 636 939 663; x_wconf 83' lang='lat' dir='ltr'>votorum</span> <span class='ocrx_word' id='word_1_46' title='bbox 966 630 998 663; x_wconf 91' lang='lat' dir='ltr'>in</span> <span class='ocrx_word' id='word_1_47' title='bbox 1021 630 1171 663; x_wconf 81' lang='lat' dir='ltr'>definito-</span> 
     </span>
     <span class='ocr_line' id='line_1_12' title="bbox 427 682 1168 723; baseline 0.001 -8"><span class='ocrx_word' id='word_1_48' title='bbox 427 683 529 723; x_wconf 80' lang='lat' dir='ltr'>ribus,</span> <span class='ocrx_word' id='word_1_49' title='bbox 559 688 666 715; x_wconf 89' lang='lat' dir='ltr'>votum</span> <span class='ocrx_word' id='word_1_50' title='bbox 692 682 866 717; x_wconf 88' lang='lat' dir='ltr'>decisivum</span> <span class='ocrx_word' id='word_1_51' title='bbox 894 684 1015 717; x_wconf 86' lang='lat' dir='ltr'>habere</span> <span class='ocrx_word' id='word_1_52' title='bbox 1041 684 1168 717; x_wconf 90' lang='lat' dir='ltr'>debeat.</span> 
     </span>
     <span class='ocr_line' id='line_1_13' title="bbox 429 736 1172 780; baseline 0.001 -11"><span class='ocrx_word' id='word_1_53' title='bbox 429 738 472 769; x_wconf 78' lang='lat' dir='ltr'>Ac</span> <span class='ocrx_word' id='word_1_54' title='bbox 490 737 623 780; x_wconf 82' lang='lat' dir='ltr'>insuper</span> <span class='ocrx_word' id='word_1_55' title='bbox 641 736 727 769; x_wconf 90' lang='lat' dir='ltr'>idem</span> <span class='ocrx_word' id='word_1_56' title='bbox 746 737 935 780; x_wconf 84' lang='lat' dir='ltr'>capitulum,</span> <span class='ocrx_word' id='word_1_57' title='bbox 954 743 1061 770; x_wconf 85' lang='lat' dir='ltr'>rectae</span> <span class='ocrx_word' id='word_1_58' title='bbox 1083 737 1172 770; x_wconf 89' lang='lat' dir='ltr'>novi-</span> 
     </span>
     <span class='ocr_line' id='line_1_14' title="bbox 428 789 1173 833; baseline 0.001 -12"><span class='ocrx_word' id='word_1_59' title='bbox 428 790 548 823; x_wconf 87' lang='lat' dir='ltr'>tiorum</span> <span class='ocrx_word' id='word_1_60' title='bbox 575 789 761 822; x_wconf 78' lang='lat' dir='ltr'>educationi</span> <span class='ocrx_word' id='word_1_61' title='bbox 779 791 951 823; x_wconf 87' lang='lat' dir='ltr'>consulere</span> <span class='ocrx_word' id='word_1_62' title='bbox 972 789 1118 833; x_wconf 88' lang='lat' dir='ltr'>cupiens,</span> <span class='ocrx_word' id='word_1_63' title='bbox 1141 795 1173 823; x_wconf 92' lang='lat' dir='ltr'>et</span> 
     </span>
     <span class='ocr_line' id='line_1_15' title="bbox 428 842 1173 886; baseline -0.001 -10"><span class='ocrx_word' id='word_1_64' title='bbox 428 843 468 876; x_wconf 88' lang='lat' dir='ltr'>ad</span> <span class='ocrx_word' id='word_1_65' title='bbox 487 842 670 876; x_wconf 90' lang='lat' dir='ltr'>evitandam</span> <span class='ocrx_word' id='word_1_66' title='bbox 695 842 855 885; x_wconf 84' lang='lat' dir='ltr'>regularis</span> <span class='ocrx_word' id='word_1_67' title='bbox 880 843 1074 886; x_wconf 89' lang='lat' dir='ltr'>disciplinae</span> <span class='ocrx_word' id='word_1_68' title='bbox 1092 843 1173 876; x_wconf 88' lang='lat' dir='ltr'>rela-</span> 
     </span>
     <span class='ocr_line' id='line_1_16' title="bbox 428 895 1171 939; baseline 0 -11"><span class='ocrx_word' id='word_1_69' title='bbox 428 895 591 928; x_wconf 81' lang='lat' dir='ltr'>xationem</span> <span class='ocrx_word' id='word_1_70' title='bbox 610 906 646 928; x_wconf 87' lang='lat' dir='ltr'>ex</span> <span class='ocrx_word' id='word_1_71' title='bbox 667 906 706 928; x_wconf 90' lang='lat' dir='ltr'>eo</span> <span class='ocrx_word' id='word_1_72' title='bbox 723 895 927 939; x_wconf 88' lang='lat' dir='ltr'>potissimum</span> <span class='ocrx_word' id='word_1_73' title='bbox 954 902 1055 929; x_wconf 90' lang='lat' dir='ltr'>ortam</span> <span class='ocrx_word' id='word_1_74' title='bbox 1082 896 1171 939; x_wconf 92' lang='lat' dir='ltr'>quod</span> 
     </span>
     <span class='ocr_line' id='line_1_17' title="bbox 428 949 1172 992; baseline 0 -11"><span class='ocrx_word' id='word_1_75' title='bbox 428 949 502 982; x_wconf 91' lang='lat' dir='ltr'>novi</span> <span class='ocrx_word' id='word_1_76' title='bbox 529 949 651 982; x_wconf 83' lang='lat' dir='ltr'>alumni</span> <span class='ocrx_word' id='word_1_77' title='bbox 678 949 772 982; x_wconf 90' lang='lat' dir='ltr'>citius</span> <span class='ocrx_word' id='word_1_78' title='bbox 798 950 838 982; x_wconf 85' lang='lat' dir='ltr'>ab</span> <span class='ocrx_word' id='word_1_79' title='bbox 863 949 1054 982; x_wconf 80' lang='lat' dir='ltr'>obedientia</span> <span class='ocrx_word' id='word_1_80' title='bbox 1070 949 1172 992; x_wconf 82' lang='lat' dir='ltr'>magi-</span> 
     </span>
     <span class='ocr_line' id='line_1_18' title="bbox 427 1002 1172 1045; baseline 0.001 -11"><span class='ocrx_word' id='word_1_81' title='bbox 427 1007 571 1035; x_wconf 87' lang='lat' dir='ltr'>strorum</span> <span class='ocrx_word' id='word_1_82' title='bbox 599 1002 790 1043; x_wconf 80' lang='lat' dir='ltr'>eximuntur,</span> <span class='ocrx_word' id='word_1_83' title='bbox 816 1002 980 1035; x_wconf 86' lang='lat' dir='ltr'>mandavit</span> <span class='ocrx_word' id='word_1_84' title='bbox 1005 1007 1038 1034; x_wconf 94' lang='lat' dir='ltr'>ut</span> <span class='ocrx_word' id='word_1_85' title='bbox 1063 1002 1094 1034; x_wconf 91' lang='lat' dir='ltr'>in</span> <span class='ocrx_word' id='word_1_86' title='bbox 1116 1013 1172 1045; x_wconf 90' lang='lat' dir='ltr'>po-</span> 
     </span>
     <span class='ocr_line' id='line_1_19' title="bbox 427 1055 1170 1098; baseline 0 -11"><span class='ocrx_word' id='word_1_87' title='bbox 427 1060 550 1088; x_wconf 88' lang='lat' dir='ltr'>sterum</span> <span class='ocrx_word' id='word_1_88' title='bbox 584 1055 694 1088; x_wconf 89' lang='lat' dir='ltr'>novitii</span> <span class='ocrx_word' id='word_1_89' title='bbox 726 1060 790 1088; x_wconf 86' lang='lat' dir='ltr'>tarn</span> <span class='ocrx_word' id='word_1_90' title='bbox 815 1055 1048 1088; x_wconf 78' lang='lat' dir='ltr'>conventuales</span> <span class='ocrx_word' id='word_1_91' title='bbox 1073 1065 1170 1098; x_wconf 88' lang='lat' dir='ltr'>quam</span> 
     </span>
     <span class='ocr_line' id='line_1_20' title="bbox 427 1108 1170 1150; baseline -0.003 -9"><span class='ocrx_word' id='word_1_92' title='bbox 427 1108 616 1150; x_wconf 81' lang='lat' dir='ltr'>collegiales</span> <span class='ocrx_word' id='word_1_93' title='bbox 642 1109 702 1141; x_wconf 83' lang='lat' dir='ltr'>sul)</span> <span class='ocrx_word' id='word_1_94' title='bbox 735 1108 919 1141; x_wconf 81' lang='lat' dir='ltr'>obedientia</span> <span class='ocrx_word' id='word_1_95' title='bbox 950 1118 1082 1141; x_wconf 89' lang='lat' dir='ltr'>suorum</span> <span class='ocrx_word' id='word_1_96' title='bbox 1109 1118 1170 1140; x_wconf 86' lang='lat' dir='ltr'>ma-</span> 
     </span>
     <span class='ocr_line' id='line_1_21' title="bbox 427 1161 1171 1204; baseline 0 -11"><span class='ocrx_word' id='word_1_97' title='bbox 427 1161 607 1204; x_wconf 89' lang='lat' dir='ltr'>gistrorum</span> <span class='ocrx_word' id='word_1_98' title='bbox 633 1161 742 1194; x_wconf 90' lang='lat' dir='ltr'>vivere</span> <span class='ocrx_word' id='word_1_99' title='bbox 779 1161 919 1194; x_wconf 83' lang='lat' dir='ltr'>debeant</span> <span class='ocrx_word' id='word_1_100' title='bbox 954 1171 1014 1204; x_wconf 86' lang='lat' dir='ltr'>per</span> <span class='ocrx_word' id='word_1_101' title='bbox 1049 1171 1171 1193; x_wconf 81' lang='lat' dir='ltr'>sexen-</span> 
     </span>
     <span class='ocr_line' id='line_1_22' title="bbox 426 1213 1169 1256; baseline -0.003 -10"><span class='ocrx_word' id='word_1_102' title='bbox 426 1214 526 1254; x_wconf 89' lang='lat' dir='ltr'>nium,</span> <span class='ocrx_word' id='word_1_103' title='bbox 546 1223 606 1246; x_wconf 86' lang='lat' dir='ltr'>nec</span> <span class='ocrx_word' id='word_1_104' title='bbox 624 1214 692 1246; x_wconf 92' lang='lat' dir='ltr'>ullo</span> <span class='ocrx_word' id='word_1_105' title='bbox 711 1213 809 1246; x_wconf 91' lang='lat' dir='ltr'>modo</span> <span class='ocrx_word' id='word_1_106' title='bbox 828 1213 926 1246; x_wconf 86' lang='lat' dir='ltr'>liceat</span> <span class='ocrx_word' id='word_1_107' title='bbox 944 1213 1049 1246; x_wconf 88' lang='lat' dir='ltr'>eidem</span> <span class='ocrx_word' id='word_1_108' title='bbox 1069 1213 1169 1256; x_wconf 88' lang='lat' dir='ltr'>priori</span> 
     </span>
    </p>
   </div>
   <div class='ocr_carea' id='block_1_4' title="bbox 426 1266 1193 1310">
    <p class='ocr_par' dir='ltr' id='par_1_4' title="bbox 426 1266 1193 1310">
     <span class='ocr_line' id='line_1_23' title="bbox 426 1266 1193 1310; baseline -0.001 -10"><span class='ocrx_word' id='word_1_109' title='bbox 426 1268 572 1309; x_wconf 82' lang='lat' dir='ltr'>generali</span> <span class='ocrx_word' id='word_1_110' title='bbox 596 1277 695 1310; x_wconf 88' lang='lat' dir='ltr'>super</span> <span class='ocrx_word' id='word_1_111' title='bbox 709 1267 869 1300; x_wconf 90' lang='lat' dir='ltr'>eiusmodi</span> <span class='ocrx_word' id='word_1_112' title='bbox 886 1267 1018 1299; x_wconf 89' lang='lat' dir='ltr'>decreto</span> <span class='ocrx_word' id='word_1_113' title='bbox 1038 1266 1170 1310; x_wconf 89' lang='lat' dir='ltr'>eiusque</span> <span class='ocrx_word' id='word_1_114' title='bbox 1192 1290 1193 1293; x_wconf 20' lang='grc' dir='ltr'>η</span> 
     </span>
    </p>
   </div>
   <div class='ocr_carea' id='block_1_5' title="bbox 407 1320 1171 2697">
    <p class='ocr_par' dir='ltr' id='par_1_5' title="bbox 426 1320 1171 1460">
     <span class='ocr_line' id='line_1_24' title="bbox 426 1320 1171 1363; baseline -0.004 -9"><span class='ocrx_word' id='word_1_115' title='bbox 426 1321 634 1354; x_wconf 82' lang='lat' dir='ltr'>observantia</span> <span class='ocrx_word' id='word_1_116' title='bbox 661 1320 869 1363; x_wconf 81' lang='lat' dir='ltr'>dispensare:</span> <span class='ocrx_word' id='word_1_117' title='bbox 901 1326 932 1353; x_wconf 88' lang='lat' dir='ltr'>et</span> <span class='ocrx_word' id='word_1_118' title='bbox 956 1320 1046 1360; x_wconf 75' lang='lat' dir='ltr'>alias,</span> <span class='ocrx_word' id='word_1_119' title='bbox 1072 1324 1171 1363; x_wconf 88' lang='lat' dir='ltr'>prout</span> 
     </span>
     <span class='ocr_line' id='line_1_25' title="bbox 427 1373 1167 1407; baseline -0.001 0"><span class='ocrx_word' id='word_1_120' title='bbox 427 1375 459 1407; x_wconf 92' lang='lat' dir='ltr'>in</span> <span class='ocrx_word' id='word_1_121' title='bbox 485 1373 673 1407; x_wconf 88' lang='lat' dir='ltr'>memoratis</span> <span class='ocrx_word' id='word_1_122' title='bbox 711 1373 853 1406; x_wconf 77' lang='lat' dir='ltr'>decretis</span> <span class='ocrx_word' id='word_1_123' title='bbox 890 1378 1039 1406; x_wconf 85' lang='lat' dir='ltr'>constare</span> <span class='ocrx_word' id='word_1_124' title='bbox 1077 1383 1167 1406; x_wconf 89' lang='lat' dir='ltr'>asse-</span> 
     </span>
     <span class='ocr_line' id='line_1_26' title="bbox 427 1427 522 1460; baseline -0.011 0"><span class='ocrx_word' id='word_1_125' title='bbox 427 1427 522 1460; x_wconf 86' lang='lat' dir='ltr'>ritur.</span> 
     </span>
    </p>

    <p class='ocr_par' dir='ltr' id='par_1_6' title="bbox 407 1479 1171 2697">
     <span class='ocr_line' id='line_1_27' title="bbox 472 1479 1168 1524; baseline -0.001 -11"><span class='ocrx_word' id='word_1_126' title='bbox 472 1482 487 1524; x_wconf 71' lang='lat'>§,</span> <span class='ocrx_word' id='word_1_127' title='bbox 508 1480 539 1513; x_wconf 65' lang='lat' dir='ltr'>Q.</span> <span class='ocrx_word' id='word_1_128' title='bbox 567 1479 645 1513; x_wconf 85' lang='lat' dir='ltr'>Cum</span> <span class='ocrx_word' id='word_1_129' title='bbox 663 1485 780 1520; x_wconf 82' lang='lat' dir='ltr'>autem,</span> <span class='ocrx_word' id='word_1_130' title='bbox 801 1480 883 1513; x_wconf 89' lang='lat' dir='ltr'>sicut</span> <span class='ocrx_word' id='word_1_131' title='bbox 901 1480 1015 1513; x_wconf 85' lang='lat' dir='ltr'>eadem</span> <span class='ocrx_word' id='word_1_132' title='bbox 1042 1480 1168 1524; x_wconf 69' lang='lat' dir='ltr'>exposi-</span> 
     </span>
     <span class='ocr_line' id='line_1_28' title="bbox 407 1529 1171 1577; baseline -0.001 -10"><span class='ocrx_word' id='word_1_133' title='bbox 407 1529 471 1567; x_wconf 72' lang='lat' dir='ltr'>&#39;tio</span> <span class='ocrx_word' id='word_1_134' title='bbox 496 1533 723 1576; x_wconf 82' lang='lat' dir='ltr'>subiungebat,</span> <span class='ocrx_word' id='word_1_135' title='bbox 744 1534 847 1566; x_wconf 81' lang='lat' dir='ltr'>dictus</span> <span class='ocrx_word' id='word_1_136' title='bbox 866 1533 1059 1566; x_wconf 84' lang='lat' dir='ltr'>Franciscus</span> <span class='ocrx_word' id='word_1_137' title='bbox 1078 1533 1171 1577; x_wconf 90' lang='lat' dir='ltr'>prior</span> 
     </span>
     <span class='ocr_line' id='line_1_29' title="bbox 429 1587 1170 1631; baseline -0.001 -11"><span class='ocrx_word' id='word_1_138' title='bbox 429 1587 593 1630; x_wconf 84' lang='lat' dir='ltr'>generalis</span> <span class='ocrx_word' id='word_1_139' title='bbox 619 1587 813 1631; x_wconf 86' lang='lat' dir='ltr'>praemissa,</span> <span class='ocrx_word' id='word_1_140' title='bbox 834 1598 897 1630; x_wconf 90' lang='lat' dir='ltr'>quo</span> <span class='ocrx_word' id='word_1_141' title='bbox 923 1587 1044 1619; x_wconf 72' lang='lat' dir='ltr'>firmius</span> <span class='ocrx_word' id='word_1_142' title='bbox 1071 1587 1170 1620; x_wconf 87' lang='lat' dir='ltr'>subsi-</span> 
     </span>
     <span class='ocr_line' id='line_1_30' title="bbox 426 1640 1169 1684; baseline 0 -11"><span class='ocrx_word' id='word_1_143' title='bbox 426 1646 524 1680; x_wconf 86' lang='lat' dir='ltr'>stant,</span> <span class='ocrx_word' id='word_1_144' title='bbox 545 1641 748 1684; x_wconf 85' lang='lat' dir='ltr'>apostolicae</span> <span class='ocrx_word' id='word_1_145' title='bbox 764 1640 1024 1673; x_wconf 81' lang='lat' dir='ltr'>confirmationis</span> <span class='ocrx_word' id='word_1_146' title='bbox 1039 1646 1169 1674; x_wconf 84' lang='lat' dir='ltr'>nostrae</span> 
     </span>
     <span class='ocr_line' id='line_1_31' title="bbox 426 1694 1170 1738; baseline 0 -12"><span class='ocrx_word' id='word_1_147' title='bbox 426 1694 610 1738; x_wconf 84' lang='lat' dir='ltr'>patrocinio</span> <span class='ocrx_word' id='word_1_148' title='bbox 644 1694 835 1727; x_wconf 87' lang='lat' dir='ltr'>communiri</span> <span class='ocrx_word' id='word_1_149' title='bbox 871 1694 1049 1737; x_wconf 87' lang='lat' dir='ltr'>plurimum</span> <span class='ocrx_word' id='word_1_150' title='bbox 1087 1694 1170 1726; x_wconf 88' lang='lat' dir='ltr'>desi-</span> 
     </span>
     <span class='ocr_line' id='line_1_32' title="bbox 426 1747 1168 1791; baseline 0 -11"><span class='ocrx_word' id='word_1_151' title='bbox 426 1748 538 1781; x_wconf 87' lang='lat' dir='ltr'>deret:</span> <span class='ocrx_word' id='word_1_152' title='bbox 558 1758 628 1787; x_wconf 92' lang='lat' dir='ltr'>nos,</span> <span class='ocrx_word' id='word_1_153' title='bbox 647 1748 766 1781; x_wconf 88' lang='lat' dir='ltr'>dietum</span> <span class='ocrx_word' id='word_1_154' title='bbox 788 1747 998 1780; x_wconf 84' lang='lat' dir='ltr'>Franciscum</span> <span class='ocrx_word' id='word_1_155' title='bbox 1024 1747 1168 1791; x_wconf 82' lang='lat' dir='ltr'>priorem</span> 
     </span>
     <span class='ocr_line' id='line_1_33' title="bbox 426 1800 1171 1844; baseline 0 -11"><span class='ocrx_word' id='word_1_156' title='bbox 426 1801 613 1844; x_wconf 81' lang='lat' dir='ltr'>generalem</span> <span class='ocrx_word' id='word_1_157' title='bbox 639 1800 791 1843; x_wconf 84' lang='lat' dir='ltr'>specialis</span> <span class='ocrx_word' id='word_1_158' title='bbox 819 1801 926 1833; x_wconf 79' lang='lat' dir='ltr'>favore</span> <span class='ocrx_word' id='word_1_159' title='bbox 952 1800 1072 1843; x_wconf 82' lang='lat' dir='ltr'>gratiae</span> <span class='ocrx_word' id='word_1_160' title='bbox 1094 1811 1171 1844; x_wconf 87' lang='lat' dir='ltr'>pro-</span> 
     </span>
     <span class='ocr_line' id='line_1_34' title="bbox 426 1853 1167 1898; baseline -0.001 -11"><span class='ocrx_word' id='word_1_161' title='bbox 426 1853 518 1898; x_wconf 86' lang='lat' dir='ltr'>sequi</span> <span class='ocrx_word' id='word_1_162' title='bbox 544 1856 710 1894; x_wconf 88' lang='lat' dir='ltr'>volentes,</span> <span class='ocrx_word' id='word_1_163' title='bbox 737 1859 767 1886; x_wconf 89' lang='lat' dir='ltr'>et</span> <span class='ocrx_word' id='word_1_164' title='bbox 793 1864 810 1886; x_wconf 91' lang='lat' dir='ltr'>a</span> <span class='ocrx_word' id='word_1_165' title='bbox 836 1853 1002 1896; x_wconf 77' lang='lat' dir='ltr'>quibusvis</span> <span class='ocrx_word' id='word_1_166' title='bbox 1035 1864 1167 1886; x_wconf 75' lang='lat' dir='ltr'>exeom-</span> 
     </span>
     <span class='ocr_line' id='line_1_35' title="bbox 426 1907 1169 1950; baseline -0.001 -10"><span class='ocrx_word' id='word_1_167' title='bbox 426 1907 671 1947; x_wconf 87' lang='lat' dir='ltr'>municationis,</span> <span class='ocrx_word' id='word_1_168' title='bbox 701 1907 929 1950; x_wconf 78' lang='lat' dir='ltr'>suspensionis</span> <span class='ocrx_word' id='word_1_169' title='bbox 965 1912 997 1940; x_wconf 88' lang='lat' dir='ltr'>et</span> <span class='ocrx_word' id='word_1_170' title='bbox 1028 1907 1169 1940; x_wconf 86' lang='lat' dir='ltr'>interdi—</span> 
     </span>
     <span class='ocr_line' id='line_1_36' title="bbox 425 1960 1168 2005; baseline 0 -12"><span class='ocrx_word' id='word_1_171' title='bbox 425 1960 491 2001; x_wconf 85' lang='lat' dir='ltr'>cti,</span> <span class='ocrx_word' id='word_1_172' title='bbox 532 1961 672 2005; x_wconf 85' lang='lat' dir='ltr'>aliisqne</span> <span class='ocrx_word' id='word_1_173' title='bbox 709 1961 940 1994; x_wconf 86' lang='lat' dir='ltr'>ecclesiasticis</span> <span class='ocrx_word' id='word_1_174' title='bbox 977 1961 1168 2001; x_wconf 77' lang='lat' dir='ltr'>sententiis,</span> 
     </span>
     <span class='ocr_line' id='line_1_37' title="bbox 425 2014 1170 2058; baseline 0.001 -11"><span class='ocrx_word' id='word_1_175' title='bbox 425 2014 574 2048; x_wconf 79' lang='lat' dir='ltr'>censuris</span> <span class='ocrx_word' id='word_1_176' title='bbox 600 2020 633 2047; x_wconf 92' lang='lat' dir='ltr'>et</span> <span class='ocrx_word' id='word_1_177' title='bbox 657 2015 789 2058; x_wconf 87' lang='lat' dir='ltr'>poenis,</span> <span class='ocrx_word' id='word_1_178' title='bbox 824 2025 840 2047; x_wconf 87' lang='lat' dir='ltr'>a</span> <span class='ocrx_word' id='word_1_179' title='bbox 865 2015 934 2046; x_wconf 86' lang='lat' dir='ltr'>iure</span> <span class='ocrx_word' id='word_1_180' title='bbox 967 2014 1014 2047; x_wconf 91' lang='lat' dir='ltr'>vel</span> <span class='ocrx_word' id='word_1_181' title='bbox 1041 2015 1080 2047; x_wconf 84' lang='lat' dir='ltr'>ab</span> <span class='ocrx_word' id='word_1_182' title='bbox 1111 2015 1170 2048; x_wconf 90' lang='lat' dir='ltr'>ho-</span> 
     </span>
     <span class='ocr_line' id='line_1_38' title="bbox 426 2067 1171 2111; baseline 0 -11"><span class='ocrx_word' id='word_1_183' title='bbox 426 2068 537 2107; x_wconf 89' lang='lat' dir='ltr'>mine,</span> <span class='ocrx_word' id='word_1_184' title='bbox 570 2068 682 2111; x_wconf 87' lang='lat' dir='ltr'>quavis</span> <span class='ocrx_word' id='word_1_185' title='bbox 720 2067 894 2101; x_wconf 84' lang='lat' dir='ltr'>occasione</span> <span class='ocrx_word' id='word_1_186' title='bbox 932 2068 979 2100; x_wconf 91' lang='lat' dir='ltr'>vel</span> <span class='ocrx_word' id='word_1_187' title='bbox 1008 2070 1104 2101; x_wconf 75' lang='lat' dir='ltr'>causa</span> <span class='ocrx_word' id='word_1_188' title='bbox 1128 2068 1171 2100; x_wconf 86' lang='lat' dir='ltr'>la-</span> 
     </span>
     <span class='ocr_line' id='line_1_39' title="bbox 429 2120 1169 2164; baseline 0 -11"><span class='ocrx_word' id='word_1_189' title='bbox 429 2121 489 2160; x_wconf 88' lang='lat' dir='ltr'>tis,</span> <span class='ocrx_word' id='word_1_190' title='bbox 515 2121 541 2153; x_wconf 89' lang='lat' dir='ltr'>si</span> <span class='ocrx_word' id='word_1_191' title='bbox 568 2120 685 2164; x_wconf 88' lang='lat' dir='ltr'>quibus</span> <span class='ocrx_word' id='word_1_192' title='bbox 719 2120 966 2164; x_wconf 82' lang='lat' dir='ltr'>quomodolibet</span> <span class='ocrx_word' id='word_1_193' title='bbox 994 2120 1169 2153; x_wconf 85' lang='lat' dir='ltr'>innodatus</span> 
     </span>
     <span class='ocr_line' id='line_1_40' title="bbox 428 2173 1170 2217; baseline -0.001 -10"><span class='ocrx_word' id='word_1_194' title='bbox 428 2174 555 2214; x_wconf 85' lang='lat' dir='ltr'>existit,</span> <span class='ocrx_word' id='word_1_195' title='bbox 581 2174 621 2207; x_wconf 87' lang='lat' dir='ltr'>ad</span> <span class='ocrx_word' id='word_1_196' title='bbox 648 2173 799 2207; x_wconf 76' lang='lat' dir='ltr'>effectum</span> <span class='ocrx_word' id='word_1_197' title='bbox 830 2174 1055 2217; x_wconf 82' lang='lat' dir='ltr'>praesentium</span> <span class='ocrx_word' id='word_1_198' title='bbox 1082 2174 1170 2207; x_wconf 91' lang='lat' dir='ltr'>dum-</span> 
     </span>
     <span class='ocr_line' id='line_1_41' title="bbox 428 2227 1171 2271; baseline 0.001 -11"><span class='ocrx_word' id='word_1_199' title='bbox 428 2232 514 2261; x_wconf 80' lang='lat' dir='ltr'>taxat</span> <span class='ocrx_word' id='word_1_200' title='bbox 532 2228 809 2271; x_wconf 88' lang='lat' dir='ltr'>consequendum,</span> <span class='ocrx_word' id='word_1_201' title='bbox 829 2228 943 2260; x_wconf 89' lang='lat' dir='ltr'>harum</span> <span class='ocrx_word' id='word_1_202' title='bbox 964 2227 1047 2260; x_wconf 89' lang='lat' dir='ltr'>serie</span> <span class='ocrx_word' id='word_1_203' title='bbox 1068 2228 1171 2261; x_wconf 89' lang='lat' dir='ltr'>absol-</span> 
     </span>
     <span class='ocr_line' id='line_1_42' title="bbox 428 2281 1171 2325; baseline -0.001 -11"><span class='ocrx_word' id='word_1_204' title='bbox 428 2288 540 2315; x_wconf 88' lang='lat' dir='ltr'>ventes</span> <span class='ocrx_word' id='word_1_205' title='bbox 559 2286 590 2315; x_wconf 86' lang='lat' dir='ltr'>et</span> <span class='ocrx_word' id='word_1_206' title='bbox 609 2281 794 2314; x_wconf 84' lang='lat' dir='ltr'>absolutum</span> <span class='ocrx_word' id='word_1_207' title='bbox 811 2282 881 2314; x_wconf 87' lang='lat' dir='ltr'>fore</span> <span class='ocrx_word' id='word_1_208' title='bbox 902 2287 1083 2322; x_wconf 86' lang='lat' dir='ltr'>censentes,</span> <span class='ocrx_word' id='word_1_209' title='bbox 1099 2292 1171 2325; x_wconf 87' lang='lat' dir='ltr'>sup-</span> 
     </span>
     <span class='ocr_line' id='line_1_43' title="bbox 427 2335 1171 2379; baseline -0.001 -11"><span class='ocrx_word' id='word_1_210' title='bbox 427 2335 656 2379; x_wconf 86' lang='lat' dir='ltr'>plicationibus</span> <span class='ocrx_word' id='word_1_211' title='bbox 687 2335 754 2368; x_wconf 88' lang='lat' dir='ltr'>eius</span> <span class='ocrx_word' id='word_1_212' title='bbox 786 2335 918 2369; x_wconf 90' lang='lat' dir='ltr'>nomine</span> <span class='ocrx_word' id='word_1_213' title='bbox 950 2335 1047 2368; x_wconf 88' lang='lat' dir='ltr'>nobis</span> <span class='ocrx_word' id='word_1_214' title='bbox 1073 2345 1171 2378; x_wconf 90' lang='lat' dir='ltr'>super</span> 
     </span>
     <span class='ocr_line' id='line_1_44' title="bbox 428 2388 1169 2432; baseline 0.001 -11"><span class='ocrx_word' id='word_1_215' title='bbox 428 2388 490 2421; x_wconf 84' lang='lat' dir='ltr'>hoc</span> <span class='ocrx_word' id='word_1_216' title='bbox 527 2388 694 2421; x_wconf 82' lang='lat' dir='ltr'>humiliter</span> <span class='ocrx_word' id='word_1_217' title='bbox 729 2388 890 2432; x_wconf 85' lang='lat' dir='ltr'>porrectis</span> <span class='ocrx_word' id='word_1_218' title='bbox 925 2388 1096 2428; x_wconf 88' lang='lat' dir='ltr'>inclinati,</span> <span class='ocrx_word' id='word_1_219' title='bbox 1130 2389 1169 2422; x_wconf 87' lang='lat' dir='ltr'>de</span> 
     </span>
     <span class='ocr_line' id='line_1_45' title="bbox 428 2441 1169 2475; baseline 0.001 -1"><span class='ocrx_word' id='word_1_220' title='bbox 428 2441 667 2474; x_wconf 85' lang='lat' dir='ltr'>venerabilium</span> <span class='ocrx_word' id='word_1_221' title='bbox 685 2441 818 2474; x_wconf 80' lang='lat' dir='ltr'>fratrum</span> <span class='ocrx_word' id='word_1_222' title='bbox 834 2447 1019 2474; x_wconf 89' lang='lat' dir='ltr'>nostrorum</span> <span class='ocrx_word' id='word_1_223' title='bbox 1035 2441 1066 2474; x_wconf 84' lang='lat' dir='ltr'>S.</span> <span class='ocrx_word' id='word_1_224' title='bbox 1082 2442 1119 2474; x_wconf 86' lang='lat' dir='ltr'>R.</span> <span class='ocrx_word' id='word_1_225' title='bbox 1136 2442 1169 2475; x_wconf 88' lang='lat' dir='ltr'>E.</span> 
     </span>
     <span class='ocr_line' id='line_1_46' title="bbox 429 2494 1169 2537; baseline -0.001 -9"><span class='ocrx_word' id='word_1_226' title='bbox 429 2494 641 2528; x_wconf 86' lang='lat' dir='ltr'>cardinalium</span> <span class='ocrx_word' id='word_1_227' title='bbox 669 2495 810 2537; x_wconf 80' lang='lat' dir='ltr'>negotiis</span> <span class='ocrx_word' id='word_1_228' title='bbox 829 2500 859 2527; x_wconf 79' lang='lat' dir='ltr'>et</span> <span class='ocrx_word' id='word_1_229' title='bbox 877 2494 1169 2528; x_wconf 81' lang='lat' dir='ltr'>consultationibus</span> 
     </span>
     <span class='ocr_line' id='line_1_47' title="bbox 429 2547 1170 2591; baseline -0.001 -11"><span class='ocrx_word' id='word_1_230' title='bbox 429 2547 664 2591; x_wconf 84' lang='lat' dir='ltr'>episcoporum</span> <span class='ocrx_word' id='word_1_231' title='bbox 690 2553 722 2579; x_wconf 84' lang='lat' dir='ltr'>et</span> <span class='ocrx_word' id='word_1_232' title='bbox 747 2548 946 2589; x_wconf 78' lang='lat' dir='ltr'>regularium</span> <span class='ocrx_word' id='word_1_233' title='bbox 972 2547 1170 2591; x_wconf 81' lang='lat' dir='ltr'>praeposito-</span> 
     </span>
     <span class='ocr_line' id='line_1_48' title="bbox 428 2599 1168 2643; baseline -0.001 -10"><span class='ocrx_word' id='word_1_234' title='bbox 428 2611 500 2633; x_wconf 85' lang='lat' dir='ltr'>rum</span> <span class='ocrx_word' id='word_1_235' title='bbox 526 2599 673 2639; x_wconf 87' lang='lat' dir='ltr'>consilio,</span> <span class='ocrx_word' id='word_1_236' title='bbox 694 2600 914 2643; x_wconf 72' lang='lat' dir='ltr'>suprascripta</span> <span class='ocrx_word' id='word_1_237' title='bbox 933 2600 1063 2632; x_wconf 87' lang='lat' dir='ltr'>decreta</span> <span class='ocrx_word' id='word_1_238' title='bbox 1081 2600 1168 2642; x_wconf 86' lang='lat' dir='ltr'>capi·</span> 
     </span>
     <span class='ocr_line' id='line_1_49' title="bbox 428 2652 1167 2697; baseline 0 -11"><span class='ocrx_word' id='word_1_239' title='bbox 428 2653 487 2687; x_wconf 88' lang='lat' dir='ltr'>tuli</span> <span class='ocrx_word' id='word_1_240' title='bbox 514 2653 689 2697; x_wconf 81' lang='lat' dir='ltr'>generalis,</span> <span class='ocrx_word' id='word_1_241' title='bbox 706 2662 779 2685; x_wconf 88' lang='lat' dir='ltr'>cum</span> <span class='ocrx_word' id='word_1_242' title='bbox 804 2652 956 2686; x_wconf 89' lang='lat' dir='ltr'>omnibus</span> <span class='ocrx_word' id='word_1_243' title='bbox 982 2658 1013 2686; x_wconf 85' lang='lat' dir='ltr'>et</span> <span class='ocrx_word' id='word_1_244' title='bbox 1032 2653 1167 2696; x_wconf 82' lang='lat' dir='ltr'>singulis</span> 
     </span>
    </p>
   </div>
   <div class='ocr_carea' id='block_1_6' title="bbox 1190 350 1196 2660">
    <p class='ocr_par' dir='ltr' id='par_1_7' title="bbox 1190 350 1196 2660">
     <span class='ocr_line' id='line_1_50' title="bbox 1190 350 1196 2660; baseline 0 0"><span class='ocrx_word' id='word_1_245' title='bbox 1190 350 1196 2660; x_wconf 95' lang='lat' dir='ltr'> </span> 
     </span>
    </p>
   </div>
   <div class='ocr_carea' id='block_1_7' title="bbox 1003 253 1366 291">
    <p class='ocr_par' dir='ltr' id='par_1_8' title="bbox 1003 253 1366 291">
     <span class='ocr_line' id='line_1_51' title="bbox 1003 253 1366 291; baseline 0.003 -2"><span class='ocrx_word' id='word_1_246' title='bbox 1003 253 1184 290; x_wconf 56' lang='lat' dir='ltr'>BULLA‘MUM</span> <span class='ocrx_word' id='word_1_247' title='bbox 1210 266 1366 291; x_wconf 62' lang='lat' dir='ltr'>noitANUM</span> 
     </span>
    </p>
   </div>
   <div class='ocr_carea' id='block_1_8' title="bbox 1212 301 1957 1577">
    <p class='ocr_par' dir='ltr' id='par_1_9' title="bbox 1212 301 1954 771">
     <span class='ocr_line' id='line_1_52' title="bbox 1212 301 1950 359; baseline 0.003 -13"><span class='ocrx_word' id='word_1_248' title='bbox 1212 313 1244 346; x_wconf 91' lang='lat' dir='ltr'>in</span> <span class='ocrx_word' id='word_1_249' title='bbox 1271 314 1317 347; x_wconf 90' lang='lat' dir='ltr'>eis</span> <span class='ocrx_word' id='word_1_250' title='bbox 1344 301 1513 354; x_wconf 78' lang='lat' dir='ltr'>contentis,</span> <span class='ocrx_word' id='word_1_251' title='bbox 1539 315 1733 348; x_wconf 83' lang='lat' dir='ltr'>auctoritate</span> <span class='ocrx_word' id='word_1_252' title='bbox 1759 315 1950 359; x_wconf 74' lang='lat' dir='ltr'>apostoliea,</span> 
     </span>
     <span class='ocr_line' id='line_1_53' title="bbox 1213 368 1952 411; baseline 0.001 -12"><span class='ocrx_word' id='word_1_253' title='bbox 1213 372 1326 400; x_wconf 89' lang='lat' dir='ltr'>tenore</span> <span class='ocrx_word' id='word_1_254' title='bbox 1343 368 1578 410; x_wconf 89' lang='lat' dir='ltr'>praesentium,</span> <span class='ocrx_word' id='word_1_255' title='bbox 1597 368 1825 401; x_wconf 75' lang='lat' dir='ltr'>confirmamus</span> <span class='ocrx_word' id='word_1_256' title='bbox 1848 373 1879 400; x_wconf 90' lang='lat' dir='ltr'>et</span> <span class='ocrx_word' id='word_1_257' title='bbox 1899 378 1952 411; x_wconf 87' lang='lat' dir='ltr'>ap-</span> 
     </span>
     <span class='ocr_line' id='line_1_54' title="bbox 1213 419 1954 463; baseline 0.003 -12"><span class='ocrx_word' id='word_1_258' title='bbox 1213 419 1402 462; x_wconf 79' lang='lat' dir='ltr'>probamus,</span> <span class='ocrx_word' id='word_1_259' title='bbox 1424 420 1554 463; x_wconf 86' lang='lat' dir='ltr'>illisque</span> <span class='ocrx_word' id='word_1_260' title='bbox 1574 420 1771 453; x_wconf 90' lang='lat' dir='ltr'>inviolabilis</span> <span class='ocrx_word' id='word_1_261' title='bbox 1796 419 1954 463; x_wconf 89' lang='lat' dir='ltr'>apostoli-</span> 
     </span>
     <span class='ocr_line' id='line_1_55' title="bbox 1213 473 1952 513; baseline 0.001 -8"><span class='ocrx_word' id='word_1_262' title='bbox 1213 483 1269 506; x_wconf 85' lang='lat' dir='ltr'>cae</span> <span class='ocrx_word' id='word_1_263' title='bbox 1294 473 1451 506; x_wconf 82' lang='lat' dir='ltr'>firmitatis</span> <span class='ocrx_word' id='word_1_264' title='bbox 1467 474 1569 507; x_wconf 90' lang='lat' dir='ltr'>robur</span> <span class='ocrx_word' id='word_1_265' title='bbox 1586 474 1768 513; x_wconf 79' lang='lat' dir='ltr'>adiicimus,</span> <span class='ocrx_word' id='word_1_266' title='bbox 1789 484 1825 506; x_wconf 86' lang='lat' dir='ltr'>ac</span> <span class='ocrx_word' id='word_1_267' title='bbox 1840 484 1952 507; x_wconf 88' lang='lat' dir='ltr'>omnes</span> 
     </span>
     <span class='ocr_line' id='line_1_56' title="bbox 1214 526 1952 570; baseline -0.001 -11"><span class='ocrx_word' id='word_1_268' title='bbox 1214 531 1245 559; x_wconf 89' lang='lat' dir='ltr'>ct</span> <span class='ocrx_word' id='word_1_269' title='bbox 1269 526 1415 569; x_wconf 83' lang='lat' dir='ltr'>singulos</span> <span class='ocrx_word' id='word_1_270' title='bbox 1436 527 1513 559; x_wconf 87' lang='lat' dir='ltr'>iuris</span> <span class='ocrx_word' id='word_1_271' title='bbox 1531 533 1560 560; x_wconf 89' lang='lat' dir='ltr'>et</span> <span class='ocrx_word' id='word_1_272' title='bbox 1578 527 1649 560; x_wconf 84' lang='lat' dir='ltr'>sacti</span> <span class='ocrx_word' id='word_1_273' title='bbox 1676 527 1830 566; x_wconf 76' lang='lat' dir='ltr'>desectus,</span> <span class='ocrx_word' id='word_1_274' title='bbox 1854 526 1879 559; x_wconf 91' lang='lat' dir='ltr'>si</span> <span class='ocrx_word' id='word_1_275' title='bbox 1897 526 1952 570; x_wconf 91' lang='lat' dir='ltr'>qui</span> 
     </span>
     <span class='ocr_line' id='line_1_57' title="bbox 1215 578 1954 623; baseline 0.003 -13"><span class='ocrx_word' id='word_1_276' title='bbox 1215 578 1357 622; x_wconf 83' lang='lat' dir='ltr'>desuper</span> <span class='ocrx_word' id='word_1_277' title='bbox 1368 580 1615 622; x_wconf 85' lang='lat' dir='ltr'>quomodolibet</span> <span class='ocrx_word' id='word_1_278' title='bbox 1627 579 1869 619; x_wconf 87' lang='lat' dir='ltr'>intervenerint,</span> <span class='ocrx_word' id='word_1_279' title='bbox 1879 590 1954 623; x_wconf 89' lang='lat' dir='ltr'>sup-</span> 
     </span>
     <span class='ocr_line' id='line_1_58' title="bbox 1214 632 1954 676; baseline 0.003 -12"><span class='ocrx_word' id='word_1_280' title='bbox 1214 632 1360 674; x_wconf 70' lang='lat' dir='ltr'>plemus,</span> <span class='ocrx_word' id='word_1_281' title='bbox 1387 634 1473 665; x_wconf 80' lang='lat' dir='ltr'>salva</span> <span class='ocrx_word' id='word_1_282' title='bbox 1508 638 1614 666; x_wconf 87' lang='lat' dir='ltr'>tamen</span> <span class='ocrx_word' id='word_1_283' title='bbox 1649 643 1778 675; x_wconf 89' lang='lat' dir='ltr'>semper</span> <span class='ocrx_word' id='word_1_284' title='bbox 1803 632 1834 665; x_wconf 92' lang='lat' dir='ltr'>in</span> <span class='ocrx_word' id='word_1_285' title='bbox 1859 644 1954 676; x_wconf 89' lang='lat' dir='ltr'>prae-</span> 
     </span>
     <span class='ocr_line' id='line_1_59' title="bbox 1215 685 1949 729; baseline 0.003 -13"><span class='ocrx_word' id='word_1_286' title='bbox 1215 685 1320 717; x_wconf 84' lang='lat' dir='ltr'>missis</span> <span class='ocrx_word' id='word_1_287' title='bbox 1355 686 1547 719; x_wconf 84' lang='lat' dir='ltr'>auctoritate</span> <span class='ocrx_word' id='word_1_288' title='bbox 1585 685 1856 729; x_wconf 80' lang='lat' dir='ltr'>Congregationis</span> <span class='ocrx_word' id='word_1_289' title='bbox 1892 696 1949 719; x_wconf 91' lang='lat' dir='ltr'>eo-</span> 
     </span>
     <span class='ocr_line' id='line_1_60' title="bbox 1216 738 1614 771; baseline 0.005 -2"><span class='ocrx_word' id='word_1_290' title='bbox 1216 738 1363 770; x_wconf 87' lang='lat' dir='ltr'>rumdem</span> <span class='ocrx_word' id='word_1_291' title='bbox 1388 738 1614 771; x_wconf 86' lang='lat' dir='ltr'>cardinalium.</span> 
     </span>
    </p>

    <p class='ocr_par' dir='ltr' id='par_1_10' title="bbox 1213 789 1957 1577">
     <span class='ocr_line' id='line_1_61' title="bbox 1260 789 1952 834; baseline 0.003 -11"><span class='ocrx_word' id='word_1_292' title='bbox 1260 791 1274 833; x_wconf 63' lang='lat'><strong>3</strong></span> <span class='ocrx_word' id='word_1_293' title='bbox 1298 789 1329 823; x_wconf 80' lang='lat'>3.</span> <span class='ocrx_word' id='word_1_294' title='bbox 1349 790 1583 830; x_wconf 86' lang='lat' dir='ltr'>Decernentes‚</span> <span class='ocrx_word' id='word_1_295' title='bbox 1608 791 1737 824; x_wconf 86' lang='lat' dir='ltr'>easdem</span> <span class='ocrx_word' id='word_1_296' title='bbox 1763 797 1952 834; x_wconf 85' lang='lat' dir='ltr'>praesentes</span> 
     </span>
     <span class='ocr_line' id='line_1_62' title="bbox 1216 842 1954 890; baseline 0.004 -15"><span class='ocrx_word' id='word_1_297' title='bbox 1216 842 1353 883; x_wconf 88' lang='lat' dir='ltr'>litteras,</span> <span class='ocrx_word' id='word_1_298' title='bbox 1379 843 1496 884; x_wconf 81' lang='lat' dir='ltr'>firmas,</span> <span class='ocrx_word' id='word_1_299' title='bbox 1518 844 1638 877; x_wconf 87' lang='lat' dir='ltr'>validas</span> <span class='ocrx_word' id='word_1_300' title='bbox 1664 849 1695 877; x_wconf 85' lang='lat' dir='ltr'>et</span> <span class='ocrx_word' id='word_1_301' title='bbox 1719 844 1867 890; x_wconf 77' lang='lat' dir='ltr'>efficaces</span> <span class='ocrx_word' id='word_1_302' title='bbox 1892 845 1954 878; x_wconf 83' lang='lat' dir='ltr'>exi-</span> 
     </span>
     <span class='ocr_line' id='line_1_63' title="bbox 1216 897 1954 940; baseline 0.003 -12"><span class='ocrx_word' id='word_1_303' title='bbox 1216 901 1303 929; x_wconf 88' lang='lat' dir='ltr'>stere</span> <span class='ocrx_word' id='word_1_304' title='bbox 1329 901 1360 929; x_wconf 90' lang='lat' dir='ltr'>et</span> <span class='ocrx_word' id='word_1_305' title='bbox 1384 897 1468 937; x_wconf 83' lang='lat' dir='ltr'>sore,</span> <span class='ocrx_word' id='word_1_306' title='bbox 1491 907 1633 940; x_wconf 86' lang='lat' dir='ltr'>suosque</span> <span class='ocrx_word' id='word_1_307' title='bbox 1658 897 1822 940; x_wconf 86' lang='lat' dir='ltr'>plenarios</span> <span class='ocrx_word' id='word_1_308' title='bbox 1847 903 1878 930; x_wconf 88' lang='lat' dir='ltr'>et</span> <span class='ocrx_word' id='word_1_309' title='bbox 1907 897 1954 931; x_wconf 90' lang='lat' dir='ltr'>in-</span> 
     </span>
     <span class='ocr_line' id='line_1_64' title="bbox 1217 948 1955 991; baseline 0.004 -10"><span class='ocrx_word' id='word_1_310' title='bbox 1217 954 1324 991; x_wconf 84' lang='lat' dir='ltr'>tegros</span> <span class='ocrx_word' id='word_1_311' title='bbox 1358 948 1490 983; x_wconf 78' lang='lat' dir='ltr'>effectus</span> <span class='ocrx_word' id='word_1_312' title='bbox 1526 950 1634 983; x_wconf 89' lang='lat' dir='ltr'>sortiri</span> <span class='ocrx_word' id='word_1_313' title='bbox 1667 955 1698 982; x_wconf 89' lang='lat' dir='ltr'>et</span> <span class='ocrx_word' id='word_1_314' title='bbox 1723 950 1892 991; x_wconf 88' lang='lat' dir='ltr'>obtinere,</span> <span class='ocrx_word' id='word_1_315' title='bbox 1918 961 1955 984; x_wconf 85' lang='lat' dir='ltr'>ac</span> 
     </span>
     <span class='ocr_line' id='line_1_65' title="bbox 1215 1002 1955 1047; baseline 0.003 -13"><span class='ocrx_word' id='word_1_316' title='bbox 1215 1002 1302 1042; x_wconf 89' lang='lat' dir='ltr'>illis,</span> <span class='ocrx_word' id='word_1_317' title='bbox 1331 1003 1367 1035; x_wconf 87' lang='lat' dir='ltr'>ad</span> <span class='ocrx_word' id='word_1_318' title='bbox 1402 1013 1483 1046; x_wconf 89' lang='lat' dir='ltr'>quos</span> <span class='ocrx_word' id='word_1_319' title='bbox 1514 1009 1639 1046; x_wconf 85' lang='lat' dir='ltr'>spectat</span> <span class='ocrx_word' id='word_1_320' title='bbox 1668 1008 1699 1036; x_wconf 90' lang='lat' dir='ltr'>et</span> <span class='ocrx_word' id='word_1_321' title='bbox 1722 1013 1782 1046; x_wconf 89' lang='lat' dir='ltr'>pro</span> <span class='ocrx_word' id='word_1_322' title='bbox 1808 1009 1955 1047; x_wconf 86' lang='lat' dir='ltr'>tempore</span> 
     </span>
     <span class='ocr_line' id='line_1_66' title="bbox 1216 1055 1957 1099; baseline 0.001 -12"><span class='ocrx_word' id='word_1_323' title='bbox 1216 1055 1488 1099; x_wconf 89' lang='lat' dir='ltr'>quandocumque</span> <span class='ocrx_word' id='word_1_324' title='bbox 1514 1055 1681 1099; x_wconf 89' lang='lat' dir='ltr'>spectabit,</span> <span class='ocrx_word' id='word_1_325' title='bbox 1696 1055 1729 1088; x_wconf 93' lang='lat' dir='ltr'>in</span> <span class='ocrx_word' id='word_1_326' title='bbox 1755 1055 1903 1089; x_wconf 85' lang='lat' dir='ltr'>omnihus</span> <span class='ocrx_word' id='word_1_327' title='bbox 1925 1060 1957 1090; x_wconf 87' lang='lat' dir='ltr'>et</span> 
     </span>
     <span class='ocr_line' id='line_1_67' title="bbox 1215 1107 1955 1152; baseline 0.003 -12"><span class='ocrx_word' id='word_1_328' title='bbox 1215 1119 1274 1151; x_wconf 91' lang='lat' dir='ltr'>per</span> <span class='ocrx_word' id='word_1_329' title='bbox 1299 1108 1407 1141; x_wconf 86' lang='lat' dir='ltr'>omnia</span> <span class='ocrx_word' id='word_1_330' title='bbox 1432 1109 1621 1152; x_wconf 89' lang='lat' dir='ltr'>plenissime</span> <span class='ocrx_word' id='word_1_331' title='bbox 1646 1107 1830 1151; x_wconf 74' lang='lat' dir='ltr'>sum-agari,</span> <span class='ocrx_word' id='word_1_332' title='bbox 1857 1113 1889 1142; x_wconf 86' lang='lat' dir='ltr'>et</span> <span class='ocrx_word' id='word_1_333' title='bbox 1915 1109 1955 1142; x_wconf 87' lang='lat' dir='ltr'>ab</span> 
     </span>
     <span class='ocr_line' id='line_1_68' title="bbox 1216 1161 1953 1204; baseline 0.001 -11"><span class='ocrx_word' id='word_1_334' title='bbox 1216 1161 1262 1193; x_wconf 89' lang='lat' dir='ltr'>eis</span> <span class='ocrx_word' id='word_1_335' title='bbox 1287 1161 1470 1204; x_wconf 87' lang='lat' dir='ltr'>respective</span> <span class='ocrx_word' id='word_1_336' title='bbox 1504 1161 1736 1194; x_wconf 84' lang='lat' dir='ltr'>inviolabiliter</span> <span class='ocrx_word' id='word_1_337' title='bbox 1769 1161 1953 1202; x_wconf 86' lang='lat' dir='ltr'>observari,</span> 
     </span>
     <span class='ocr_line' id='line_1_69' title="bbox 1215 1214 1954 1258; baseline 0.001 -12"><span class='ocrx_word' id='word_1_338' title='bbox 1215 1214 1324 1257; x_wconf 89' lang='lat' dir='ltr'>sicque</span> <span class='ocrx_word' id='word_1_339' title='bbox 1358 1214 1391 1246; x_wconf 88' lang='lat' dir='ltr'>in</span> <span class='ocrx_word' id='word_1_340' title='bbox 1429 1214 1614 1257; x_wconf 84' lang='lat' dir='ltr'>praemissis</span> <span class='ocrx_word' id='word_1_341' title='bbox 1645 1225 1704 1258; x_wconf 86' lang='lat' dir='ltr'>per</span> <span class='ocrx_word' id='word_1_342' title='bbox 1734 1224 1954 1258; x_wconf 86' lang='lat' dir='ltr'>quoscumque</span> 
     </span>
     <span class='ocr_line' id='line_1_70' title="bbox 1215 1267 1952 1311; baseline 0.003 -12"><span class='ocrx_word' id='word_1_343' title='bbox 1215 1267 1339 1300; x_wconf 88' lang='lat' dir='ltr'>iudices</span> <span class='ocrx_word' id='word_1_344' title='bbox 1365 1267 1547 1300; x_wconf 84' lang='lat' dir='ltr'>ordinarios</span> <span class='ocrx_word' id='word_1_345' title='bbox 1577 1273 1607 1300; x_wconf 91' lang='lat' dir='ltr'>et</span> <span class='ocrx_word' id='word_1_346' title='bbox 1633 1268 1820 1311; x_wconf 84' lang='lat' dir='ltr'>delegatos,</span> <span class='ocrx_word' id='word_1_347' title='bbox 1856 1268 1952 1301; x_wconf 86' lang='lat' dir='ltr'>etiam</span> 
     </span>
     <span class='ocr_line' id='line_1_71' title="bbox 1215 1320 1951 1364; baseline 0.001 -11"><span class='ocrx_word' id='word_1_348' title='bbox 1215 1331 1381 1353; x_wconf 86' lang='lat' dir='ltr'>causarum</span> <span class='ocrx_word' id='word_1_349' title='bbox 1414 1320 1524 1364; x_wconf 85' lang='lat' dir='ltr'>palatii</span> <span class='ocrx_word' id='word_1_350' title='bbox 1561 1321 1731 1364; x_wconf 87' lang='lat' dir='ltr'>apostolici</span> <span class='ocrx_word' id='word_1_351' title='bbox 1766 1321 1951 1361; x_wconf 88' lang='lat' dir='ltr'>auditores,</span> 
     </span>
     <span class='ocr_line' id='line_1_72' title="bbox 1215 1373 1954 1416; baseline 0.003 -10"><span class='ocrx_word' id='word_1_352' title='bbox 1215 1373 1350 1407; x_wconf 79' lang='lat' dir='ltr'>iudicari</span> <span class='ocrx_word' id='word_1_353' title='bbox 1385 1379 1417 1407; x_wconf 91' lang='lat' dir='ltr'>et</span> <span class='ocrx_word' id='word_1_354' title='bbox 1442 1373 1569 1407; x_wconf 81' lang='lat' dir='ltr'>definiri</span> <span class='ocrx_word' id='word_1_355' title='bbox 1595 1374 1714 1407; x_wconf 87' lang='lat' dir='ltr'>debere</span> <span class='ocrx_word' id='word_1_356' title='bbox 1731 1402 1738 1416; x_wconf 90' lang='lat'>,</span> <span class='ocrx_word' id='word_1_357' title='bbox 1765 1385 1801 1408; x_wconf 86' lang='lat' dir='ltr'>ac</span> <span class='ocrx_word' id='word_1_358' title='bbox 1826 1375 1954 1408; x_wconf 89' lang='lat' dir='ltr'>irritum</span> 
     </span>
     <span class='ocr_line' id='line_1_73' title="bbox 1214 1427 1953 1471; baseline 0 -11"><span class='ocrx_word' id='word_1_359' title='bbox 1214 1434 1245 1461; x_wconf 90' lang='lat' dir='ltr'>et</span> <span class='ocrx_word' id='word_1_360' title='bbox 1265 1428 1374 1468; x_wconf 88' lang='lat' dir='ltr'>inane,</span> <span class='ocrx_word' id='word_1_361' title='bbox 1394 1427 1419 1460; x_wconf 89' lang='lat' dir='ltr'>si</span> <span class='ocrx_word' id='word_1_362' title='bbox 1438 1438 1532 1460; x_wconf 88' lang='lat' dir='ltr'>secus</span> <span class='ocrx_word' id='word_1_363' title='bbox 1558 1438 1657 1471; x_wconf 87' lang='lat' dir='ltr'>super</span> <span class='ocrx_word' id='word_1_364' title='bbox 1676 1428 1726 1460; x_wconf 91' lang='lat' dir='ltr'>his</span> <span class='ocrx_word' id='word_1_365' title='bbox 1746 1439 1762 1461; x_wconf 89' lang='lat' dir='ltr'>a</span> <span class='ocrx_word' id='word_1_366' title='bbox 1779 1438 1953 1471; x_wconf 90' lang='lat' dir='ltr'>quoquam,</span> 
     </span>
     <span class='ocr_line' id='line_1_74' title="bbox 1213 1480 1955 1525; baseline 0 -11"><span class='ocrx_word' id='word_1_367' title='bbox 1213 1481 1325 1525; x_wconf 84' lang='lat' dir='ltr'>quavis</span> <span class='ocrx_word' id='word_1_368' title='bbox 1346 1480 1550 1520; x_wconf 84' lang='lat' dir='ltr'>auctoritate,</span> <span class='ocrx_word' id='word_1_369' title='bbox 1574 1481 1716 1514; x_wconf 85' lang='lat' dir='ltr'>scienter</span> <span class='ocrx_word' id='word_1_370' title='bbox 1733 1482 1782 1514; x_wconf 88' lang='lat' dir='ltr'>vel</span> <span class='ocrx_word' id='word_1_371' title='bbox 1800 1481 1955 1524; x_wconf 82' lang='lat' dir='ltr'>ignoran-</span> 
     </span>
     <span class='ocr_line' id='line_1_75' title="bbox 1214 1534 1654 1577; baseline -0.005 -9"><span class='ocrx_word' id='word_1_372' title='bbox 1214 1541 1271 1574; x_wconf 88' lang='lat' dir='ltr'>ter,</span> <span class='ocrx_word' id='word_1_373' title='bbox 1292 1535 1468 1577; x_wconf 76' lang='lat' dir='ltr'>contigerit</span> <span class='ocrx_word' id='word_1_374' title='bbox 1491 1534 1654 1567; x_wconf 84' lang='lat' dir='ltr'>attentari.</span> 
     </span>
    </p>
   </div>
   <div class='ocr_carea' id='block_1_9' title="bbox 1256 1587 2148 1653">
    <p class='ocr_par' dir='ltr' id='par_1_11' title="bbox 1256 1587 2148 1653">
     <span class='ocr_line' id='line_1_76' title="bbox 1256 1587 2148 1648; baseline 0.002 -28"><span class='ocrx_word' id='word_1_375' title='bbox 1256 1588 1271 1631; x_wconf 63' lang='grc' dir='ltr'>ἓ</span> <span class='ocrx_word' id='word_1_376' title='bbox 1295 1587 1327 1620; x_wconf 73' lang='grc'>4.</span> <span class='ocrx_word' id='word_1_377' title='bbox 1355 1587 1423 1621; x_wconf 68' lang='lat' dir='ltr'>Non</span> <span class='ocrx_word' id='word_1_378' title='bbox 1449 1587 1657 1620; x_wconf 86' lang='lat' dir='ltr'>obstantibus</span> <span class='ocrx_word' id='word_1_379' title='bbox 1684 1587 1891 1631; x_wconf 88' lang='lat' dir='ltr'>praemissis,</span> <span class='ocrx_word' id='word_1_380' title='bbox 1917 1598 2148 1648; x_wconf 53' lang='grc' dir='ltr'>ιωάυοηιῖῗεοωω</span> 
     </span>
     <span class='ocr_line' id='line_1_77' title="bbox 1980 1633 2084 1653; baseline -0.01 -5"><span class='ocrx_word' id='word_1_381' title='bbox 1980 1633 2061 1653; x_wconf 73' lang='lat' dir='ltr'>erogat</span> <span class='ocrx_word' id='word_1_382' title='bbox 2078 1642 2084 1647; x_wconf 84' lang='lat'><strong>.</strong></span> 
     </span>
    </p>
   </div>
   <div class='ocr_carea' id='block_1_10' title="bbox 1211 1641 1958 2643">
    <p class='ocr_par' dir='ltr' id='par_1_12' title="bbox 1213 1641 1958 2483">
     <span class='ocr_line' id='line_1_78' title="bbox 1213 1641 1954 1684; baseline -0.001 -9"><span class='ocrx_word' id='word_1_383' title='bbox 1213 1641 1502 1675; x_wconf 88' lang='lat' dir='ltr'>constitutionibus</span> <span class='ocrx_word' id='word_1_384' title='bbox 1535 1645 1568 1674; x_wconf 85' lang='lat' dir='ltr'>et</span> <span class='ocrx_word' id='word_1_385' title='bbox 1592 1641 1852 1674; x_wconf 81' lang='lat' dir='ltr'>ordinationibus</span> <span class='ocrx_word' id='word_1_386' title='bbox 1877 1652 1954 1684; x_wconf 87' lang='lat' dir='ltr'>apo-</span> 
     </span>
     <span class='ocr_line' id='line_1_79' title="bbox 1213 1694 1956 1737; baseline -0.001 -10"><span class='ocrx_word' id='word_1_387' title='bbox 1213 1695 1345 1731; x_wconf 78' lang='lat' dir='ltr'>stolicis.</span> <span class='ocrx_word' id='word_1_388' title='bbox 1365 1704 1504 1734; x_wconf 89' lang='lat' dir='ltr'>necnon,</span> <span class='ocrx_word' id='word_1_389' title='bbox 1525 1700 1682 1737; x_wconf 87' lang='lat' dir='ltr'>quatenus</span> <span class='ocrx_word' id='word_1_390' title='bbox 1701 1704 1783 1737; x_wconf 89' lang='lat' dir='ltr'>opus</span> <span class='ocrx_word' id='word_1_391' title='bbox 1808 1695 1858 1733; x_wconf 83' lang='lat' dir='ltr'>sit,</span> <span class='ocrx_word' id='word_1_392' title='bbox 1877 1694 1956 1727; x_wconf 90' lang='lat' dir='ltr'>Con-</span> 
     </span>
     <span class='ocr_line' id='line_1_80' title="bbox 1213 1746 1953 1790; baseline 0 -11"><span class='ocrx_word' id='word_1_393' title='bbox 1213 1747 1412 1790; x_wconf 78' lang='lat' dir='ltr'>gregationis</span> <span class='ocrx_word' id='word_1_394' title='bbox 1456 1753 1488 1780; x_wconf 86' lang='lat' dir='ltr'>et</span> <span class='ocrx_word' id='word_1_395' title='bbox 1520 1746 1649 1780; x_wconf 86' lang='lat' dir='ltr'>Ordinis</span> <span class='ocrx_word' id='word_1_396' title='bbox 1685 1747 1953 1790; x_wconf 87' lang='lat' dir='ltr'>praedictorum,</span> 
     </span>
     <span class='ocr_line' id='line_1_81' title="bbox 1214 1800 1958 1843; baseline 0.001 -11"><span class='ocrx_word' id='word_1_397' title='bbox 1214 1800 1312 1833; x_wconf 88' lang='lat' dir='ltr'>etiam</span> <span class='ocrx_word' id='word_1_398' title='bbox 1340 1800 1532 1839; x_wconf 89' lang='lat' dir='ltr'>iuramento,</span> <span class='ocrx_word' id='word_1_399' title='bbox 1553 1800 1802 1833; x_wconf 83' lang='lat' dir='ltr'>confirmatione</span> <span class='ocrx_word' id='word_1_400' title='bbox 1827 1805 1958 1843; x_wconf 83' lang='lat' dir='ltr'>aposto-</span> 
     </span>
     <span class='ocr_line' id='line_1_82' title="bbox 1214 1852 1956 1896; baseline -0.003 -10"><span class='ocrx_word' id='word_1_401' title='bbox 1214 1854 1285 1892; x_wconf 74' lang='lat' dir='ltr'>lica,</span> <span class='ocrx_word' id='word_1_402' title='bbox 1305 1854 1353 1886; x_wconf 86' lang='lat' dir='ltr'>vel</span> <span class='ocrx_word' id='word_1_403' title='bbox 1380 1853 1492 1896; x_wconf 86' lang='lat' dir='ltr'>quavis</span> <span class='ocrx_word' id='word_1_404' title='bbox 1519 1853 1669 1886; x_wconf 78' lang='lat' dir='ltr'>firmitate</span> <span class='ocrx_word' id='word_1_405' title='bbox 1695 1852 1758 1885; x_wconf 76' lang='lat' dir='ltr'>alia</span> <span class='ocrx_word' id='word_1_406' title='bbox 1784 1853 1956 1893; x_wconf 83' lang='lat' dir='ltr'>roboratis,</span> 
     </span>
     <span class='ocr_line' id='line_1_83' title="bbox 1214 1907 1957 1950; baseline -0.001 -11"><span class='ocrx_word' id='word_1_407' title='bbox 1214 1907 1342 1940; x_wconf 86' lang='lat' dir='ltr'>statutis</span> <span class='ocrx_word' id='word_1_408' title='bbox 1375 1912 1407 1940; x_wconf 87' lang='lat' dir='ltr'>et</span> <span class='ocrx_word' id='word_1_409' title='bbox 1439 1907 1752 1948; x_wconf 85' lang='lat' dir='ltr'>consuetudinibus,</span> <span class='ocrx_word' id='word_1_410' title='bbox 1777 1907 1957 1950; x_wconf 78' lang='lat' dir='ltr'>privilegiis</span> 
     </span>
     <span class='ocr_line' id='line_1_84' title="bbox 1215 1959 1957 2004; baseline 0.003 -13"><span class='ocrx_word' id='word_1_411' title='bbox 1215 1971 1346 2004; x_wconf 89' lang='lat' dir='ltr'>quoque</span> <span class='ocrx_word' id='word_1_412' title='bbox 1362 1986 1369 2000; x_wconf 88' lang='lat'>,</span> <span class='ocrx_word' id='word_1_413' title='bbox 1394 1959 1528 1993; x_wconf 87' lang='lat' dir='ltr'>indultis</span> <span class='ocrx_word' id='word_1_414' title='bbox 1560 1964 1592 1992; x_wconf 89' lang='lat' dir='ltr'>et</span> <span class='ocrx_word' id='word_1_415' title='bbox 1617 1959 1732 1993; x_wconf 89' lang='lat' dir='ltr'>litteris</span> <span class='ocrx_word' id='word_1_416' title='bbox 1766 1959 1957 2003; x_wconf 89' lang='lat' dir='ltr'>apostolicis</span> 
     </span>
     <span class='ocr_line' id='line_1_85' title="bbox 1214 2013 1957 2056; baseline 0.003 -11"><span class='ocrx_word' id='word_1_417' title='bbox 1214 2014 1246 2046; x_wconf 92' lang='lat' dir='ltr'>in</span> <span class='ocrx_word' id='word_1_418' title='bbox 1273 2014 1475 2046; x_wconf 86' lang='lat' dir='ltr'>eontrarium</span> <span class='ocrx_word' id='word_1_419' title='bbox 1501 2013 1753 2056; x_wconf 85' lang='lat' dir='ltr'>praemissorum</span> <span class='ocrx_word' id='word_1_420' title='bbox 1779 2013 1957 2056; x_wconf 79' lang='lat' dir='ltr'>quomodo-</span> 
     </span>
     <span class='ocr_line' id='line_1_86' title="bbox 1214 2066 1954 2108; baseline 0.001 -9"><span class='ocrx_word' id='word_1_421' title='bbox 1214 2067 1293 2100; x_wconf 89' lang='lat' dir='ltr'>libet</span> <span class='ocrx_word' id='word_1_422' title='bbox 1311 2066 1484 2106; x_wconf 86' lang='lat' dir='ltr'>concessis,</span> <span class='ocrx_word' id='word_1_423' title='bbox 1502 2066 1701 2099; x_wconf 80' lang='lat' dir='ltr'>confirmatis</span> <span class='ocrx_word' id='word_1_424' title='bbox 1720 2071 1752 2099; x_wconf 85' lang='lat' dir='ltr'>et</span> <span class='ocrx_word' id='word_1_425' title='bbox 1772 2067 1954 2108; x_wconf 73' lang='lat' dir='ltr'>innovatis,</span> 
     </span>
     <span class='ocr_line' id='line_1_87' title="bbox 1215 2119 1958 2163; baseline 0.004 -12"><span class='ocrx_word' id='word_1_426' title='bbox 1215 2120 1331 2163; x_wconf 89' lang='lat' dir='ltr'>quibus</span> <span class='ocrx_word' id='word_1_427' title='bbox 1350 2119 1501 2153; x_wconf 86' lang='lat' dir='ltr'>omnibus</span> <span class='ocrx_word' id='word_1_428' title='bbox 1527 2124 1559 2152; x_wconf 91' lang='lat' dir='ltr'>et</span> <span class='ocrx_word' id='word_1_429' title='bbox 1583 2119 1728 2162; x_wconf 81' lang='lat' dir='ltr'>singulis,</span> <span class='ocrx_word' id='word_1_430' title='bbox 1755 2120 1884 2153; x_wconf 89' lang='lat' dir='ltr'>illorum</span> <span class='ocrx_word' id='word_1_431' title='bbox 1912 2126 1958 2154; x_wconf 87' lang='lat' dir='ltr'>te-</span> 
     </span>
     <span class='ocr_line' id='line_1_88' title="bbox 1214 2173 1955 2217; baseline 0.001 -11"><span class='ocrx_word' id='word_1_432' title='bbox 1214 2184 1311 2206; x_wconf 90' lang='lat' dir='ltr'>nores</span> <span class='ocrx_word' id='word_1_433' title='bbox 1338 2173 1566 2217; x_wconf 86' lang='lat' dir='ltr'>praesentibus</span> <span class='ocrx_word' id='word_1_434' title='bbox 1592 2184 1652 2216; x_wconf 89' lang='lat' dir='ltr'>pro</span> <span class='ocrx_word' id='word_1_435' title='bbox 1678 2174 1842 2217; x_wconf 81' lang='lat' dir='ltr'>expressis</span> <span class='ocrx_word' id='word_1_436' title='bbox 1859 2184 1895 2206; x_wconf 88' lang='lat' dir='ltr'>ae</span> <span class='ocrx_word' id='word_1_437' title='bbox 1917 2174 1955 2207; x_wconf 89' lang='lat' dir='ltr'>ad</span> 
     </span>
     <span class='ocr_line' id='line_1_89' title="bbox 1214 2226 1955 2266; baseline 0 -7"><span class='ocrx_word' id='word_1_438' title='bbox 1214 2228 1348 2260; x_wconf 89' lang='lat' dir='ltr'>verbum</span> <span class='ocrx_word' id='word_1_439' title='bbox 1374 2227 1505 2260; x_wconf 87' lang='lat' dir='ltr'>insertis</span> <span class='ocrx_word' id='word_1_440' title='bbox 1532 2226 1704 2266; x_wconf 90' lang='lat' dir='ltr'>habentes,</span> <span class='ocrx_word' id='word_1_441' title='bbox 1729 2226 1793 2260; x_wconf 93' lang='lat' dir='ltr'>illis</span> <span class='ocrx_word' id='word_1_442' title='bbox 1819 2227 1898 2260; x_wconf 71' lang='lat' dir='ltr'>alias</span> <span class='ocrx_word' id='word_1_443' title='bbox 1923 2226 1955 2260; x_wconf 91' lang='lat' dir='ltr'>in</span> 
     </span>
     <span class='ocr_line' id='line_1_90' title="bbox 1214 2279 1956 2323; baseline 0 -11"><span class='ocrx_word' id='word_1_444' title='bbox 1214 2290 1274 2313; x_wconf 90' lang='lat' dir='ltr'>suo</span> <span class='ocrx_word' id='word_1_445' title='bbox 1301 2280 1420 2313; x_wconf 89' lang='lat' dir='ltr'>robore</span> <span class='ocrx_word' id='word_1_446' title='bbox 1442 2280 1680 2323; x_wconf 86' lang='lat' dir='ltr'>permansuris,</span> <span class='ocrx_word' id='word_1_447' title='bbox 1700 2280 1738 2312; x_wconf 89' lang='lat' dir='ltr'>ad</span> <span class='ocrx_word' id='word_1_448' title='bbox 1757 2279 1956 2323; x_wconf 87' lang='lat' dir='ltr'>praemisso-</span> 
     </span>
     <span class='ocr_line' id='line_1_91' title="bbox 1214 2332 1956 2376; baseline 0 -10"><span class='ocrx_word' id='word_1_449' title='bbox 1214 2344 1283 2366; x_wconf 89' lang='lat' dir='ltr'>rum</span> <span class='ocrx_word' id='word_1_450' title='bbox 1309 2332 1476 2372; x_wconf 75' lang='lat' dir='ltr'>effectum,</span> <span class='ocrx_word' id='word_1_451' title='bbox 1502 2333 1563 2366; x_wconf 83' lang='lat' dir='ltr'>hac</span> <span class='ocrx_word' id='word_1_452' title='bbox 1587 2333 1655 2366; x_wconf 91' lang='lat' dir='ltr'>vice</span> <span class='ocrx_word' id='word_1_453' title='bbox 1681 2333 1857 2373; x_wconf 82' lang='lat' dir='ltr'>dumtaxat,</span> <span class='ocrx_word' id='word_1_454' title='bbox 1882 2343 1956 2376; x_wconf 90' lang='lat' dir='ltr'>spe-</span> 
     </span>
     <span class='ocr_line' id='line_1_92' title="bbox 1213 2386 1956 2430; baseline 0 -11"><span class='ocrx_word' id='word_1_455' title='bbox 1213 2386 1339 2419; x_wconf 87' lang='lat' dir='ltr'>cialiter</span> <span class='ocrx_word' id='word_1_456' title='bbox 1357 2391 1389 2419; x_wconf 90' lang='lat' dir='ltr'>et</span> <span class='ocrx_word' id='word_1_457' title='bbox 1406 2396 1562 2430; x_wconf 82' lang='lat' dir='ltr'>expresse</span> <span class='ocrx_word' id='word_1_458' title='bbox 1588 2386 1797 2429; x_wconf 83' lang='lat' dir='ltr'>derogauius;</span> <span class='ocrx_word' id='word_1_459' title='bbox 1823 2386 1956 2419; x_wconf 89' lang='lat' dir='ltr'>ceteris-</span> 
     </span>
     <span class='ocr_line' id='line_1_93' title="bbox 1213 2439 1773 2483; baseline 0 -12"><span class='ocrx_word' id='word_1_460' title='bbox 1213 2450 1276 2483; x_wconf 90' lang='lat' dir='ltr'>que</span> <span class='ocrx_word' id='word_1_461' title='bbox 1302 2439 1475 2472; x_wconf 85' lang='lat' dir='ltr'>contrariis</span> <span class='ocrx_word' id='word_1_462' title='bbox 1500 2439 1773 2482; x_wconf 80' lang='lat' dir='ltr'>quilmscumque.</span> 
     </span>
    </p>

    <p class='ocr_par' dir='ltr' id='par_1_13' title="bbox 1211 2491 1953 2643">
     <span class='ocr_line' id='line_1_94' title="bbox 1256 2491 1953 2535; baseline -0.001 -11"><span class='ocrx_word' id='word_1_463' title='bbox 1256 2493 1368 2524; x_wconf 86' lang='lat' dir='ltr'>Datum</span> <span class='ocrx_word' id='word_1_464' title='bbox 1395 2492 1528 2532; x_wconf 84' lang='lat' dir='ltr'>Romae,</span> <span class='ocrx_word' id='word_1_465' title='bbox 1556 2491 1640 2535; x_wconf 88' lang='lat' dir='ltr'>apud</span> <span class='ocrx_word' id='word_1_466' title='bbox 1666 2491 1696 2524; x_wconf 89' lang='lat' dir='ltr'>S.</span> <span class='ocrx_word' id='word_1_467' title='bbox 1725 2491 1866 2531; x_wconf 84' lang='lat' dir='ltr'>Petrum,</span> <span class='ocrx_word' id='word_1_468' title='bbox 1894 2491 1953 2524; x_wconf 89' lang='lat' dir='ltr'>sub</span> 
     </span>
     <span class='ocr_line' id='line_1_95' title="bbox 1212 2544 1952 2586; baseline 0.001 -9"><span class='ocrx_word' id='word_1_469' title='bbox 1212 2546 1332 2578; x_wconf 83' lang='lat' dir='ltr'>a‘nnulo</span> <span class='ocrx_word' id='word_1_470' title='bbox 1348 2545 1529 2586; x_wconf 84' lang='lat' dir='ltr'>Piscatoris,</span> <span class='ocrx_word' id='word_1_471' title='bbox 1546 2545 1597 2578; x_wconf 91' lang='lat' dir='ltr'>die</span> <span class='ocrx_word' id='word_1_472' title='bbox 1614 2554 1686 2577; x_wconf 80' lang='lat' dir='ltr'>xxiv</span> <span class='ocrx_word' id='word_1_473' title='bbox 1702 2544 1767 2576; x_wconf 92' lang='lat' dir='ltr'>iulii</span> <span class='ocrx_word' id='word_1_474' title='bbox 1782 2553 1952 2585; x_wconf 77' lang='lat' dir='ltr'>Muccxxvt‚</span> 
     </span>
     <span class='ocr_line' id='line_1_96' title="bbox 1211 2598 1724 2643; baseline 0 -12"><span class='ocrx_word' id='word_1_475' title='bbox 1211 2598 1417 2643; x_wconf 78' lang='lat' dir='ltr'>pontificatus</span> <span class='ocrx_word' id='word_1_476' title='bbox 1438 2599 1542 2632; x_wconf 90' lang='lat' dir='ltr'>nostri</span> <span class='ocrx_word' id='word_1_477' title='bbox 1564 2608 1650 2631; x_wconf 87' lang='lat' dir='ltr'>anno</span> <span class='ocrx_word' id='word_1_478' title='bbox 1676 2608 1724 2631; x_wconf 83' lang='lat'>111.</span> 
     </span>
    </p>
   </div>
   <div class='ocr_carea' id='block_1_11' title="bbox 1245 2659 1881 2696">
    <p class='ocr_par' dir='ltr' id='par_1_14' title="bbox 1245 2659 1881 2696">
     <span class='ocr_line' id='line_1_97' title="bbox 1245 2659 1881 2696; baseline -0.003 -7"><span class='ocrx_word' id='word_1_479' title='bbox 1245 2661 1306 2689; x_wconf 85' lang='lat' dir='ltr'>Dat.</span> <span class='ocrx_word' id='word_1_480' title='bbox 1330 2661 1374 2689; x_wconf 84' lang='lat' dir='ltr'>die</span> <span class='ocrx_word' id='word_1_481' title='bbox 1395 2661 1429 2688; x_wconf 73' lang='lat'>24</span> <span class='ocrx_word' id='word_1_482' title='bbox 1449 2661 1508 2688; x_wconf 89' lang='lat' dir='ltr'>iulii</span> <span class='ocrx_word' id='word_1_483' title='bbox 1531 2660 1609 2694; x_wconf 80' lang='lat'>1726,</span> <span class='ocrx_word' id='word_1_484' title='bbox 1626 2659 1725 2696; x_wconf 82' lang='lat' dir='ltr'>pontis.</span> <span class='ocrx_word' id='word_1_485' title='bbox 1748 2667 1821 2689; x_wconf 81' lang='lat' dir='ltr'>anno</span> <span class='ocrx_word' id='word_1_486' title='bbox 1841 2666 1881 2688; x_wconf 87' lang='lat'>111.</span> 
     </span>
    </p>
   </div>
   <div class='ocr_carea' id='block_1_12' title="bbox 1962 268 2145 297">
    <p class='ocr_par' dir='ltr' id='par_1_15' title="bbox 1962 268 2145 297">
     <span class='ocr_line' id='line_1_98' title="bbox 1962 268 2145 297; baseline 0.011 -2"><span class='ocrx_word' id='word_1_487' title='bbox 1962 269 2015 295; x_wconf 78' lang='lat' dir='ltr'>An.</span> <span class='ocrx_word' id='word_1_488' title='bbox 2032 268 2060 294; x_wconf 89' lang='lat' dir='ltr'>C.</span> <span class='ocrx_word' id='word_1_489' title='bbox 2077 268 2145 297; x_wconf 71' lang='lat'><strong>1726</strong></span> 
     </span>
    </p>
   </div>
   <div class='ocr_carea' id='block_1_13' title="bbox 1990 802 2114 824">
    <p class='ocr_par' dir='ltr' id='par_1_16' title="bbox 1990 802 2114 824">
     <span class='ocr_line' id='line_1_99' title="bbox 1990 802 2114 824; baseline 0 -1"><span class='ocrx_word' id='word_1_490' title='bbox 1990 802 2114 824; x_wconf 71' lang='lat' dir='ltr'>clausulae.</span> 
     </span>
    </p>
   </div>
  </div>
 </body>
</html>
