2170 3147
204 155 253 181 An.
274 154 303 181 c.
325 154 390 181 1728
437 145 501 179 694

401 203 485 236 inter
502 210 609 246 partes
627 208 832 243 conventum,
848 202 1043 235 communiri
1063 213 1145 234 suin-

402 267 534 299 mopere
560 257 743 289 desideret:
771 256 865 289 nobis
896 261 1073 299 propterea
1102 255 1145 288 di-

401 315 470 341 ctus
496 309 687 342 Franciscus
705 309 865 341 Antonius
887 308 1061 341 cardinalis
1082 313 1143 340 tam

400 373 456 395 suo
482 373 577 405 quam
604 362 837 395 modernorum
864 361 990 395 abbatis
1016 366 1047 394 et
1079 372 1145 394 mo-

401 415 579 448 nachorum
596 415 670 448 dieti
688 415 877 448 monasterii
896 416 927 448 S.
948 415 1087 459 Spiritus
1106 415 1144 448 de

400 467 550 500 Murrone
584 468 746 512 totiusque
780 468 1052 511 Congregationis
1082 479 1145 501 mo-

400 521 578 554 nachorum
623 521 879 555 Caelestinorum
924 522 1143 565 praefatorum

399 575 532 608 nomine
571 575 743 608 humiliter
779 575 976 618 supplicavit
1014 581 1048 607 ut
1083 574 1143 608 sibi

400 633 434 661 et
459 628 581 661 eisdem
608 627 727 668 abbati,
755 628 928 661 monacbis
956 635 988 661 et
1003 628 1145 671 Congre-

400 682 521 724 galieni
550 682 580 714 in
607 682 797 725 praemissis
830 688 1015 726 opportune
1042 682 1145 725 provi-

400 735 476 768 dere
495 741 525 768 et
542 741 576 768 ut
594 736 677 768 infra
695 735 864 778 indulgere
884 737 922 769 de
939 736 1144 778 benignitate

400 788 579 831 apostoliea
606 789 829 831 dignaremur.

443 842 457 885 ἓ
489 842 520 875 3.
556 843 618 875 Nos
657 843 775 885 igitur,
811 843 899 886 ipsos
936 842 1142 875 Franciscnm

220 887 244 926 1¹¹1
258 890 269 925 Ἀ
280 887 296 926 ..'.
317 886 373 899 ''¹¹¹⁵''
399 895 571 928 Antonium
598 896 813 935 cardinalem,
847 896 1012 936 abbatem,
1038 906 1144 928 mona-

400 949 479 981 elios
499 954 529 981 et
546 949 843 992 Congregationem
864 949 1015 992 specialis
1035 950 1143 982 favore

400 1003 521 1044 gratiae
549 1004 703 1046 prosequi
731 1004 886 1041 volentes,
913 1004 1142 1046 dictorumque

399 1055 534 1096 abbatis,
562 1057 799 1089 monachorum
824 1062 854 1089 et
874 1056 1143 1099 Congregationis

399 1110 584 1152 singulares
611 1121 768 1153 personas
794 1122 811 1143 a
832 1110 999 1153 quibusvis
1019 1120 1145 1142 excom-

399 1163 651 1203 municationis,
677 1164 924 1207 suspensionis,
961 1163 1144 1203 interdicti,

399 1216 538 1259 aliisque
565 1216 796 1250 ecclesiasticis
822 1216 1006 1255 sententiis,
1034 1227 1144 1250 censu-

399 1270 442 1302 ris
468 1275 499 1303 et
524 1270 660 1313 poenis,
694 1281 711 1303 a
744 1270 814 1303 iure
846 1271 895 1303 vel
922 1271 961 1303 ab
989 1271 1141 1311 bomine,

400 1324 512 1367 quavis
539 1324 711 1358 occasione
737 1325 787 1357 vel
814 1326 909 1357 causa
930 1325 1010 1364 latis,
1033 1325 1058 1356 si
1076 1324 1145 1367 qui-

398 1378 458 1410 bus
495 1378 748 1421 quomodolibet
781 1379 955 1412 innodatae
982 1379 1141 1419 existant,

400 1431 438 1463 ad
470 1430 619 1464 ell'cctum
656 1432 881 1474 praesentium
920 1438 1045 1464 tantum
1076 1442 1144 1465 con-

400 1485 616 1527 sequendum,
642 1485 756 1517 barum
782 1485 865 1518 serie
885 1485 1088 1518 absolventes
1115 1491 1146 1518 et

400 1536 562 1569 absolutas
580 1537 646 1570 sore
666 1543 849 1578 censentes,
872 1538 1058 1570 huiusmodi
1077 1549 1145 1581 sup-

400 1589 633 1632 plicationibus
658 1590 821 1629 inclinati,
844 1590 1088 1623 concessionem
1117 1602 1145 1623 o*

401 1643 525 1676 mnium
551 1649 582 1676 et
606 1645 812 1687 singulorum
839 1645 1018 1684 bonorum,
1038 1656 1144 1677 rerum

400 1706 436 1729 ac
461 1697 580 1729 iurium
608 1698 783 1740 supradicti
811 1698 998 1732 monasterii
1018 1698 1049 1730 S.
1079 1698 1146 1731 Cle-

401 1750 519 1783 mentis
552 1751 582 1782 in
616 1750 776 1789 Pisearizi,
814 1761 884 1783 cum
924 1751 1146 1784 iurisdictione

401 1803 564 1846 spirituali
584 1809 615 1835 et
634 1804 805 1846 temporali
820 1804 860 1836 ab
876 1814 914 1836 eo
928 1804 1145 1846 dependente,

402 1855 507 1888 cidem
533 1856 782 1900 Congrcgationi
812 1857 1051 1890 monachorum
1075 1857 1146 1890 Cae-

402 1910 616 1951 lestinorum,
643 1915 674 1943 et
699 1921 759 1953 pro
786 1913 823 1943 ea
849 1911 956 1944 abbati
983 1916 1014 1943 et
1039 1922 1145 1944 mona

401 1963 470 1995 eliis
498 1964 737 2007 monasterii-S.
758 1964 897 2008 Spiritus
923 1965 961 1997 dc
981 1964 1143 2005 Murrone,

401 2016 432 2048 in
452 2016 688 2060 emphyteusim
719 2023 911 2060 perpetuam
930 2029 946 2049 a
965 2023 1146 2051 memorato

402 2069 575 2103 Francisco
602 2070 741 2103 Antonio
767 2071 922 2104 cardinali
958 2071 1088 2109 factam⁷
1116 2076 1147 2103 et

401 2132 460 2164 per
492 2123 668 2166 capitulum
707 2125 861 2166 generale
898 2124 1044 2156 eiusdem
1070 2123 1147 2157 Con-

402 2177 601 2218 gregationis
621 2177 858 2210 monachorum
887 2176 1092 2217 ratificatam,
1113 2182 1147 2209 ut

402 2229 608 2270 praefertur,
645 2231 858 2273 confectaque
896 2231 1036 2273 desuper
1071 2230 1146 2262 bina

402 2281 617 2315 instrinncnta
644 2284 862 2326 praeinserta‚
898 2294 968 2315 cum
996 2285 1147 2316 omnibus

404 2340 436 2366 et
469 2335 605 2377 singulis
643 2337 746 2379 pactis
783 2342 814 2369 et
849 2337 1090 2370 conditionibus
1117 2343 1148 2370 et

404 2387 474 2419 aliis
509 2389 766 2432 (piibuscunupie
808 2390 838 2422 in
880 2391 926 2422 eis
964 2391 1146 2433 respective

404 2442 564 2472 contentis
595 2448 626 2473 et
659 2443 843 2485 expressis,
871 2444 1043 2477 autoritate
1074 2455 1147 2487 apo·

404 2493 524 2531 stolica,
543 2499 655 2526 tenore
674 2495 902 2537 praesentium,
917 2497 1146 2530 confirmamus

405 2551 435 2579 et
461 2547 695 2588 appiolisunus,
732 2548 860 2591 illisque
894 2549 1089 2583 inviolabilis
1116 2556 1142 2584 et

994 154 1177 178 nULLAulUM
1206 154 1362 178 ROMANUM

1189 203 1422 245 irrefragabilis
1447 203 1644 246 apostolicae
1669 202 1828 235 firmitatis
1850 202 1926 242 vim,

1189 255 1289 288 robur
1317 259 1348 289 et
1379 256 1551 289 efficaciam
1582 256 1810 298 adiungimus,
1837 265 1874 288 ae
1899 264 1929 287 ο-

1188 320 1280 342 mnes
1305 316 1336 343 et
1360 310 1505 352 singulos
1531 314 1595 342 tum
1622 309 1702 341 iuris
1732 319 1826 352 quam
1856 308 1928 341 sacti

1189 373 1224 396 ac
1239 363 1482 397 solemnitatum
1500 371 1788 406 quarumcumque,
1808 366 1873 393 tum
1892 371 1928 393 ex:

1189 416 1268 449 iuris
1296 417 1477 450 communis
1503 422 1534 450 et
1559 415 1826 449 constitutionum
1857 424 1931 457 apo-

1189 470 1392 512 stolicarum,
1418 470 1611 513 praesertim
1637 479 1736 512 super
1766 467 1930 501 alienatio-

1188 524 1282 557 nibus
1302 525 1465 558 bonornm
1484 524 1647 557 Ecclesiae
1666 523 1824 557 editarum
1837 549 1844 563 ,
1862 527 1928 554 tum

1189 588 1224 610 ex
1251 578 1471 620 praefatorum
1498 576 1772 610 monasteriorum
1789 575 1930 609 illorum-

1189 642 1251 674 que
1276 631 1548 674 Congregationis
1574 636 1606 663 et
1628 629 1765 674 ·Ordinis
1792 634 1823 661 et
1855 628 1930 662 alio-

1188 695 1259 716 rum
1287 684 1475 727 quorumvis
1512 689 1729 723 statutorum,
1763 686 1931 715 consuetu-

1189 738 1322 778 dinum,
1356 749 1470 770 usuum
1507 743 1537 770 et
1574 736 1818 780 privilegiorum
1853 745 1931 778 apo-

1188 790 1376 824 stolicorum
1404 801 1685 834 quorumcumque
1711 789 1930 833 praescripto,

1189 854 1243 876 seu
1271 844 1350 877 alias
1388 844 1426 877 de
1464 845 1548 887 stylo
1585 844 1616 876 in
1647 843 1807 876 similibus
1833 842 1929 875 etiam

1189 896 1227 929 de
1252 897 1445 929 necessitate
1477 897 1768 936 observandariun‚
1795 900 1828 928 et
1852 895 1931 929 alios

1189 950 1353 993 quoslibet
1379 950 1474 983 etiam
1508 949 1716 993 quantumvis
1746 947 1931 988 somnales‘,

1188 1003 1354 1036 naturales
1389 1009 1421 1036 et
1449 1003 1690 1043 substantiales,
1717 1013 1754 1035 ac
1777 1001 1932 1044 incogita-

1190 1062 1239 1089 tos
1270 1062 1302 1089 et
1331 1056 1602 1099 inexcogitabiles
1640 1056 1797 1096 desectus,
1825 1055 1849 1088 si
1876 1055 1930 1098 qui

1188 1109 1219 1142 in
1245 1110 1431 1153 praemissis
1469 1120 1523 1143 seu
1562 1120 1674 1143 eorum
1708 1109 1818 1152 aliquo
1843 1108 1932 1152 prin-

1188 1162 1337 1205 cipaliter
1355 1164 1403 1196 vel
1422 1163 1616 1203 accessorie,
1630 1173 1686 1196 seu
1700 1162 1779 1196 alias
1797 1171 1932 1205 quomo-

1189 1215 1313 1248 dolibet
1345 1215 1579 1249 intervenerint
1622 1226 1677 1249 seu
1718 1214 1931 1248 intervenisse

1190 1269 1272 1310 diei,
1311 1270 1459 1311 censeri,
1497 1269 1666 1313 praetendi
1704 1270 1752 1302 vel
1789 1268 1931 1311 intelligi

1190 1323 1305 1366 quovis
1330 1324 1426 1356 modo
1442 1328 1592 1366 possent,
1612 1322 1800 1366 plenissime
1819 1327 1849 1354 et
1866 1331 1932 1354 am-

1190 1376 1335 1419 plissime
1362 1378 1553 1420 supplemus
1579 1382 1611 1409 et
1635 1386 1796 1416 sanamus,
1821 1386 1857 1408 ac
1877 1385 1934 1418 pe-

1190 1429 1276 1462 nitus
1310 1435 1341 1462 et
1367 1430 1501 1463 omnino
1539 1429 1706 1469 tollimus,
1741 1428 1933 1472 perimimus

1191 1488 1221 1515 et
1247 1484 1429 1516 abolemus.

1234 1538 1248 1580 ξ
1274 1537 1303 1569 4.
1329 1537 1559 1576 Deeernentes,
1586 1536 1715 1569 easdem
1742 1540 1933 1579 praesentes

1190 1590 1323 1631 litteras,
1341 1595 1371 1623 et
1397 1591 1428 1622 in
1454 1590 1500 1623 eis
1526 1595 1681 1622 contenta
1699 1599 1932 1633 quaecumque,

1191 1644 1287 1676 etiam
1315 1654 1351 1676 ex
1379 1654 1417 1677 eo
1443 1644 1531 1687 quod
1558 1643 1698 1686 quilibet
1722 1643 1768 1676 illi
1791 1643 1822 1675 in
1840 1653 1934 1686 prae-

1191 1697 1297 1730 missis
1331 1698 1487 1730 interesse
1520 1697 1680 1730 habentes
1717 1707 1775 1730 seu
1812 1696 1935 1729 hahere

1192 1750 1444 1793 quomodolibet
1480 1750 1736 1793 praetendentes
1769 1750 1833 1782 illis
1868 1759 1935 1782 non

1191 1803 1440 1843 consenserint,
1473 1813 1532 1836 nee
1558 1803 1596 1836 ad
1622 1813 1659 1836 ea
1684 1802 1811 1842 vocati,
1846 1801 1935 1835 citati

1192 1862 1222 1889 et
1238 1857 1356 1898 auditi,
1372 1867 1431 1889 nec
1449 1867 1572 1896 causae,
1592 1862 1727 1900 propter
1744 1866 1823 1899 quas
1842 1866 1936 1899 prae-

1191 1916 1298 1943 sentes
1314 1909 1516 1950 emanarint,
1543 1910 1742 1943 sullieienter
1762 1910 1933 1949 adductae,

1192 1962 1374 1996 verilicatae
1404 1964 1456 1996 vel
1493 1963 1684 1996 iustitieatae
1719 1963 1854 2001 suerint,
1882 1967 1936 1996 aut

1192 2028 1228 2049 ex
1263 2017 1325 2050 alia
1357 2027 1561 2060 quacumque
1599 2018 1713 2057 eausa,
1741 2017 1936 2057 occasione,

1192 2072 1316 2111 colore,
1342 2075 1509 2114 praetextu
1529 2075 1561 2103 et
1581 2070 1696 2113 capite,
1724 2070 1819 2103 etiam
1839 2080 1937 2103 enor-

1191 2125 1271 2164 mis,
1300 2124 1547 2157 enormissimae
1574 2129 1605 2156 et
1633 2123 1740 2156 totalis
1764 2123 1934 2163 laesionis,

1192 2179 1282 2211 nullo
1308 2188 1452 2221 unquam
1481 2183 1625 2220 tempore
1652 2177 1691 2210 de
1713 2177 1935 2220 subreptionis

1192 2232 1241 2264 vel
1269 2230 1476 2274 obreptionis
1503 2235 1557 2263 aut
1583 2230 1741 2263 nullitatis
1771 2230 1858 2270 vitio,
1877 2240 1935 2263 seu

1191 2284 1383 2318 intentionis
1400 2290 1530 2318 nostrae
1557 2290 1613 2317 aut
1634 2284 1793 2317 interesse
1814 2284 1935 2316 liaben-

1192 2338 1271 2370 tium
1296 2339 1498 2378 consensus,
1532 2338 1636 2371 aliove
1667 2337 1814 2381 quolibet
1838 2337 1934 2370 etiam

1191 2391 1406 2434 quamtumvis
1432 2401 1550 2434 magno
1585 2396 1615 2424 et
1646 2390 1872 2431 substantiali,
1899 2399 1936 2423 ac

1191 2443 1390 2476 individuam
1406 2444 1652 2487 expressionem
1670 2443 1859 2486 requirente
1879 2443 1933 2476 de-

1190 2496 1274 2529 fectu
1294 2497 1416 2537 notari,
1435 2497 1633 2540 impugnari,
1661 2496 1813 2539 infringi,
1830 2500 1934 2528 retra-

1229 2561 1233 2585 1
1252 2559 1299 2585 Ed.
1315 2559 1392 2586 Μαίη.
1406 2559 1468 2594 legit
1482 2560 1622 2593 [hinnulus
1634 2566 1682 2593 pro
1693 2558 1930 2593 formalesmxr.)⁴

1934 152 1988 181 An.
2008 153 2038 182 C.
2055 155 2124 184 1728,

1969 1543 2088 1567 Clausulas.
