2170 3147
16 205 66 234 An.
85 203 115 232 G.
133 202 202 232 1725

42 789 160 811 cii-nautae.

812 204 1004 229 BENEDICTUS
1031 203 1086 229 XIII
1110 204 1158 228 PP.

209 251 304 285 xenia
328 261 345 284 a
370 261 532 296 quoquam
559 253 707 296 recipere
732 252 888 293 audeant,
909 253 946 286 il-

211 304 314 347 lisque
339 310 510 348 praeterea
548 305 691 337 districte
728 305 945 347 iniungimus,

209 362 245 389 nt
261 357 300 389 ab
326 357 413 390 omni
439 358 628 391 abstineant
649 358 786 390 solemni
813 360 944 401 pompa,

209 420 293 452 quae
307 415 453 453 sumptus
467 410 673 453 quantumvis
686 410 841 449 modicos,
853 410 947 442 etiam

208 462 348 505 prandii,
373 473 483 495 secum
510 463 605 503 serat3
624 473 694 495 cum
721 462 879 496 eiusmodi
899 473 946 494 sa-

208 525 281 549 crae
300 516 492 555 functiones,
507 516 545 549 ab
563 514 688 549 interna
706 516 873 559 solidaque
891 527 946 559 po-

210 567 272 601 tius
297 569 561 602 benedicentium
587 579 622 601 ac
647 568 946 601 benedicendorum

209 621 369 663 religione
394 627 428 654 et
453 622 594 664 pietate,
628 631 724 664 quam
750 622 789 653 ab
814 622 948 654 externa

210 678 243 706 et
258 675 337 707 vana
355 680 528 718 apparatus
545 674 794 717 magnificentia,
808 674 948 707 debeant

209 727 443 760 commendari.

253 779 268 822 ἓ
292 779 323 812 6.
350 780 582 820 Decernentes,
609 786 798 824 praesentes
823 780 947 814 litteras

209 838 243 866 et
265 833 298 865 in
324 833 369 867 eis
394 839 545 867 contenta
570 844 816 877 quaecumque,
850 833 945 866 etiam

209 896 246 919 ex
273 897 311 920 eo
336 888 423 931 quod
446 887 602 931 praedicti
621 893 652 920 et
669 887 722 920 alii
749 887 946 930 quicumque

208 939 240 972 in
266 940 454 982 praemissis
490 940 647 973 interesse
684 940 864 979 habentes,
897 941 945 973 vel

210 992 331 1026 babere
348 993 598 1036 quomodolibet
615 993 877 1036 praetendentes,
896 1003 947 1025 cu-

207 1045 307 1078 iusvis
332 1049 455 1085 status,
483 1046 611 1088 gradus,
639 1045 763 1078 ordinis
780 1073 787 1086 ,
814 1056 947 1088 congre-

208 1098 345 1141 gationis
370 1109 406 1132 ac
431 1099 567 1132 instituti
593 1099 755 1138 existant,
786 1109 841 1132 seu
867 1100 946 1131 alias

207 1152 338 1195 speciali
365 1154 443 1185 nota
467 1152 569 1194 digni,
592 1152 656 1185 illis
681 1163 746 1185 non
773 1162 947 1185 consense-

207 1205 294 1244 rint,
319 1210 350 1238 et
374 1205 413 1238 ad
438 1216 475 1238 ea
500 1205 624 1245 vocati,
650 1205 736 1237 citati
769 1210 801 1238 et
825 1205 946 1244 auditi,

207 1268 402 1302 causaeque,
432 1263 567 1302 propter
590 1269 671 1302 quas
695 1264 884 1302 praesentes
912 1270 945 1291 e-

207 1311 380 1352 manarint,
403 1312 561 1345 adductae
583 1316 615 1344 et
638 1311 837 1345 sufficienter
859 1313 947 1346 iusti-

207 1363 320 1398 ficatae
338 1375 401 1398 non
428 1365 558 1405 suerint,
579 1365 644 1397 sive
661 1375 697 1397 ex
719 1365 781 1398 alia
800 1376 946 1409 quacum-

207 1428 270 1461 que
296 1418 501 1461 quantumvis
531 1418 635 1458 iusta,
658 1418 802 1461 legitima
827 1424 858 1452 et
882 1419 946 1462 pri-

206 1470 358 1513 vilegiata
387 1473 504 1510 causa,
538 1471 647 1504 colore
664 1497 671 1511 ,
703 1476 870 1514 praetextu
896 1472 944 1505 vel

207 1522 332 1567 capite,
364 1524 460 1556 etiam
487 1523 519 1556 in
544 1534 683 1567 corpore
708 1524 785 1556 iuris
809 1525 920 1558 clauso
937 1552 944 1564 ,

207 1576 303 1609 etiarn
329 1577 472 1610 enormis
497 1587 533 1609 :tc
558 1576 804 1610 enormissiuiae
830 1577 946 1610 laesio-

206 1630 268 1671 nis,
288 1631 376 1664 nullo
403 1641 543 1674 unquam
570 1636 714 1675 tempore
740 1631 945 1675 impugnari,

205 1682 369 1726 redargui,
395 1683 539 1727 infringi,
557 1684 588 1717 in
614 1684 869 1717 controversiam
895 1695 945 1717 re-

207 1737 324 1776 vocari,
343 1742 397 1769 aut
415 1737 452 1770 ad
470 1737 626 1770 terminos
642 1737 722 1770 iuris
742 1737 851 1771 reduci
870 1748 945 1780 pos-

206 1798 241 1821 se
255 1816 262 1829 ,
280 1789 336 1822 sed
354 1799 481 1832 semper
496 1790 586 1823 firma
603 1794 634 1823 et
652 1790 792 1823 efficacia
807 1790 944 1823 existere

207 1847 240 1875 et
264 1842 353 1882 sore,
380 1853 522 1886 suosque
547 1844 712 1887 plenarios
738 1849 768 1876 et
799 1844 944 1887 integros

206 1894 338 1929 effecius
362 1896 469 1929 sortiri
496 1902 527 1929 et
547 1896 710 1937 obtinere,
730 1908 766 1929 ac
784 1898 824 1930 ab
842 1897 944 1930 omni·

205 1948 266 1982 bus
291 1953 322 1981 et
346 1949 490 1992 singulis,
507 1949 545 1982 ad
573 1960 654 1993 quos
679 1955 804 1993 spectat
830 1956 861 1983 et
887 1961 944 1994 pro

207 2007 355 2045 tempore
380 2002 550 2045 spectabit,
569 2002 818 2046 quomodolibet
844 2003 874 2036 in
902 2003 945 2035 su-

207 2060 314 2088 turum
330 2056 565 2090 inviolabiliter
581 2062 612 2089 et
628 2056 821 2090 inconcusse
837 2058 946 2090 obscr-

208 2108 294 2149 vari,
314 2108 425 2152 sicque
442 2114 473 2142 et
492 2119 559 2143 non
584 2109 676 2143 aliter
701 2110 733 2142 in
758 2110 945 2154 praemissis

207 2171 267 2205 per
290 2171 512 2206 quoscumque
545 2163 670 2196 iudices
702 2163 883 2197 ordinarios
914 2169 945 2197 et

207 2214 384 2257 delegatos,
412 2214 507 2248 etiam
537 2226 705 2249 causarum
732 2217 842 2260 palatii
869 2227 944 2260 apo-

207 2268 313 2301 stolici
332 2268 506 2310 auditores,
525 2280 562 2302 ac
579 2269 610 2302 S.
631 2269 668 2302 R.
692 2269 726 2302 E.
750 2270 942 2309 cardinales,

207 2321 302 2355 etiam
328 2322 368 2355 de
391 2323 494 2355 latere
516 2323 656 2365 legatos,
675 2328 706 2356 et
724 2322 826 2356 dictae
852 2322 942 2356 Sedis

207 2374 363 2414 nuncios,
388 2374 509 2408 aliosve
545 2376 710 2419 quoslibet
742 2385 943 2419 quacumque

207 2428 488 2471 praeeminentia,
524 2428 682 2471 dignitate
719 2433 751 2461 et
785 2433 943 2471 potestate

207 2479 377 2524 fungentes
413 2487 444 2514 et
479 2481 666 2521 functuros,
692 2481 818 2514 sublata
845 2481 889 2513 eis
915 2486 945 2513 et

207 2544 320 2568 eorum
350 2534 485 2568 cuilibet
513 2535 624 2578 quavis
656 2534 750 2566 aliter
779 2533 942 2566 iudicandi

206 2592 240 2624 ει
255 2587 491 2633 interpretandi
514 2588 665 2622 facultate
692 2591 723 2620 et
741 2587 943 2628 auctoritate,

990 252 1124 286 iudicari
1143 258 1173 286 et
1191 252 1318 286 definiri
1335 251 1463 293 debere,
1486 263 1523 285 ac
1547 251 1675 285 irritum
1696 256 1727 285 et

989 306 1083 338 inane
1109 306 1134 338 si
1161 316 1254 339 secus
1288 317 1386 350 super
1415 306 1466 338 liis
1492 316 1508 338 a
1540 315 1726 348 quoquam,

989 358 1100 401 quavis
1124 359 1325 399 auctoritate,
1347 360 1488 392 scienter
1508 359 1556 391 vel
1579 358 1727 401 ignoran-

989 415 1048 449 ter,
1070 411 1244 453 contigerit
1269 412 1429 444 attentari.

1033 462 1047 504 g
1074 462 1104 494 7.
1132 463 1200 495 Non
1230 464 1434 496 obstantibus
1455 464 1654 506 praemissis
1680 473 1725 502 ar,
1766 473 1816 519 austu
1833 472 1923 497 deroga·

990 518 1150 556 quatenus
1169 525 1250 558 opus
1268 515 1320 555 sit,
1336 518 1444 547 nostrai
1461 522 1491 547 et
1508 515 1725 548 Cancellariat·r

991 566 1196 608 Apostolicae
1223 569 1335 610 regula
1354 568 1393 600 de
1411 567 1480 599 inre
1498 568 1643 610 quaesito
1662 578 1725 600 non

990 620 1146 658 tollendo,
1166 620 1302 662 aliisque
1328 620 1525 663 apostolicis,
1544 631 1579 652 nc
1604 620 1635 652 in
1662 620 1729 651 nni-

991 671 1187 713 versalibus,
1212 672 1532 715 provincialilnisqne
1568 678 1599 704 et
1633 682 1728 715 syno-

990 723 1117 756 dalibus
1146 724 1294 757 conciliis
1321 724 1425 765 editis,
1444 724 1651 767 generalibus
1677 725 1726 756 vel

989 777 1195 819 specialibus,
1223 777 1515 810 constitutionibus
1540 782 1567 810 et
1596 776 1727 809 ordina-

992 829 1144 870 tionibus,
1170 841 1298 863 necnon
1325 830 1544 869 ecclesiarum,
1567 835 1727 863 monaste-

989 882 1131 923 riorum,
1147 883 1373 925 collegffirum,
1400 882 1567 922 ordinum,
1592 892 1727 925 congre-

989 935 1152 978 gationum
1179 941 1211 969 et
1235 936 1458 969 institutorum
1485 936 1724 979 quorumlibet,

990 988 1100 1022 aliisve
1126 989 1302 1033 quibusvis,
1322 989 1416 1023 etiam
1443 990 1636 1029 iuramento,
1656 1000 1728 1023 con·

989 1041 1172 1076 firmatione
1198 1044 1391 1087 apostolica,
1418 1045 1467 1076 vel
1494 1044 1604 1087 quavis
1631 1043 1729 1077 tirmi—

990 1101 1054 1128 tate
1075 1097 1137 1129 alisi
1156 1097 1326 1137 roboratis,
1343 1097 1478 1136 statutis,
1496 1096 1618 1134 usibus,
1638 1098 1728 1140 stylis

989 1153 1020 1181 et
1044 1149 1345 1188 consuetudinibus,
1370 1150 1465 1182 etiam
1491 1149 1729 1182 immemorabi-

989 1202 1099 1241 libus,
1126 1202 1306 1245 privilegiis
1338 1213 1468 1246 quoqne
1488 1229 1495 1242 ,
1530 1203 1664 1235 indultis
1697 1208 1729 1235 et

988 1256 1106 1288 litteris
1132 1256 1321 1299 apostolicis
1346 1257 1614 1300 quibuscumque,
1637 1255 1728 1288 Ordi-

989 1310 1107 1350 nibus,
1149 1310 1455 1352 congregationibus
1497 1320 1533 1343 ac
1574 1310 1727 1342 institutis

989 1363 1176 1407 praedictis,
1199 1374 1378 1407 eorumque
1397 1363 1606 1396 monasteriis
1626 1369 1656 1396 et
1674 1363 1727 1396 ab·

988 1417 1126 1458 batibus,
1142 1417 1201 1449 sub
1227 1417 1389 1460 quibusvis
1415 1417 1583 1450 tenoribus
1608 1423 1639 1450 et
1665 1417 1727 1449 sor-

989 1471 1064 1510 mis,
1090 1476 1122 1504 et
1153 1481 1222 1503 cum
1256 1470 1513 1514 quibuscumque
1546 1470 1641 1502 etiam
1673 1471 1727 1503 de-

989 1524 1226 1568 rogatoriarum
1258 1523 1491 1566 derogatoriis,
1520 1524 1656 1567 aliisque
1683 1523 1728 1555 es-

988 1577 1217 1617 licacioribus,
1256 1576 1484 1610 efficacissimis
1519 1582 1550 1609 et
1587 1576 1725 1609 insolitis

989 1631 1166 1669 clausulis,
1202 1629 1467 1672 irritantibusque
1504 1635 1532 1662 et
1566 1630 1636 1662 aliis
1672 1630 1726 1662 de-

987 1684 1107 1723 cretis,
1133 1684 1228 1717 etiam
1266 1688 1372 1722 motu,
1398 1683 1533 1716 scientia
1570 1689 1601 1716 et
1636 1688 1726 1726 pote-

988 1737 1079 1769 statis
1105 1737 1309 1780 plenitudine
1336 1736 1509 1775 similibus,
1531 1736 1627 1769 etiam
1649 1747 1724 1769 con-

988 1789 1217 1827 sistorialiter,
1247 1800 1282 1821 ac
1306 1789 1385 1822 alias
1418 1789 1660 1832 quomodolibet
1692 1789 1723 1820 in

987 1843 1185 1876 contrarium
1200 1842 1452 1886 praemissorum
1468 1842 1639 1879 concessis,
1653 1852 1727 1874 con-

987 1896 1119 1929 firmatis
1138 1901 1165 1928 et
1186 1896 1368 1933 innovatis;
1388 1896 1503 1938 quibus
1522 1895 1673 1928 omnibus
1696 1901 1726 1927 et

987 1949 1136 1992 singulis,
1162 1949 1287 1981 etiamsi
1314 1958 1373 1991 pro
1399 1947 1569 1980 sufficienti
1596 1948 1725 1981 illorum

987 2002 1197 2045 derogatione
1216 2002 1254 2034 de
1273 2001 1335 2034 illis
1355 2011 1532 2044 corumque
1555 2001 1724 2034 tenoribus

987 2056 1157 2100 specifica,
1184 2066 1335 2099 expressa
1362 2059 1390 2087 et
1416 2054 1597 2094 individua,
1625 2064 1659 2087 ac
1684 2055 1722 2087 de

986 2110 1085 2143 verbo
1100 2110 1137 2142 ad
1155 2109 1301 2148 verbum,
1316 2119 1380 2141 non
1396 2112 1503 2140 autem
1518 2118 1575 2151 per
1599 2108 1724 2140 clausu-

987 2164 1032 2196 las
1057 2163 1226 2206 generales
1251 2162 1335 2194 idem
1360 2161 1583 2203 importantes,
1602 2161 1723 2194 mentio

987 2226 1044 2248 scu
1063 2215 1194 2258 quaevis
1221 2214 1281 2247 alia
1307 2213 1472 2257 expressio
1497 2213 1652 2255 facienda,
1671 2219 1725 2246 ant

987 2268 1093 2311 aliqua
1107 2268 1168 2300 alia
1194 2266 1350 2310 exquisita
1380 2266 1483 2299 forma
1512 2266 1549 2298 ad
1580 2267 1641 2300 hoc
1659 2277 1724 2300 ser-

986 2322 1088 2353 vanda
1110 2321 1202 2359 soret,
1218 2320 1347 2352 illorum
1374 2319 1517 2351 omnium
1538 2325 1570 2351 et
1586 2320 1723 2361 singulo*

987 2384 1055 2405 rum
1075 2379 1224 2409 tenores.
1250 2363 1370 2404 'formas
1396 2377 1422 2404 et
1451 2372 1638 2405 occasiones
1655 2399 1662 2412 ,
1688 2383 1724 2405 ac

986 2426 1047 2458 alia
1072 2425 1167 2458 etium
1200 2425 1331 2468 speciali
1365 2425 1575 2467 expressione
1607 2425 1721 2468 dignu,

987 2478 1209 2522 praesentibus
1243 2488 1303 2520 pro
1335 2479 1430 2519 plene
1463 2483 1494 2509 et
1525 2477 1724 2510 sufficienter

987 2531 1158 2575 expressis,
1177 2531 1306 2564 insertis
1324 2541 1360 2563 ac
1385 2531 1516 2564 servatis
1544 2531 1720 2573 respective

986 2585 1152 2628 habentes,
1174 2585 1233 2618 bac
1262 2584 1327 2618 vice
1355 2585 1532 2627 dumtaxat,
1556 2584 1620 2617 illis
1645 2581 1721 2619 alias

1739 502 1766 519 tm

1626 193 1684 227 171
1735 202 1785 229 An.
1806 201 1835 229 c.
1854 202 1920 229 1795
