2170 3147
6 262 55 291 An.
70 261 99 290 C.
120 262 189 289 1726

32 1044 133 1066 Redditus
152 1051 187 1066 «u-

5 1072 79 1099 poi-nui
100 1073 188 1092 semina-

5 1099 37 1119 rio
65 1098 186 1119 adiudican-

33 1334 62 1358 Da
72 1341 188 1362 congrega-

5 1363 104 1387 tionibus,
114 1364 187 1383 suffra-

7 1390 45 1415 giis
55 1392 75 1410 at.
90 1390 134 1411 iuro
145 1390 187 1416 epi·

7 1417 71 1443 teupi.

101 2161 186 2182 elisione

9 2187 78 2218 mlqon
95 2189 107 2209 [a
125 2188 188 2209 semi·

9 2217 74 2236 nno.

768 260 964 285 BENEDICTUS
989 260 1047 283 XIII
1072 259 1121 282 PP.

197 298 270 349 quae
291 309 433 338 hactenus
455 308 500 338 bis
521 308 550 338 in
574 317 661 345 anno,
686 309 741 338 hoc
763 313 807 339 est
829 309 857 338 in
886 318 928 339 so-

197 356 343 387 lemnibus
366 356 474 386 Natalis
504 360 532 386 et
565 356 713 386 paschatis
745 356 852 386 Christi
880 357 930 385 do-

197 405 268 434 mini
302 404 437 434 distribui
474 408 707 440 consueverunt,
742 404 806 443 pari
846 395 930 443 pacto

196 452 388 491 aboleantur,
412 453 511 489 tertio,
529 461 631 482 omnes
653 456 788 490 sumptus
811 452 930 481 inutiles

197 505 225 531 et
247 501 365 531 omnino
387 501 597 540 supervacanei
620 501 648 529 in
673 500 814 539 prandiis,
839 500 930 529 ienta-

197 549 283 586 culis,
307 548 586 585 comessationibus,
619 548 779 584 conviviis,
814 547 929 584 coenis,
952 557 953 561 ¹

198 597 486 636 refrigerationibus,
509 601 538 626 et
565 596 672 626 ceteris
695 595 861 625 huiusmodi
885 604 932 624 vo-

199 645 371 684 luptatibus,
395 646 546 675 occasione
568 644 841 683 congregationum,
865 652 932 681 pro·
953 678 954 683 ¹

199 694 377 730 cessionum,
394 694 627 732 recognitionum
650 696 678 722 et
700 692 843 722 bonorum
864 691 932 721 visi-

198 743 341 771 tationum
374 742 437 771 fieri
468 743 578 779 solitis,
602 741 720 771 omnino
742 740 929 776 aboleantur,

197 789 251 819 sub
273 792 368 829 poena
388 790 512 829 singulis
531 788 798 828 transgressoribus
814 792 931 818 centum

197 843 347 868 scutorum
370 844 575 877 argenteorum
598 839 661 877 ipso
685 838 757 867 sacto
780 837 931 866 incurren-

197 886 234 916 (ἰὰ
256 890 285 917 et
306 887 474 917 eorumdem
498 897 564 917 aere
597 895 649 926 pro
682 888 743 915 rata
779 885 929 923 solvenda,

197 944 271 974 quae
285 936 442 966 seminario
457 936 632 970 clericorum
649 934 842 964 saecularium
857 934 932 964 eius·

197 984 263 1014 dem
286 985 471 1024 episcopatus
493 983 719 1024 appplicabitur.

236 1040 285 1062 vn.
309 1033 457 1072 Completo
473 1042 548 1063 anno
570 1032 833 1062 administrationis
855 1032 932 1062 eius-

198 1081 263 1111 dem
286 1081 439 1120 hospitalis
455 1083 485 1110 S.
502 1081 620 1118 Tobiae,
638 1085 665 1111 et
681 1081 780 1111 statim
799 1081 933 1118 recogni-
954 1115 956 1124 ,

199 1130 278 1160 tione
300 1130 385 1168 sacta,
409 1139 610 1169 quaecumque
641 1139 675 1160 ex
705 1130 810 1159 annuis
833 1134 862 1159 et
885 1138 934 1159 ne-

181 1175 336 1209 'cessariis
357 1179 524 1218 sumptibus
546 1179 676 1208 eiusdem
700 1178 853 1217 hospitalis
885 1188 933 1208 su-

199 1228 339 1266 pererint,
364 1228 497 1257 volumus
518 1232 550 1257 ut
573 1232 714 1266 perpetuo
733 1227 827 1256 eidem
846 1227 932 1257 semi·
954 1224 955 1235 ¹

198 1277 281 1306 nario
300 1276 475 1306 clericorum
498 1277 693 1306 saecularium
713 1276 930 1305 adiudicentur.

197 1423 233 1453 ad
256 1423 397 1462 hospitale
424 1424 642 1463 pertinentibus
671 1424 782 1463 aliquId
812 1423 932 1452 secretis

198 1472 345 1510 suffragiis
366 1472 536 1511 decernant,
560 1472 726 1502 eorumdem
743 1471 891 1510 suffragia,
909 1472 932 1501 si
955 1477 956 1483 ¹

199 1521 307 1551 suerint
329 1530 451 1551 numero
475 1521 614 1561 utrinque
637 1521 715 1560 paris
729 1521 748 1558 ¹,
772 1530 875 1551 rursus
897 1521 932 1550 ad
954 1546 956 1557 ,

198 1579 271 1600 nova
294 1570 430 1608 suffragia
454 1580 511 1600 non
535 1571 723 1609 procedatur,
755 1570 803 1599 sed
823 1570 933 1609 episco-
954 1571 955 1582 ’

198 1628 252 1658 pus
273 1618 346 1657 ipse,
363 1619 408 1648 vel
425 1619 486 1648 eius
506 1619 631 1648 vicarius
644 1619 791 1657 generalis
810 1619 891 1648 iussu
905 1623 932 1648 et
954 1616 956 1643 ἶ

954 1675 956 1713 g
976 1679 1027 1699 nes
1050 1674 1077 1699 et
1099 1669 1224 1707 capitula
1250 1678 1302 1708 pro
1324 1669 1399 1699 bono
1420 1670 1563 1707 regimine
1583 1669 1714 1699 eiusdem

954 1715 1080 1756 j‘Montis
1115 1718 1234 1747 Pietatis
1264 1718 1374 1747 sancita
1399 1722 1426 1747 et
1455 1722 1574 1753 statuta,
1609 1717 1714 1756 quibus

196 1764 403 1803 aequalitatem
426 1765 538 1801 tollere,
563 1765 648 1803 eique
670 1765 744 1804 parti
772 1765 932 1794 adhaerere
955 1774 956 1779 ¹

198 1667 316 1697 nomine
338 1667 469 1697 eiusdem
492 1668 634 1706 episcopi,
660 1677 711 1698 suo
734 1668 852 1707 proprio
875 1667 934 1696 sus-

197 1715 289 1753 sragio
311 1716 402 1754 possit
423 1716 575 1746 etdebeat
591 1717 706 1746 illorum
726 1716 931 1754 suffragiorum

197 1813 244 1844 cui
260 1823 312 1853 pro
328 1815 382 1843 sua
400 1814 556 1853 prudentia
569 1818 597 1844 et
610 1813 733 1843 arbitrio
751 1813 805 1843 sibi
826 1814 933 1843 adbae—

196 1863 320 1893 rendum
343 1863 484 1893 censebit.
509 1863 612 1892 Nullus
636 1872 704 1892 vero
726 1867 808 1892 actus
823 1886 830 1900 ‚
853 1862 931 1892 nulla

197 1912 383 1950 congregatio
398 1911 461 1941 sine
480 1911 647 1950 praesentiit
661 1911 790 1950 episcopi
806 1915 855 1940 aut
870 1911 932 1940 eius
954 1933 955 1938 ,

196 1959 297 1990 vicarii
320 1960 466 1998 generalis
488 1959 551 1989 lieri
574 1960 676 1999 possit.
695 1959 753 1989 lIoc
771 1959 824 1990 sub
841 1960 933 1998 poenit
954 1973 955 1992 t

196 2008 327 2038 omnium
343 2013 474 2039 actorum
493 2008 637 2038 nullitatis
652 2007 865 2038 observandum
890 2008 933 2038 iu-

197 2057 334 2087 dicimus.
363 2057 457 2097 Atque
479 2057 543 2096 ‚hoc
576 2057 650 2087 idern
678 2062 765 2096 caput
788 2058 875 2087 etiam
899 2058 932 2087 de

197 2106 335 2146 hospitali
357 2107 408 2136 SS.
433 2106 568 2137 Crucifixi
591 2107 700 2136 dictum
723 2107 915 2145 intelligatur.

237 2164 276 2185 ix.
300 2154 378 2185 Idem
400 2155 543 2194 hospitale
556 2155 824 2185 etconfraternitas
837 2154 866 2185 S.
881 2154 933 2185 To-

198 2204 274 2241 biae,
297 2208 469 2243 ceteraeque
501 2204 575 2234 duae
603 2204 631 2234 S.
656 2204 762 2234 Mariae
784 2213 798 2233 a
822 2204 933 2243 Populo

197 2258 227 2284 et
248 2254 279 2283 S.
303 2253 408 2283 Mariae
439 2262 452 2282 a
476 2252 636 2291 Sutiragio,
671 2253 777 2291 quibus
810 2253 933 2291 singulis

198 2312 250 2343 per
281 2301 393 2332 litteras
425 2306 540 2332 nostras
572 2302 746 2341 apostolicas
779 2301 808 2331 iu
843 2302 933 2331 forma

197 2409 335 2431 xnccxxv
370 2400 534 2430 iniunctum
574 2399 626 2430 fuit
668 2408 741 2429 onus
776 2404 934 2439 perpetuae

199 2448 346 2488 pensionis
378 2451 528 2478 scutorum
561 2453 765 2485 argenteorum
801 2452 934 2478 monetae

1609 245 1673 279 395

974 307 1152 347 temporibus
1176 305 1396 346 persolvendae,
1414 304 1543 334 eiusdem
1561 303 1711 342 pensionis

975 356 1158 386 medietatem
1182 356 1306 393 singulis
1335 353 1525 383 semestribus
1552 352 1711 390 anticipato

974 405 1087 433 solvere
1109 404 1245 433 debeant.
1279 403 1309 432 Si
1332 403 1450 433 octiduo
1482 402 1517 431 ah
1539 402 1637 440 elapso
1670 410 1714 430 se-

975 452 1073 481 mestri
1101 452 1198 490 aliqua
1232 461 1266 481 ex
1290 452 1325 480 iis
1349 451 1442 480 tribus
1466 449 1713 479 consi-aternitati-

975 500 1029 529 bus
1053 500 1236 529 medietatem
1271 500 1399 528 eiusdem
1434 499 1582 537 pensionis
1612 497 1715 527 antici-

976 549 1041 586 pato
1074 548 1186 581 solvere
1219 548 1398 585 neglexerit,
1435 551 1503 575 tunc
1536 546 1713 584 duplicatam

975 597 1145 635 pensionem
1167 596 1282 626 solvere
1305 596 1423 625 omnino
1439 595 1553 624 debeat.

1721 255 1768 280 An.
1786 254 1814 280 C.
1839 254 1904 280 1726

1179 670 1233 699 Pro
1256 670 1346 700 Monte
1370 670 1496 700 Pietatis.

1017 755 1044 774 x.
1067 745 1178 775 Ceteris
1201 745 1345 774 ministris
1367 749 1395 774 et
1416 744 1588 774 officialibus
1607 744 1713 773 Montis
1733 758 1762 779 ne
1773 759 1907 781 ammam„

976 794 1094 823 Pietatis
1106 794 1456 830 adiungaturaestimator
1469 794 1621 832 pignorum
1639 802 1713 822 sem-
1725 791 1833 835 ¹⁵}[‚{,¹‚¹f0'2¹¹¹¹¹
1871 788 1909 809 ⁹¹³·

976 852 1028 881 per
1056 852 1070 872 a
1103 843 1163 872 solo
1196 843 1332 881 episcopo
1365 843 1527 880 eligendus,
1561 833 1729 880 eidemque=

976 889 1136 928 subiectus,
1160 894 1247 929 atque
1270 890 1337 919 inde
1360 891 1423 919 eius
1445 895 1517 919 nutu
1541 894 1569 919 et
1591 890 1714 919 arbitrio

977 938 1170 968 amovendus.
1196 938 1269 967 lluic
1291 942 1387 968 autem
1412 939 1558 975 ministre,
1583 938 1624 967 uti
1647 938 1715 967 reli-

976 987 1053 1026 quis,
1077 996 1141 1016 eam
1164 987 1327 1016 mercedem
1351 987 1446 1016 solvat
1468 987 1548 1016 Mons
1580 987 1711 1023 Pietatis,

976 1045 1049 1074 quae
1072 1036 1107 1065 ab
1130 1036 1265 1075 episcopo
1287 1035 1424 1065 solvenda
1448 1035 1625 1065 censebitur.

1016 1094 1053 1115 xi.
1079 1085 1198 1115 Praeter
1213 1085 1285 1114 duos
1302 1084 1449 1123 praesides
1472 1084 1561 1113 laicos
1583 1084 1713 1113 eiusdem
1753 1104 1782 1124 Μ
1804 1103 1909 1130 mum,-

976 1133 1082 1163 Montis
1111 1134 1230 1163 Pietatis
1263 1133 1379 1172 publico
1411 1137 1439 1163 et
1471 1133 1600 1170 generali
1630 1137 1713 1161 coetu
1726 1131 1771 1151 '‘¹¹⁴-

976 1182 1211 1211 consiliariorum
1233 1181 1360 1211 civitatis
1376 1181 1537 1219 eligendos,
1561 1181 1713 1220 episcopus

976 1229 1049 1259 dnos
1071 1230 1142 1259 alios
1166 1230 1253 1267 eligat
1268 1238 1303 1259 ex
1319 1230 1421 1259 ordine
1437 1230 1637 1259 eeclesiastico
1653 1239 1714 1259 sae-

976 1279 1080 1316 culari,
1109 1279 1170 1308 eius
1197 1283 1270 1308 nutu
1292 1283 1320 1308 et
1342 1278 1465 1308 arbitrio
1489 1278 1554 1307 inde
1577 1288 1715 1307 amoven—

237 1333 297 1355 vln.
332 1325 579 1365 Quotiescumque
612 1325 741 1355 eiusdem
778 1316 956 1364 hospitalisf

198 1373 309 1413 priores
332 1374 504 1412 congregari
531 1374 698 1412 contigerit,
732 1378 763 1404 ut
785 1374 821 1403 de
844 1373 933 1403 rebus
954 1384 956 1394 2

975 1328 1038 1364 dos,
1062 1327 1169 1366 quibus
1201 1327 1300 1357 eadent
1334 1336 1422 1356 onera
1456 1332 1484 1356 et
1517 1327 1712 1356 emolumenta

976 1376 1135 1413 dabuntur,
1169 1386 1243 1415 quae
1274 1376 1386 1406 (luobus
1420 1376 1601 1415 praesidibus
1634 1376 1714 1405 laicis

976 1425 1038 1454 dari
1058 1429 1285 1454 consueverunt.

1017 1483 1064 1503 xri.
1090 1474 1248 1513 Episcopus
1273 1474 1421 1513 perpetuis
1444 1473 1550 1503 suturis
1574 1473 1714 1512 tempori-

976 1522 1041 1561 bus,
1059 1523 1291 1562 independenter
1314 1532 1327 1552 a
1349 1532 1551 1562 quocumspie,
1578 1523 1665 1561 plena
1687 1526 1713 1551 et

976 1572 1066 1601 libera
1086 1572 1221 1602 facultate
1245 1572 1373 1610 potiatur
1395 1572 1530 1610 augendi,
1550 1571 1711 1608 minuendi,

976 1620 1155 1656 declarandi,
1179 1620 1351 1650 moderandi
1376 1619 1613 1655 constitutiones,
1638 1620 1715 1649 ordi-

1761 1485 1789 1503 tiu
1806 1485 1850 1504 iuro
1867 1485 1909 1510 opi-

1726 1516 1792 1536 scopi.

976 1775 1034 1795 non
1058 1770 1170 1796 tantum
1203 1766 1329 1795 ministri
1359 1771 1386 1795 et
1413 1766 1552 1795 ot'ticiales
1583 1766 1714 1795 eiusdem

976 1815 1081 1845 Montis
1103 1814 1291 1850 subiaceant,
1315 1814 1364 1843 sed
1395 1815 1482 1844 eliani
1509 1815 1650 1843 ot'ticiales
1674 1814 1714 1843 ci-

977 1864 1073 1893 vitatis
1097 1864 1126 1893 in
1149 1863 1285 1893 omnibus
1308 1868 1335 1892 et
1358 1864 1592 1902 quibuscumque
1625 1862 1712 1891 rebus

976 1912 1011 1942 ad
1034 1913 1170 1942 eumdem
1193 1912 1318 1942 lilontein
1343 1912 1462 1941 Pietatis
1486 1911 1712 1950 pertinentibus,

976 1961 1029 1991 sub
1053 1960 1153 2000 poenis
1176 1960 1252 2000 quod
1276 1960 1305 1989 in
1330 1960 1434 1990 iisdem
1458 1959 1714 1989 constitutionibus

954 2010 956 2055 J
978 2010 1186 2048 vulgabunturi

1774 2065 1908 2086 Confirmatio

1725 2094 1745 2112 et
1756 2092 1863 2112 clausutao
1872 2093 1909 2112 da-

1021 2059 1090 2103 ξὲ.
1126 2059 1287 2092 Hactenus
1324 2059 1429 2102 capita
1466 2058 1639 2091 duodecim
1674 2058 1711 2091 ad

954 2118 955 2134 ³
978 2112 1155 2156 hospitalia
1179 2111 1232 2145 SS.
1253 2111 1399 2145 Crucifixi
1428 2118 1459 2145 et
1483 2112 1514 2144 S.
1534 2111 1654 2144 Tobiae
1676 2119 1853 2145 acwssmoriao-

977 2167 1015 2198 ad
1032 2166 1170 2198 Mentem
1186 2165 1318 2198 Pietatis
1333 2165 1490 2198 Caesenae
1504 2165 1713 2208 pertinentia,

977 2218 1210 2262 perpetuisque
1244 2218 1358 2250 suun-is
1392 2218 1591 2261 temporibus
1618 2217 1715 2250 invio<

954 2272 1117 2305 >labiliter
1150 2271 1371 2311 observanda,
1409 2281 1473 2304 non
1510 2271 1715 2304 obstantibus

197 2351 297 2382 Brevis
329 2350 422 2380 editas
460 2350 507 2380 die
542 2359 599 2379 nx
636 2350 704 2380 maii
739 2350 830 2389 elapsi
864 2351 933 2380 anni
977 2325 1238 2368 quibuscumque
1257 2324 1716 2368 consuetudinibus,et‚qua-

977 2385 1070 2411 tenus
1097 2388 1177 2420 opus
1203 2378 1261 2418 sit,
1295 2378 1478 2417 seminarii,
1504 2378 1714 2420 hospitalium

977 2437 1008 2464 et
1033 2431 1146 2464 Montis
1173 2431 1303 2464 Pietatis
1325 2431 1570 2474 praedictorum
1606 2442 1717 2475 respe-

198 2506 334 2527 romanae
359 2497 582 2537 quinquaginta,
603 2496 760 2526 seminario
776 2497 933 2536 episcopali
954 2500 956 2540 1
978 2485 1058 2518 clive
1085 2485 1274 2518 fundatione
1307 2490 1338 2517 ct
1371 2484 1552 2524 erectione,
1578 2496 1613 2517 ac
1640 2495 1716 2517 con-

199 2544 374 2576 clericorum
399 2545 593 2576 saecularium
607 2546 627 2581 ²,
657 2545 806 2584 perpetuis
829 2545 934 2585 sut-uris
954 2541 956 2558 ⁵
977 2537 1202 2570 stitutionibus
1232 2543 1262 2570 et
1298 2537 1560 2570 ordinationibus
1587 2542 1716 2580 aposto-

235 2611 247 2636 1
269 2608 314 2636 Vel
331 2609 430 2644 paria,
451 2607 491 2635 vel
508 2608 579 2643 pari
597 2607 739 2642 legendum
759 2610 798 2643 (a.
814 2609 863 2643 T.).

234 2653 251 2681 2
269 2652 340 2681 Edit.
361 2653 443 2682 Μαίη.
465 2652 529 2689 legit
547 2651 742 2682 seminarium
761 2654 799 2689 (n.
817 2655 867 2688 r.).

978 2591 1059 2631 licis,
1086 2592 1276 2624 eorumdem
1301 2591 1480 2632 seminarii,
1506 2591 1715 2634 hospitalium

956 2651 1010 2679 :ct
1034 2645 1150 2679 Montis
1187 2644 1342 2686 Pietatis,
1379 2645 1476 2679 etiam
1510 2644 1713 2683 iuramento,
