2170 3147
23 213 75 238 Αη.
97 213 123 235 tl.
144 210 209 236 ¹727

49 1747 161 1765 ‹lumen-0
175 1747 204 1765 ta-

21 1774 106 1792 ruttatis
121 1778 170 1797 prae
181 1773 204 1791 li-

802 209 996 232 rtssutssme'rus

220 258 356 302 praefati
396 267 510 300 graves
548 267 706 300 expensas
739 257 771 288 in
804 255 962 289 eiusmodi

221 310 462 348 controversia,
489 321 525 342 ac
552 309 743 353 praesertim
776 320 876 352 super
900 314 964 341 ter-

219 363 334 395 ritorio
361 368 534 405 separato,
562 373 620 404 pro
646 363 737 394 cuius
770 361 963 404 comproba-

221 415 307 448 tione
334 415 526 458 multiplicia
544 415 739 447 documenta
763 414 907 446 invenire
926 423 961 445 ac

217 478 334 510 parare
372 469 587 506 debuerunt,
627 466 815 499 sustinenda
856 467 960 498 facere

216 522 317 554 eoacti
344 521 474 558 suerint,
494 530 671 562 eorumque
698 520 797 551 annui
823 529 960 562 proven-

218 580 268 605 tus
289 573 415 616 aliquot
439 574 478 605 ab
503 573 580 605 hinc
600 572 693 605 annis
711 571 753 604 ob
775 577 958 614 temporum

215 626 417 659 calamitates
451 626 640 659 notabiliter
672 625 822 657 diminuti
853 625 960 667 requi-

216 679 355 718 rantur¹,
374 690 520 722 novaque
540 678 720 722 dispendia,
739 678 762 709 si
781 688 834 709 res
852 678 958 709 denuo
979 679 981 720 ζ

979 727 980 746 ³
1002 732 1180 771 canonicis,
1207 737 1240 763 ut
1265 731 1404 763 subditis
1430 731 1649 773 praefatorum
1676 739 1745 761 rno-

218 732 250 763 in
278 731 363 763 dicta
381 731 641 773 Congregatione
665 729 879 762 cardinalium
899 739 958 771 pro

217 784 305 816 illius
331 790 405 817 voto
438 784 642 827 impetrando
674 783 827 825 agitanda
852 782 980 819 s01·et,1

217 837 326 869 subire
363 838 664 880 cot‘npellerentur;
698 847 735 869 ex
768 835 979 878 praemissis,

216 900 294 922 vero
319 900 383 922 non
409 890 548 922 obscure
575 894 730 932 appareat
751 888 854 931 ipsam
876 887 957 920 Con·

217 944 443 984 gregationem
470 942 683 974 cardinalium
709 940 955 973 concessionem
978 970 979 978 ,

216 995 351 1036 praefati
377 994 494 1027 indulti
521 994 637 1026 rationi
659 999 691 1025 et
707 993 858 1035 aequitati
881 1003 957 1025 con-

217 1053 408 1080 sentaneam
435 1048 616 1089 agnovisse,
633 1047 787 1089 illiusque
813 1052 955 1078 mentem
978 1050 979 1086 J

978 1096 1114 1135 'omnes
1151 1101 1246 1133 etiam
1284 1110 1395 1132 sacros
1433 1104 1463 1131 et
1500 1099 1742 1142 presbyteratus

217 1101 314 1133 l'uisse
342 1107 375 1133 ut
400 1101 481 1134 illud
509 1101 744 1133 ‹eneederetur
763 1100 786 1131 si
806 1105 837 1131 et
859 1110 956 1142 quan·

217 1154 258 1186 do
285 1154 323 1185 de
349 1153 436 1186 dicto
464 1153 628 1186 territorio
655 1157 807 1195 separato
833 1157 979 1194 consta-¹

219 1211 284 1245 ret,
312 1212 410 1249 prout
448 1217 532 1238 nunc
557 1207 595 1238 cle
622 1216 659 1238 eo
680 1207 776 1247 plane
807 1210 955 1242 constan

216 1260 327 1300 plnres
352 1265 458 1291 autem
489 1259 625 1291 Romani
663 1258 838 1290 Pontifices
864 1268 955 1300 prae-

217 1312 407 1345 decessores
434 1312 551 1349 nostri,
579 1312 676 1344 etiam
701 1317 777 1354 post
807 1311 979 1360 saprum-3

216 1371 300 1397 etum
315 1365 496 1398 Concilium
512 1365 753 1403 Tridentinum,
772 1365 956 1396 facultatem
978 1365 979 1370 ’

217 1419 315 1451 dandi
347 1419 472 1451 litteras
506 1418 740 1450 dimissoriales
772 1417 956 1449 huiusmodi

217 1472 415 1504 monasteria
441 1471 558 1504 similia
580 1471 804 1503 obtinentibus
823 1479 956 1503 conces·
977 1511 978 1517 ἵ

215 1525 335 1557 serint:
364 1524 458 1556 nobis
484 1530 660 1567 propterea
691 1524 857 1556 humiliter
879 1533 956 1567 sup-

215 1577 331 1620 plicari
351 1577 498 1609 fecerunt
518 1583 548 1608 ut
566 1577 627 1608 sibi
646 1576 677 1608 in
698 1577 886 1618 praemissis
904 1587 955 1619 op-

215 1635 356 1673 portune
383 1629 554 1673 providere
574 1635 604 1660 et
621 1634 653 1660 ut
678 1629 761 1660 infra
779 1629 954 1671 indulgere
976 1640 978 1674 ξ

976 1677 1121 1721 ἰνος-Ἱίἰ,
1148 1682 1235 1714 citati
1263 1688 1294 1713 et
1318 1682 1441 1721 auditi,
1472 1693 1578 1724 neque
1605 1692 1739 1722 causae,

976 1726 978 1764 i
999 1742 1132 1779 propter
1149 1746 1226 1778 quas
1244 1740 1435 1777 praesentes
1455 1740 1657 1775 emanarunt,
1673 1734 1740 1767 sus-

217 1683 255 1715 de
274 1682 478 1724 benignitate
497 1680 677 1723 apostolica
697 1681 919 1722 dignaremur.

259 1736 274 1778 ξ
299 1735 330 1767 ζ’».
351 1735 426 1773 Nos,
446 1735 591 1766 eamdem
619 1733 785 1765 basilicam
804 1735 834 1766 S.
855 1733 952 1773 Petri,

217 1799 298 1832 quae
323 1789 466 1831 speciale
499 1788 590 1820 Sedis
625 1788 830 1829 Apostolieae
856 1798 977 1823 mem-l

976 1841 1112 1876 lucatae
1139 1841 1269 1877 suerint,
1295 1846 1348 1872 aut
1372 1851 1407 1872 ew<
1435 1841 1497 1872 alia
1523 1851 1738 1883 quacumque,

217 1843 308 1873 hrum
336 1847 368 1873 et
393 1841 526 1884 propria
552 1840 686 1873 Romani
714 1840 879 1873 pontificis
900 1841 953 1873 Se-

216 1895 272 1927 des
298 1905 357 1926 nee
390 1904 454 1926 non
483 1899 663 1925 ceterarum
689 1892 783 1925 Urbis
810 1899 842 1925 et
867 1893 955 1926 orbis

213 1947 429 1981 ecclesiarum
456 1948 625 1989 speculum
652 1951 681 1978 et
707 1946 804 1978 decus
834 1946 952 1985 existit,

216 2001 371 2043 illiusque
408 2000 584 2043 capitulum
624 2005 654 2030 et
686 1999 863 2031 canonicos
890 2001 978 2032 ani-ff

976 2046 978 2064 ²
999 2054 1090 2085 nullo
1115 2062 1257 2094 unquam
1285 2057 1432 2094 tempore
1454 2052 1493 2083 de
1514 2052 1738 2095 subreptionis

217 2053 331 2094 plioris
357 2052 491 2084 honoris
516 2052 740 2094 praerogativa
766 2052 900 2091 donare,
920 2063 956 2084 ae

217 2105 348 2147 aliquod
382 2104 552 2147 peculiaris
583 2104 767 2137 devotionis
801 2111 978 2145 nostrae,⁴

217 2168 314 2200 quain
341 2168 416 2199 erga
442 2157 589 2189 eamdem
617 2157 782 2189 basilicam
803 2157 955 2198 gerimus,
977 2181 978 2187 ,

977 2211 1145 2243 Ἰιοιιιίιιιιι
1171 2212 1366 2248 consensus,
1393 2211 1496 2242 aliove
1523 2221 1736 2254 quocumque,

217 2210 346 2244 affectas
374 2216 620 2242 monumentum
646 2216 753 2242 extare
774 2210 954 2252 cupientes,

217 2264 426 2306 ipsorumque
453 2262 584 2305 capituli
604 2268 633 2294 et
652 2263 883 2295 canonicorum
904 2274 957 2296 vo-

217 2317 255 2348 tis
281 2317 341 2348 hac
377 2316 408 2347 iu
435 2326 488 2354 re,
517 2321 672 2357 quantum
709 2326 781 2347 cum
818 2316 954 2348 [toiuino

218 2379 400 2412 possumus,
427 2368 650 2400 favorabiliter
677 2378 820 2401 annuere
848 2369 956 2401 rolen-

217 2428 284 2460 tes,
323 2428 354 2453 et
389 2431 500 2453 eorum
537 2420 719 2462 singulares
757 2431 911 2463 personas
939 2432 956 2453 a

217 2474 383 2518 ‹piilmsvis
417 2472 786 2511 excommunicationis,
823 2484 956 2515 suspen-

218 2527 316 2561 sionis
354 2533 384 2559 et
418 2525 605 2564 interdicti,
641 2525 778 2568 aliisque
804 2527 957 2558 eeclesia-

255 2590 262 2614 1
286 2588 400 2614 Videtur
415 2588 466 2622 teg.
484 2587 673 2621 reperiantur
688 2590 734 2612 aut
750 2587 839 2613 simite
857 2589 892 2621 (u.
905 2588 954 2622 T.).

290 2642 364 2668 Ruti.
391 2643 470 2668 Imm.
494 2658 525 2662 -
552 2641 610 2667 Vol.
632 2640 724 2667 XXII.
868 2641 904 2667 «36

1021 208 1075 231 xtu
1101 209 1148 231 1¹1¹.
1640 196 1699 228 eet

1008 257 1097 289 sticis
1121 255 1312 296 sententiis,
1339 254 1487 288 censuris
1514 259 1545 287 et
1568 253 1700 297 poenis,
1726 263 1743 284 a

1006 310 1076 343 iure
1101 310 1151 342 vel
1176 309 1216 341 ab
1242 308 1396 347 homine,
1434 307 1544 350 quavis
1570 306 1742 340 occasione

1003 364 1054 395 vel
1080 364 1176 395 causa
1200 362 1280 400 latis,
1308 362 1334 394 si
1360 361 1476 404 quihus
1497 359 1744 403 quomodolibet

1003 416 1179 449 innodatae
1205 416 1370 454 existunt,
1404 415 1442 447 ad
1473 413 1623 447 effectum
1649 422 1744 456 prae·

1003 469 1144 501 sentium
1158 469 1319 500 dumtaxat
1333 467 1612 510 consequendum,
1628 466 1743 498 harum

1002 521 1086 553 serie
1112 521 1320 554 absolventes
1339 527 1370 553 et
1387 521 1556 553 absolutas
1582 520 1650 551 sore
1669 529 1743 550 cen-

1002 580 1125 612 sentes,
1153 573 1343 605 huiusmodi
1370 571 1670 615 supplicationibus
1694 570 1744 603 in-

980 626 1130 663 ‘clinati‚
1164 631 1419 658 memoratorum
1451 625 1742 667 praedeeessorum

1001 684 1184 711 nostrorum
1211 680 1376 720 exemplo,
1395 678 1517 709 eisdem
1543 677 1685 719 capitulo
1712 681 1745 708 et

1003 785 1217 816 nasteriorum
1244 783 1274 815 S.
1303 783 1411 815 Rutilii
1439 782 1551 825 oppidi
1575 782 1744 824 Foripom-

1001 838 1083 880 pilii,
1112 836 1376 875 Ravennatensis,
1397 841 1428 867 et
1452 835 1500 868 Ss.
1517 835 1602 867 Petri
1625 835 1663 867 de
1685 834 1744 866 Cu-

1000 897 1071 923 sato
1096 901 1132 922 ac
1157 890 1291 928 Nazarii,
1317 889 1539 921 Salernitanae
1564 888 1742 930 respective

1001 954 1058 976 seu
1086 943 1222 975 aliarum
1248 941 1504 984 provinciarum,
1524 951 1610 972 nune
1628 946 1659 972 et
1684 950 1743 983 pro

1003 1003 1148 1039 tempore
1175 994 1410 1032 existentibus,
1444 994 1567 1025 litteras
1594 992 1744 1025 dimisso-

1002 1049 1098 1081 riales
1123 1048 1162 1081 ad
1189 1048 1374 1080 clericalem
1400 1047 1622 1078 characterem
1646 1051 1678 1077 et
1702 1045 1742 1077 ad

1000 1155 1131 1188 ordines
1163 1153 1390 1196 suscipiendos
1423 1152 1605 1184 concedere
1639 1151 1741 1184 libere

1001 1214 1031 1240 et
1056 1208 1141 1239 licite
1168 1206 1294 1248 possint
1320 1212 1351 1238 et
1375 1207 1517 1243 valeant,
1546 1204 1741 1236 aur-,toruum

978 1253 979 1289 ἒ
1001 1261 1200 1304 apostolica,
1219 1265 1330 1292 tenore
1349 1259 1586 1302 praesentium,
1610 1259 1743 1289 faculta-

1002 1319 1064 1346 tem
1090 1319 1252 1356 perpetuo
1279 1312 1452 1343 tribuimus
1473 1317 1504 1344 et
1521 1311 1739 1354 impartimur.

1044 1366 1058 1409 ξ
1081 1366 1113 1398 lt.
1142 1366 1374 1403 D‹1·ce1·nentes,
1402 1365 1531 1396 easdem
1551 1369 1742 1407 praesentes

1000 1421 1138 1459 litteras,
1164 1419 1261 1451 etiam
1288 1429 1322 1450 ex
1350 1428 1387 1450 eo
1421 1418 1508 1460 quod
1535 1418 1740 1460 quicumque,

999 1473 1095 1506 etiam
1122 1472 1273 1515 specifica
1309 1477 1340 1503 et
1376 1471 1543 1503 individua
1573 1471 1740 1503 mentione

999 1526 1099 1568 digni,
1125 1525 1155 1562 in
1182 1524 1371 1567 praemissis
1397 1524 1556 1555 interesse
1584 1524 1741 1555 babentes

998 1588 1056 1610 seu
1083 1578 1206 1610 habere.
1240 1576 1491 1619 quomodolibet
1523 1577 1742 1619 praetenden-

1000 1637 1063 1669 tes,
1089 1630 1153 1662 illis
1187 1640 1259 1662 non·
1279 1629 1526 1668 consenserint,
1553 1640 1612 1661 nec
1639 1630 1678 1661 ad
1704 1639 1741 1661 ea

999 1790 1146 1822 ficientcr
1170 1789 1346 1827 adductae,
1372 1788 1555 1820 verificatae
1586 1794 1616 1819 et
1648 1788 1740 1819 iusti-

999 1894 1205 1938 quantun‘ivis
1233 1894 1329 1929 iusta,
1356 1893 1514 1934 legitima,
1541 1893 1591 1936 pia
1618 1899 1650 1926 et
1673 1893 1741 1936 pri-

998 1948 1151 1989 vilegiata
1186 1949 1303 1984 eausa,
1340 1947 1472 1984 colore,
1507 1952 1674 1989 praetextu
1709 1952 1739 1979 et

998 2001 1123 2043 rapite,
1149 1999 1245 2032 etiam
1271 1999 1301 2030 in
1329 2009 1468 2040 corpore
1503 1999 1581 2031 iuris
1606 2001 1738 2037 clauso,

998 2106 1047 2138 vel
1073 2104 1279 2147 obreptionis
1305 2110 1358 2136 aut
1382 2104 1539 2136 nullitatis
1567 2105 1651 2144 vitio,
1682 2115 1738 2136 seu

998 2158 1192 2190 intentionis
1230 2162 1383 2196 nostrae,
1410 2163 1464 2189 aut
1500 2157 1656 2190 interesse
1683 2158 1738 2190 lia-

999 2264 1095 2296 etiam
1131 2263 1336 2305 quantumvis
1368 2273 1484 2305 magno
1521 2270 1552 2296 et
1588 2265 1739 2297 substan-

1000 2315 1086 2354 tiali,
1122 2326 1157 2347 ac
1190 2315 1366 2356 incogitaio
1403 2322 1434 2348 et
1469 2316 1736 2358 inexcogitabili,

999 2368 1263 2410 individtuunque
1285 2368 1527 2410 expressionem
1549 2371 1738 2412 requirente

999 2421 1123 2452 defectu
1150 2420 1271 2458 notari,
1299 2421 1496 2463 impugnari,
1520 2422 1672 2465 infringi,
1693 2434 1738 2456 re-

999 2473 1142 2510 traetari,
1169 2473 1318 2511 limitari,
1343 2473 1381 2504 ad
1409 2474 1565 2507 terminos
1591 2476 1671 2508 iuris
1690 2487 1739 2509 re-

999 2526 1088 2565 duci,
1111 2531 1167 2557 aut
1190 2526 1223 2558 in
1249 2527 1502 2559 controversiam
1530 2529 1653 2566 vocari,
1680 2539 1737 2560 seu

999 2581 1151 2611 adversus
1179 2579 1249 2611 illas
1274 2579 1468 2621 aperitionis
1495 2581 1580 2620 oris,
1607 2583 1738 2613 restitu-

1752 206 1786 228 Αιι
1822 205 1847 227 tt.
1869 202 1933 229 1727

1781 1378 1891 1397 tllau-nltif
