2170 3147
217 211 265 239 An.
287 210 314 236 c.
340 210 404 236 ¹795
449 200 514 234 ’1702

409 258 440 291 in
460 269 517 291 suo
536 257 655 291 robore
681 257 916 303 permansuris,
938 258 975 291 ad
996 257 1151 302 praemis-

409 321 516 343 sorum
540 310 705 351 effectum,
730 311 918 355 specialiter
943 316 975 344 et
1001 322 1152 355 expresse

409 363 612 406 derogamus,
632 375 666 397 ac
684 365 876 407 derogatum
899 376 970 398 esse
988 366 1151 405 volumus3

409 418 592 460 ceterisque
627 418 798 450 contrariis
823 418 1093 461 quibuscumque.

237 484 398 508 Mandant-pu·
454 472 469 514 ἓ
495 470 525 504 8,
554 471 592 504 Ut
617 477 723 505 autem
748 477 936 515 praesentes
963 472 1089 505 litterae
1115 471 1153 503 ad

215 512 305 558 ¹333&AE
321 516 553 557 ιιῗιι-ῗζῖοηιῃῐηιη
586 525 733 557 notitiam
760 525 884 558 facilius
910 525 1101 564 deveniant,
1124 529 1155 556 et

215 571 267 586 Μ’·
410 588 507 610 nemo
534 578 661 610 illarum
689 578 907 620 ignorantiam
933 578 1075 620 allegare
1101 588 1154 610 va-

409 631 486 670 leat,
504 633 652 664 volumus
678 632 760 670 illas,
778 643 832 665 seu
853 643 965 665 earum
992 632 1153 675 exempla,

410 685 448 716 ad
475 685 582 717 valvas
609 685 766 719 ecclesiae
792 685 1020 718 Lateranensis
1047 690 1079 717 et
1100 685 1155 717 ha-

409 737 517 770 silicae
551 738 709 781 Principis
739 739 996 782 Apostolorum,
1025 748 1152 771 necnon

410 790 629 824 cancellariae
663 792 860 835 apostolicae
893 791 1074 835 Cariaeque
1101 801 1154 833 ge-

409 844 529 877 neralis
555 845 586 877 in
612 845 718 878 Monte
755 845 913 879 Citatorio
947 856 983 878 ac
1016 845 1047 878 in
1086 845 1153 877 arie

410 895 619 940 Campiflorae
646 898 684 932 de
705 898 801 939 Urbe,
818 904 854 932 ut
874 899 974 932 moris
993 904 1049 939 est,
1068 898 1153 941 affigi

411 956 443 982 et
460 951 638 993 publicari,
655 951 765 995 sicque
786 953 966 996 publicatas
988 958 1020 985 et
1036 952 1154 992 affixas,

410 1013 524 1036 omnes
537 1005 920 1048 etsing11105,qtiosillae
940 1012 1152 1044 concernunt,

408 1057 547 1100 perinde
573 1063 695 1091 arctare
714 1064 746 1091 et
771 1059 910 1098 afficere,
931 1070 967 1093 ac
986 1059 1011 1092 si
1028 1060 1153 1092 unicui-

410 1120 472 1153 que
498 1121 612 1143 eorum
648 1112 840 1144 nominatim
874 1117 906 1145 et
935 1112 1155 1155 personaliter

411 1162 577 1196 intimatae
605 1164 760 1205 fuissent;
779 1170 878 1208 utque
896 1165 1037 1208 ipsarum
1063 1176 1155 1208 prae-

410 1216 550 1248 sentium
570 1217 752 1249 litterarum
772 1218 1000 1261 transumptis,
1020 1228 1076 1251 seu
1103 1229 1155 1251 ex-

410 1269 544 1313 emplis,
571 1269 667 1303 etiam
705 1270 893 1314 impressis,
926 1281 1021 1304 manu
1054 1271 1156 1304 alicu·

410 1322 460 1355 ius
486 1323 606 1356 notarii
625 1324 747 1367 publici
765 1324 970 1368 subscriptis,
990 1330 1021 1357 et
1049 1325 1156 1368 sigillo

410 1376 546 1409 alicuius
579 1387 740 1420 personae
772 1377 805 1410 in
838 1378 1076 1411 eccelesiastica
1109 1379 1156 1412 di-

412 1430 534 1473 gnitate
549 1431 747 1464 constitutae
765 1431 909 1472 munitis,
931 1432 1045 1465 eadem
1066 1443 1157 1476 pror-

411 1494 464 1516 sus
482 1483 561 1517 fides
580 1490 643 1517 tam
663 1486 694 1518 in
714 1485 836 1519 iudicio
855 1496 950 1529 quam
969 1491 1056 1519 extra
1075 1486 1155 1520 illud

412 1538 534 1581 ubique
561 1538 769 1580 adhibeatur,
789 1550 873 1583 quae
899 1539 979 1584 ipsis
1005 1550 1157 1584 praesen-

413 1592 500 1624 tibus
518 1592 734 1626 adhiberetur
751 1593 776 1626 si
795 1593 903 1627 forent
920 1594 1086 1627 exhibitae
1106 1594 1156 1627 vel

413 1652 578 1679 ostensae.

281 1713 403 1739 infliguntur
459 1700 474 1743 ἓ
499 1699 530 1732 9.
559 1699 642 1733 Nulli
669 1710 747 1743 ergo
774 1701 908 1734 omnino
933 1701 1100 1735 hominum
1121 1701 1157 1735 li-

217 1745 484 1798 35‘8131‘3120'205210eat
508 1754 660 1797 paginam
687 1755 771 1788 hanc
797 1761 930 1788 nostrae
956 1756 1131 1788 voluntatis
1148 1782 1155 1796 ,

219 1796 319 1816 ⁶¹⁰²⁰¹⁸⁸'
414 1808 599 1848 sanctionis,
619 1808 797 1852 praecepti,
813 1809 956 1842 mandati
974 1815 1005 1842 et
1022 1809 1158 1852 deroga-

415 1861 511 1894 tionis
537 1862 728 1905 insringere‚
747 1863 795 1895 vel
819 1862 847 1895 ei
875 1873 954 1895 ausu
981 1863 1156 1896 temerario

413 1915 597 1955 contrua-03
624 1916 648 1948 si
676 1915 747 1959 quis
776 1922 883 1948 autem
910 1916 974 1949 hoc
998 1921 1157 1949 attentare

413 1969 693 2011 praesumpserit,
719 1968 978 2011 indignationem
1007 1969 1158 2013 omnipo-

414 2021 512 2053 tentis
544 2021 598 2055 Dei
637 2033 671 2055 ac
704 2021 873 2055 beatorum
903 2022 986 2055 Petri
1013 2029 1042 2055 et
1068 2022 1156 2055 Pauli

414 2076 637 2118 apostolorum
655 2076 722 2108 eius
741 2085 774 2109 se
791 2076 918 2108 noverit
935 2076 1154 2109 incursurum.

458 2128 569 2161 Datum
597 2129 732 2169 Romae,
748 2130 833 2172 apud
854 2130 884 2163 S.
910 2129 1050 2171 Petrum,
1071 2140 1156 2164 anno

414 2181 650 2215 Incarnationis
670 2183 852 2216 dominicae
874 2193 1033 2224 Mnccxxv,
1051 2184 1156 2227 pridie
1177 2214 1179 2224 ,

413 2246 515 2269 nonas
542 2237 628 2276 maii,
646 2236 856 2280 pontificatus
885 2238 991 2271 nostri
1022 2248 1106 2271 anno
1132 2249 1154 2272 ῐ.

450 2297 509 2324 Dat.
528 2299 571 2325 die
588 2302 603 2323 ti
625 2299 687 2326 maii
711 2299 790 2333 1725,
810 2299 907 2335 pontis.
931 2308 1002 2327 anno
1024 2306 1042 2326 1.

735 2470 836 2504 LXVI.

418 2559 612 2595 Conceditur
636 2559 780 2602 capituto
806 2557 1075 2603 metropolitanae
1104 2569 1157 2592 ec-

460 2614 575 2647 clesiae
600 2612 774 2655 Capuanae
805 2622 883 2645 usus
919 2613 1036 2646 mitrae
1069 2612 1155 2645 alio-

999 208 1182 234 BULLAan
1206 208 1362 234 ROMANUM

1946 211 1993 238 An.
2010 211 2040 240 C.
2062 211 2127 243 1725

1239 268 1376 302 rumque
1406 259 1588 302 insiqnium
1609 287 1617 300 ,
1652 259 1758 293 instar
1796 259 1939 304 capituli

1240 311 1388 345 ecclesiae
1414 313 1661 348 Beneventanae
1674 313 1695 348 ⁴.

1374 403 1554 430 Benedictus
1575 405 1656 437 Papa
1676 405 1760 437 XIII,

1330 448 1367 474 ad
1387 451 1564 481 perpetuam
1585 450 1630 475 rei
1651 450 1835 477 memoriam.

1241 526 1274 559 ln
1301 528 1500 570 apostolicae
1527 528 1692 570 dignitatis
1720 529 1851 572 specula
1872 540 1939 563 me·
1975 537 2095 559 exoratum.

1197 579 1269 612 ritis
1295 580 1372 613 licet
1397 580 1574 624 imparibus
1592 592 1652 625 per
1668 581 1865 615 ineffabilem
1891 582 1939 616 di-

1174 650 1176 665 z
1197 633 1290 666 vinae
1311 633 1464 666 bonitatis
1490 634 1722 667 abundantiam
1748 635 1936 678 constituti,

1198 687 1236 719 ad
1257 692 1374 719 statum
1397 687 1606 720 ecclesiarum
1625 688 1781 728 omnium,
1801 699 1937 732 quarum

1197 739 1291 772 nobis
1313 750 1329 771 a
1346 739 1484 772 Domino
1510 740 1683 774 commissa
1709 746 1759 773 est
1783 741 1939 774 sollicitu-

1198 792 1250 830 do,
1268 802 1546 836 personarumque
1576 792 1607 825 in
1635 793 1680 827 eis
1702 794 1867 827 Altissimo
1893 794 1939 827 fa-

1197 846 1406 885 mulantium,
1433 845 1606 890 propensis
1644 847 1759 879 studiis
1796 847 1938 880 animum

1199 898 1316 942 iugiter
1341 899 1550 941 intendimus,
1570 910 1746 943 earumque
1772 899 1881 934 decori
1908 905 1940 934 et

1198 953 1347 995 dignitati
1389 956 1525 996 paterna
1563 954 1763 996 benignitate
1799 954 1941 988 libenter

1198 1006 1424 1049 prospicimus,
1437 1007 1527 1047 sicut,
1542 1007 1694 1040 omnibus
1709 1012 1854 1040 maturae
1869 1008 1940 1040 con*—

1197 1059 1405 1093 siderationis
1443 1060 1564 1093 trutina
1600 1060 1791 1104 perpensis,
1822 1059 1938 1093 rationi

1197 1119 1451 1147 consentaneum
1485 1124 1559 1147 esse
1584 1114 1617 1147 in
1644 1114 1781 1148 Domino
1807 1113 1942 1147 arbitra-

1197 1178 1279 1199 mur.

1243 1222 1256 1264 ἓ
1285 1221 1313 1255 1.
1333 1221 1409 1254 Cum
1435 1221 1557 1265 itaque,
1578 1221 1660 1255 sicut
1680 1221 1790 1255 dilecti
1813 1221 1870 1255 {ilii
1889 1228 2133 1277 ca·wnfi3usgoffigz

1198 1274 1337 1317 pitulum
1364 1280 1395 1307 et
1420 1275 1565 1308 canonici
1592 1275 1863 1319 metropolitanae
1889 1271 2025 1308 eo-imnss.

1199 1327 1318 1360 clesiae
1354 1328 1525 1371 Capuanae
1559 1328 1653 1361 nobis
1689 1339 1796 1372 nuper
1820 1328 1940 1372 exponi

1200 1381 1358 1421 fecerunt,
1382 1382 1494 1414 eadem
1512 1381 1767 1425 metropolitana
1792 1382 1940 1423 ecclesia,

1200 1433 1231 1466 in
1246 1445 1310 1478 qua
1328 1439 1392 1467 tres
1412 1435 1600 1478 dignitates,
1622 1435 1796 1468 decanatus
1812 1445 1942 1479 nempe,

1200 1488 1482 1521 archidiaconatus
1507 1494 1538 1521 et
1554 1488 1807 1532 primiceriatus,
1828 1499 1864 1522 ac
1886 1488 1942 1521 tri-

1200 1541 1289 1583 ginta
1315 1552 1366 1574 sex
1394 1542 1603 1575 canonicatus
1630 1541 1783 1582 existunt,
1806 1541 1944 1586 antiqui-

1202 1595 1273 1627 tatis
1289 1595 1395 1635 lande,
1413 1595 1599 1639 patrimonii
1616 1595 1839 1638 amplitudine,
1853 1594 1943 1636 cleri,

1202 1649 1378 1693 populique
1407 1649 1527 1692 pietate
1558 1655 1590 1682 et
1614 1649 1797 1692 frequentia
1826 1648 1941 1682 eximie

1200 1702 1326 1743 floreat,
1347 1703 1566 1746 templumque
1595 1702 1715 1735 haheat
1739 1701 1943 1745 magnificum

1201 1765 1237 1788 ac
1262 1755 1409 1799 apprime
1436 1756 1629 1789 instructum
1646 1783 1653 1796 ‚
1679 1758 1756 1789 cura
1780 1761 1812 1789 et
1836 1755 1942 1788 studio

1202 1809 1310 1843 dilecti
1338 1809 1393 1842 tilii
1416 1810 1520 1842 nostri
1545 1809 1667 1843 Nicolai
1688 1808 1719 1842 S.
1739 1809 1777 1843 R.
1796 1808 1831 1842 E.
1854 1819 1944 1852 pres-

1201 1862 1306 1906 byteri
1343 1862 1516 1896 cardinalis
1553 1862 1729 1896 Caraccioli
1764 1861 1943 1906 nuncupati

1201 1917 1306 1950 dictae
1333 1916 1604 1960 metropolitanae
1630 1916 1789 1949 ecclesiae
1814 1925 1850 1948 ex
1873 1925 1943 1948 con·

1201 1971 1349 2004 cessione
1361 1976 1388 2003 et
1406 1970 1652 2013 dispensatione
1666 1969 1844 2013 apostolica
1855 1979 1944 2013 prae-

1202 2024 1288 2064 sutis,
1308 2034 1373 2056 non
1395 2023 1464 2056 sine
1482 2023 1570 2065 gravi
1590 2023 1749 2066 impensa,
1767 2022 1943 2055 novissime

1201 2077 1414 2109 instauratum
1438 2081 1469 2109 et
1486 2077 1690 2116 innovatum,
1710 2076 1742 2108 in
1761 2085 1825 2119 quo
1843 2076 1944 2109 inulta

1200 2141 1338 2174 corpora
1362 2130 1565 2169 Sanctorum,
1584 2135 1619 2162 ut
1644 2130 1695 2173 pie
1721 2129 1875 2169 creditur,
1897 2138 1944 2162 as-

1201 2189 1387 2223 servantur,
1416 2189 1447 2216 et
1471 2183 1502 2215 in
1528 2182 1640 2226 primis
1667 2182 1796 2216 diversa
1819 2182 1851 2214 in
1876 2192 1944 2215 rne-

1202 2237 1398 2280 tropolitana
1424 2237 1562 2269 ecclesia
1596 2235 1740 2278 praefata
1765 2234 1903 2268 concilia
1927 2244 1944 2267 a

1238 2353 1247 2379 t
1271 2351 1420 2379 Clementis
1438 2350 1469 2378 Xl
1490 2352 1598 2379 constit.
1619 2351 1684 2378 edit.
1705 2357 1844 2384 mnecxvn,
1865 2350 1908 2377 die
1927 2350 1943 2377 4

1201 2396 1299 2429 martii,
1322 2397 1416 2432 pontif.
1438 2403 1504 2429 xvn,
1520 2396 1645 2431 ampliata
1659 2396 1769 2422 fuerunt
1783 2394 1885 2422 indulta
1899 2402 1944 2422 ca-

1202 2442 1277 2476 pituli
1298 2442 1487 2477 patriarchalis
1507 2442 1637 2468 ecclesiae
1659 2440 1895 2476 Ulyssiponensis;
1917 2442 1944 2466 et

1202 2487 1282 2514 huius
1303 2487 1442 2514 Pontiticis
1463 2487 1570 2513 constit.
1592 2485 1657 2512 edit.
1678 2491 1829 2517 mcccxxvii,
1846 2484 1890 2511 die
1909 2484 1943 2511 26

1201 2531 1306 2567 aprilis,
1324 2531 1418 2566 pontit.
1437 2537 1474 2562 111,
1492 2531 1522 2557 fit
1540 2530 1654 2557 facultas
1674 2529 1811 2556 canonicis
1827 2529 1855 2556 S.
1872 2527 1944 2556 Petri

1202 2576 1234 2602 de
1260 2575 1330 2602 Urbe
1358 2575 1524 2602 concedendi
1554 2574 1720 2601 dimissorias
1747 2573 1862 2600 subditis
1882 2569 1944 2601 'sua-

1202 2628 1262 2647 rum
1284 2619 1456 2647 abbatiarum
1478 2619 1559 2647 etiam
1581 2619 1613 2646 ad
1635 2626 1724 2646 sacros
1745 2618 1866 2646 ordines.
1908 2616 1926 2631 ’Ὺ
