2170 3147
236 215 284 242 An.
303 215 333 241 c.
357 213 425 240 4725
470 204 534 236 ⁶24ss

253 699 364 720 clausula».-
375 705 418 720 ain-

232 728 348 753 ptnsunae.

1015 213 1196 237 BULLARIUM

431 262 614 294 divinorum
635 261 815 295 officiorum
828 262 1059 302 celebratione,
1078 273 1172 305 quam

430 315 460 347 in
480 316 750 358 processionibus
768 321 799 348 et
817 315 916 348 saeris
939 316 1172 356 functionibus,
1194 346 1196 356 ὲ

429 369 566 411 aliisque
586 369 711 401 actibus
730 369 868 411 publicis
894 375 925 402 et
944 369 1084 412 privatis,
1106 369 1174 401 ubi-
1194 359 1196 385 Ι

428 432 565 465 cumque
591 423 749 463 locorum,
768 428 894 464 gestare
922 424 1059 463 valeant,
1085 428 1173 466 post·
1194 420 1196 448 ἶ

427 475 557 507 modum
583 475 654 508 aliis
681 476 802 508 nostris
829 477 1018 519 apostolicis
1044 476 1195 516 litte1¹is,÷

428 528 470 560 ob
496 527 596 571 ipsos,
609 534 643 561 ut
661 529 761 561 moris
780 535 841 570 est,
862 540 922 572 per
940 529 1172 562 Cancellariam
1194 538 1196 542 “

428 591 575 614 seorsum
603 582 828 624 expediendis,
856 583 998 625 benigne
1025 582 1196 616 concedi--

428 644 500 666 mus
526 639 623 678 atque
645 634 867 677 indulgemus.

473 688 488 731 ἓ
513 687 545 720 5.
572 688 783 721 Decerniinus
810 688 958 732 insuper,
994 689 1051 722 lias
1084 689 1171 732 ipsas

429 734 558 774 nostras
591 741 788 784 apostolicas
821 742 946 775 litteras
979 752 1110 785 semper
1143 745 1173 775 et

427 801 588 838 perpetuo
616 795 737 828 validas
763 796 844 835 sore,
871 806 1030 839 suumque
1062 796 1196 839 plena-=

427 848 512 881 rium
530 847 681 882 effectum
700 854 731 881 et
750 849 849 882 robur
867 849 1036 882 habituras
1052 876 1059 889 ,
1081 850 1173 882 nullo

427 912 481 935 eas
507 908 662 946 tempore,
689 903 862 935 occasione
888 909 919 936 et
944 906 1047 943 causa,
1071 913 1173 946 quan-

429 956 546 989 tumvis
572 956 719 998 legitima
744 962 775 989 et
804 956 952 997 iuridica,
977 956 1097 997 irritas,
1126 956 1174 988 in-

427 1009 562 1049 validas,
589 1009 780 1052 obreptitias
805 1015 837 1042 et
862 1009 1071 1052 subreptitias
1110 1009 1172 1042 dici

428 1072 571 1104 unquam
608 1072 732 1105 posse,
760 1062 887 1094 etiamsi
923 1062 1104 1105 capitulum
1143 1068 1174 1094 et

428 1115 573 1148 canonici
612 1115 767 1148 ecclesiae
794 1115 983 1155 Auximatis,
1008 1126 1063 1148 seu
1102 1115 1173 1158 qui-

428 1178 567 1211 cumque
586 1169 650 1208 alii,
666 1168 897 1212 cuiuscrunque
917 1169 1091 1211 dignitatis,
1107 1180 1174 1212 gra

429 1222 506 1262 dus,
538 1223 736 1256 conditionis
762 1230 793 1256 et
818 1223 1114 1269 praeeminentiae,
1141 1223 1172 1255 in

427 1275 613 1319 praemissis
640 1276 790 1309 omnibus
818 1282 849 1309 et
866 1277 1012 1318 singulis,
1031 1282 1063 1309 et
1089 1277 1174 1309 circa

428 1340 464 1362 ea
490 1329 752 1372 quomodolibet,
788 1335 819 1363 et
852 1330 963 1373 quavis
993 1341 1030 1363 ex
1064 1333 1171 1371 causa,

427 1383 565 1422 ratione,
579 1383 705 1416 actione
720 1385 767 1416 vel
783 1384 962 1424 occasione,
978 1384 1026 1417 ius
1041 1385 1091 1418 vel
1107 1396 1173 1418 rem

429 1436 589 1470 habentes
614 1438 664 1470 rel
691 1448 725 1470 se
751 1437 874 1470 habere
901 1443 1064 1481 putantes,
1083 1439 1121 1471 ad
1143 1439 1173 1472 id

428 1501 635 1533 nequaquam
675 1490 777 1523 vocati
815 1497 933 1531 essent,
966 1501 1072 1534 neque
1109 1492 1173 1525 illis

428 1544 696 1584 consensissent,
725 1554 785 1576 nec
811 1554 935 1585 causae,
955 1545 995 1577 ob
1015 1556 1093 1588 quas
1112 1546 1173 1579 liae

428 1603 562 1630 nostrae
599 1597 730 1630 litterae
764 1597 981 1640 prodiissent,
1013 1599 1173 1632 adductae

428 1655 483 1683 aut
507 1650 735 1693 comprobatae
755 1650 960 1684 haberentur
977 1679 983 1691 ,
1003 1653 1051 1685 vel
1070 1652 1175 1685 inten-

428 1703 526 1738 tionis
553 1702 709 1737 nostrae⁴
736 1704 858 1737 antius
892 1710 922 1737 et
955 1715 1023 1738 rem
1050 1706 1173 1739 liaben-

428 1757 507 1790 tium
534 1768 711 1790 consensus
744 1757 894 1798 deesset,
918 1763 972 1790 aut
1009 1759 1174 1802 quilibet*z

427 1812 528 1851 aliud,
550 1811 757 1855 quantumvis
777 1822 940 1854 magnum,
960 1823 1025 1845 non
1046 1813 1173 1855 excogi-

430 1870 529 1898 tatum
556 1876 665 1909 neque
693 1866 918 1908 excogstabile,
937 1877 972 1899 ac
996 1867 1173 1910 specialem

427 1921 660 1964 propriamque
686 1921 888 1954 mentionem
922 1926 953 1954 et
984 1921 1170 1964 expressio-

427 1984 501 2007 nem
529 1973 715 2017 requirens,
745 1973 843 2007 etiam
874 1979 1052 2017 propterea
1084 1975 1172 2017 quod

428 2026 460 2059 in
479 2026 679 2069 praemissis,
700 2037 857 2059 eorumve
879 2026 999 2069 aliquo,
1022 2027 1174 2059 solemni-

427 2085 531 2121 tates,
558 2086 590 2113 et
614 2080 748 2124 quaevis
775 2080 859 2122 alia,
881 2081 1040 2114 servanda
1077 2086 1173 2124 atque

427 2133 647 2177 adimplenda,
666 2140 793 2168 servata
811 2140 841 2168 et
859 2134 1035 2178 adimpleta
1060 2145 1174 2167 revera

427 2197 494 2220 non
515 2194 636 2228 essent,
665 2193 721 2221 aut
739 2188 878 2232 denique
905 2199 940 2221 ex
968 2198 1172 2231 quocumque

428 2240 491 2274 alio
517 2242 633 2285 eapite,
655 2253 673 2274 a
698 2241 766 2275 iure
785 2243 835 2274 vel
854 2242 950 2281 sacto,
974 2246 1093 2275 statuto
1119 2248 1174 2275 ant

428 2294 665 2328 consuetudine
701 2295 809 2338 aliqua
845 2295 1064 2338 procedente,
1106 2296 1171 2329 sive

428 2347 525 2380 etiam
563 2349 707 2381 enormis
745 2348 972 2392 maximaeque
1018 2349 1172 2382 laesionis

428 2401 552 2441 colore,
580 2407 761 2444 praetextu,
791 2402 918 2435 ratione
946 2403 994 2435 vel
1021 2405 1115 2435 causa
1141 2403 1171 2435 in

428 2453 499 2497 ipso
526 2454 621 2487 etiam
642 2465 779 2498 corpore
807 2455 886 2488 iuris
915 2457 1077 2498 expressa,
1098 2455 1173 2488 licet

464 2535 474 2559 1
499 2533 611 2560 Videtur
632 2533 778 2568 legendum
802 2535 924 2561 intentio
944 2537 1045 2561 nostra
1064 2539 1103 2565 (ss.
1123 2536 1172 2565 τ,).

462 2577 478 2604 2
499 2576 590 2603 Potius
610 2577 777 2611 quodlibet3
805 2582 924 2604 ceterum
947 2577 1066 2612 syntaxis
1087 2577 1174 2616 pluri-

426 2622 477 2652 bus
497 2621 602 2650 mendis
622 2621 747 2650 laborare
767 2621 887 2650 ‚sentitur
908 2622 945 2657 (u.
963 2622 1011 2657 τ.).

1222 214 1376 238 nonANUM

1217 261 1308 302 iusta,
1335 263 1535 304 rationabili,
1555 264 1709 307 legitima,
1729 264 1875 304 iuridica,
1892 264 1957 309 pia,

1217 326 1252 347 cx
1275 316 1447 359 privilegio
1468 319 1548 359 orta,
1575 329 1610 350 ac
1639 318 1765 351 etiamsi
1785 318 1856 351 talis
1874 323 1961 352 esset

1217 380 1300 412 quae
1338 371 1377 403 ad
1410 373 1508 404 robur
1546 378 1577 404 et
1610 372 1672 405 vim
1706 373 1961 415 praemissorum

1217 423 1349 457 omnino
1368 425 1505 467 exprimi
1528 425 1711 458 necessario
1730 425 1875 466 deberet,
1896 425 1960 458 sor-

1218 481 1298 509 tasse
1330 483 1504 520 propterea
1529 478 1617 521 quod
1643 478 1682 511 de
1707 480 1871 512 voluntate
1904 488 1961 512 no-

1216 531 1281 562 stra
1307 530 1488 573 ceterisque
1514 531 1666 573 superius
1704 531 1862 564 enarratis
1887 541 1962 564 nus-

1217 593 1312 625 quam
1339 589 1514 626 appareret
1538 587 1592 617 aut
1616 583 1698 617 nibil
1724 585 1858 627 probari
1886 595 1961 628 pos-

1217 641 1276 676 set,
1297 637 1428 669 easdem
1455 637 1512 670 has
1539 640 1666 670 nostras
1692 637 1818 671 litteras
1843 638 1959 678 notari,

1194 702 1196 733 3
1216 688 1425 732 impugnari,
1453 689 1612 723 invalidas
1633 690 1747 732 reddi,
1775 691 1960 732 retractari,

1216 740 1248 772 in
1275 741 1324 774 ius
1356 743 1405 775 vel
1436 743 1692 776 controversiam
1718 743 1884 784 revocari,
1909 749 1963 777 aut

1217 795 1255 828 ad
1283 796 1437 829 terminos
1465 796 1541 829 iuris
1572 798 1702 838 reduci,
1729 799 1777 831 vel
1808 799 1962 831 adversus

1217 849 1289 881 illas
1315 850 1527 883 restitutionis
1554 850 1584 883 in
1611 851 1785 894 integrum,
1811 851 1964 895 aperitio-

1218 901 1267 934 nis
1286 902 1361 941 oris,
1381 903 1579 936 reductionis
1597 905 1634 937 ad
1655 905 1736 938 viam
1757 911 1788 938 et
1805 905 1962 939 terminos

1218 955 1316 995 iuris,
1343 957 1391 989 vel
1419 957 1491 989 sacti
1518 963 1570 990 aut
1596 958 1720 1000 gratiae
1744 959 1793 991 vel
1820 958 1962 992 iustitiae

1217 1009 1398 1053 remedium
1426 1009 1609 1052 impetrari,
1627 1021 1684 1044 seu
1714 1011 1963 1054 quomodolibet

1218 1060 1313 1094 etiam
1329 1067 1416 1095 motu
1435 1063 1533 1095 simili
1549 1073 1704 1096 concesso
1723 1065 1772 1097 vel
1787 1064 1962 1107 impetrato

1217 1120 1273 1147 aut
1298 1116 1386 1149 edito
1415 1117 1459 1149 uti
1488 1128 1543 1149 seu
1570 1128 1605 1150 se
1638 1117 1747 1151 iuvare
1780 1117 1813 1150 in
1838 1117 1961 1151 iudicio

1219 1169 1268 1201 vel
1302 1174 1393 1202 extra
1425 1180 1568 1213 unquam
1587 1169 1594 1186 ¹
1613 1181 1711 1214 posse
1727 1198 1735 1211 ‚
1758 1170 1962 1204 decernimus

1217 1227 1315 1265 atque
1333 1222 1503 1256 iubemus:
1525 1224 1684 1258 universis
1702 1224 1813 1258 litibus
1838 1230 1869 1258 et
1887 1235 1963 1258 con-

1219 1276 1381 1309 troversiis
1416 1277 1477 1310 hac
1509 1278 1548 1311 de
1575 1288 1629 1319 re,
1661 1279 1684 1312 si
1712 1289 1795 1322 quae
1826 1278 1962 1312 sortasse

1217 1335 1293 1362 sunt
1322 1336 1377 1363 aut
1408 1331 1549 1371 suerunt,
1573 1339 1770 1376 perpetuum
1796 1332 1962 1366 silentium

1217 1383 1435 1426 imponentes.
1456 1385 1586 1429 llasque
1607 1386 1738 1419 easdem
1755 1385 1880 1419 litteras
1907 1396 1964 1420 no-

1217 1441 1300 1469 stras
1326 1437 1386 1469 sub
1413 1437 1579 1480 quibusvis
1605 1438 1758 1472 similium
1789 1440 1838 1473 vel
1871 1439 1965 1473 dissi-

1217 1490 1343 1523 milium
1357 1491 1535 1533 gratiarum
1549 1493 1821 1534 revocationibuS,
1833 1503 1965 1536 suspen·

1217 1544 1373 1583 sionibus,
1386 1544 1644 1586 limitationibus,
1656 1545 1961 1586 modificationibus,

1218 1597 1500 1639 derogationibus,
1525 1598 1662 1642 aliisque
1695 1599 1872 1633 contrariis
1898 1599 1964 1632 dis-

1216 1650 1456 1693 positionibus,
1483 1651 1579 1684 etiam
1610 1663 1670 1695 per
1695 1663 1755 1685 nos
1782 1656 1812 1686 et
1837 1662 1964 1686 sucees-

1217 1714 1305 1737 sores
1341 1710 1472 1737 nostros
1504 1705 1668 1738 Romanos
1693 1705 1868 1739 Pontifices
1901 1716 1961 1750 pro

1218 1764 1365 1801 tempore
1392 1758 1575 1799 existentes,
1602 1766 1633 1792 et
1658 1770 1716 1803 per
1740 1759 1856 1793 Sedem
1879 1760 1962 1804 Apo—

1217 1811 1373 1853 stolicam‚
1400 1817 1489 1845 motu
1508 1812 1590 1855 pari,
1608 1813 1742 1846 scientia
1768 1818 1800 1846 et
1819 1813 1962 1857 plenitu-

1217 1867 1292 1899 dine
1315 1865 1506 1908 potestatis,
1534 1866 1720 1899 consistorii
1745 1867 1898 1908 decreto,
1924 1877 1962 1900 ex

1217 1919 1417 1963 quibuslibet
1442 1918 1567 1959 causis,
1596 1924 1627 1952 et
1659 1920 1718 1952 sub
1754 1929 1962 1963 quocumque

1217 1972 1389 2006 verborum
1415 1977 1527 2005 tenore
1554 1977 1585 2005 et
1611 1972 1722 2012 forma,
1741 1983 1778 2006 ac
1795 1983 1868 2006 cum
1893 1972 1963 2016 qui-

1216 2026 1325 2059 busvis
1352 2026 1507 2058 clausulis
1533 2031 1565 2058 et
1590 2026 1738 2066 decretis,
1755 2025 1831 2059 licet
1855 2025 1888 2059 in
1914 2025 1960 2059 eis

1217 2079 1256 2112 de
1292 2079 1342 2112 his
1376 2079 1494 2112 nostris
1531 2079 1648 2112 litteris
1681 2089 1858 2123 carumque
1892 2083 1961 2113 toto

1217 2138 1330 2166 tenore
1360 2137 1390 2165 et
1424 2132 1496 2164 data
1521 2132 1672 2175 specialis
1698 2133 1822 2167 mentio
1848 2131 1961 2174 fieret,

1216 2197 1274 2229 pro
1302 2192 1450 2229 ternpore
1475 2186 1566 2218 sactis
1592 2192 1623 2219 et
1647 2186 1823 2227 concessis,
1850 2197 1886 2220 ac
1917 2186 1962 2220 fa-

1216 2240 1341 2273 ciendis
1377 2246 1408 2273 et
1438 2239 1667 2279 concedendis,
1692 2250 1756 2273 non
1781 2250 1880 2284 posse
1906 2244 1962 2272 aut

1216 2294 1338 2327 debere
1379 2293 1616 2337 comprehendi
1658 2295 1851 2334 statuimus;
1879 2293 1959 2334 sed,

1218 2353 1380 2390 tamquam
1407 2346 1447 2379 ad
1480 2346 1582 2379 maius
1612 2346 1733 2380 bonum
1767 2346 1961 2387 tendentes,

1217 2412 1348 2444 semper
1373 2406 1404 2433 et
1429 2400 1562 2433 omnino
1588 2400 1627 2432 ab
1654 2400 1717 2433 illis
1743 2399 1871 2443 excipi,
1907 2404 1960 2440 et,

1217 2454 1344 2496 quoties
1369 2454 1444 2487 illae
1479 2454 1680 2497 prodierint,
1707 2454 1803 2486 toties
1836 2454 1869 2486 in
1893 2453 1961 2497 pri-

1216 2507 1335 2539 stinum
1361 2512 1393 2539 et
1413 2506 1671 2546 validissimum,
1697 2511 1792 2549 atque
1823 2507 1856 2539 in
1887 2517 1962 2540 eum

1215 2560 1246 2592 in
1274 2571 1337 2603 quo
1369 2566 1463 2593 antea
1492 2560 1740 2604 quomodolibet
1765 2566 1871 2602 erant,
1897 2566 1961 2596 sta-

1252 2623 1260 2649 1
1286 2621 1387 2651 Forsan
1409 2622 1553 2659 legendum
1573 2629 1746 2658 quemquam
1766 2623 1805 2658 (n.
1820 2624 1871 2659 L).

1967 217 2017 244 An.
2034 217 2063 245 C.
2084 219 2150 249 1725
