2170 3147
206 203 257 230 An.
279 202 309 229 c.
328 201 394 229 ¹726
441 192 505 226 448

400 261 436 283 ac
462 250 551 283 sacra
576 248 808 282 communione
836 245 958 286 resecti,
985 255 1044 289 pro
1063 244 1146 278 chri·

400 304 578 336 stianorum
616 302 804 346 principum
843 300 1038 339 concordia,
1069 299 1146 331 hae-

400 366 507 389 resum
535 362 567 388 et
592 355 808 387 schismatum
846 352 1084 396 extirpatione,
1110 361 1146 383 ac

400 414 530 441 sanctae
548 408 657 440 matris
675 407 840 440 Ecclesiae
859 405 1054 438 exaltatione
1074 403 1145 446 pias

401 463 440 495 ad
468 462 568 495 Deum
594 471 710 504 preces
737 459 922 499 ell'uderint,
950 458 1143 501 plenariam,

401 526 483 558 quae
503 515 599 548 etiam
616 513 785 547 animabus
803 512 985 556 purgatorii
1004 521 1062 554 per
1080 521 1146 543 mo-

401 569 477 601 dum
507 567 648 610 suffragii
678 566 840 610 applicari
866 565 986 608 possit,
1017 574 1145 597 necnon

401 621 554 655 omnibus
580 626 612 653 et
638 620 779 663 singulis
805 618 956 658 infirmis,
989 617 1146 650 ministris

401 680 433 706 et
458 673 653 707 officialibus
680 672 845 716 praefatis,
872 682 955 715 quos
981 671 1014 703 in
1040 669 1146 712 hospi-

402 728 457 760 tali
483 727 528 759 sic
554 731 665 759 erecto
682 753 689 765 ,
726 736 762 759 ae
794 725 827 758 in
853 726 983 758 camera
1008 733 1065 756 seu
1091 723 1148 755 ba-

401 780 559 813 bitatione
592 778 747 822 contigua
773 788 869 822 quam
899 776 1073 810 aediticare
1100 775 1146 808 in-

400 834 579 873 tendimus,
606 833 645 866 ad
672 831 824 865 humanis
858 830 1018 864 decedere
1045 828 1147 862 conti-

401 887 499 930 gerit,
526 886 552 919 si
578 896 654 919 vere
692 885 901 928 poenitentes
928 888 961 916 et
985 881 1147 921 confessi,

402 951 439 973 ac
464 942 556 973 sacra
581 938 813 972 communione
838 936 963 976 resecti,
987 936 1057 974 vel,
1075 945 1150 978 qua-

404 998 497 1027 tenus
516 993 547 1026 id
567 992 674 1025 facere
694 990 912 1034 nequiverint,
938 990 1052 1022 saltem
1074 997 1149 1020 con-

403 1046 468 1079 triti
495 1056 614 1079 nomen
639 1045 708 1077 Iesu
735 1054 807 1083 ore,
831 1043 856 1075 si
885 1041 1073 1086 potuerint,
1099 1040 1147 1073 sin

401 1099 530 1138 minus,
563 1098 663 1131 corde
697 1097 811 1130 devote
845 1093 1086 1133 invocaverint,
1115 1092 1148 1124 in

402 1162 516 1185 eorum
541 1150 655 1183 mortis
689 1148 826 1182 articulo
861 1146 1013 1180 similiter
1038 1146 1150 1188 plena-

401 1204 483 1236 riam
509 1203 655 1236 omnium
692 1205 906 1244 peccatorum
942 1209 1075 1232 suorum
1103 1198 1149 1230 iu-

402 1257 604 1300 dulgentiam
636 1260 669 1288 et
701 1253 928 1287 remissionem
962 1252 1149 1284 misericor-

403 1310 490 1343 diter
527 1309 558 1342 in
592 1307 727 1341 Domino
764 1306 991 1339 concedimus.
1020 1304 1149 1336 Eisdem

403 1373 480 1396 vero
518 1361 786 1394 christifidelibus
823 1358 990 1401 utriusque
1028 1356 1152 1400 pariter

405 1426 515 1455 sexus,
536 1414 590 1458 qui
609 1413 745 1446 infirmis
768 1413 800 1445 in
819 1411 976 1454 hospitali
1003 1410 1150 1442 vivorum

405 1480 461 1502 seu
499 1468 674 1500 mulierum
711 1464 891 1509 respective
932 1463 1150 1506 degentibus,

405 1532 476 1554 cum
504 1521 576 1553 cibo
604 1519 819 1557 reficiuntur,
846 1528 904 1550 seu
930 1517 1029 1556 alias,
1057 1516 1152 1548 mini-

404 1575 579 1608 straverint
600 1574 650 1606 vel
669 1571 895 1611 deservierint,
916 1580 1039 1613 eosque
1058 1580 1151 1612 prae-

405 1634 499 1671 cepta
523 1626 579 1659 Dei
615 1630 646 1658 et
678 1635 761 1668 quae
797 1625 835 1657 ad
870 1625 1006 1656 salutem
1040 1633 1152 1655 neces-

405 1682 489 1714 saria
515 1685 589 1712 sunt
627 1679 817 1717 docuerint,
845 1683 899 1710 aut
923 1676 1151 1719 quodcumque

405 1734 492 1768 aliud
519 1732 649 1777 pietatis
686 1733 735 1765 vel
773 1730 941 1765 charitatis
967 1740 1050 1773 opus
1076 1740 1151 1772 erga

405 1788 552 1820 infirmos
589 1785 753 1828 praelatos
790 1782 1022 1822 exercuerint,
1054 1787 1151 1825 atque

405 1841 629 1885 presbyteriS,
666 1838 720 1882 qui
758 1837 1012 1870 sacramentales
1038 1846 1152 1868 eorum

406 1894 632 1927 consessiones
652 1890 861 1935 exceperint,
882 1889 1151 1933 quotiescumque

406 1948 439 1980 id
465 1946 593 1989 egerint
626 1956 661 1978 ac
692 1945 725 1977 in
759 1943 901 1977 eeclesia
927 1943 1003 1976 dicti
1039 1942 1152 1986 hospi-

408 2000 479 2033 talis
505 2000 613 2043 aliquo
642 1997 800 2041 temporis
836 1996 942 2041 spatio
970 1995 1151 2036 oraverint,

407 2053 503 2086 toties
529 2062 589 2095 pro
612 2051 759 2095 quolibet
776 2050 998 2093 praefatorum
1016 2059 1153 2092 operum

406 2107 564 2140 exercitio
591 2110 715 2148 septem
742 2114 846 2137 annos
872 2108 904 2136 et
922 2103 1057 2136 totidem
1076 2114 1154 2146 qua-

408 2159 568 2202 dragenas
606 2159 646 2191 de
684 2156 838 2190 iniunctis
876 2156 942 2197 eis,
979 2166 1034 2188 seu
1076 2156 1153 2188 alias

407 2210 658 2255 quomodolibet
701 2209 818 2243 debitis
866 2208 1078 2252 poenitentiis
1121 2209 1153 2241 in

409 2266 512 2298 forma
550 2265 717 2298 Ecclesiae
757 2265 912 2297 consueta
956 2263 1151 2296 relaxamus.

410 2318 598 2358 Praeterea,
633 2323 663 2350 ut
698 2317 972 2361 quandocumque
998 2315 1154 2348 sacerdos

411 2370 527 2413 aliquis
555 2370 742 2410 saecularis,
769 2371 820 2403 vel
847 2368 988 2402 cuiusvis
1012 2368 1153 2408 Ordinis,

411 2423 674 2465 congregationis
705 2433 762 2455 seu
800 2422 937 2455 instituti
970 2421 1152 2464 regularis,

411 2476 542 2509 missam
568 2476 792 2508 detunctorum
830 2485 889 2518 pro
916 2475 1024 2507 anima
1047 2474 1155 2507 cuius-

412 2538 552 2571 cumque
577 2527 809 2568 cliristilidelis‚
836 2539 917 2571 quae
943 2528 1009 2560 Deo
1030 2527 1062 2559 in
1079 2527 1155 2559 cba-

411 2582 507 2616 ritate
526 2581 702 2614 coniuncta
720 2581 759 2613 ab
778 2581 838 2614 liae
857 2582 929 2614 luce
950 2579 1152 2624 migraverit,

983 196 1167 222 BULLARIUM
1191 195 1349 221 ROMANUM

1189 244 1228 277 ad
1253 244 1354 277 altare
1373 243 1474 277 maius
1489 243 1647 277 ecclesiae
1665 243 1744 276 dicti
1758 241 1932 286 hospitalis

1188 296 1380 337 celebrabit,
1406 296 1512 330 anima
1537 297 1609 341 ipsa
1635 297 1675 330 de
1698 295 1856 329 thesauro
1876 295 1934 328 Ee-

1189 349 1308 382 clesiae
1334 359 1394 393 per
1419 349 1550 382 modum
1584 348 1726 391 suffragii
1760 348 1934 391 indulgen-

1190 402 1267 435 tiam
1293 407 1531 446 consequatur,
1567 402 1611 434 ita
1636 406 1671 433 ut
1696 400 1841 434 eiusdem
1877 400 1934 433 do-

1189 455 1267 488 mini
1293 455 1395 488 nostri
1421 455 1493 488 Iesu
1520 454 1639 488 Christi
1666 464 1701 486 ac
1725 453 1933 487 beatissimae

1190 507 1330 550 Virginis
1355 512 1608 550 sanctorumque
1638 508 1781 539 omnium
1807 505 1931 539 meritis

1190 560 1251 592 sibi
1276 559 1531 603 suffragantibus
1564 570 1581 591 a
1613 557 1792 602 purgatorii
1817 557 1935 601 poenis

1190 612 1370 653 liberetur,
1409 611 1603 645 auctoritate
1638 611 1786 655 praefata
1817 620 1935 643 conce-

1191 665 1296 698 dimus
1321 664 1435 697 itidem
1462 669 1493 697 et
1519 664 1738 706 indulgemus.
1777 663 1935 695 Praesen-

1192 719 1276 752 tibus
1300 717 1471 761 perpetuis
1494 717 1607 749 suturis
1632 715 1834 760 temporibus
1857 714 1937 748 vali-

1193 771 1283 804 turis.

1235 823 1249 867 g
1273 823 1325 856 16.
1347 822 1521 855 Praeterea
1538 821 1741 865 pauperibus
1764 820 1935 864 utriusque

1191 887 1289 909 sexus
1313 875 1501 908 huiusmodi
1526 874 1681 918 praefatis
1713 873 1835 907 morbis
1861 873 1937 906 affe-

1192 929 1261 970 ctis,
1288 934 1320 962 et
1344 928 1376 960 in
1403 927 1490 961 dicto
1517 927 1675 970 hospitali
1699 936 1761 970 pro
1788 931 1936 969 tempore

1193 981 1399 1025 degentibus,
1427 991 1567 1024 quorum
1596 980 1767 1013 infirmitas
1804 980 1853 1012 vel
1888 989 1937 1012 nt-

1191 1034 1291 1067 mium
1317 1033 1493 1067 imbecillis
1519 1033 1671 1066 valetudo
1698 1031 1856 1066 ieiunium
1880 1041 1937 1076 seu

1193 1087 1339 1121 carnium
1377 1092 1408 1120 et
1442 1086 1682 1120 lacticiniorum
1707 1084 1937 1118 abstinentiam

1192 1141 1277 1173 serre
1301 1150 1365 1173 non
1390 1139 1529 1183 poterit,
1554 1144 1588 1171 ut
1613 1139 1652 1172 de
1678 1138 1846 1181 utriusque
1870 1147 1938 1170 me-

1194 1193 1255 1225 dici
1292 1192 1431 1225 consilio
1467 1192 1637 1235 quibusvis
1675 1189 1938 1234 quadragesima-

1194 1246 1298 1287 libus,
1325 1250 1379 1277 aut
1403 1249 1545 1288 quatuor
1569 1245 1645 1277 anni
1676 1243 1881 1287 temporibus
1906 1247 1938 1275 et

1196 1299 1332 1342 vigiliis,
1359 1298 1495 1341 aliisque
1533 1298 1649 1331 diebus
1682 1297 1714 1330 in
1750 1297 1868 1341 quibus
1893 1297 1939 1330 ie-

1196 1353 1318 1385 iunium
1345 1354 1384 1385 ab
1409 1353 1553 1386 Ecclesia
1589 1353 1770 1395 indictum,
1795 1357 1849 1385 aut
1873 1362 1939 1385 car-

1195 1408 1284 1441 nium
1302 1435 1310 1449 ,
1337 1418 1493 1448 ovorum,
1520 1408 1761 1440 lacticiniorum
1797 1417 1872 1440 usus
1898 1406 1938 1440 de

1195 1463 1265 1496 iure
1301 1464 1350 1496 vel
1385 1462 1623 1496 consuetudine
1659 1472 1719 1495 seu
1750 1461 1829 1494 alias
1862 1471 1939 1505 pro-

1196 1518 1318 1551 hibitus
1345 1516 1454 1550 existit
1470 1516 1519 1549 vel
1542 1515 1659 1555 suerit,
1677 1515 1841 1554 carnibus,
1858 1515 1937 1556 ovis,

1195 1573 1326 1614 butyro,
1343 1569 1514 1604 lacticiniis
1530 1574 1562 1602 et
1575 1569 1646 1602 aliis
1664 1569 1744 1602 cibis
1762 1569 1940 1612 prohibitis

1196 1624 1382 1657 huiusmodi
1400 1623 1447 1655 uti
1466 1627 1498 1656 et
1521 1623 1624 1663 vesei;
1646 1622 1785 1665 singulis
1806 1632 1938 1665 quoque

1195 1689 1254 1721 pro
1282 1683 1429 1720 tempore
1456 1675 1672 1709 existentibus
1710 1675 1857 1708 ciusdem
1883 1675 1939 1708 ho-

1195 1730 1320 1775 spitalis
1345 1730 1449 1773 priori
1465 1729 1626 1772 praefato,
1644 1738 1680 1760 ac
1696 1728 1780 1761 infra
1794 1727 1939 1761 dicendis

1196 1783 1409 1827 presbyteris,
1434 1787 1470 1814 ut
1494 1792 1717 1825 quoscumque
1751 1781 1939 1814 huiusmodi

1197 1836 1369 1879 hospitalis
1405 1834 1574 1874 infirmos,
1609 1834 1779 1866 ministros
1811 1839 1842 1867 et
1873 1844 1941 1867 ser-

1195 1891 1318 1924 vientes
1343 1900 1360 1922 a
1386 1887 1552 1931 quibusvis
1578 1887 1940 1927 excommunicationis,

1197 1945 1294 1977 etiam
1332 1942 1486 1982 maioris,
1527 1941 1756 1984 suspensionis
1787 1946 1819 1973 et
1842 1941 1942 1974 inter-

1198 1997 1298 2036 dicti,
1326 1995 1464 2038 aliisque
1491 1993 1718 2027 ecclesiasticis
1749 1993 1938 2034 sententiis,

1197 2048 1343 2083 censuris
1369 2053 1400 2081 et
1435 2048 1551 2091 poenis
1568 2074 1575 2087 ,
1603 2058 1619 2079 a
1644 2046 1715 2080 iure
1743 2048 1791 2080 vel
1818 2047 1857 2080 ab
1883 2047 1942 2081 110-

1197 2104 1301 2143 mine‚
1327 2101 1439 2145 quavis
1464 2100 1638 2133 occasione
1663 2100 1714 2133 vel
1739 2101 1834 2133 causa
1851 2100 1939 2141 latis,

1198 2156 1316 2199 quibus
1352 2153 1500 2187 innodati
1538 2153 1678 2193 suerint,
1718 2163 1844 2186 necnon
1872 2155 1942 2197 qui-

1197 2211 1403 2252 buscumque
1422 2217 1536 2240 eorum
1561 2206 1713 2249 peccatis,
1732 2205 1940 2246 criminibus,

1198 2261 1384 2296 excessibus
1419 2271 1454 2293 ae
1487 2259 1613 2293 delictis
1647 2264 1942 2303 quantumcumque

1198 2315 1348 2358 gravibus
1387 2318 1417 2346 et
1454 2312 1666 2352 enormibus,
1694 2312 1791 2345 etiam
1823 2313 1940 2346 talibus

1198 2369 1237 2402 de
1253 2368 1372 2412 quibus
1391 2367 1475 2400 dieta
1488 2367 1589 2400 Sedes
1608 2366 1723 2399 merito
1742 2366 1941 2399 consulenda

1199 2422 1300 2462 soret,
1318 2421 1473 2453 videlicet
1497 2419 1528 2452 in
1555 2419 1684 2452 casibus
1711 2424 1774 2451 tam
1803 2418 1941 2451 Ordina-

1199 2475 1254 2507 riis
1279 2476 1425 2508 locorum
1462 2483 1558 2517 quam
1595 2472 1691 2504 etiam
1727 2472 1833 2504 eidem
1865 2471 1940 2504 Sedi

1198 2526 1387 2567 reservatis,
1420 2535 1485 2558 non
1512 2530 1620 2557 tamen
1646 2524 1678 2556 in
1704 2523 1860 2556 iudicium
1886 2523 1942 2556 de-

1199 2579 1321 2619 ductis,
1355 2588 1462 2622 neque
1498 2576 1662 2610 contentis
1686 2575 1719 2609 in
1745 2575 1862 2609 litteris
1888 2575 1941 2609 die

1941 193 1991 223 An.
2012 194 2040 224 C.
2058 195 2124 225 ¹72⁸

1946 833 2026 855 Morbis
2040 833 2129 855 eiusmo-

1947 861 1967 881 di
1976 860 2046 881 ass'ecti
2056 866 2068 880 a
2076 861 2129 881 cibi·

1947 888 2018 907 vetitis
2048 887 2130 912 dispeu-

1947 916 2034 937 santur,
2065 916 2129 939 utque

1946 945 1959 959 a
1975 939 2085 966 quibusvis
2096 945 2131 960 ee-

1912 978 1919 984 ·
1947 966 2130 992 etesiasttctspoe·

1947 993 1979 1013 nis
1992 992 2074 1013 absolvi
2085 998 2131 1018 pos.

1948 1019 1995 1043 sint,
2002 1024 2073 1039 eorum
2081 1024 2130 1039 con-

1947 1044 2040 1066 sussarlis
2065 1045 2130 1066 sacul-

1947 1075 1979 1094 tas
1993 1074 2064 1096 datur.
