2170 3147
218 210 409 238 An.c.t72t
454 199 496 234 98

252 1284 375 1306 ctausutae.

259 2028 418 2049 Contrariorum

233 2056 356 2081 derogatio.

999 208 1182 233 BULLAMUM

413 258 603 292 clesiasticis
629 258 825 298 sententiis,
854 257 1001 291 censuris
1028 262 1059 289 et
1084 266 1159 300 poe-

413 312 483 351 nis,
509 322 526 344 a
552 311 621 344 iure
647 312 695 344 vel
729 311 769 343 ab
796 311 943 351 homine,
972 310 1082 352 quavis
1109 320 1160 342 oc-

415 366 544 398 casione
570 365 621 397 vel
647 366 744 397 «niusa
768 364 855 401 latis,
883 364 909 396 si
937 363 1055 406 quibus
1081 373 1160 406 quo-

413 418 596 451 modolibet
616 418 792 451 innodatus
814 417 932 456 existit,
951 417 991 450 ad
1010 415 1158 449 ellectum

414 471 641 515 praesentium
673 470 839 504 dumtaxat
865 469 1158 514 consequendum,

415 526 530 558 harum
557 524 642 557 serie
674 524 882 557 absolventes
917 529 948 557 et
973 524 1159 556 absolutum

415 580 481 612 fore
497 583 680 619 censentes,
705 577 1003 621 supplicationibus
1022 577 1091 609 eius
1107 586 1160 608 no-

416 632 502 665 mine
529 631 624 665 nobis
649 642 749 675 super
786 632 847 664 lioc
880 630 1050 663 humiliter
1086 639 1161 672 por-

416 685 514 719 rectis
540 685 699 725 iuclinati‚
726 684 834 718 onmia
871 689 902 717 et
934 683 1063 726 singula
1096 682 1162 725 pri-

418 740 547 782 vilegia,
571 739 807 777 immunitates,
832 737 952 781 gratias·
979 742 1009 769 et
1035 736 1162 769 indulta

418 793 589 836 praedicto
626 791 737 825 Ordini
769 802 786 824 a
812 795 994 824 memorato
1032 788 1163 821 Urbano

418 846 674 890 praedecessore
715 855 871 878 concessa
908 849 943 875 ut
967 842 1162 885 praefertur,

418 904 651 943 emanatasque
665 899 807 942 desuper
821 897 927 940 ipsius
940 894 1061 929 Urbani
1076 904 1165 938 prae-

420 953 600 988 decessoris
626 953 753 986 litteras
780 950 1016 994 praeinsertas,
1043 958 1114 981 cum
1132 958 1165 980 o-

419 1007 549 1041 mnibus
574 1012 606 1040 et
630 1005 769 1048 singulis
786 1005 818 1037 in
837 1003 883 1036 eis
906 1002 1086 1041 contentis,
1113 1011 1166 1033 au-

420 1060 570 1094 ctoritate
589 1058 783 1103 apostolica,
799 1062 913 1090 tenore
929 1054 1166 1099 praesentium,

421 1114 544 1156 pariter
569 1112 789 1157 approbamus
815 1116 847 1144 et
865 1108 1109 1147 confirmamus,
1131 1108 1168 1140 il-

422 1168 530 1211 lisque
555 1165 754 1199 inviolabilis
778 1163 980 1207 apostolicae
1006 1161 1169 1194 firmitatis

423 1221 522 1254 robur
543 1219 722 1253 adiicimus.

467 1273 522 1317 §3
536 1273 758 1306 Deeernentes
775 1270 908 1314 pariter,
931 1268 1063 1302 easdem
1080 1278 1170 1311 prac-

423 1332 534 1360 sentes
565 1326 691 1358 litteras
727 1334 859 1366 semper
894 1322 1013 1362 firmas,
1047 1320 1169 1354 validas

424 1386 456 1413 et
493 1380 643 1412 efficaces
681 1377 821 1410 existere
856 1381 888 1409 et
913 1376 992 1414 sore,
1030 1384 1169 1417 suosque

424 1433 589 1477 plenarios
617 1438 648 1465 et
674 1431 819 1474 integros
846 1429 981 1463 effectus
1007 1428 1118 1462 sortiri
1142 1432 1169 1460 et

424 1487 583 1525 obtinere,
610 1496 646 1518 ac
667 1484 741 1523 illis,
760 1484 798 1516 ad
818 1493 898 1526 quos
916 1486 1041 1525 spectat
1062 1487 1093 1513 et
1111 1492 1171 1524 pro

425 1546 572 1582 tempore
598 1537 771 1581 spectabit,
799 1536 830 1568 in
858 1535 1011 1569 omnibus
1049 1538 1081 1566 et
1114 1544 1172 1576 per

427 1592 538 1626 omnia
563 1590 757 1635 plenissime
783 1588 971 1632 suffragari,
1003 1587 1113 1630 sicque
1141 1587 1172 1619 in

425 1645 613 1689 praemissis
639 1655 699 1688 per
724 1652 946 1687 quoscumque
972 1641 1096 1673 iudices
1123 1650 1173 1672 or-

427 1699 571 1732 dinarios
605 1704 636 1731 et
661 1698 841 1739 delegatos,
878 1695 977 1728 etiam
1004 1704 1171 1727 causarum
1195 1718 1196 1721 ,

426 1753 537 1797 palatii
563 1750 738 1795 apostolici
763 1750 943 1789 auditores,
971 1748 1107 1780 iudicari
1143 1752 1171 1779 et

427 1805 556 1840 definiri
581 1805 724 1843 debere,
751 1813 787 1835 ac
812 1802 943 1834 irritum
970 1806 1001 1833 et
1028 1800 1126 1833 inane
1149 1801 1173 1832 si

427 1870 522 1893 secus
540 1868 641 1902 super
666 1857 716 1889 liis
742 1867 759 1889 a
784 1866 969 1899 quoquam,
990 1854 1102 1897 quavis
1122 1865 1174 1886 au-

428 1913 597 1951 ctoritate,
624 1911 771 1943 scienter
796 1910 844 1941 rel
875 1909 1080 1951 ignoranter,
1101 1918 1176 1940 con-

430 1966 541 2009 tigerit
567 1963 735 1997 attentari.

473 2021 487 2063 g
512 2019 545 2051 lt.
572 2017 642 2050 Non
661 2015 869 2050 obstantibus
885 2014 1175 2047 constitutionibus
1196 2030 1198 2032 ·

430 2078 462 2106 et
485 2070 752 2105 ordinationibus
785 2068 977 2112 apostolicis
1000 2094 1007 2106 ,
1046 2077 1175 2099 necnon
1197 2090 1198 2094 ,

430 2126 581 2159 omnibus
608 2130 639 2157 et
663 2122 801 2166 singulis
837 2122 899 2155 illis
934 2131 1018 2165 quae
1052 2131 1175 2152 memo-

429 2185 515 2212 ratus
540 2178 691 2211 Urbanus
718 2175 956 2219 praedecessor
983 2174 1015 2206 in
1040 2173 1107 2206 suis
1126 2173 1176 2205 lit-

429 2232 506 2265 teris
533 2229 745 2274 praeinsertis
763 2227 924 2261 concessit
942 2237 1007 2260 non
1026 2226 1175 2266 obstare,
1198 2256 1200 2272 ί

429 2284 612 2326 ceterisque
634 2281 809 2316 contrariis
836 2280 1110 2337 quibuscumque.

473 2337 590 2369 Datum
627 2336 762 2374 Romae,
790 2334 877 2377 apud
900 2333 932 2366 S.
960 2333 1090 2365 Mariam
1116 2332 1177 2364 Mt

430 2391 547 2430 i0r‚e1n
572 2389 633 2421 sub
659 2388 783 2421 annulo
820 2386 1018 2425 piscatoris,
1041 2385 1093 2418 die
1118 2393 1200 2417 xnt

431 2441 630 2486 septembiis
655 2450 837 2479 noccxxiv,
881 2438 1092 2481 pontificatus
1120 2448 1177 2470 no-

432 2497 490 2530 stri
515 2505 602 2528 anno
630 2504 651 2528 i.
1198 2457 1200 2513 ’1

467 2559 526 2586 Dat.
544 2557 590 2585 <lie
609 2556 641 2585 13
656 2554 820 2591 septembris
840 2554 916 2589 1724,
933 2554 1029 2590 pontif.
1046 2562 1116 2582 anno
1133 2562 1150 2583 1.
1197 2517 1200 2586 i

1197 2592 1201 2634 1

1205 208 1361 233 nouantur

1526 258 1620 291 XXX.

1203 327 1423 368 Confirmatio*
1470 328 1632 361 decretum
1678 327 1946 370 Coityreqationis

1247 381 1384 413 Rt'tunnt
1410 382 1497 413 circa
1524 381 1776 413 translationem
1803 380 1946 424 corporis

1248 435 1441 467 venerabilis
1466 434 1674 467 Ferdtnandt
1706 445 1725 466 α
1751 434 1783 467 S.
1811 433 1947 476 Iosepho

1248 487 1383 521 Ordinis
1408 489 1618 520 eremitarum
1646 488 1678 520 S.
1703 486 1886 529 Auqnsttni
1906 485 1949 518 ad

1247 541 1409 574 ecclesium
1423 540 1604 584 qnamdam
1619 540 1761 573 eiusdem
1776 538 1910 573 Ordinis
1925 538 1945 571 ⁴.

1383 629 1565 657 Benedictus
1587 629 1666 663 Papa
1686 628 1771 662 xm,

1350 676 1386 702 ad
1407 675 1543 702 futuram
1558 674 1603 702 rei
1619 673 1807 702 memoriam.

1251 749 1265 789 ξ
1288 748 1312 780 l.
1330 748 1440 790 Nuper
1466 748 1504 779 ad
1533 746 1808 790 supplicationem
1835 745 1947 779 dilecti

1209 800 1264 834 tilii
1299 800 1447 833 moderni
1478 800 1599 842 prioris
1627 799 1794 841 generalis
1820 799 1951 832 Ordinis

1210 855 1346 887 fratrum
1373 854 1585 886 eremitarum
1611 854 1641 887 S.
1662 853 1839 896 Augustini
1866 863 1952 886 ema-

1209 907 1295 940 navit
1313 919 1329 940 a
1348 906 1613 950 Congregatione
1633 906 1870 940 venerabilium
1895 907 1954 939 sra-

1210 965 1294 993 trum
1329 965 1517 993 nostrorum
1548 960 1579 993 S.
1609 960 1645 992 R.
1674 960 1708 992 Ε.
1736 959 1954 993 cardinalium

1211 1014 1312 1047 sacris
1339 1014 1454 1046 ritibus
1481 1014 1746 1057 praepositorum
1783 1014 1954 1046 decretum

1212 1068 1334 1101 tenoris
1361 1068 1416 1111 qui
1444 1068 1612 1111 sequitur,
1639 1067 1814 1100 videlicet:

1251 1149 1427 1188 Iuponensis,
1448 1158 1494 1178 sen
1516 1148 1683 1185 Mahaensis,
1704 1147 1911 1186 beatificationis
1932 1151 1957 1176 et

1212 1207 1307 1226 canon
1314 1198 1427 1226 :ottonis
1449 1207 1495 1225 sstt
1517 1197 1712 1226 declarationis
1734 1197 1862 1235 mmUtyiii
1883 1196 1957 1225 serti

1214 1246 1264 1275 th'
1281 1246 1452 1275 erlinaudt
1467 1256 1512 1275 a
1503 1244 1660 1284 {Ioseplio
1679 1245 1825 1274 sacerdotis
1843 1243 1880 1274 01
1883 1245 1957 1274 clitus

1213 1296 1391 1323 eremittuum
1415 1293 1446 1323 S.
1465 1294 1624 1332 Angustum.
1641 1293 1710 1323 Cum
1730 1293 1805 1332 patri
1827 1293 1958 1331 generali

1214 1343 1331 1373 Ordinis
1353 1343 1542 1373 eremitarum
1559 1342 1588 1372 S.
1604 1342 1760 1380 Augustini
1785 1342 1955 1377 innotuerit,

1215 1393 1291 1432 quod
1316 1392 1430 1422 litterae
1454 1402 1467 1421 a
1492 1393 1576 1421 sacra
1591 1391 1712 1421 Rituum
1727 1390 1959 1429 Congregatione

1215 1442 1262 1471 die
1281 1450 1328 1471 xiu
1347 1440 1521 1480 septembris
1545 1448 1663 1470 nocxcn
1686 1449 1841 1470 concessae
1856 1443 1884 1470 et
1899 1439 1960 1479 epi-

1216 1501 1303 1530 scopo
1333 1491 1479 1520 Maltaeusi
1512 1490 1661 1526 directae,
1696 1489 1731 1518 ad
1763 1489 1899 1519 effectum
1927 1492 1959 1518 ut

1216 1539 1390 1569 {tiit-[oritate
1433 1548 1532 1568 sacrae
1570 1538 1814 1576 Congregationis
1853 1546 1959 1577 corpus

1216 1589 1293 1619 servi
1317 1589 1366 1618 l'tei
1390 1587 1566 1618 Ferdinandi
1590 1598 1603 1617 a
1627 1587 1655 1618 S.
1674 1587 1796 1627 Iosepho
1818 1587 1960 1626 praedicti

1217 1638 1244 1667 iu
1271 1638 1409 1677 hipponia
1433 1646 1508 1666 anuo
1536 1645 1657 1666 iioexvn
1684 1635 1714 1665 in
1744 1635 1844 1667 odium
1872 1635 1958 1674 fidei,

1217 1692 1248 1717 ut
1271 1686 1428 1723 asseritur,
1453 1686 1611 1721 interFeeti,
1635 1689 1662 1714 et
1677 1685 1758 1715 illinc
1780 1685 1815 1714 ad
1837 1694 1961 1723 regnum

1217 1737 1251 1765 ‹le
1274 1736 1433 1773 Makascar,
1459 1735 1622 1773 deindeque
1655 1734 1690 1764 ad
1722 1734 1873 1764 civitatem
1905 1734 1962 1764 Ma-

1218 1786 1354 1814 ltaeusem
1370 1783 1555 1821 translatum,
1573 1794 1587 1813 a
1602 1783 1759 1814 Catliarina
1774 1783 1809 1813 de
1824 1783 1961 1814 Noronha

1218 1834 1306 1863 vidua
1329 1833 1431 1863 relicta
1462 1833 1608 1871 querulam
1632 1832 1781 1862 Francisci
1803 1832 1888 1862 Viera
1916 1841 1963 1863 re·

1220 1888 1342 1919 tentum,
1363 1882 1495 1922 patribus
1518 1882 1649 1918 eiusdem
1671 1881 1789 1912 ordinis
1809 1882 1964 1920 consigna-

1219 1937 1317 1968 retur,
1346 1931 1382 1961 ob
1412 1931 1529 1961 narium
1562 1930 1818 1969 depraedationem
1848 1930 1964 1970 aliaque

1220 1981 1298 2010 varia
1332 1980 1493 2010 infortunia
1525 1979 1560 2008 ad
1592 1979 1741 2008 civitatem
1778 1979 1964 2009 Makaensem

1221 2029 1341 2058 minime
1370 2032 1567 2067 pervenerunt
1582 2028 1611 2063 ’-’;
1640 2036 1766 2066 cumque
1790 2027 1875 2057 modo
1899 2032 1963 2066 post

1197 2098 1199 2109 ,
1221 2082 1279 2107 tam
1304 2077 1422 2114 longum
1449 2081 1563 2115 tempus
1586 2076 1662 2105 dicta
1681 2075 1837 2105 Catliarina
1856 2075 1892 2105 de
1908 2075 1963 2106 No-

1222 2125 1313 2155 ronlia
1337 2124 1372 2154 ab
1396 2125 1533 2154 humanis
1556 2124 1716 2154 decessisse
1739 2128 1881 2154 assertum
1904 2124 1966 2154 sue-

1221 2175 1270 2213 rit,
1294 2178 1321 2204 et
1345 2183 1451 2213 corpus
1475 2173 1597 2213 praefati
1627 2173 1704 2202 servi
1728 2172 1777 2202 Dei
1801 2173 1965 2203 retineatur

1256 2250 1267 2276 t
1292 2249 1376 2276 Huius
1394 2248 1531 2276 pontilicis
1542 2252 1630 2276 const.
1643 2248 1686 2275 ed.
1699 2255 1865 2283 moccxxvui,
1877 2248 1922 2276 die
1932 2248 1966 2276 23

1198 2305 1199 2315 i
1221 2295 1350 2329 octobris,
1369 2295 1462 2330 pontif.
1476 2302 1501 2327 v,
1515 2294 1695 2321 confirmatur
1714 2293 1846 2320 iudicium
1862 2293 1967 2330 episco-

1198 2340 1281 2380 pale
1299 2339 1386 2366 'licini
1410 2338 1532 2365 habitum
1548 2337 1581 2365 de
1598 2345 1712 2372 corpore
1728 2337 1753 2364 S.
1767 2337 1928 2373 Augustini;
1940 2341 1967 2365 et

1199 2381 1369 2410 thuientis
1391 2383 1420 2409 Xl
1442 2386 1527 2409 const.
1550 2383 1594 2409 ed.
1616 2388 1706 2416 nocet,
1727 2381 1770 2409 die
1789 2382 1845 2408 ΞΕ)
1838 2374 1965 2415 ianuarii,

1198 2419 1315 2466 ipontis.
1339 2434 1364 2462 1,
1386 2428 1561 2454 contirmatur
1581 2426 1720 2453 claretum
1742 2425 1966 2461 Congregationis

1222 2473 1331 2500 Rituum
1348 2473 1381 2498 de
1398 2471 1525 2498 tatultate
1543 2471 1665 2498 eremitis
1683 2470 1887 2505 Augustinianis
1903 2478 1966 2506 pro-

1221 2517 1326 2544 vinciae
1348 2517 1479 2543 Franciae
1499 2516 1569 2542 sacta
1589 2515 1704 2542 canendi
1720 2514 1805 2542 lloras
1821 2515 1967 2543 canonicas

1221 2570 1280 2589 cuin
1302 2565 1382 2588 cautu
1399 2560 1575 2596 Gregoriano.

1256 2607 1271 2633 2
1292 2605 1387 2642 Aptius
1407 2606 1464 2641 lege
1481 2604 1669 2640 pervenerint
1688 2605 1728 2639 (a.
1747 2604 1796 2637 r).

1953 207 2003 234 An.
2019 206 2048 234 G.
2069 209 2134 239 ¹72⁴

1988 744 2099 766 Deci-otum
2110 750 2141 766 na-

1962 778 2011 792 crao
2029 771 2141 798 congrega-

1962 799 2025 820 [iouis
2035 798 2128 820 refertur.
