2170 3147
22 229 69 254 An.
87 228 115 254 C,
138 227 204 254 ¹725

213 276 294 309 duae
311 286 347 309 ac
375 276 578 319 particularis
597 281 627 309 et
648 277 798 320 specialis
821 288 952 310 conces-

212 328 322 369 sionis,
349 328 446 362 etiam
472 334 560 362 motu
585 330 717 372 proprio
745 335 775 362 et
800 340 836 362 ex
863 332 952 363 certa

211 380 347 414 scientia
364 387 396 414 et
416 381 454 414 de
481 381 680 425 apostolicae
696 382 865 424 potestatis
886 383 953 424 ple-
971 389 973 421 ‚¹

212 433 382 472 nitudine,
409 439 463 466 aut
494 434 795 467 communicationis
822 439 852 466 et
877 444 950 466 am-
971 423 973 476 J

212 486 378 529 pliationis
392 497 545 520 concessa
558 486 576 527 ¹,
596 493 755 530 quatenus
776 492 881 519 tamen
900 497 950 518 es-

212 545 284 572 sent
309 540 340 572 in
366 551 424 572 usu
455 545 485 572 et
520 550 585 573 non
617 545 763 573 revocata
804 550 865 572 nec
890 539 949 572 sab

213 592 319 635 aliqua
346 592 548 625 revocatione
574 592 820 635 comprehensa,
848 592 892 624 uti
919 597 972 637 et1

211 645 351 687 gaudere
378 645 480 678 libere
507 650 537 678 et
562 645 649 678 licite
674 650 807 688 possent
836 649 867 677 et
899 656 951 677 va-

211 697 318 730 lerent
346 698 439 739 (itaut
464 708 579 731 omnes
599 704 629 731 et
650 698 768 740 singuli
798 698 875 731 dicti
893 697 951 730 Or-

211 749 297 782 dinis
323 750 357 782 Β.
384 749 502 783 Mariae
538 751 577 783 de
614 750 759 783 Mercede
797 755 829 783 et
862 750 949 782 illius

211 802 380 835 domorum
397 804 611 847 locorumque
637 803 835 846 regularium
858 813 950 846 supe-

210 854 313 888 riores
338 862 368 889 et
392 856 552 897 ministri,
579 867 783 900 quocumque
817 856 949 890 nomine
971 875 972 882 κ

210 909 378 952 appellati,
405 910 538 942 eosdem
565 910 700 950 favores,
729 910 848 953 gratias
875 921 950 952 apo—

210 962 341 996 stolicas
367 968 399 995 et
423 963 602 1005 privilegia,
629 974 712 1006 quae
738 963 873 996 aliarum
901 973 972 1005 regi

210 1015 391 1057 ligionum,
418 1016 596 1055 Ordinum,
633 1015 948 1058 congregationum,

10 1084 23 1095 ι
210 1069 424 1109 societatum,
449 1070 546 1102 etiam
572 1069 741 1102 Societatis
767 1069 846 1108 lesu,
874 1080 945 1101 mo—
970 1098 971 1113 ἶ

210 1122 438 1161 nasteriorum‚
453 1127 679 1161 conventuum,
696 1122 878 1159 domorum,
895 1128 949 1154 aut
970 1138 971 1146 κ

211 1174 357 1207 locorum
390 1175 588 1217 regularium
621 1180 653 1208 et
677 1175 870 1207 familiarum
897 1186 950 1217 ge-

211 1228 347 1267 nerales,
362 1227 557 1271 superiores,
571 1228 759 1271 praepositi,
776 1228 949 1271 provincia·

210 1281 270 1319 les,
300 1286 461 1320 rectores,
489 1281 614 1323 priores
639 1282 870 1313 conventuales
896 1288 950 1314 aut

211 1333 415 1373 claustrales,
436 1333 628 1372 visitatores,
645 1334 825 1376 guardiani,
845 1340 949 1366 custo-

211 1385 278 1425 des,
299 1390 330 1418 et
354 1386 416 1418 alio
443 1397 649 1429 quocumque
676 1387 804 1419 nomine
821 1413 828 1427 ,
857 1387 949 1419 titulo

211 1443 265 1471 aut
290 1438 445 1481 dignitate
470 1439 626 1481 insigniti,
647 1439 819 1479 habehant,
836 1439 949 1473 simili-

212 1497 262 1525 ter
293 1497 326 1524 ut
362 1503 459 1535 supra
485 1493 655 1531 haberent,
681 1493 795 1525 fratres
822 1499 849 1525 et
876 1503 949 1536 per-

210 1555 309 1578 sonae
322 1544 332 1561 ⁹
354 1545 517 1587 regulares
536 1545 610 1578 dicti
628 1545 756 1582 Ordinis
777 1546 811 1578 Β.
830 1545 948 1578 Mariae

212 1598 250 1630 de
275 1598 421 1631 Mercede
435 1597 453 1638 ⁸,
479 1609 552 1631 cum
571 1598 762 1641 privilegiis,
782 1599 892 1641 gratiis
918 1604 949 1631 et

210 1649 376 1682 favoribus
395 1649 584 1692 apostolicis
601 1649 756 1682 Ordinum
772 1656 803 1682 et
817 1660 950 1692 congre-

211 1702 374 1744 gationum
387 1702 582 1740 huiusmodi,
597 1708 755 1745 perpetuo
771 1704 947 1736 secundum

210 1754 448 1788 observantiam
469 1756 663 1798 regularium
677 1756 687 1772 ⁴
704 1762 736 1789 et
756 1756 947 1788 canonicum

212 1808 392 1840 institutum
406 1807 481 1840 dicti
505 1818 617 1841 eorum
631 1807 760 1841 Ordinis
779 1809 813 1841 B.
833 1808 948 1841 Mariae

212 1860 250 1893 de
270 1859 415 1893 Mercede
442 1871 556 1903 regere
583 1866 613 1893 et
638 1862 820 1904 gubernare
848 1865 878 1895 et
902 1872 950 1895 re-

211 1912 354 1955 spective
380 1912 509 1946 visitare
534 1914 690 1954 valerent,
715 1925 820 1958 neque
846 1915 948 1947 dictus

211 1964 296 1998 Ordo
318 1966 351 1998 B.
380 1966 497 1999 Mariae
524 1966 562 1999 de
580 1966 726 2000 Mercede
746 1978 844 2011 super
862 1979 950 2011 prae-

212 2018 304 2052 dictis
330 2020 482 2052 omnibus
509 2026 540 2052 et
570 2020 706 2063 singulis
737 2032 754 2053 a
787 2032 948 2064 quoquam

212 2072 323 2115 quavis
341 2073 529 2106 auctoritate
551 2075 596 2107 vel
621 2075 751 2107 nomine
774 2075 950 2116 molestari,

248 2170 257 2194 1
283 2168 361 2195 Deest
381 2169 492 2196 verbum
512 2169 633 2204 fuissent
648 2172 686 2204 (R.
705 2171 753 2204 T.).

246 2213 262 2239 2
273 2213 362 2239 Potius
371 2214 488 2248 legerem
498 2215 665 2249 fratresque
676 2219 846 2248 etpersonas
855 2217 948 2247 (κτὼ

10 2280 28 2292 ae
246 2257 303 2283 31n
315 2256 367 2283 loc.
379 2257 472 2292 paralt.
485 2262 546 2284 tom.
560 2267 601 2292 xx,
613 2268 638 2293 p.
650 2259 685 2285 64
695 2269 713 2285 a
724 2260 791 2285 haec
802 2259 947 2286 adduntur:

211 2301 347 2334 maqistrz'
375 2302 523 2335 generales
537 2324 544 2335 ‚
564 2303 746 2336 superiores,
768 2304 900 2330 ministri
923 2307 949 2330 et

210 2346 299 2373 ceteri
314 2346 368 2373 atii
382 2347 587 2381 cuiuscumque
602 2348 815 2382 appellationis,
827 2356 949 2382 praepo-

211 2390 262 2417 siti
281 2393 307 2418 et
324 2391 468 2425 praefecti
495 2391 522 2417 in
549 2391 622 2418 dicto
653 2391 759 2418 Ordine
783 2391 814 2417 Β.
835 2392 949 2419 Mariae

211 2434 246 2460 de
265 2435 394 2462 Mercede
413 2443 542 2469 eoepresse
560 2435 684 2469 professi
703 2438 729 2461 et
751 2435 783 2462 in
803 2436 865 2462 eius
883 2445 949 2470 gyre-

212 2479 271 2505 mio
286 2482 313 2504 et
336 2479 519 2506 observantia
539 2480 663 2506 viventes
683 2479 791 2512 fratres
809 2482 833 2506 et
851 2487 948 2513 perso-

211 2530 264 2550 nas
280 2524 428 2557 regulares
442 2524 514 2551 dicti
525 2524 644 2550 Ordinis
660 2524 692 2549 Β.
705 2524 818 2550 Mariae
834 2524 868 2550 de
879 2524 949 2552 Mer-

212 2567 295 2599 “1123
316 2570 343 2593 at
361 2568 480 2602 syntaxis
500 2567 628 2602 perplexa
642 2572 682 2593 est
702 2569 741 2601 (R.
762 2568 812 2601 T.).

249 2611 264 2637 4
279 2611 375 2646 Aptius
386 2611 411 2638 in
423 2612 441 2638 1.
455 2611 548 2647 parall.
562 2611 658 2647 legitur
672 2612 837 2647 regularem
849 2615 885 2646 (a.
898 2612 947 2647 T.).

816 229 1009 253 BENEDICTUS
1037 230 1091 253 x111
1117 230 1163 254 ΓΡ.

1622 220 1681 253 ⁶221
1735 232 1783 254 An.
1807 229 1836 255 c.
1860 230 1926 256 1725

995 278 1190 320 perturbari,
1216 279 1401 321 inquietari,
1421 284 1473 311 aut
1497 279 1575 312 alias
1602 289 1736 321 quomo-

972 338 974 348 *
995 330 1120 363 delibet
1137 330 1168 363 in
1187 330 1305 364 iudicio
1328 337 1359 364 et
1376 337 1466 364 extra
1491 331 1641 375 impediri
1662 341 1734 374 pos-

994 383 1067 425 set),
1083 384 1258 426 apostolica
1276 385 1467 417 auctoritate
1482 391 1639 428 perpetuo
1658 395 1734 417 con-

995 435 1129 467 cesserit
1146 442 1177 468 et
1198 436 1389 476 indulserit,
1409 443 1502 480 prout
1528 437 1559 469 in
1586 437 1731 470 eiusdem

971 477 972 532 l
996 488 1170 520 Alexandri
1187 488 1248 520 vtll
1264 489 1524 531 praedecessoris
1539 490 1664 530 litteris,
1681 491 1733 522 de-

971 534 972 540 *
995 550 1091 582 super
1116 540 1147 572 in
1173 540 1274 574 forma
1308 541 1415 574 Brevis
1447 543 1507 574 sub
1533 544 1651 575 annulo
1678 543 1730 574 Pi—

995 593 1128 624 scatoris
1154 592 1204 625 die
1223 594 1313 626 xxw'
1338 594 1458 627 mensis
1484 595 1551 627 iulii
1581 595 1655 628 anni
1674 595 1733 628 Do-

995 643 1071 676 mini
1098 654 1203 678 mncxc
1221 645 1429 687 pontificatus
1449 647 1496 679 sui
1524 657 1607 679 anno
1639 658 1647 680 1
1680 658 1733 681 ex-

995 695 1123 738 peditis,
1140 697 1267 739 plenius
1287 708 1416 741 quoque
1435 698 1642 739 continetur,

1038 749 1053 792 g
1079 748 1109 781 3.
1139 749 1175 781 Et
1195 750 1331 783 subinde
1351 750 1452 783 felicis
1472 751 1569 784 etiam
1588 752 1733 785 recorda·
1771 763 1816 783 Eia
1833 763 1926 784 clemen.

971 812 972 821 ¹
995 800 1092 833 tionis
1117 801 1264 835 Clemens
1284 802 1370 846 Papa
1395 803 1433 835 xl
1454 804 1574 846 pariter
1599 791 1927 848 praede-{1‘I.x2{=.15¹⁸h¹2„‘353

995 863 1106 886 cessor
1131 860 1261 894 noster,
1288 855 1435 888 eiusdem
1461 856 1588 889 Ordinis
1614 858 1645 890 B.
1671 843 1863 890 Illa-‘'⁹⁰''rfflu‘

994 905 1059 938 riae
1086 906 1223 949 Virginis
1248 907 1287 939 de
1313 907 1459 941 Mercede
1496 910 1732 953 redemptionis

994 959 1192 1002 captivorum
1211 960 1364 1003 magistro
1382 972 1417 994 ac
1438 962 1523 995 illius
1548 969 1734 1006 procurato-

970 1033 972 1041 ,
993 1012 1084 1044 ribus
1109 1013 1316 1055 generalibus
1347 1020 1420 1047 tunc
1446 1021 1478 1047 et
1502 1027 1560 1058 pro
1588 1021 1732 1059 tempore

994 1065 1207 1098 existentibus
1231 1067 1404 1109 praedictis
1423 1068 1527 1100 locum
1554 1069 1585 1101 in
1608 1071 1732 1112 capella

995 1118 1160 1161 pontificia
1178 1122 1295 1160 nostra,
1316 1125 1391 1152 tunc
1407 1122 1473 1161 sua,
1493 1124 1553 1154 una
1572 1133 1643 1154 cum
1663 1123 1732 1155 aliis

993 1171 1149 1204 Ordinum
1163 1173 1416 1207 ll'lendieantium
1435 1175 1596 1217 magistris
1615 1182 1646 1209 et
1659 1187 1733 1219 pro-

994 1225 1151 1257 curatoris
1176 1226 1362 1267 generatis&
1383 1227 1480 1260 etiam
1500 1235 1660 1272 perpetuo
1681 1230 1733 1261 ha-

993 1278 1069 1311 bere
1095 1278 1275 1311 decreverit
1308 1285 1339 1312 et
1374 1280 1605 1323 assignaverit,
1635 1288 1733 1325 prout

985 1331 1069 1364 ‘dicti
1095 1331 1222 1365 Ordinis
1247 1333 1282 1365 B.
1310 1333 1424 1367 Mariae
1451 1335 1488 1367 de
1512 1335 1658 1369 Mercede
1675 1335 1734 1368 Re-

994 1385 1189 1428 demptionis
1207 1386 1405 1428 captivorum
1426 1387 1611 1421 huiusmodi
1634 1389 1733 1431 magi-

993 1443 1060 1470 ster
1085 1443 1116 1471 et
1140 1444 1333 1481 procurator
1359 1440 1528 1483 generales
1554 1441 1675 1474 liabent
1692 1442 1731 1474 de

992 1491 1160 1533 praesenti
1176 1502 1182 1523 ·.

1037 1543 1097 1586 34.
1114 1544 1195 1576 Hinc
1213 1545 1357 1588 estquod
1374 1556 1443 1586 nos,
1457 1546 1608 1580 Ordinem
1623 1548 1655 1580 B.
1671 1548 1732 1580 Ma-
1769 1555 1850 1592 Cwqfl
1864 1561 1926 1591 effle-

994 1596 1061 1628 riae
1094 1596 1132 1629 dc
1157 1597 1303 1630 Mercede
1329 1598 1565 1641 redemptionis
1591 1585 1925 1643 caplim-{formtomum-

994 1660 1064 1681 rum
1091 1649 1287 1690 huiusmodi,
1308 1651 1340 1683 in
1362 1662 1426 1694 quo
1452 1651 1533 1685 vitae
1559 1653 1732 1687 sanctimo-

994 1703 1070 1743 nia,
1097 1703 1275 1736 litterarum
1314 1704 1469 1744 scientia,
1495 1711 1527 1738 et
1559 1707 1730 1740 laudabilis

993 1767 1070 1799 erga
1095 1757 1259 1800 proximos
1286 1757 1388 1800 pietas
1406 1769 1537 1802 semper
1555 1760 1732 1792 floruerunt

993 1814 1025 1842 et
1049 1810 1223 1843 florescere
1260 1821 1325 1843 non
1359 1811 1513 1844 desinunt
1538 1812 1571 1844 in
1597 1813 1675 1852 dies,
1695 1823 1730 1846 ae

993 1863 1079 1895 illius
1105 1864 1238 1904 fratres,
1267 1865 1319 1907 qui
1347 1876 1406 1908 per
1430 1866 1587 1898 sollicitas
1618 1877 1731 1899 eorum

993 1922 1144 1949 actuosae
1171 1917 1251 1949 vitae
1278 1922 1385 1960 partes
1413 1918 1467 1950 illa
1494 1918 1523 1950 in
1550 1929 1628 1961 agro
1650 1919 1732 1952 mili-

995 1968 1090 2001 tantis
1115 1968 1275 2001 Ecclesiae
1310 1975 1509 2012 componunt
1534 1970 1729 2003 christianae

994 2021 1159 2054 charitatis
1185 2027 1270 2055 serta
1301 2022 1416 2065 quillus
1443 2022 1589 2055 redimita
1615 2023 1730 2055 trium-

993 2074 1072 2117 pliat
1097 2073 1260 2114 Ecclesia,
1286 2077 1421 2117 paterna
1457 2085 1585 2118 quoque
1619 2077 1729 2108 nostra

992 2127 1220 2160 benevolentia
1242 2134 1490 2170 prosequentes,
1509 2129 1731 2161 attendentes-

994 2191 1055 2223 que
1074 2180 1178 2223 quod⁸
1200 2181 1291 2223 (ticet
1304 2180 1388 2213 Ordo
1407 2181 1441 2213 B.
1462 2181 1578 2215 Mariae
1596 2182 1634 2214 de
1652 2181 1731 2214 Mer-

993 2233 1070 2266 cede
1109 2233 1343 2276 redemptionis
1380 2234 1579 2276 captivorum
1613 2235 1727 2267 huius-

994 2287 1091 2325 modi,
1106 2286 1259 2329 illiusque
1280 2287 1394 2318 fratres
1410 2287 1626 2329 praedieti,ex
1641 2298 1729 2330 prae

969 2346 971 2359 ¹
993 2339 1096 2371 missis
1123 2339 1195 2379 sibi,
1221 2344 1255 2370 ut
1275 2339 1480 2381 praefertur,
1507 2340 1672 2373 concessis
1698 2346 1729 2374 et

993 2391 1138 2427 indultis,
1159 2397 1223 2423 tum
1251 2391 1325 2433 quia
1351 2402 1414 2424 nou
1441 2392 1546 2425 minus
1568 2403 1663 2436 quam
1683 2404 1730 2426 ce-

994 2444 1051 2476 teri
1085 2444 1198 2476 fratres
1228 2443 1447 2477 Mendicantes
1484 2445 1513 2477 in
1552 2447 1729 2479 excolenda

1030 2525 1038 2550 1
1061 2523 1088 2549 ln
1110 2527 1173 2549 tom.
1195 2532 1236 2553 xx,
1259 2532 1283 2558 p.
1305 2525 1337 2551 55
1358 2524 1372 2550 b
1394 2525 1492 2558 legitur
1511 2525 1548 2551 21
1566 2530 1604 2556 (n.
1622 2530 1672 2557 T.).

1027 2567 1043 2592 2
1059 2566 1157 2593 Forsan
1171 2568 1411 2602 procuratoribus
1424 2569 1607 2603 generalibus
1620 2571 1661 2602 (n.
1677 2571 1725 2604 T.).

1027 2610 1042 2637 3
1060 2610 1189 2646 Deinceps
1203 2611 1319 2646 syntaxis
1335 2611 1510 2639 confunditur
1524 2616 1562 2647 (a,
1580 2613 1628 2649 τ.).
