2170 3147
205 216 252 241 An.
271 216 300 241 C.
322 214 388 241 1727

233 911 295 931 Fides
310 911 390 932 haben·

206 938 232 958 ’Μ
245 941 389 965 transumptis.

234 1496 321 1517 Sanctio
340 1501 389 1522 pue·

206 1523 267 1542 ulis.

436 206 499 239 554

404 263 603 297 sufficienter
617 263 779 307 expressis
792 262 964 302 habentes,
982 262 1045 295 illis
1064 261 1143 294 alias

403 317 435 350 in
462 328 520 350 suo
546 317 665 350 robore
691 316 921 359 permansuris,
940 315 1094 348 latissime
1114 319 1145 347 et

402 369 593 413 plenissime
630 380 666 402 ac
702 368 887 412 specialiter
923 374 955 401 et
992 378 1144 411 expresse

402 424 518 456 harum
536 423 640 462 serie,
659 422 719 455 liac
736 422 803 455 vice
823 423 1005 462 dumtaxat,
1032 428 1121 455 motu
1134 450 1142 463 ,

402 475 538 509 scientia
568 481 599 508 et
634 475 803 518 potestatis
830 475 1033 518 plenitudine
1059 475 1144 519 pari-

401 529 461 561 bus
494 528 709 570 derogamus3
737 533 790 560 aut
815 528 841 561 si
867 528 1031 571 aliquibus
1058 539 1144 561 com-

401 581 545 614 muniter
570 587 623 614 aut
648 582 774 615 divisim
801 582 840 614 ab
867 582 979 615 eadem
1004 582 1045 614 sit
1061 581 1143 614 Sede

402 635 562 668 indultum
596 636 683 678 qnod
709 635 877 674 interdici,
904 635 1061 678 suspendi
1094 636 1143 668 vel
1165 639 1168 651 '

403 688 682 722 excommunicari
709 699 773 722 non
795 689 924 732 possint
940 699 1001 731 per
1019 688 1144 721 litteras

404 742 602 785 apostolicas
630 752 694 775 non
722 742 877 775 facientes
895 743 1025 785 plenam
1044 747 1075 774 et
1093 752 1144 774 ex-

401 805 548 839 pressam
585 806 621 828 ac
654 795 693 828 de
729 796 826 828 verbo
860 796 900 828 ad
934 795 1067 828 verbum
1105 795 1167 827 de

402 849 530 882 indulto
557 848 741 882 huiusmodi
764 848 977 882 mentionem.

446 903 461 947 ἓ
486 902 540 936 53.
569 903 726 936 Volumus
741 908 860 943 autem,
888 902 975 946 quod
1001 903 1143 945 ipsarum

400 956 625 1001 praesentium
652 957 876 999 transumptis,
895 957 992 989 etiam
1007 956 1145 999 impres-

402 1011 446 1044 sis
466 1037 473 1051 ,
499 1010 637 1043 alicuius
662 1010 695 1042 in
729 1002 886 1052 dignitate
923 1010 1144 1043 ecclesiastica

402 1064 599 1098 constitutae
625 1073 791 1106 personae
817 1062 924 1105 sigillo
957 1068 989 1095 et
1024 1063 1143 1096 notarii

400 1128 497 1151 manu
515 1117 705 1160 obsignatis,
722 1117 772 1149 vel
791 1117 901 1156 etiarn,
922 1117 1036 1148 saltem
1056 1122 1145 1149 extra

399 1171 524 1204 Italiam
541 1198 549 1211 ,
576 1170 684 1213 sigillo
710 1176 741 1203 et
766 1170 1006 1212 subscriptione
1045 1170 1145 1212 magi-

399 1224 458 1258 stri
484 1224 614 1257 Ordinis
640 1229 694 1257 aut
719 1223 970 1267 provincialium
988 1234 1048 1266 pro
1069 1229 1145 1256 teni-

399 1288 482 1321 pore
508 1278 653 1311 eiusdem
679 1277 808 1310 Ordinis
854 1276 1002 1317 munitis,
1031 1277 1145 1309 eadem

401 1342 537 1376 prorsus
562 1331 641 1364 tides
668 1330 700 1363 in
733 1330 855 1363 iudicio
885 1336 916 1363 et
941 1334 1029 1363 extra
1063 1329 1144 1362 illud

401 1385 615 1424 adhiheatur,
633 1394 715 1427 quae
734 1383 949 1417 adhiberetur
963 1383 1146 1426 praesenti·
1166 1399 1167 1405 κ

400 1439 461 1472 bns
480 1438 506 1471 si
525 1439 634 1471 forent
658 1437 823 1471 exhibitae
845 1438 892 1469 vel
912 1442 1075 1469 ostensaa.

444 1493 459 1536 ᾗ
485 1492 538 1526 54.
566 1491 651 1524 Nulli
670 1502 749 1534 ergo
769 1490 903 1523 omnino
922 1490 1091 1523 hominum
1111 1491 1144 1523 li-

402 1552 472 1580 ceat
492 1546 577 1579 lianc
598 1545 749 1588 paginam
766 1549 897 1577 nostrae
917 1543 1145 1584 absolutionis,

401 1598 659 1643 approbationis,
684 1597 951 1636 confirmationis,
982 1597 1168 1645 extensio-⁴¹

400 1654 472 1692 nis,
499 1651 740 1691 innovationis,
766 1650 1007 1689 concessionis,
1039 1649 1168 1689 extin-,

401 1707 538 1747 ettonis,
565 1705 798 1750 impositionis,
832 1705 973 1745 indulti,
1001 1703 1168 1750 decretu:

402 1759 649 1800 declarationis,
676 1757 936 1797 commissionis,
954 1757 1096 1790 mandati
1114 1763 1146 1789 et

402 1813 625 1856 derogationis
651 1812 846 1854 infringere,
874 1812 923 1843 vel
946 1810 975 1843 ei
997 1821 1076 1843 ausu
1100 1815 1145 1842 te-

402 1867 542 1900 merario
568 1865 754 1905 contraire;
789 1865 816 1897 si
846 1864 918 1908 quis
950 1869 1057 1897 autem
1083 1863 1168 1906 1¹0⁶:

402 1926 562 1954 attentare
588 1919 861 1962 praesumpserit,
887 1917 1143 1960 indignationem

403 1973 638 2016 omnipotentis
663 1972 718 2005 Dei
745 1982 781 2004 ac
805 1971 976 2004 beatorum
1003 1970 1087 2004 Petri
1114 1976 1146 2003 et

403 2028 491 2060 Pauli
510 2027 732 2070 apostolorum
750 2025 818 2058 eius
837 2035 870 2058 se
889 2024 1017 2058 noverit
1039 2024 1145 2058 incur-

403 2091 526 2113 surum.

447 2134 560 2166 Datum
586 2132 703 2172 Setiae,
722 2143 806 2165 anno
832 2131 1070 2164 Incarnationis
1090 2130 1146 2163 do-

402 2187 541 2220 minicae
567 2196 760 2226 moccxxvn,
787 2196 829 2219 vn
856 2185 1011 2218 kalendas
1036 2184 1141 2223 iunii,

403 2240 612 2283 pontificatus
638 2239 738 2272 nostri
765 2249 850 2271 anno
872 2248 920 2272 111.

438 2300 498 2327 Dat.
516 2301 561 2327 die
581 2301 615 2328 Ξῖ)
635 2301 697 2328 maii
722 2301 804 2335 1727,
825 2300 924 2336 pontis.
947 2308 1019 2327 anno
1035 2306 1074 2327 nt.

680 2460 860 2494 CLXXVIII.

404 2549 569 2584 Statuitur
585 2553 620 2580 u!
633 2549 810 2592 priviquia
829 2549 1144 2593 car-provincialium,

445 2606 723 2647 praesentaturum
745 2630 751 2642 ‚
775 2604 1064 2646 praedicatorum,
1098 2603 1146 2636 vel

986 213 1167 237 BULLARIUM
1193 212 1349 236 ROMANUM

1232 260 1512 293 eat-assistentium
1528 260 1732 304 generalium
1754 260 1786 293 in
1801 260 1934 304 provin·

1216 315 1284 347 *citi
1309 314 1541 358 Portuyallz'ae
1566 315 1778 348 eremitarum
1802 314 1836 348 S.
1862 314 1932 348 Au-

1231 368 1380 411 qustini,
1409 368 1504 401 iuxta
1530 367 1666 402 Ordinis
1691 368 1846 401 instituta
1878 368 1931 401 de-

1233 422 1341 465 inceps
1365 421 1579 454 concedantur
1599 420 1619 454 ¹.

1365 510 1551 538 Benedictus
1573 511 1653 544 Papa
1674 511 1755 543 XIII,

1328 556 1365 583 ad
1386 556 1520 582 futuram
1539 556 1584 582 rei
1605 555 1789 582 memoriam.

1232 639 1247 680 ὲ
1286 637 1318 669 1.
1346 635 1471 679 Exponi
1509 635 1603 668 nobis
1639 645 1746 678 nuper
1784 635 2128 672 fecerunticxposniotacu.

1188 690 1298 723 dilecti
1325 688 1381 721 tilii
1407 688 1497 731 prior
1522 687 1732 731 provincialis
1757 694 1790 721 et
1815 688 1929 722 delini-

1190 749 1275 775 tores
1300 741 1520 784 Portugalliae
1545 740 1674 773 Ordinis
1700 741 1834 774 fratrum
1862 752 1928 775 ere-

1189 796 1338 828 mitarum
1364 795 1467 827 saneti
1498 794 1695 837 Augustini,
1725 794 1831 838 quod,
1858 805 1931 828 cum

1189 848 1357 882 nonnullis
1398 848 1436 881 ab
1469 847 1547 880 hinc
1580 847 1673 881 annis
1711 853 1757 881 tot
1788 848 1933 881 eiusdem

1189 902 1378 945 provinciae
1398 902 1512 935 fratres
1528 901 1698 945 privilegia
1712 901 1867 945 priorum,
1883 912 1934 934 ex·
1964 933 1966 936 ,

1190 956 1452 1000 provincialium,
1479 960 1765 999 praesentatorum
1792 960 1824 988 et
1844 965 1934 998 prae-

1189 1011 1371 1043 dicatorum
1397 1009 1603 1051 generalium
1630 1019 1701 1042 cum
1727 1014 1801 1042 voto
1826 1008 1858 1041 in
1884 1019 1935 1042 ca-

1190 1063 1301 1106 pitulis
1318 1062 1412 1096 libri²
1429 1063 1468 1095 ab
1488 1063 1548 1095 hac
1561 1062 1678 1095 Sancta
1691 1061 1775 1095 Sede
1794 1061 1931 1095 concedi

1190 1117 1404 1156 obtinuerint,
1429 1122 1464 1149 nt
1490 1116 1728 1159 quinquaginta
1747 1125 1861 1148 novem
1879 1126 1934 1149 vo-

1190 1173 1275 1204 cales
1302 1180 1400 1213 supra
1418 1179 1591 1202 numerum
1610 1167 1690 1201 inibi
1709 1167 1748 1201 de
1764 1168 1932 1212 praesenti

1189 1224 1419 1267 reperiantur,
1447 1223 1501 1265 qui
1526 1232 1708 1261 numerus,
1736 1220 1849 1254 habita
1885 1230 1949 1254 ra-·

1191 1277 1278 1310 tione
1304 1276 1343 1309 ad
1371 1275 1525 1308 familiam
1550 1275 1698 1308 eiusdem
1725 1273 1932 1318 provinciae,

1190 1330 1372 1364 excessivus
1407 1340 1442 1362 ac
1475 1327 1609 1361 nimium
1637 1337 1798 1360 onerosus
1817 1327 1932 1370 digno-

1189 1384 1314 1424 scitur,
1340 1384 1451 1426 plures
1476 1392 1552 1415 vero
1578 1381 1634 1415 alii
1669 1381 1785 1413 fratres
1824 1380 1931 1414 dictae

1189 1437 1376 1480 provinciae
1402 1435 1537 1476 similia,
1564 1446 1599 1468 ac
1624 1435 1719 1468 etiam
1741 1434 1934 1467 exussisten-

1191 1491 1270 1524 tiuin
1311 1489 1512 1533 generalium
1555 1489 1751 1532 privilegia,
1788 1488 1932 1532 aliasque

1190 1544 1416 1587 exemptiones
1442 1544 1481 1575 ab
1507 1542 1624 1576 eadem
1649 1542 1732 1575 Sede
1758 1541 1932 1585 impetrare

1190 1599 1345 1638 nitantur,
1361 1608 1443 1640 quae
1458 1597 1484 1629 si
1500 1597 1767 1635 concederentur,
1787 1595 1818 1628 in
1838 1606 1933 1638 grave

1191 1652 1335 1685 eiusdem
1363 1649 1551 1693 provinciae
1578 1649 1731 1682 damnum
1768 1660 1805 1682 ac
1829 1649 1933 1681 cultus

1190 1704 1288 1737 divini
1315 1704 1548 1737 detrimentum
1564 1703 1730 1741 cederent,
1748 1703 1933 1744 multasque

1190 1758 1339 1800 capitulis
1354 1756 1608 1800 provincialibus
1625 1756 1730 1788 dictae
1747 1755 1932 1799 provinciae

1192 1811 1321 1851 turbas,
1347 1810 1481 1843 dissidia
1506 1815 1602 1851 atque
1631 1808 1803 1852 dispendia
1828 1808 1932 1841 adfer-

1191 1869 1284 1903 rent;
1312 1869 1344 1896 et
1369 1863 1446 1906 quia
1471 1873 1530 1906 per
1555 1862 1758 1895 emendicata
1789 1862 1827 1894 ab
1860 1861 1932 1895 aliis

1190 1917 1377 1962 provinciae
1403 1917 1569 1960 praefatae
1587 1915 1750 1958 religiosis
1769 1914 1831 1948 sibi
1848 1916 1933 1948 bene

1191 1971 1311 2004 atl'ectis
1336 1976 1368 2004 et
1393 1970 1530 2003 addictis
1557 1969 1757 2009 testimonia,
1784 1979 1866 2012 quae
1888 1969 1934 2002 in-

1191 2025 1320 2057 terdum
1351 2035 1368 2056 a
1398 2023 1535 2056 veritate
1571 2022 1724 2062 deviant,
1763 2022 1934 2065 procurari

1166 2103 1168 2113 1
1190 2079 1308 2117 solent,
1331 2078 1447 2110 fratres
1472 2077 1653 2109 immeritos
1680 2076 1730 2108 liis
1751 2075 1933 2119 privilegiis

1191 2131 1305 2165 donari
1331 2130 1498 2164 multoties
1525 2129 1717 2172 confingat:
1744 2129 1805 2173 ipsi
1835 2138 1934 2172 expo-

1191 2190 1325 2224 nentes,
1350 2195 1400 2222 ne,
1420 2194 1496 2227 prae
1522 2183 1730 2216 multitudine
1755 2182 1934 2225 gratiarum

1166 2274 1168 2281 Ι
1191 2243 1224 2270 et
1249 2238 1495 2281 exemptionum
1530 2236 1736 2275 huiusmodi,
1761 2241 1877 2268 statuta
1902 2239 1935 2268 et

1229 2345 1235 2370 l
1261 2343 1320 2370 Atia
1341 2342 1419 2369 imius
1441 2342 1577 2369 Pontitlcis
1597 2345 1683 2369 const.
1705 2343 1749 2369 ed.
1770 2349 1934 2376 moccxxvtu,

1167 2405 1168 2409 =
1190 2389 1233 2416 die
1255 2390 1266 2415 1
1289 2388 1413 2417 ianuarii,
1426 2387 1520 2423 pontis>
1539 2395 1575 2419 1v,
1593 2388 1792 2414 confirmantur
1807 2387 1935 2414 universa

1189 2433 1330 2469 privilegia
1350 2433 1438 2459 eidem
1458 2432 1550 2458 Ordini
1571 2432 1637 2459 alias
1657 2440 1788 2459 concessa
1804 2454 1810 2464 ,
1833 2436 1858 2458 et
1888 2432 1934 2458 ln⁶

1191 2477 1307 2504 nocentii
1329 2476 1384 2504 xlll
1415 2481 1501 2503 const.
1523 2476 1566 2503 ed.
1589 2482 1747 2508 moccxxrn,
1768 2477 1812 2502 die
1838 2477 1872 2502 ⁴20
1894 2483 1934 2502 se-

1189 2522 1320 2558 ptembris
1336 2543 1342 2555 ‚
1374 2521 1470 2556 pontif.
1501 2527 1548 2553 ιιι,
1589 2521 1728 2548 moderata
1756 2520 1806 2547 suit
1846 2524 1932 2547 const.

1190 2567 1336 2594 Clementis
1350 2566 1380 2592 xt
1394 2568 1427 2592 de
1449 2571 1508 2592 voto
1525 2567 1637 2592 fratrum
1654 2565 1933 2599 consanguineorum.

1224 2612 1241 2638 ἱ).
1261 2612 1362 2637 Forsan
1382 2611 1436 2637 sibi
1455 2617 1494 2643 tu.
1510 2611 1558 2643 T.).

1941 213 1990 239 An.
2012 212 2039 240 C.
2057 213 2123 243 ¹727
