2170 3147
232 164 279 188 An,
304 165 332 190 ‹:,
354 163 421 189 1735·
471 154 533 186 712

426 212 601 255 liquiarum
627 212 658 244 S.
688 210 857 254 Augustini
883 210 1069 242 unanimem
1100 219 1172 242 sen-

428 265 562 297 tentiam
582 264 691 297 tulisse
712 267 952 299 memorantur,
973 262 1043 305 ipse
1062 272 1171 294 coram

427 317 552 350 dilectis
583 316 656 349 filiis
686 315 796 358 priore
823 315 966 357 generali
994 315 1090 348 totins
1116 314 1172 347 Or-

427 369 512 402 dinis
538 369 670 401 fratrum
703 367 912 400 eremitarum
941 368 972 400 S.
1002 367 1170 409 Augustini

426 427 458 454 ct
483 421 674 464 praeposito
705 420 940 453 canonicorum
970 420 1170 462 regularium

426 473 700 517 Congregationis
720 473 960 511 Lateranensis,
977 479 1074 517 atque
1092 474 1173 506 alio-

427 528 510 560 rium
547 526 766 569 complurium
797 525 853 568 qui
879 525 957 559 illuc
982 536 1169 568 supremum

428 581 489 613 hac
515 580 555 612 de
581 589 615 612 re
641 579 827 622 episcopale
853 578 1007 611 iudicium
1030 579 1170 612 audituri

427 637 659 672 convenerant,
687 636 759 674 post
785 632 902 665 missae
920 631 1112 664 sacrificium
1132 633 1171 665 de

426 685 547 729 Spiritu
565 684 683 718 Sancto
703 685 920 725 celebratum,
946 686 1051 718 solum
1069 685 1171 718 Deum

426 737 574 772 veritatis
599 748 676 781 prae
695 737 798 770 oculis
817 737 954 777 habens,
976 738 1038 771 hoc
1055 739 1171 771 eodem

427 801 513 824 anno
539 799 738 831 Mnccxxvm,
767 790 945 823 indictione
970 791 1170 831 vi,feriav1,

427 845 479 878 die
497 853 548 877 xvi
566 844 688 877 mensis
714 843 807 883 iunii,
836 843 918 876 hora
944 844 1120 884 tertiarum,
1139 844 1171 877 in

427 896 598 940 episcopio
625 906 684 939 pro
711 895 865 929 tribunali
886 896 1018 936 sedens,
1036 896 1100 929 hoc
1117 897 1172 930 de-

427 956 551 983 cretum
589 959 662 982 cum
699 949 798 992 plena
834 957 947 981 causae
984 949 1171 991 cognitione

426 1002 675 1046 pronunciavit:

245 1066 415 1098 Decianum-i·
471 1056 594 1090 Clio-isti
609 1055 739 1089 nomine
759 1055 907 1098 repetito,
925 1065 983 1098 per
1004 1055 1089 1087 lianc
1113 1065 1169 1087 no-

231 1100 266 1152 {3⁰⁵⁰
270 1101 300 1140 '21¹0
319 1095 529 1150 {lfssfissstroem
553 1108 756 1150 definitivmn
789 1109 984 1140 sententiam
1016 1107 1170 1147 dicimus,

231 1149 254 1168 δ’
271 1148 387 1172 ⁸⁰⁸¹¹³¹¹⁰⁸'
422 1163 682 1207 pronunciamus
706 1166 734 1194 el
755 1161 975 1201 declaramus,
999 1162 1080 1193 salis
1103 1172 1172 1193 con—

424 1221 511 1249 stare
546 1226 661 1260 corpus
703 1216 873 1247 inventum
909 1215 945 1247 in
976 1214 1172 1257 confessione

427 1269 540 1313 templi
559 1269 593 1302 S.
617 1268 704 1301 Petri
725 1268 761 1300 iu
781 1267 856 1300 coelo
876 1278 975 1300 aureo
1004 1268 1104 1300 liuius
1128 1267 1171 1299 ci-

425 1323 538 1355 vitatis
563 1322 615 1355 (lie
639 1322 654 1354 1
684 1321 822 1354 octobris
858 1321 942 1353 nizizi
972 1330 1118 1360 MDcxcv,
1143 1324 1171 1353 et

426 1386 531 1420 nuper
554 1385 613 1419 per
629 1385 687 1407 nos
707 1373 911 1417 recoquitum
931 1383 968 1406 ac
988 1373 1098 1417 sigillo
1118 1383 1172 1405 no-

425 1434 492 1462 stro
509 1429 692 1469 nmmitum,
709 1438 774 1461 esse
798 1438 911 1471 corpus
937 1427 969 1461 S.
987 1427 1173 1470 Auqustim·

426 1482 577 1517 Ecclesia>
600 1481 755 1522 doctoris,
783 1481 914 1524 ideoque
936 1490 996 1524 pro
1023 1480 1085 1513 tali
1109 1490 1173 1512 esse

427 1534 614 1577 colendum,
639 1539 667 1567 6ι
690 1533 829 1578 publicce
859 1533 1010 1575 fidelz'mn
1041 1544 1173 1567 venera-

429 1589 512 1622 tioni
530 1587 766 1632 exponendum.

471 1642 505 1675 D.
531 1642 727 1675 quciscus
747 1641 913 1684 episcopus
931 1640 1118 1683 Papz'cnsz's.

242 1704 417 1750 S¹¹¹¹³{¹¹E¹J4¹'··
473 1696 488 1739 ἓ
512 1695 544 1728 4.
572 1694 696 1727 Nuncio
731 1699 794 1726 tarn
830 1693 951 1732 sancti,
979 1699 1041 1726 tam
1067 1693 1173 1735 gravis

234 1733 280 1776 :⁴¹33
296 1738 310 1792 L,
351 1737 418 1794 '‘Ji-1¹¹3}
429 1755 462 1782 et
483 1747 601 1781 maturi
623 1746 734 1780 iudicii
753 1746 949 1790 episcopalis
966 1746 1004 1779 ad
1022 1756 1081 1778 nos
1100 1756 1173 1788 per-

234 1784 512 1861 }3',²Jgg¹l'¹¹⁵¹⁴'lks'igl¹¹s·1³10,
537 1811 615 1845 prae
641 1799 759 1842 gaudio
786 1799 906 1832 exsiliit
932 1809 987 1832 cor
1007 1804 1174 1838 nostrum,

431 1855 624 1898 summaque
656 1853 780 1886 laetitia
812 1851 933 1895 perfusi
965 1851 1082 1894 gratias
1109 1851 1173 1884 Deo

431 1909 570 1951 egimus,
595 1907 680 1951 quod
714 1917 808 1940 suam
839 1906 976 1949 gloriam
998 1905 1031 1938 in
1057 1905 1086 1938 S.
1116 1906 1174 1937 Au-

429 1961 551 2004 gustini
579 1959 700 1993 exuviis
734 1960 893 1993 canonice
925 1958 1096 1991 vindicatis
1121 1969 1174 1990 au-

430 2024 507 2057 gere
532 2013 686 2054 volucrit,
712 2023 824 2056 quem,
852 2013 894 2046 ob
920 2011 1173 2045 sanctimoniam

429 2074 527 2112 atque
553 2068 782 2101 intemeratam
816 2066 983 2100 doctrinae
1010 2066 1174 2099 excellen-

430 2121 522 2161 tiam,
552 2126 587 2154 ut
619 2119 891 2163 fulgentissimum
922 2119 1086 2152 Ecclesiae
1124 2120 1174 2152 lu-

428 2184 502 2207 men
528 2173 753 2213 Innocentius,
779 2173 939 2213 Zosimus,
967 2172 1170 2212 Bonifacius,

429 2226 643 2266 Caelestinus,
658 2225 814 2266 Gelasius,
833 2225 1031 2264 Hormisdas‚
1051 2224 1172 2267 aliique

430 2279 618 2312 decessores
643 2279 743 2312 nostri
762 2279 896 2311 Romani
918 2277 1090 2311 Pontifices
1107 2288 1174 2310 ma-

430 2342 494 2374 gno
511 2341 639 2374 semper
663 2332 696 2363 in
723 2331 849 2364 honore
875 2331 1080 2371 habuerunt,
1101 2341 1174 2364 nos-

431 2395 492 2427 que
528 2384 588 2427 ipsi
618 2389 653 2416 ut
677 2390 845 2427 parentem
874 2394 977 2427 aeque
1009 2395 1045 2417 ac
1077 2384 1174 2427 magi-

431 2442 534 2469 strum
559 2446 759 2476 veneramur,
778 2442 889 2480 utpote
908 2437 1001 2469 cuius
1026 2438 1172 2479 regulam

433 2493 465 2521 et
491 2487 670 2520 doctrinam
703 2488 735 2520 in
768 2494 881 2522 nostro
907 2489 1172 2522 Praedicatorum

432 2541 551 2574 Ordine
588 2552 604 2573 a
640 2541 754 2584 primis
795 2542 1039 2575 adolescentiae
1081 2542 1174 2575 annis

1020 161 1196 184 ltt'liliAflll'M
1226 161 1378 184 ROMANI'M

1971 165 2006 188 Au
2037 164 2062 189 C.
2088 164 2152 193 1728

1217 209 1354 252 professi
1380 220 1499 250 sumus,
1526 215 1556 243 et
1582 211 1709 243 favente
1738 211 1803 244 Deo
1829 209 1961 254 profite-

1216 274 1299 296 mur.
1327 263 1366 296 Ut
1391 268 1496 296 autem
1518 269 1662 297 nostrum
1689 264 1776 297 iuxta
1803 275 1838 298 ac
1861 264 1959 298 totius

1217 316 1381 349 Ecclesiae
1400 316 1554 358 gaudium
1574 317 1695 359 ubique
1714 316 1961 357 diffunderetur,

1217 380 1275 412 per
1299 369 1425 402 litteras
1459 375 1587 402 nostras
1622 369 1781 402 universis
1813 369 1962 402 christifi-

1218 421 1344 455 delibus
1371 421 1542 464 inscriptas
1569 422 1620 454 die
1647 431 1676 455 iv
1703 422 1838 464 augusti,
1861 421 1961 455 omni·

1217 475 1276 508 bus
1310 480 1342 508 et
1373 475 1510 517 singulis
1548 475 1718 517 utriusque
1755 484 1850 507 sexus
1889 484 1962 507 vere

1217 527 1464 571 poenitentibus
1490 533 1520 560 et
1546 527 1714 565 confessis,
1737 526 1793 569 qui
1818 526 1959 569 aliquam

1218 590 1255 613 ex
1291 580 1441 613 ecclesiis
1475 585 1537 612 tam
1571 580 1703 611 fratrum
1740 589 1834 621 quam
1868 589 1960 612 soro-

1217 644 1287 665 rum
1320 632 1449 665 Ordinis
1487 632 1693 665 eremitarum
1726 631 1757 664 S.
1786 631 1959 673 Augustini

1217 687 1414 729 ubicumque
1441 685 1669 724 exsistentem,
1695 685 1746 718 die
1779 695 1839 728 per
1871 684 1960 718 Ordi-

1217 739 1326 772 narios
1350 739 1498 771 locorum
1525 738 1738 780 designando,
1757 737 1959 780 visitassent,

1217 797 1313 835 atque
1338 791 1381 824 ibi
1408 801 1470 834 pro
1495 791 1749 824 christianorum
1771 790 1960 834 principum

1216 845 1413 884 concordia,
1449 844 1622 877 haeresum
1657 843 1899 886 extirpatione,
1924 854 1961 877 ac

1217 903 1350 931 sanctae
1364 897 1473 930 matris
1487 897 1652 930 Ecclesiae
1672 896 1868 929 exaltatione
1888 896 1959 939 pias

1217 950 1256 984 ad
1283 951 1381 983 Deum
1407 961 1523 993 preces
1551 949 1754 990 effudissent,
1775 949 1960 992 plenariam

1217 1003 1362 1036 omnium
1381 1009 1587 1046 peccatorum
1606 1002 1844 1044 indulgentiam
1863 1006 1897 1035 et
1913 1012 1961 1035 re-

1217 1056 1404 1089 missionem
1438 1054 1673 1094 concessimus3
1708 1054 1827 1097 dieque
1852 1053 1960 1087 subse-

1217 1108 1327 1151 quenti
1365 1108 1443 1140 alias
1481 1107 1605 1140 litteras
1644 1107 1794 1140 dedimus
1825 1106 1863 1139 ad
1896 1106 1961 1149 epi·

1216 1171 1350 1204 scopum
1374 1160 1597 1200 Ticinensem,
1623 1160 1724 1203 ipsius
1750 1159 1903 1203 pietatem
1929 1165 1962 1192 et

1216 1213 1313 1246 fidem
1350 1213 1542 1253 laudantes,
1579 1213 1666 1256 quod
1700 1222 1828 1245 omnem
1866 1211 1960 1244 dubi—

1217 1266 1348 1299 tationis
1386 1266 1540 1298 nebulam
1570 1265 1609 1298 de
1645 1264 1778 1298 veritate
1814 1265 1961 1307 corporis

1216 1320 1246 1353 S.
1272 1319 1443 1362 Augustini
1470 1324 1533 1351 tam
1559 1323 1706 1351 accurato
1732 1317 1880 1351 examine
1902 1317 1960 1350 dis·

1216 1373 1324 1417 sipare
1342 1372 1538 1414 studuisset3
1554 1372 1701 1405 districte
1720 1370 1961 1412 interdicentes,

1217 1427 1277 1459 sub
1296 1427 1401 1470 poena
1420 1424 1767 1458 excommunicationis
1791 1425 1875 1458 latae
1892 1435 1962 1458 sen-

1219 1480 1350 1519 tentiae,
1376 1489 1416 1512 ne
1442 1479 1515 1522 quis
1542 1479 1682 1519 auferre,
1707 1483 1874 1522 asportare
1907 1484 1963 1512 aut

1217 1533 1399 1567 distrahere
1433 1532 1613 1576 quamlibet
1648 1531 1856 1564 sacratissimi
1891 1532 1960 1565 eius

1217 1585 1359 1629 depositi
1400 1585 1591 1629 particulam
1628 1584 1778 1617 auderet.
1816 1584 1961 1619 Subinde

1217 1640 1248 1671 in
1275 1639 1328 1672 die
1354 1639 1437 1671 sesto
1463 1637 1609 1671 eiusdem
1633 1637 1799 1670 Ecclesiae
1817 1637 1960 1671 doctoris

1217 1702 1314 1726 xxvnl
1352 1691 1477 1734 augusti
1510 1691 1549 1724 ad
1580 1691 1726 1724 eiusdem
1765 1690 1893 1724 titulum
1929 1697 1963 1725 et

1217 1745 1413 1778 coenobium
1442 1744 1572 1777 fratrum
1590 1744 1803 1776 Eremitarum
1823 1754 1882 1778 nos
1900 1745 1962 1788 ipsi

1218 1797 1421 1836 accedentes,
1448 1797 1480 1829 in
1506 1796 1592 1829 illius
1618 1796 1779 1829 honorem
1798 1807 1958 1830 sacrosan-

1218 1856 1305 1884 ctum
1331 1850 1447 1883 missae
1468 1849 1666 1883 sacrificium
1691 1850 1754 1882 ritu
1780 1850 1961 1893 pontificali

1217 1904 1466 1944 celebravimus,
1493 1904 1726 1937 adsistentibus
1744 1904 1840 1937 nobis
1866 1915 1963 1938 vene-

1218 1957 1375 1990 rabilibus
1402 1957 1556 1990 fratribus
1582 1957 1700 1990 nostris
1724 1957 1756 1990 S.
1784 1957 1821 1990 R.
1844 1957 1878 1990 E.
1899 1967 1963 1991 car-

1218 2010 1395 2051 dinalibus,
1422 2010 1631 2053 patriarchis,
1656 2011 1916 2054 archiepiscopis
1932 2017 1964 2045 et

1219 2070 1251 2097 et
1275 2064 1453 2108 episcopis,
1481 2070 1604 2108 etpost
1625 2070 1756 2108 peraeta
1776 2064 1883 2098 divina
1898 2075 1963 2109 my-

1219 2117 1327 2158 steria,
1342 2117 1374 2150 in
1392 2117 1570 2160 gratiarum
1588 2117 1753 2150 actionem
1771 2128 1832 2161 pro
1850 2123 1963 2151 sancto

1219 2171 1286 2204 eius
1313 2181 1451 2214 corpore
1469 2171 1635 2204 luculente
1653 2176 1684 2204 et
1701 2171 1859 2205 canonice
1877 2181 1964 2205 com-

1218 2224 1357 2267 probato
1377 2224 1533 2267 hymnum
1558 2223 1599 2256 Te
1624 2224 1741 2264 Deum,
1761 2223 1962 2257 christianae

1218 2277 1363 2310 laetitiae
1383 2276 1620 2320 praenuncium
1643 2276 1782 2310 solemni
1801 2286 1964 2310 caeremo-

1218 2330 1273 2363 nia
1287 2330 1529 2373 praecinentes,
1540 2329 1572 2362 in
1587 2329 1679 2362 trinis
1693 2329 1845 2363 Personis
1861 2339 1963 2362 unum

1219 2383 1319 2416 Deum
1345 2383 1613 2416 collaudavimus.

1263 2437 1277 2479 ἓ
1303 2436 1334 2469 5.
1361 2436 1407 2469 Ne
1433 2446 1507 2469 vero
1533 2447 1569 2469 ex
1597 2435 1770 2478 pastoralis
1791 2435 1888 2468 officii
1908 2435 1963 2469 de·
1995 2453 2095 2476 fficium
2109 2452 2150 2480 091.

1219 2490 1286 2522 bito
1314 2500 1390 2531 erga
1415 2494 1598 2522 sanctarum
1625 2489 1796 2532 Augustini
1815 2480 2150 2534 i'eliquia·{,{,‘‡¹3³'}f¹2‡251

1219 2553 1290 2575 rum
1317 2543 1598 2576 conservationem
1626 2547 1657 2575 et
1681 2541 1927 2575 venerationem
1945 2533 2049 2574 a⁵¹³¹¹¹³
2068 2532 2148 2556 ⁵⁰¹¹³¹²¹⁰
