2170 3147
18 215 67 240 Αιι.
83 212 113 240 C.
135 211 205 240 1725

791 214 985 239 BENEDICTUS
1012 215 1069 238 xut
1094 215 1142 238 Pt‘.

211 271 271 300 sas,
286 261 504 304 approbamus
529 267 560 294 et
584 261 823 301 confirmamus,
848 267 946 305 atque

1621 202 1679 236 291

1034 263 1049 306 g
1070 262 1123 295 tt.
1141 263 1371 303 Deeernentes,
1390 262 1448 294 has
1467 266 1594 293 nostras
1608 260 1730 292 litteras

211 313 250 346 de
268 324 350 346 novo
369 314 577 347 concedimus
595 321 621 345 et
643 314 797 356 largimur
814 326 820 354 ;
840 315 947 357 singu·
992 317 1186 357 apostolicas
1211 325 1337 358 semper
1363 320 1395 347 et
1420 319 1578 357 perpetuo
1611 313 1731 345 validas

210 366 297 398 latim
317 377 393 399 vero
415 367 485 399 illas
504 377 585 410 qnae
605 368 759 409 leguntur
777 367 807 398 iu
830 366 946 399 litteris

211 418 312 451 felicis
338 419 511 452 memoriae
541 425 784 452 antecessorum
823 425 947 451 nostro-

210 482 279 504 rum
311 472 487 505 Clementis
524 472 628 516 Papae
661 473 684 503 V
716 472 947 515 incipientibus

212 525 287 559 Cum
312 525 542 558 illuminatum
567 526 630 565 sit,
651 531 726 563 ele,
755 525 812 557 sub
839 526 945 558 datum

211 587 266 610 vut
292 578 367 611 maii
392 588 512 617 mcccv,
540 585 572 612 et
596 579 667 611 aliis
691 578 769 611 Sixti
791 578 894 621 Papae
912 577 947 609 lV

210 631 444 674 incipientibus
487 632 581 665 Sacri
624 631 888 664 Praedicatorum.
919 635 947 663 et

210 683 377 716 Miuorum
397 684 541 726 fratrum
556 683 703 723 Ordines,
726 688 790 721 etc.¹
809 683 868 715 sub
894 683 948 716 da-

211 741 276 768 tum
303 737 450 770 kalendis
473 737 597 780 augusti
623 746 796 776 meotxxtx,
819 736 851 768 in
877 735 947 768 aliis

209 789 325 822 Leonis
353 789 377 821 X
402 789 632 833 incipientibus
649 789 792 822 Dubiam
813 799 871 833 per
891 799 948 821 nos

209 847 355 886 accepto,
381 847 449 881 elta,
471 843 545 875 sub
582 843 689 875 datum
726 853 743 875 x
769 841 947 875 decembris

210 904 328 934 Μυκη,
356 901 450 938 atquc
476 896 546 928 aliis
572 895 748 928 Clementis
769 895 836 927 ΥΠ*
872 895 947 927 inci-

210 948 374 992 pientibus
398 948 450 982 Aa
474 949 584 981 uberes
604 975 610 986 ‚
642 953 724 987 eea,
752 949 811 980 sub
840 948 947 980 datum

209 1011 340 1040 MDXXVI,
357 1001 438 1034 sicut
457 1007 485 1034 et
505 1001 575 1035 aliis
594 1001 681 1034 Pauli
701 1001 804 1044 Papae
819 1000 855 1033 lII
875 1001 949 1033 inci-

210 1054 375 1097 pientibus
393 1054 579 1098 pariterAd
599 1055 710 1087 uberes
722 1055 861 1097 fricatus,
877 1058 946 1093 etc„

210 1107 270 1140 sub
295 1109 405 1141 datum
436 1119 493 1142 vui
530 1108 712 1141 novembris
744 1106 948 1142 uncexxxtv²

210 1161 281 1194 aliis
316 1161 412 1194 etiam
445 1161 618 1194 Clementis
644 1161 748 1204 Papae
775 1161 836 1193 Ytll
862 1161 944 1193 inei-

209 1213 373 1257 pientibus
397 1214 493 1247 Ratio
517 1214 693 1257 pastoralis
718 1214 826 1256 officii.
845 1241 852 1255 ,
878 1218 946 1253 ele„

210 1266 269 1299 sub
294 1267 403 1299 datum
428 1277 467 1300 xx
492 1267 673 1300 decembris
691 1277 833 1307 unxevu,
852 1272 948 1310 atque

211 1320 282 1354 aliis
318 1320 406 1353 Pauli
432 1320 537 1363 Papae
563 1320 583 1352 V
610 1320 842 1363 incipientibus
868 1321 947 1353 Cum

211 1380 321 1416 certas,
340 1380 412 1414 elc.,
439 1375 497 1408 sub
523 1376 631 1408 datum
650 1386 678 1408 xt
699 1375 803 1408 martii
821 1386 947 1416 mecvm

212 1438 265 1461 eas
291 1433 474 1471 praeterea,
503 1439 585 1471 quae
610 1428 680 1461 aliis
698 1428 948 1471 quamplurimis

211 1482 427 1522 continentur,
454 1487 487 1514 ut
511 1482 691 1515 Innocentii
719 1482 824 1525 Papae
850 1482 889 1514 xl
906 1482 949 1514 in·

211 1535 408 1579 oipientibus
435 1535 622 1576 Unimmis,
650 1539 722 1575 etc„
754 1536 813 1568 sub
841 1535 948 1568 datum

212 1598 270 1621 xxx
295 1589 491 1632 septembris
516 1598 699 1628 unetxxn,
732 1594 763 1621 et
790 1588 950 1621 Ecclesiae

211 1641 403 1682 catholicae,
429 1646 505 1682 etc.‚
532 1651 628 1675 xxvtu
653 1641 732 1674 iunii
758 1651 949 1681 unetxxxvt,

211 1699 308 1737 atque
333 1695 431 1727 etiam
459 1694 588 1738 Eoeponi
612 1694 725 1734 nobis,
753 1699 834 1734 eta,
860 1706 877 1728 v
902 1706 950 1727 se-

212 1747 392 1790 ptembris,
428 1753 459 1780 et
486 1747 582 1781 Alias
606 1747 793 1788 emanavit,
822 1752 877 1780 elc.
900 1774 906 1788 ‚
933 1759 950 1781 x

211 1799 352 1833 octobris
377 1800 522 1833 eiusdem
548 1800 643 1840 anni,
669 1811 796 1833 necnon
820 1801 951 1845 Expom'

211 1852 313 1893 nobis,
333 1858 403 1892 ete¹¹
428 1864 466 1886 xv
492 1853 567 1886 maii
593 1854 827 1893 Mnctxxxviffl,
855 1854 949 1887 sicuti

212 1911 244 1938 et
268 1906 339 1939 aliis
364 1906 545 1940 Innocentii
572 1906 677 1949 Papae
703 1906 755 1940 XII
793 1906 951 1950 incipien-

212 1959 296 1992 tibus
320 1958 374 1993 Ad
398 1970 456 2000 ea,
485 1963 565 1999 e!c.‚
591 1960 650 1992 sub
676 1960 784 1993 datum
809 1970 880 1993 xxiv
898 1960 951 1993 de-

211 2012 351 2045 cembris
376 2022 519 2054 nomen,
544 2013 584 2047 Ει
608 2012 766 2053 debitum,
794 2018 863 2053 elo.y
890 2014 950 2046 sub

212 2065 321 2098 datum
345 2076 395 2099 xix
419 2065 493 2098 maii
524 2060 686 2106 stockem,
724 2076 853 2099 necnon
884 2065 952 2099 Sua

211 2117 314 2158 nobis,
324 2122 393 2159 etc„
404 2129 464 2152 xvu
475 2119 628 2152 kalendas
641 2119 775 2152 ianuarii
787 2128 950 2159 unexcvtt,

212 2169 304 2203 sicuti
329 2170 379 2204 Ex
403 2170 507 2204 debito
530 2171 724 2214 pastoralis,
760 2175 828 2211 ele„
855 2182 952 2215 quae-

213 2233 275 2266 que
286 2223 356 2256 aliis
367 2223 504 2256 aliorum
521 2224 740 2257 Romanorum
758 2224 951 2258 Pontificum

211 2276 501 2320 praedecessorum
518 2282 704 2310 nostrorum
724 2277 838 2310 litteris
861 2278 893 2310 in
913 2279 953 2311 sa—

212 2338 320 2362 vorem
345 2328 423 2362 dieti
449 2328 576 2363 Ordinis
602 2327 761 2373 expeditis
786 2330 953 2363 continen-

214 2386 274 2423 tur,
300 2382 491 2416 auctoritate
518 2387 549 2415 et
567 2387 679 2416 tenore
698 2382 885 2426 praemissis
906 2394 953 2418 re-

213 2446 368 2470 novamus
393 2441 425 2470 et
445 2436 684 2470 confirmamus.

252 2518 261 2543 t
284 2515 351 2544 Male
371 2516 427 2543 edit
440 2516 520 2543 Μαίη.
537 2516 603 2550 legit
619 2517 748 2543 Clemens
767 2516 888 2550 Vlllm.
902 2518 952 2549 τ.).

248 2561 266 2587 2
276 2560 351 2588 Fors.
362 2561 440 2595 1554;
453 2560 527 2587 Paul.
538 2560 574 2587 111
586 2560 643 2587 sed.
654 2568 698 2588 an.
711 2561 952 2596 1554-1549(n.1r.).

251 2605 266 2632 3
281 2605 348 2633 Male
364 2605 429 2633 edit.
447 2605 527 2633 Mam.
546 2605 609 2640 legit
628 2604 700 2632 1588
712 2611 752 2641 (a.
769 2605 818 2639 τ.),

991 372 1023 399 ct
1040 368 1183 400 efficaces
1210 378 1282 400 esse
1301 373 1331 400 et
1350 367 1428 407 sore,
1451 377 1591 409 suosque
1612 370 1696 398 tutos
1711 362 1729 403 ¹,

992 420 1157 461 plenarios
1185 425 1215 452 et
1241 420 1384 461 integros
1402 419 1532 452 etl'cetus
1551 418 1658 451 sortiri
1677 418 1731 450 de-

991 472 1079 511 bere,
1105 471 1163 504 ιιι-9
1189 472 1338 504 omnibus
1359 479 1386 504 et
1418 472 1565 513 singulis,
1585 471 1622 503 ad
1649 481 1730 514 quos

991 524 1241 566 quomodolibet
1278 536 1361 557 nune
1397 530 1523 567 spectat
1555 531 1585 557 ct
1616 524 1645 556 iu
1683 524 1730 555 su-

993 582 1098 609 turum
1125 578 1309 620 spectabit,
1336 578 1470 610 tirmiter
1503 583 1533 610 et
1566 577 1732 610 inviolabi-

993 631 1066 663 liter
1084 631 1312 669 observandas,
1331 642 1365 663 ac
1387 633 1475 664 nullo
1494 641 1634 674 unquam
1654 636 1733 662 tem-

993 694 1070 726 pore
1096 694 1131 716 ex
1159 694 1366 727 quocumspie
1392 683 1495 726 capite
1526 688 1558 715 et
1589 682 1733 725 qualibet

992 737 1089 768 causa
1114 737 1318 778 quantumvis
1344 736 1420 778 pia,
1452 735 1595 778 legitima
1625 738 1655 767 ct
1687 735 1733 766 iu-

993 788 1109 827 ritlica,
1139 789 1234 821 etiam
1258 799 1292 821 ex
1328 799 1365 821 eo
1399 789 1482 832 quod
1512 788 1609 821 Tertii
1641 787 1733 820 Ordi-

993 842 1066 875 nis³
1091 841 1269 885 praedicti,
1298 848 1327 874 ct
1356 842 1554 884 quicumque
1586 841 1615 873 in
1643 851 1734 884 prac-

993 896 1096 929 missis
1122 902 1152 928 et
1178 896 1261 928 circa
1288 906 1325 927 ea
1350 894 1596 938 quomodolibet
1633 899 1663 927 et
1697 905 1733 927 ex

993 949 1103 992 quavis
1130 950 1244 987 causa,
1271 948 1395 981 ratione
1417 948 1465 979 vel
1495 946 1664 979 occasione
1685 946 1732 978 ius

993 1003 1042 1035 vel
1069 1013 1135 1035 rem
1164 1002 1318 1034 babentes
1344 1007 1398 1033 aut
1428 1001 1549 1033 habere
1583 1005 1733 1042 praeten-

993 1056 1133 1096 deum,
1161 1055 1223 1087 illis
1249 1065 1312 1087 non
1339 1053 1584 1093 consenserint,
1611 1063 1669 1085 nee
1694 1054 1733 1086 ad

993 1109 1023 1142 id
1050 1108 1150 1141 vocati
1174 1135 1179 1147 ‚
1207 1107 1292 1140 citati
1319 1113 1350 1140 et
1386 1106 1486 1139 auditi
1524 1106 1664 1143 suerint,
1702 1111 1733 1138 ct

993 1172 1116 1201 causae,
1138 1166 1274 1204 propter
1295 1171 1373 1203 quas
1393 1160 1526 1192 eaedem
1545 1164 1734 1202 praesentes

994 1216 1121 1248 litterae
1147 1213 1342 1258 prodierint,
1360 1213 1531 1252 adductae,
1551 1212 1732 1245 veritieatae

994 1274 1025 1301 et
1057 1267 1246 1300 iustificatac
1279 1278 1341 1299 non
1376 1266 1521 1306 suerint,
1554 1266 1592 1298 de
1623 1265 1734 1297 subre-

994 1323 1113 1366 ptionis
1134 1323 1182 1354 vel
1201 1321 1405 1364 obreptionis
1428 1326 1481 1353 aut
1501 1320 1657 1353 nullitatis
1675 1330 1732 1353 seu

994 1375 1205 1409 invaliditatis
1232 1375 1335 1414 vitio,
1361 1385 1417 1406 seu
1450 1373 1641 1406 intentionis
1677 1384 1734 1406 no-

994 1435 1104 1468 strae,
1130 1434 1183 1461 aut
1216 1428 1364 1471 quolibet
1398 1427 1488 1467 alio,
1529 1426 1732 1470 quantumvis

994 1493 1110 1525 magno
1134 1508 1141 1521 ,
1177 1480 1407 1519 substantiali,
1448 1479 1664 1521 inexcogitato
1704 1484 1735 1512 et

994 1534 1262 1578 inexcogitabili,
1289 1545 1325 1566 ac
1351 1533 1537 1576 specificam
1565 1538 1597 1566 et
1623 1532 1735 1565 indivi-

994 1589 1088 1620 duam
1114 1587 1314 1620 mentionem
1341 1597 1377 1618 ae
1410 1585 1651 1629 expressionem
1684 1596 1735 1617 re-

994 1641 1143 1684 quirente
1161 1640 1300 1679 defectu,
1318 1639 1384 1671 sive
1404 1640 1500 1672 etiam
1520 1650 1555 1672 ev
1582 1650 1619 1672 eo
1646 1638 1734 1682 quod

995 1695 1023 1727 in
1051 1694 1263 1738 praemissis,
1291 1704 1470 1737 eorumque
1504 1693 1624 1737 abque,
1650 1695 1735 1726 soie-

994 1747 1144 1781 mnitates
1172 1753 1203 1780 et
1238 1747 1367 1790 quaevis
1404 1747 1485 1787 alia,
1519 1748 1677 1780 servanda
1703 1752 1735 1779 et

994 1800 1224 1843 adimplenda,
1252 1805 1375 1832 servata
1402 1805 1432 1832 ct
1457 1798 1631 1842 adimpleta
1667 1810 1733 1832 non

995 1854 1125 1894 fuerint,
1144 1859 1198 1887 aut
1217 1865 1252 1886 ex
1272 1864 1475 1897 quocumque
1498 1855 1561 1887 alio
1581 1854 1696 1896 capite,
1717 1866 1734 1886 a

996 1908 1075 1948 iure,
1100 1909 1148 1940 vel
1175 1908 1269 1947 sacto,
1295 1912 1348 1940 aut
1373 1913 1504 1946 statuto,
1530 1908 1578 1940 vel
1598 1918 1735 1940 consue-

996 1961 1107 1994 tudine
1134 1961 1241 2004 aliqua
1266 1961 1444 1994 resultante
1461 1987 1468 2000 ,
1494 1967 1546 1993 aut
1577 1971 1733 2004 quocum-

995 2025 1058 2058 que
1083 2014 1147 2047 alio
1174 2015 1307 2053 colore,
1335 2019 1516 2056 praetexui,
1537 2014 1662 2047 ratione
1683 2014 1733 2047 vel

995 2069 1098 2107 causa,
1119 2067 1214 2100 etiam
1233 2067 1265 2099 in
1286 2077 1424 2110 corpore
1445 2067 1520 2099 iuris
1539 2068 1658 2107 clausa,
1682 2078 1735 2100 oe-

995 2121 1134 2159 casione‚
1160 2119 1259 2153 aliave
1289 2122 1382 2152 causa
1408 2119 1611 2162 quantumvis
1640 2120 1733 2161 iusta,

997 2173 1193 2215 rationabili,
1221 2173 1375 2216 legitima,
1401 2172 1554 2213 iuridiea‚
1582 2173 1647 2216 pia,
1667 2173 1734 2216 pri-

997 2226 1166 2268 vilegiata,
1194 2226 1290 2258 etiam
1319 2225 1370 2258 tali
1409 2236 1492 2269 quae
1519 2225 1558 2258 ad
1584 2225 1734 2259 effectum

996 2279 1168 2312 validitatis
1194 2279 1444 2322 praemissorum
1470 2279 1655 2312 necessario
1682 2290 1735 2312 ex-

997 2331 1167 2375 primenda
1193 2331 1286 2372 soret,
1311 2336 1365 2363 aut
1389 2332 1476 2374 quod
1503 2332 1542 2365 de
1568 2333 1733 2365 voluntate

996 2386 1106 2417 nostra
1131 2389 1163 2416 et
1187 2383 1259 2416 aliis
1289 2383 1437 2427 superius
1471 2385 1629 2428 expressis
1655 2396 1734 2417 nus-

996 2448 1093 2480 quam
1107 2442 1294 2481 appareret,
1321 2447 1376 2470 seu
1403 2436 1479 2471 alias
1505 2439 1638 2481 probari
1664 2449 1734 2482 pes-

1033 2518 1041 2542 1
1067 2515 1166 2542 Forsan
1187 2518 1258 2544 lotos
1279 2516 1315 2551 (n.
1331 2516 1380 2547 τ.).

1031 2561 1047 2587 2
1068 2560 1112 2587 Vel
1132 2561 1191 2595 lege
1210 2561 1245 2587 ab
1266 2569 1312 2596 pro
1333 2569 1381 2593 ac,
1405 2561 1444 2589 vel
1465 2561 1532 2588 adde
1551 2563 1591 2596 (a.
1612 2562 1661 2597 T.).

1033 2605 1048 2633 3
1070 2604 1169 2634 Forsan
1189 2605 1306 2634 ordines
1324 2605 1363 2640 (a.
1385 2605 1432 2641 τ,].

1733 212 1781 237 Λη.
1802 212 1829 237 C.
1854 213 1923 239 1725

1812 273 1924 295 Clausutau

1741 300 1853 325 <prohib-s.
