2139 3142
0 229 53 257 An.
75 228 103 254 C.
123 226 188 255 ¹729

186 274 306 309 mitatis
342 273 443 307 robur
480 274 668 313 adiicimus,
697 285 731 307 ae
759 284 872 307 omnes
898 278 930 307 et

187 328 332 370 singulos
349 327 428 360 iuris
446 331 478 359 et
497 327 569 359 sacti
588 328 743 367 desectus,
762 328 786 359 si
807 326 861 370 qui
880 326 930 358 de·

187 391 285 424 super
306 380 556 423 quomodolibet
581 380 831 419 intervenerint,
858 389 928 421 sup-

187 434 335 478 plemus,
362 443 487 466 necnon
514 433 682 476 privilegia
720 439 751 466 et
787 433 928 474 gratias,

189 485 306 529 quibus
329 485 486 528 praedicti
512 485 627 518 fratres
654 485 693 517 de
719 483 928 518 Observantia

188 538 227 571 ad
254 538 396 581 capitula
421 538 586 580 generalia
611 538 726 571 exinde
760 537 927 570 venientes

190 592 278 624 iuxta
303 591 377 623 dieti
397 590 524 623 Ordinis
542 591 792 623 constitutiones
819 590 928 622 fruun-

191 649 244 676 tur
268 654 325 676 seu
350 643 410 676 srui
432 649 576 687 possunt,
599 644 638 676 ad
664 644 794 676 eosdem
812 643 927 675 fratres

190 696 418 735 Discalceatos,
444 695 496 738 qui
524 696 675 738 deinceps
708 695 822 727 suturis
849 701 929 727 tem-

190 748 324 791 poribus
352 759 388 781 ex
414 747 512 780 Indiis
539 754 570 781 et
594 748 733 791 capitula
764 746 929 789 generalia

191 800 379 833 huiusmodi
405 800 607 841 accederet¹‚
625 801 816 833 auctoritate
834 805 866 832 et
885 805 929 832 te-

191 863 271 887 nore
289 853 441 897 praefatis
460 853 662 886 extendimus
680 859 711 886 et
725 853 927 896 ampliamus.

234 908 249 951 ξ
273 907 305 941 3.
329 907 563 946 Decernentes,
588 907 716 940 easdem
741 912 928 950 praesentes

190 960 316 994 litteras
342 960 461 1000 sirmas,
491 965 552 993 ete.
569 959 580 976 ‘³

235 1014 250 1056 ᾗ
272 1013 304 1046 4.
325 1012 396 1049 Non
419 1012 624 1045 obstantibus
643 1011 930 1045 constitutionibus

192 1069 224 1097 et
259 1064 517 1098 ordinationibus
542 1065 749 1107 apostolicis,
776 1074 927 1103 necnon,

192 1123 351 1161 quatenus
369 1128 449 1160 opus
468 1117 518 1157 sit,
534 1117 608 1150 dicti
623 1117 760 1156 Ordinis,
776 1117 930 1160 illiusque

191 1170 433 1215 provinciarum
454 1176 486 1203 et
510 1176 740 1211 conventuum,
769 1170 863 1203 etiam
889 1171 931 1203 iu-

192 1229 354 1264 ramento,
383 1229 444 1257 etc.
462 1223 473 1239 ³

237 1278 349 1310 Datum
377 1278 511 1317 Romae,
546 1278 629 1321 apud
663 1277 694 1310 S.
715 1277 855 1317 Petrum,
874 1278 932 1310 sul)

194 1331 312 1363 annulo
343 1330 526 1372 Piscatoris,
563 1331 614 1363 die
645 1341 701 1363 xxx
735 1331 931 1374 septembris

192 1393 364 1423 nneexxix,
391 1383 599 1426 pontificatus
617 1383 716 1416 nostri
739 1393 822 1416 anno
844 1393 886 1416 vi.

230 1445 289 1471 Dat.
307 1445 352 1472 die
367 1445 402 1472 30
416 1444 582 1480 septembris
600 1445 677 1479 1729,
690 1445 792 1480 pontif.
805 1453 880 1472 anno
896 1453 932 1473 vi.

25 918 144 940 Clausulas.

25 1023 180 1045 Contrariorum

0 1050 115 1076 derogatio.

458 1559 689 1594 CCLxxxvln.

197 1632 419 1674 Confirmalur
458 1631 618 1663 decretum
654 1631 874 1674 episcoporum
906 1635 934 1663 el

238 1685 444 1729 requiarium
464 1695 561 1727 super
581 1684 777 1717 concessione
800 1685 935 1726 faculta-

241 1739 281 1771 tis
303 1738 462 1781 praefecto
482 1742 510 1770 et
530 1737 713 1778 defim'torio
731 1737 934 1780 nemoralibus

241 1791 377 1826 Ordinis
425 1792 567 1833 fratrum.
617 1790 933 1823 Bethleheman-um

239 1848 504 1887 nuncupatorum
555 1843 750 1875 mlmiueizdi
805 1843 934 1886 aliquos

239 1897 437 1940 presbyteros
461 1897 642 1929 saeculares
667 1897 709 1928 acl
735 1896 881 1929 habitum
906 1901 934 1928 et

239 1949 469 1992 professionem
494 1949 513 1980 ⁴.

373 2018 553 2046 Benedictus
574 2019 652 2052 Papa
672 2020 757 2051 xm,

337 2063 374 2089 ad
393 2062 528 2089 futuram
548 2063 592 2089 rei
612 2063 797 2089 memoriam.

241 2126 256 2168 ἓ
282 2124 309 2156 1.
329 2123 438 2166 Nuper
455 2134 516 2166 pro
535 2128 625 2166 parte
644 2123 838 2156 dilectorum
857 2123 935 2157 silio-

4 2185 185 2236 gauuffrssffip
198 2187 268 2210 rum
289 2176 517 2209 modernorum
544 2176 696 2218 praefecti
730 2181 761 2208 et
786 2175 936 2208 assisten-

4 2237 185 2264 „rm-foeioetas-
199 2235 275 2261 tium
293 2228 493 2271 generalium
508 2227 635 2260 Ordinis
654 2229 785 2261 fratrum
807 2228 935 2261 Bethle-

5 2264 187 2336 {j'ssiiiiifflgdiceu
200 2281 391 2314 hemitarum
411 2286 668 2323 nuncupatorum
684 2280 933 2322 Congregationi

6 2317 89 2368 κὲῧζξίζῖ
104 2322 187 2369 υἰῗὲἑὲἑ

235 2388 245 2413 1
269 2385 364 2413 Potius
383 2385 443 2420 lege
462 2385 596 2413 accedent
615 2387 651 2419 (a.
668 2386 716 2419 T.).

233 2432 251 2458 2
271 2431 302 2458 Ut
322 2439 403 2465 supra
423 2438 482 2465 pag.
505 2430 551 2457 471
576 2439 592 2456 α
612 2431 650 2465 (u.
668 2431 716 2462 T.).

233 2476 249 2503 3
271 2475 302 2502 Ut
321 2482 403 2509 supra
423 2482 484 2509 pag.
504 2474 552 2500 471
576 2483 593 2500 a
612 2475 650 2508 (u.
665 2475 714 2509 T.).

234 2519 249 2544 4
268 2519 307 2545 De
334 2518 393 2544 aliis
421 2517 593 2544 facultatibus
623 2517 656 2544 ab
684 2517 780 2545 eodem
806 2518 936 2546 Pontifice

198 2562 293 2590 iisdem
312 2561 399 2593 raetis,
421 2561 480 2587 vide
499 2561 606 2588 constit.
629 2561 692 2587 edit.
710 2568 872 2597 nnccxxvm,
894 2561 936 2589 die

199 2608 232 2635 ¹3
252 2606 428 2643 septembris,
449 2606 545 2642 pontis.
565 2613 592 2632 v.

775 225 968 249 BENEDICTL'S
994 224 1050 248 xm
1076 224 1124 248 ΓΡ.

1605 214 1668 247 855
1715 223 1765 248 An.
1788 223 1816 250 c,
1836 223 1902 251 1729

974 273 1207 306 venerabilium
1227 273 1358 306 fratrum
1380 277 1563 306 nostrorum
1579 272 1609 305 S.
1622 272 1659 304 R.
1672 272 1707 304 E.
1719 290 1791 310 prum
1808 287 1827 305 02
1842 291 1900 310 rw.

973 326 1182 359 cardinalium
1209 326 1348 369 negotiis
1366 331 1397 359 et
1417 312 1902 361 consultationibus{iul'fss'fsss&fassit

974 379 1202 422 episcoporum
1230 385 1261 412 et
1285 380 1483 421 regularium
1502 379 1709 422 praepositae
1722 366 1741 383 ω
1759 364 1865 384 ‘mum’

973 432 1132 474 exposito,
1151 432 1247 474 quod,
1266 432 1341 464 licet
1365 432 1397 464 in
1423 431 1708 464 constitutionibus

973 483 1048 516 dicti
1070 484 1198 517 Ordinis
1234 494 1250 516 a
1280 484 1362 517 Sede
1387 485 1571 528 Apostotica
1596 484 1711 516 contir-

972 538 1074 576 matis,
1101 548 1172 579 cap.
1193 547 1224 577 11,
1251 538 1264 580 ἓ
1290 536 1320 576 8,
1344 548 1494 580 expresse
1520 537 1709 580 dispositum

973 590 1099 629 suisset,
1124 595 1158 621 ut
1184 600 1246 622 non
1273 590 1375 632 possit
1407 589 1531 622 admitti
1565 589 1595 621 in
1628 590 1710 622 eius-

973 642 1058 675 modi
1086 642 1278 684 religionem
1305 643 1388 674 ullus
1406 643 1459 685 qui
1479 642 1517 675 sit
1543 642 1574 674 in
1596 642 1709 676 ordine

950 705 1066 737 ¹sacro
1107 695 1311 735 constitutus,
1347 705 1406 728 nec
1441 695 1613 738 capellani,
1650 706 1711 728 nec

950 742 951 784 J
975 749 1038 781 :illo
1065 748 1127 781 alio
1154 748 1258 788 titulo,
1286 759 1391 791 neque
1427 749 1511 781 ullus
1546 749 1643 780 frater
1675 759 1712 781 ex

975 806 1050 834 tunc
1075 802 1221 834 admissis
1247 806 1278 835 et
1305 802 1335 833 iu
1362 808 1528 844 posterum
1548 801 1714 834 admitten-

974 854 1022 886 dis
1049 854 1201 894 ordinari,
1228 854 1302 897 quia
1323 855 1416 887 statui
1435 854 1630 887 sacerdotali
1648 865 1713 887 non

975 906 1172 939 conveniunt
1197 908 1356 939 manualia
1382 907 1570 946 ministeria,
1597 907 1627 939 in
1649 907 1715 950 qui·

974 958 1033 990 bus
1058 968 1209 991 exercere
1228 969 1260 991 se
1280 959 1399 991 debent
1417 959 1529 992 fratres
1546 959 1713 1002 praedicti,

975 1010 1187 1044 nihilominus
1218 1011 1250 1043 in
1284 1011 1424 1054 capitulo
1458 1012 1601 1054 generali
1636 1013 1716 1045 eius-

975 1063 1048 1095 dem
1067 1062 1196 1096 Ordinis
1222 1064 1387 1096 celebrato
1407 1075 1491 1097 anno
1516 1074 1656 1097 mnecxxl
1683 1065 1715 1096 iu

976 1115 1102 1149 civitate
1134 1116 1265 1148 Limana
1300 1118 1481 1150 resolutum
1516 1117 1621 1149 suerat
1654 1127 1715 1161 per

976 1169 1161 1202 eommunia
1186 1169 1347 1212 suffragia,
1367 1171 1453 1212 quod
1473 1171 1641 1213 expediret
1662 1171 1716 1203 lia-

976 1222 1052 1255 bere
1079 1222 1109 1254 in
1134 1223 1280 1265 praefato
1306 1222 1425 1256 Ordine
1451 1223 1630 1265 religiosos,
1659 1223 1714 1266 qui

977 1275 1131 1318 deinceps
1156 1275 1193 1307 ad
1213 1275 1426 1308 sacerdotium
1445 1281 1716 1318 promoverentur

977 1328 1036 1361 sub
1051 1328 1244 1372 quibusdam
1262 1334 1368 1361 tamen
1387 1328 1717 1372 conditionibus‚qua-

977 1391 1045 1412 rum
1072 1381 1184 1423 quinta
1210 1386 1288 1420 erat,
1306 1382 1392 1424 quod
1419 1382 1450 1413 in
1477 1381 1623 1424 quolibet
1640 1391 1717 1414 eon-

977 1439 1073 1467 ventu
1095 1443 1160 1466 non
1187 1434 1336 1467 adessent
1354 1434 1414 1467 nisi
1433 1434 1494 1467 duo
1520 1435 1717 1473 sacerdotes.

978 1487 1063 1520 etin
1091 1487 1238 1520 domibus
1276 1497 1358 1530 quae
1396 1488 1546 1521 matrices
1578 1488 1718 1521 existunt

979 1544 1053 1579 tres,
1080 1540 1119 1572 ad
1145 1539 1293 1573 effectum
1331 1540 1504 1583 supplendi
1542 1541 1571 1572 in
1608 1551 1717 1573 casnm

978 1593 1084 1626 obitus
1107 1593 1139 1625 in
1166 1593 1236 1625 aliis
1261 1593 1484 1633 conventibus,
1511 1592 1660 1636 haeque¹
1687 1599 1718 1626 et

978 1648 1058 1679 aliae
1083 1646 1313 1686 resolutiones,
1340 1646 1474 1689 eaptae²
1497 1647 1529 1679 in
1556 1646 1716 1679 eiusmodi

978 1700 1119 1742 capitulo
1138 1699 1291 1742 generali,
1311 1710 1327 1731 a
1345 1699 1439 1732 nobis
1457 1699 1666 1732 confirmatae
1686 1705 1718 1732 et

978 1752 1175 1796 approbatae
1201 1753 1330 1785 fuerant
1354 1763 1413 1795 per
1438 1753 1530 1785 binas
1564 1753 1641 1785 alias
1666 1764 1718 1785 no-
1763 1767 1768 1768 ⁷

977 1811 1058 1838 stras
1084 1805 1116 1837 in
1141 1804 1238 1837 simili
1265 1805 1366 1837 sorrua
1388 1805 1494 1837 Brevis
1521 1805 1572 1838 die
1592 1815 1621 1838 tv
1643 1805 1717 1837 maii

978 1868 1126 1892 ainccxxv
1141 1863 1171 1890 et
1186 1857 1237 1890 die
1252 1867 1307 1890 viu
1323 1857 1516 1900 septembris
1531 1867 1719 1891 iinccxxvur

979 1911 1121 1952 desuper
1146 1910 1311 1952 expeditas
1337 1910 1479 1951 litteras,
1499 1915 1530 1943 et
1555 1911 1585 1942 in
1605 1910 1718 1943 eadem

979 1963 1182 2006 expositione
1201 1963 1384 2003 subiuncto,
1402 1964 1499 2006 quod,
1514 1963 1554 1996 ob
1569 1963 1718 2006 exiguum

979 2026 1149 2048 numerum
1175 2015 1413 2058 religiosorum,
1439 2015 1491 2059 qui
1511 2016 1576 2048 sint
1593 2016 1717 2049 habiles

979 2069 1178 2102 ascendendi
1204 2069 1242 2101 ad
1268 2070 1495 2108 sacerdotium,
1522 2080 1558 2102 ac
1583 2076 1720 2113 propter

979 2122 1142 2163 ingentem
1167 2132 1336 2155 numerum
1363 2121 1564 2155 intirmorum
1581 2123 1718 2155 existen-

980 2174 1058 2206 tium
1099 2174 1131 2206 in
1172 2174 1388 2217 hospitalibus
1435 2181 1467 2207 et
1506 2175 1720 2208 conventibus

979 2227 1114 2270 praefati
1129 2227 1269 2266 Ordinis,
1288 2227 1476 2269 contingere
1495 2233 1613 2272 posset,
1633 2229 1719 2271 quod

980 2279 1135 2322 praedicti
1177 2279 1295 2312 infirmi
1342 2280 1464 2323 absque
1510 2281 1720 2314 sacramentis

980 2333 1194 2373 decedereut;
1221 2343 1257 2365 ac
1282 2333 1420 2375 proinde
1448 2333 1590 2376 ipsorum
1624 2344 1721 2377 expo-

980 2385 1126 2418 nentium
1162 2385 1293 2418 nomine
1331 2386 1436 2418 eidem
1469 2386 1719 2429 Congregatioui

981 2438 1190 2472 cardinalium
1222 2438 1424 2481 supplicato,
1450 2444 1485 2471 ut
1509 2450 1569 2482 pro
1605 2450 1722 2484 oppor-

982 2496 1058 2524 tuno
1092 2491 1238 2523 remedio
1276 2491 1465 2534 indulgere,
1491 2502 1527 2525 ac
1561 2492 1720 2536 impertiri

1017 2562 1028 2588 1
1053 2560 1122 2587 Edit.
1144 2560 1220 2587 Μαίη.
1244 2561 1307 2594 legit
1327 2562 1452 2596 haecque
1475 2566 1510 2596 (n.
1527 2564 1576 2595 τ.).

1015 2606 1032 2633 2
1051 2605 1120 2632 Edit.
1143 2604 1221 2632 main.
1243 2604 1308 2640 legit
1328 2608 1411 2641 capto
1431 2608 1469 2641 (R.
1490 2607 1537 2640 Τ.).
