2170 3147
0 233 41 260 Ᾰη,
59 231 88 258 C.
112 231 179 260 1725

18 819 139 840 Exordium.

2 1399 108 1426 expositio
119 1399 175 1419 tacu.

0 2254 89 2276 Litterae
105 2257 179 2280 pateu-

8 2288 29 2301 τε
49 2281 178 2306 prat-diemo.

489 279 621 313 LXXIX.

185 360 428 402 Confirmantur
451 358 611 402 quaedam
630 358 757 390 litterae
780 362 923 400 patentes

227 413 371 444 ministri
398 410 559 454 yeneralis
591 410 726 443 Ordinis
755 411 923 442 Minorum

225 465 265 498 de
282 464 495 498 observantia
513 464 597 495 eirca
618 463 852 495 alternativam
877 463 922 504 of-
943 501 945 508 y

224 517 374 559 liciorum
404 515 591 559 provinciae
614 515 748 548 Siciliae
780 514 922 547 eiusdem

228 569 375 609 Ordinis,
396 579 466 601 cam
485 568 692 612 deputatione
706 567 923 610 provincialis

227 627 255 655 et
280 622 464 665 definitoris
484 621 502 655 ¹.

363 702 545 730 Benedictus
566 703 646 736 Papa
666 703 745 734 XIII,

325 748 361 774 ad
381 748 514 774 futuram
533 747 579 775 rei
599 746 778 775 memoriam.

229 819 403 852 pastoralis
429 818 526 852 offleii
550 819 645 851 nobis
670 818 821 851 divinitus
839 828 924 851 com-
944 837 946 847 .

945 869 946 880 π
966 857 1182 894 distributivae,
1200 866 1252 896 pro
1275 856 1395 896 speciali
1418 866 1470 886 suo
1492 866 1560 894 erga
1578 857 1705 896 seraphi-

184 871 271 905 missi
289 872 476 905 sollicitudo
494 881 553 904 nos
571 871 731 910 admonet,
750 878 800 910 ut,
817 876 924 914 pater-

185 935 258 957 nam
278 924 505 966 religiosorum
523 924 684 963 virorum,
709 924 782 966 qui,
808 923 924 966 spretis

185 978 296 1010 mundi
312 977 488 1017 illecebris,
506 976 659 1010 Altissimi
675 977 839 1020 obsequiis
853 986 923 1009 sese

185 1031 243 1063 sub
268 1030 357 1063 suari
383 1030 532 1063 arctioris
563 1030 644 1062 vitae
676 1030 752 1072 iugo
785 1030 923 1062 devove-

185 1089 272 1122 runt,
290 1094 400 1115 curam
426 1089 590 1125 gerentes,
612 1093 648 1115 ea
674 1094 754 1125 quae
773 1082 852 1125 ριόΞ
870 1084 925 1115 tol·-

185 1136 288 1169 Iendis
303 1136 486 1169 animorum
504 1136 653 1175 dissidiis,
665 1136 923 1178 stabiliendaque

185 1191 269 1224 inter
285 1200 340 1222 eos
358 1189 494 1223 fraterna
509 1189 693 1227 concordia,
708 1189 839 1232 provide
854 1200 925 1222 con-

185 1244 296 1277 stituta
321 1254 389 1276 esse
416 1249 600 1283 noscuntur,
638 1253 701 1285 quo
728 1242 819 1275 lirina
844 1252 925 1275 sem-

185 1308 243 1340 per
272 1303 368 1339 atque
394 1296 516 1328 illibata
545 1296 724 1338 persistant,
755 1295 924 1337 apostolici

185 1350 373 1383 muniminis
399 1349 503 1381 nostri
529 1348 690 1391 praesidio
718 1349 923 1381 roboremus.

229 1404 244 1447 ἓ
267 1403 299 1436 l.
319 1402 442 1445 Exponi
461 1401 555 1434 nobis
572 1412 678 1443 nuper
695 1401 769 1433 fecit
792 1401 926 1434 dilectus

185 1456 271 1490 iilius
302 1455 491 1489 Laurentius
521 1465 538 1487 a
574 1454 603 1487 S.
640 1454 810 1487 Laurentio
835 1455 928 1487 mini-

186 1515 252 1542 ster
277 1508 441 1551 generalis
460 1507 588 1540 Ordinis
613 1508 745 1540 fratrum
771 1507 925 1540 Minorum

186 1562 288 1595 sancti
314 1561 475 1593 Francisci
501 1560 540 1593 de
566 1560 777 1593 Observantia
802 1570 926 1593 nuncu-

186 1622 358 1658 patorum,
383 1614 470 1657 quod
495 1614 564 1656 ipse
580 1639 587 1653 ‚
612 1614 644 1645 in
681 1613 742 1646 virn
768 1614 926 1646 facultatis

187 1668 247 1701 sibi
271 1679 288 1701 a
313 1667 421 1700 nobis
439 1666 609 1700 attributae
634 1666 666 1698 in
690 1666 856 1708 provincia
880 1666 927 1699 Si-

188 1721 279 1755 ciliae
305 1720 379 1753 dicti
400 1720 528 1753 Ordinis
556 1719 745 1752 ternativarn
762 1746 769 1759 ‚
791 1720 855 1751 sive
881 1720 927 1752 of-

187 1774 333 1807 ficiorum
359 1772 620 1806 distributionem
646 1772 678 1804 in
714 1778 778 1804 tres
808 1778 924 1814 partes,

187 1827 272 1860 inter
305 1826 418 1859 fratres
450 1836 570 1868 nempe
596 1824 818 1864 Messanensis,
843 1824 950 1857 Cata-‘

189 1880 298 1913 nensis
323 1885 354 1912 et
391 1879 553 1912 pactensts
585 1879 764 1921 respective
790 1888 923 1910 conven-

189 1939 278 1966 tuum
302 1933 445 1965 eiusdem
470 1932 653 1974 provinciae
674 1942 733 1974 per
751 1931 860 1973 viginti
879 1942 928 1963 so-
949 1960 950 1972 2

187 1991 275 2028 ptem
293 1995 394 2018 annos
413 1985 617 2024 servandam,
638 1995 720 2027 quae
741 1995 799 2027 pro
826 1984 928 2026 prima
949 2010 951 2021 .

187 2039 255 2072 vice
280 2049 297 2071 a
322 2037 474 2070 fratribus
489 2037 748 2070 Messanensibus
772 2037 928 2070 inchoare

188 2091 313 2131 debeat,
349 2090 491 2124 decrevit
516 2101 574 2133 per
599 2090 753 2133 quasdam
779 2100 851 2122 suas
877 2100 930 2132 pa-

190 2149 293 2176 tentes
325 2145 448 2176 lateras
475 2149 596 2176 tenoms
622 2153 676 2185 (1¹¹¹
702 2148 862 2185 sequmw'
886 2153 930 2174 Vb
974 2166 1126 2196 charitatis
1142 2170 1227 2205 atque
1244 2165 1357 2195 ordinis
1376 2165 1509 2194 servandi
1532 2165 1626 2202 gratia
1641 2173 1714 2194 nun-

951 2219 952 2252 1
974 2215 1136 2254 cupandos.
1155 2215 1196 2244 Ad
1213 2223 1337 2253 quorum
1354 2214 1481 2253 primum
1498 2222 1601 2242 novem
1627 2213 1713 2243 hosce

190 2197 329 2230 delicet:

230 2255 328 2285 Frater
349 2253 515 2284 Laurentius
537 2264 552 2283 a
573 2254 601 2284 S.
617 2253 768 2284 Laurentio
788 2254 871 2283 lector
887 2254 931 2282 iu-

191 2304 306 2339 bilatas,
330 2313 424 2333 sacrae
448 2302 670 2341 Conyreyationis
692 2303 797 2331 Indicis
824 2302 932 2331 cousul-

191 2359 244 2391 ιον,
267 2362 410 2391 supremae
425 2356 451 2381 et
468 2352 636 2381 universalis
651 2351 842 2389 Inquisitionis
865 2360 931 2389 qua-

228 2437 236 2461 1
262 2435 356 2462 Const.
373 2434 437 2460 edit.
456 2440 588 2464 uoceuv,
606 2434 649 2460 ‹Iie
665 2434 680 2459 9
697 2433 773 2465 iunii,
788 2432 885 2468 pontif.
902 2439 930 2466 11,

191 2479 378 2506 confirmatum
398 2477 447 2504 suit
466 2477 538 2504 allud
558 2477 695 2504 decretum
718 2476 832 2502 ministri
851 2484 933 2510 gene-

191 2524 256 2550 raliS
273 2522 305 2549 de
325 2523 452 2557 bipartita
472 2522 631 2549 alternativa
651 2521 801 2547 officiorum
823 2521 932 2555 proriu-

192 2568 250 2594 ciae
269 2566 294 2593 S.
316 2566 453 2593 Saturnini
469 2566 592 2592 eiusdem
612 2564 731 2591 Ordinis.

226 2611 242 2639 2
263 2612 416 2651 Praeposit.
434 2619 488 2646 pro
509 2618 557 2638 nos
577 2609 700 2638 addimus
722 2610 760 2645 (n.
777 2609 825 2645 12).

776 230 970 256 EENEDICTUS
996 231 1052 254 x111
1078 230 1127 254 PP,

966 279 1093 317 lificator,
1110 280 1281 308 examinator
1296 278 1364 308 cleri
1379 278 1496 313 romani,
1514 279 1586 308 sacri
1602 276 1701 308 Montis

965 326 1031 356 Sion
1053 328 1270 365 ezyuardianus,
1303 331 1328 356 et
1359 328 1440 356 totius
1473 326 1586 357 Ordinis
1615 327 1702 356 sancti

963 376 1053 413 patris
1075 376 1160 404 nostri
1175 375 1318 405 Francisei
1341 376 1465 404 minister
1484 375 1639 413 flerimus,
1658 385 1701 404 no-

965 425 1037 452 strae
1059 424 1242 452 observantiae
1261 425 1420 463 provinciae
1441 423 1556 453 Siciliae
1571 423 1699 453 salutem.

1024 471 1232 500 Sanctissimus
1268 471 1402 500 dominus
1434 475 1534 501 noster
1568 471 1702 501 dominus

965 518 1140 548 Benedictus
1172 519 1248 558 Papa
1272 518 1350 554 XIII,
1375 519 1496 557 pacifico
1530 519 1703 558 tranquillo-

965 575 1021 606 que
1054 567 1271 605 provinciarum
1306 567 1436 596 omnium
1471 576 1557 596 curae
1587 572 1703 597 nostrae

965 615 1199 645 concreditarum
1215 615 1364 653 regimini,
1387 615 1465 645 uude
1488 616 1614 645 fraterna
1637 626 1704 646 eon-

966 663 1063 693 cordia
1097 668 1124 693 et
1157 664 1275 693 suavior
1307 663 1487 702 solidiorque
1519 664 1549 692 in
1577 664 1702 701 singulis

944 711 1158 742 =conventibus
1187 712 1331 750 regularis
1358 712 1531 750 disciplinae
1561 713 1704 750 promotio

967 760 1094 799 pendere
1116 760 1309 798 dignoscitur,
1330 769 1382 799 per
1404 764 1566 798 opportuna
1590 760 1619 789 in
1643 760 1705 790 dies

967 809 1114 845 remedia,
1139 809 1264 838 maxime
1287 817 1354 838 vero
1388 817 1440 847 per
1472 808 1549 846 leges
1578 808 1705 839 iustitiae

966 915 1032 935 cum
1054 905 1193 935 OrdInem
1216 905 1384 943 vigilantiae
1408 905 1561 944 pastoralis
1583 905 1704 943 affectu,

967 954 1091 994 proinde
1118 953 1329 991 consulturus,
1361 963 1426 983 cum
1454 953 1556 983 sedulo
1578 954 1708 984 animad-

967 1004 1103 1033 vertisset
1125 1003 1326 1042 perantiquam
1350 1003 1435 1032 istam
1459 1006 1486 1032 et
1508 1002 1575 1031 olim
1603 1003 1708 1032 floren-

968 1052 1112 1082 tissimam
1136 1051 1345 1082 Observantem
1374 1050 1556 1090 provinciam
1589 1050 1708 1081 Siciliae

968 1101 1071 1138 viginti
1088 1104 1200 1139 septem
1217 1099 1409 1129 conventibus
1426 1100 1462 1129 in‘
1478 1100 1706 1138 praesentiarum

967 1150 1139 1179 instructam
1163 1157 1243 1185 esse,
1269 1157 1393 1187 quorum
1417 1148 1565 1187 plerique,
1590 1148 1625 1177 ob
1648 1149 1707 1178 exi-

967 1207 1056 1236 guum
1072 1198 1277 1236 religiosorum
1301 1197 1330 1226 in
1355 1198 1414 1226 tota
1437 1197 1537 1226 eadem
1558 1198 1709 1236 provincia

968 1256 1137 1279 numerum,
1152 1255 1346 1284 magnamque
1366 1246 1504 1275 cellarum
1527 1250 1555 1275 et
1578 1255 1710 1275 necessa-

969 1297 1079 1325 riarum
1103 1295 1226 1324 aliarum
1246 1304 1344 1323 rerum
1368 1294 1544 1331 angustiam,
1575 1295 1621 1323 vix
1645 1304 1710 1333 pos·

969 1348 1036 1373 sunt
1066 1343 1319 1382 qualitercumque
1350 1343 1553 1379 manuteneri,
1587 1342 1709 1381 ideoque

969 1398 1179 1432 praesentaneo
1201 1392 1330 1421 iustitiae
1353 1390 1557 1422 distributivae
1580 1392 1709 1422 remedio

970 1441 1004 1470 ad
1028 1440 1197 1470 eorumdem
1220 1439 1466 1469 instaurationem
1489 1440 1710 1470 connaturalius

970 1488 1136 1527 certiusque
1170 1488 1395 1527 promovendam
1430 1488 1613 1526 potissimum
1637 1487 1711 1517 indi—

970 1547 1054 1575 gere:
1076 1541 1227 1576 propterea
1245 1536 1340 1574 nobis,
1358 1540 1388 1566 ut
1404 1541 1609 1576 opportunam,
1631 1536 1710 1566 iuxta

971 1585 1086 1615 modum
1110 1585 1183 1614 infra
1208 1584 1426 1623 explicandum,
1446 1584 1587 1613 ferremus
1613 1593 1710 1623 opem,

970 1633 1024 1662 sub
1057 1633 1103 1662 die
1126 1641 1185 1661 xxii
1209 1632 1318 1661 mensis
1352 1632 1448 1661 martii
1483 1641 1576 1671 nuper
1608 1632 1710 1672 elapsi,

972 1681 1167 1710 necessariam
1184 1689 1299 1709 omnem
1324 1685 1409 1720 atque
1433 1680 1566 1710 idoneam
1590 1681 1712 1710 contulit

971 1729 1150 1759 facultatem.
1182 1728 1270 1758 Cuius
1304 1729 1425 1767 proinde
1448 1729 1568 1766 vigore.
1599 1730 1711 1758 matura

971 1777 1183 1807 deliberatione
1217 1777 1391 1816 perhabita,
1425 1777 1458 1806 ad
1492 1777 1711 1816 infrascriptum

971 1827 1120 1856 decretum
1145 1826 1270 1864 desuper
1293 1826 1437 1855 edendum
1460 1825 1642 1854 devenimus.

1012 1884 1029 1904 1.
1043 1876 1083 1904 Ac
1100 1875 1193 1913 primo
1210 1874 1389 1913 provinciam
1405 1875 1498 1913 ipsam
1515 1878 1615 1912 totam,
1632 1874 1713 1903 salva

972 1923 1035 1953 cius
1054 1924 1178 1960 unitate,
1196 1923 1225 1952 in
1250 1927 1307 1952 tres
1330 1923 1479 1953 districtus
1501 1932 1623 1952 numero
1646 1932 1713 1952 con-

973 1976 1113 2002 ventuum
1156 1971 1212 2001 sibi
1248 1972 1338 2001 ferme
1376 1971 1594 2001 cohaerentium
1629 1981 1712 2010 pares

973 2021 1131 2050 commissa
1148 2020 1231 2050 nobis
1246 2020 1393 2051 antedicta
1408 2020 1559 2059 pontificia
1577 2020 1713 2050 facultate

972 2068 1191 2107 distinguimus,
1216 2068 1352 2098 videlicet
1374 2069 1404 2098 in
1420 2068 1645 2106 Messanensem,
1663 2068 1713 2098 Ca-

974 2122 1122 2147 tanensem
1156 2122 1184 2147 et
1213 2116 1393 2154 Pactensem,
1428 2117 1468 2146 sic
1502 2116 1530 2145 in
1565 2120 1711 2155 posterum

975 2268 1136 2293 conventus
1161 2263 1347 2292 decernimus
1371 2263 1528 2301 pertinere,
1549 2262 1711 2291 nimirum:

975 2313 1003 2342 ⁴1.
1031 2314 1060 2341 S.
1086 2312 1192 2341 Mariae
1218 2312 1282 2340 Iesu
1305 2311 1466 2349 superioris
1489 2314 1521 2339 ut
1549 2315 1664 2347 vocant,
1684 2315 1713 2340 et

974 2362 1003 2390 ⁰2.
1027 2361 1055 2391 S.
1081 2361 1187 2390 Mariae
1209 2360 1274 2389 lesu
1296 2360 1457 2397 inferioris,
1492 2364 1649 2398 utrumque
1683 2360 1712 2389 in

976 2410 1107 2439 Messana
1129 2409 1267 2443 civita1e;
1291 2417 1405 2437 necnon
1436 2408 1464 2437 3.
1488 2409 1516 2437 S.
1540 2408 1713 2438 Calliarinae

976 2458 1134 2494 Fortalitii,
1151 2457 1179 2486 4.
1199 2458 1250 2485 SS.
1267 2456 1421 2486 Trinitatis
1439 2456 1581 2493 Venetici,
1599 2458 1625 2486 5.
1641 2457 1712 2486 Sau-

976 2510 1038 2535 ctae
1061 2505 1167 2534 Mariae
1190 2504 1253 2533 lesu
1287 2505 1316 2532 S.
1342 2504 1457 2538 hucine,
1491 2505 1520 2533 o.
1554 2504 1582 2534 S.
1607 2505 1713 2534 Mariae

976 2554 1040 2583 Iesu
1063 2553 1281 2592 Castriregalis,
1304 2557 1332 2582 et
1360 2553 1387 2582 7.
1412 2554 1442 2583 S.
1467 2553 1585 2582 Antonii
1612 2553 1712 2582 [lavel-

977 2603 1071 2641 lonae,
1092 2601 1196 2642 quibus
1213 2610 1413 2640 aggregamus,
1428 2601 1587 2632 servandae
1609 2610 1713 2642 aequa-

1601 220 1664 253 υ215
1709 228 1759 254 An.
1782 228 1809 255 c.
1828 228 1894 254 17e5

1750 1880 1860 1899 t’rovincxa
1872 1880 1905 1899 St-

1722 1906 1783 1926 ciliae
1796 1906 1905 1931 praedicta

1723 1939 1741 1951 ΙΙΙ
1766 1937 1807 1952 II‘CS

1722 1962 1766 1979 ctus
1784 1959 1892 1979 dixiditur.

1833 1934 1905 1952 distri-
