2170 3147
237 257 285 281 Αη.
303 254 330 278 r..
357 252 422 278 1725
468 241 532 274 ⁶262

264 1109 384 1130 Exordium.

284 2114 427 2135 nocumenta·-

255 2141 419 2171 praerogativae

243 2170 335 2188 civitatis
367 2174 429 2193 prav-

244 2195 324 2222 dwue,
340 2200 427 2219 eiusque

245 2223 349 2249 ecclesiae
363 2222 428 2241 mair)-

245 2252 281 2267 ris.

1014 245 1194 276 Butuntum

474 299 589 332 Datum
615 298 757 336 Romae,
784 296 870 339 apud
884 294 916 328 S.
936 294 1065 327 Mariam
1081 293 1176 326 Maio-

431 363 508 391 rem,
546 352 605 384 sub
639 351 759 382 annulo
792 348 988 387 Piscatoris‚
1026 348 1077 380 die
1110 356 1175 380 xvxi
1196 387 1197 391 Ἰ

429 404 625 447 septembris
649 412 812 442 iiiimxxv,
841 400 1051 444 pontificatus
1072 399 1177 432 nostri
1196 396 1198 434 i

430 468 515 490 anno
547 467 582 490 11.

466 519 524 545 Dat.
543 519 588 545 die
607 519 636 545 17
655 517 818 553 septembris
839 517 920 549 1725,
938 516 1040 551 pontif.
1059 524 1132 541 anno
1148 522 1175 541 11.
1197 525 1199 536 ι

762 665 839 699 xct.
1198 667 1199 686 l

429 748 661 790 Reinteyrutur
679 745 722 778 ad
739 744 1022 777 calliedralilatem
1047 742 1179 775 ecclesia

476 800 756 837 Privernens1·.v,0i
778 797 1003 831 Terracinensi
1019 796 1087 828 ‘lind
1106 806 1178 828 cnm
1198 811 1200 837 i

475 853 587 886 Setina
612 862 709 896 aeque
732 851 964 894 principaliter
987 850 1106 882 unitur
1130 848 1151 880 ¹.

609 931 790 958 Benedictus
811 929 999 963 Episcopus,

623 983 733 1003 servus
756 982 913 1002 servorum
935 974 998 1007 Dei,

552 1021 589 1047 ad
609 1022 787 1053 perpetuam
807 1019 852 1045 rei
875 1018 1063 1044 memoriam.

477 1093 582 1135 Super
606 1092 774 1123 universas
801 1090 889 1123 orbis
917 1088 1086 1129 eeclesias,
1113 1099 1200 1120 nie-a

433 1145 503 1178 ritis
522 1145 596 1178 licet
621 1143 812 1186 imparibus,
837 1143 945 1175 divina
964 1141 1177 1184 dispositione

433 1197 613 1237 constituti,
641 1197 678 1229 ad
718 1207 755 1228 ea
791 1196 931 1229 libenter
964 1194 1176 1233 intendimus,

431 1261 493 1294 per
529 1261 609 1293 quae
648 1249 803 1282 eeclesias
842 1248 948 1291 ipsas,
987 1247 1200 1291 praesertinr

432 1303 638 1336 beatissimae
664 1302 805 1344 Virginis
829 1301 947 1334 Mariae
971 1300 1102 1333 nomine
1130 1300 1180 1332 de>

432 1362 558 1390 ceratas
578 1362 609 1389 et
628 1357 661 1388 in
683 1356 869 1389 civitatibus
896 1355 1080 1397 insignibus
1107 1364 1180 1386 con·
1199 1362 1201 1402 t

433 1411 588 1444 sistentes
613 1415 809 1452 nostraeque
847 1408 962 1441 ditioni
995 1407 1177 1446 subiectas,

433 1464 470 1497 ad
498 1464 668 1507 pristinam
696 1473 806 1495 earum
833 1461 1127 1499 catliedralitatem,
1154 1460 1177 1492 si

435 1517 490 1550 illa
515 1518 545 1550 in
573 1517 823 1551 desuetudinem
851 1516 970 1549 abiisse
997 1514 1181 1555 dieatur‚li-

432 1570 522 1603 beuti
560 1570 668 1603 animo
696 1570 916 1608 restituamus,
943 1579 996 1608 ae,
1020 1573 1203 1610 (piatenus⁵

434 1634 515 1667 opus
542 1623 605 1662 sit,
632 1633 686 1655 eas
718 1623 758 1655 de
793 1633 875 1655 noro
908 1621 940 1653 in
976 1621 1180 1654 cathedrales

436 1676 607 1719 erigamus,
634 1687 743 1708 earum
778 1675 990 1718 dignitatibus
1025 1681 1056 1707 et
1087 1685 1182 1707 cano-

435 1730 516 1762 nicis
541 1740 623 1762 nova
653 1729 823 1772 privilegi-‘i
857 1734 889 1761 et
913 1728 1039 1761 indulta
1065 1738 1183 1760 concc-

436 1782 569 1822 damus,
597 1787 716 1825 prout,
750 1781 892 1825 pensatis
929 1780 1182 1813 circumstantiis

435 1835 608 1873 universis,
625 1836 662 1868 ad
679 1834 732 1867 Dei
748 1833 1007 1877 omnipotentis&
1021 1833 1183 1866 eiusdem-

437 1899 498 1932 que
520 1888 659 1931 Yirginis
681 1887 796 1920 Mariae
816 1888 943 1920 laudem
964 1892 995 1920 et
1013 1888 1183 1927 honorem,
1203 1887 1205 1932 j

437 1953 473 1975 ac
498 1943 694 1985 populorum
713 1941 744 1973 in
766 1941 812 1973 eis
830 1940 1018 1983 degentium
1039 1940 1182 1983 quietem
1203 1933 1205 1979 i

437 2002 468 2029 et
487 1995 756 2038 tranquillitatem
778 1994 1001 2037 conspicimus
1024 1993 1054 2026 in
1077 1993 1184 2026 Domi-

437 2060 480 2082 no
505 2049 678 2081 salubriter
702 2047 869 2090 expedire.

483 2103 497 2146 g
523 2103 554 2136 t.
585 2102 661 2135 Cum
694 2101 820 2145 itaque,
848 2101 929 2133 sicut
955 2100 1140 2143 accepimus
1167 2103 1206 2133 a'

441 2156 564 2190 dilectis
591 2155 664 2188 tiliis
701 2155 846 2198 capitulo
874 2160 905 2187 et
930 2156 1018 2187 clero
1046 2153 1206 2195 civitatis2

440 2209 584 2242 Priverni
611 2209 642 2241 in
668 2209 756 2241 Latio
783 2208 863 2240 sitae
896 2214 924 2240 et
952 2206 1068 2240 ditioni
1093 2207 1184 2239 Sedis

441 2262 647 2305 Apostolicae
673 2261 861 2294 immediate
880 2260 1055 2301 subiectae,
1071 2260 1183 2292 eadem

440 2315 563 2353 civitas,
581 2315 622 2348 ob
648 2314 783 2357 originis
810 2313 1047 2357 antiquitatem,
1074 2322 1183 2344 rerum

440 2367 582 2401 omnium
603 2368 642 2401 ad
663 2368 823 2400 humanae
850 2367 931 2399 vitae
957 2377 1048 2398 usum
1076 2375 1185 2398 neces-

478 2466 486 2490 1
513 2463 547 2490 De
568 2464 773 2490 confirmatione
794 2467 819 2489 et
840 2463 1011 2490 innovatione
1040 2461 1185 2488 erectionis

442 2508 572 2536 ecclesiae
592 2508 700 2534 Setinae
715 2508 741 2534 iu
758 2507 953 2541 cathedralem,
970 2511 997 2533 et
1011 2507 1068 2533 eius
1085 2506 1186 2532 unione

442 2561 501 2579 cum
522 2552 635 2579 ecclesia
655 2552 856 2583 Terracinensi,
873 2552 932 2578 vide
953 2551 1033 2577 huius
1050 2550 1186 2577 Pontificis

442 2597 549 2624 constit.
570 2596 635 2622 edit.
657 2602 786 2629 mcccxxv,
808 2596 851 2621 dle
874 2596 904 2621 16
924 2594 991 2628 iulii,
1013 2594 1108 2629 pontif.
1129 2600 1158 2620 11.

478 2642 493 2668 2
514 2640 626 2669 Videtur
646 2640 740 2668 deesse
760 2640 886 2676 yloriam
906 2640 947 2675 (iz.
970 2640 1007 2674 r.)

1223 244 1377 268 ROMANUM

1219 291 1388 324 sariarum¹
1405 291 1597 331 ubertatem,
1613 289 1832 323 aedificiorum
1848 287 1964 331 ampli-

1220 345 1389 384 tudinem,
1418 355 1453 377 ac
1478 344 1697 376 habitatorum
1724 348 1755 375 et
1781 342 1962 374 incolarum

1220 409 1388 431 numerum
1406 404 1544 441 quatuor
1562 397 1648 430 mille
1667 396 1789 429 animas
1803 395 1964 427 exceden-

1222 456 1294 490 tem,
1309 452 1455 494 aliasque
1474 450 1697 492 infrascriptas
1710 448 1963 491 praerogativas,

1222 505 1304 537 inter
1329 504 1563 548 principaliora
1583 504 1656 535 loca
1673 502 1752 534 Latii
1775 501 1962 534 huiusmodi

1221 558 1429 595 adscribitur,
1457 563 1485 589 et
1516 557 1558 588 ibi
1585 556 1675 588 divus
1701 554 1839 587 Thomas
1866 553 1965 597 Aqui-

1223 622 1278 643 nas
1295 616 1511 653 nuncupatus,
1528 610 1604 642 dum
1620 608 1748 646 vireret,
1762 607 1891 640 Ordinis
1909 606 1964 638 fra-

1223 670 1306 696 trum
1329 664 1358 696 S.
1374 663 1532 697 Dominici
1556 662 1820 695 Praedicatorum
1839 671 1964 693 nuncu-

1222 723 1368 760 patorum
1384 727 1536 759 expresse.
1550 716 1727 759 professus,
1741 720 1773 748 et
1785 725 1802 747 a
1816 713 1964 757 pluribus

1222 770 1315 802 annis
1342 770 1486 802 eiusdem
1517 768 1654 801 civitatis
1680 773 1860 810 patronuS‚
1888 765 1964 799 dum

1199 840 1200 848 κ
1223 824 1260 856 ad
1286 823 1502 866 Lugdunense
1528 822 1704 854 concilium
1734 820 1966 863 proficisceba-

1224 883 1284 915 tur,
1311 876 1342 908 in
1376 874 1574 908 monasterio
1605 874 1722 907 Fossae
1751 873 1859 906 Novae
1884 883 1965 905 nuu-

1223 934 1340 972 eupato
1356 928 1578 961 Cisterciensis
1596 927 1722 960 Ordinis
1740 937 1862 960 moram
1881 925 1966 964 fecit,

1222 982 1332 1025 ibique
1359 981 1471 1014 lethali
1498 981 1612 1013 morbo
1638 986 1818 1022 correptus,
1845 988 1962 1021 aegro-

1198 1033 1200 1051 ''
1224 1040 1293 1068 tans
1319 1045 1408 1068 sacra
1430 1034 1566 1068 Cantica
1585 1033 1797 1068 Canticorum
1817 1032 1966 1074 explana-

1223 1088 1275 1127 vit,
1302 1093 1333 1121 et
1356 1087 1554 1120 obdormivit
1578 1086 1610 1119 in
1636 1085 1786 1126 Domino,
1811 1085 1965 1127 illiusque

1224 1134 1424 1174 dot‘nieilium
1456 1141 1488 1173 in
1522 1141 1678 1183 capellam
1704 1150 1776 1172 cum
1801 1137 1892 1171 altari
1916 1147 1966 1170 re-

1224 1195 1351 1227 dactum
1379 1194 1454 1233 fuit,
1481 1194 1592 1236 plures
1629 1193 1661 1225 iu
1699 1192 1811 1225 cadem
1837 1191 1966 1224 civitate

1223 1248 1344 1279 adsunt
1370 1246 1510 1278 familiae
1538 1250 1599 1279 tam
1634 1244 1764 1287 generis
1795 1243 1966 1277 nobilitate

1224 1311 1319 1343 quam
1358 1300 1473 1331 litteris
1509 1305 1540 1331 et
1572 1298 1671 1331 armis
1705 1297 1902 1340 conspicuae
1936 1301 1968 1329 et

1224 1352 1368 1395 propriis
1395 1351 1576 1384 redditibus
1595 1352 1713 1384 decore
1733 1350 1879 1383 viventes
1894 1377 1901 1390 ‚
1921 1349 1969 1382 ul-

1226 1412 1274 1439 tra
1301 1406 1541 1449 infrascriptam
1560 1406 1726 1445 maiorem,
1746 1404 1892 1448 quinque
1909 1413 1969 1436 nu-

1225 1464 1393 1492 merantur
1419 1458 1624 1502 parochiales
1652 1457 1821 1497 ecclesiae,
1848 1457 1880 1489 in
1898 1455 1969 1500 qui-

1225 1514 1284 1546 bus
1306 1513 1487 1545 animarum
1513 1522 1588 1544 cura
1614 1512 1724 1545 debita
1749 1522 1811 1554 qua
1834 1521 1894 1554 par
1918 1515 1968 1543 est

1225 1566 1391 1609 vigilantia
1410 1568 1627 1609 promptaque
1654 1570 1685 1597 et
1709 1564 1838 1597 assidua
1862 1573 1968 1596 sacra-

1226 1624 1412 1652 mentorum
1453 1617 1735 1651 administratione
1771 1621 1965 1655 exercetur,

1227 1677 1369 1716 quatuor
1402 1671 1632 1713 religiosorum
1658 1670 1800 1703 virorum
1825 1678 1967 1702 conven-

1228 1733 1276 1759 tus
1308 1726 1351 1759 ilii
1384 1725 1611 1768 reperiuntur,
1639 1734 1768 1756 necnon
1793 1722 1968 1765 collegium

1227 1779 1423 1812 clericorum
1457 1778 1654 1819 regularium
1680 1777 1851 1810 Doctrinae
1877 1774 1969 1809 Chri-

1227 1833 1349 1866 stianae
1376 1832 1496 1864 ibidem
1525 1832 1723 1864 diversarum
1757 1829 1969 1863 scientiarum

1227 1887 1358 1919 scholas
1386 1884 1594 1924 liubentiuu‘l,
1626 1895 1724 1916 unum
1752 1883 1860 1916 existit
1897 1892 1970 1915 san-

1228 1939 1462 1972 ctimonialium
1498 1936 1750 1976 monasterium,
1788 1947 1872 1980 quae
1905 1935 1970 1968 voti

1229 1992 1383 2026 solemnis
1399 1990 1551 2033 religioni
1567 1995 1774 2022 consecratae
1789 1988 1969 2022 monastico

1204 2063 1206 2077 i
1229 2046 1398 2079 sanctioris
1431 2045 1513 2077 vitae
1545 2043 1691 2076 instituto
1717 2043 1876 2076 illibatam
1901 2051 1969 2075 ser-

1229 2104 1303 2132 vant
1328 2098 1564 2141 virginitatem,
1594 2097 1740 2140 quinque
1760 2096 1856 2128 etiam
1881 2105 1970 2138 repe-

1230 2153 1356 2185 riuntur
1374 2151 1531 2184 laicorum
1551 2149 1845 2190 confraternitates,
1859 2159 1895 2181 ac
1912 2147 1971 2181 tria

1229 2205 1371 2238 oratoria
1396 2204 1522 2247 aliaque
1543 2204 1613 2236 loca
1639 2202 1692 2245 pia
1718 2201 1903 2235 huiusmodi
1925 2212 1972 2234 ca-

1230 2258 1344 2292 nonice
1376 2262 1506 2294 erecta,
1534 2257 1564 2288 in
1592 2256 1708 2299 quibus
1742 2254 1841 2287 divini
1867 2254 1972 2286 cultus

1229 2316 1460 2354 promoventur
1486 2309 1602 2348 officia,
1622 2319 1657 2341 ac
1674 2309 1765 2351 plura
1790 2307 1919 2351 pietatis
1939 2311 1971 2339 et

1970 241 2020 266 Αη.
2036 239 2063 266 C.
2087 240 2149 268 ¹725

1229 2364 1474 2399 misericordiae
1512 2374 1612 2406 opera
1648 2366 1862 2400 exercentur,
1891 2359 1970 2393 illud
2005 2397 2016 2401 x

1229 2429 1303 2452 vero
1329 2418 1416 2461 quod
1443 2417 1481 2450 ad
1508 2416 1664 2449 maiorem
1695 2414 1858 2458 praefatae
1893 2411 1970 2446 civi-

1231 2472 1302 2503 tatis
1329 2470 1415 2503 eedit
1440 2468 1723 2502 honorificentiam
1745 2471 1777 2499 et
1796 2475 1972 2509 praeroga-

1230 2525 1336 2563 tivam,
1355 2522 1581 2555 venustissima
1608 2526 1664 2560 est,
1691 2525 1723 2553 et
1748 2520 1868 2552 decora
1891 2529 1970 2562 pro-

1229 2576 1405 2620 pemodum
1432 2574 1588 2608 ecclesiae
1607 2572 1741 2605 maioris
1760 2571 1906 2605 eiusdem
1927 2572 1971 2605 ci-

1270 2640 1276 2665 t
1301 2637 1366 2665 Itale
1387 2636 1458 2664 Edit.
1477 2636 1561 2663 Maio.
1578 2635 1643 2671 tegit
1660 2633 1853 2663 necessarium
1867 2634 1905 2670 (a.
1922 2634 1971 2670 12).
