2139 3142
779 244 875 267 ianm
904 243 1006 265 κεν-ΗΜ
1555 231 1618 264 877

223 303 338 329 terram
364 296 527 336 Fabi-iani,
553 296 611 329 741
641 298 657 329 b
682 302 712 329 et
735 310 820 343 seq.;
855 301 1001 344 providet
1024 299 1173 334 erectioni
1199 296 1325 338 collegii
1350 293 1487 330 Cerasoli
1512 293 1661 336 illiusque

221 349 328 383 unioni
352 350 487 392 collegio
518 351 609 383 Urbis
633 351 808 392 nobilium,
835 354 929 396 vulgo
954 354 1037 387 dicto
1062 355 1234 391 Nazareno,
1266 349 1329 384 7703
1353 361 1373 382 α
1398 354 1429 381 ct
1450 358 1526 392 seq.;
1552 346 1660 379 decla-

220 408 284 443 rat‚
312 402 402 444 illos,
427 403 480 446 qui
504 413 521 435 a
545 403 576 436 S.
608 405 641 437 R.
671 404 703 436 Ε.
730 407 953 439 communione
978 407 1189 440 ecclesiastica
1221 409 1293 437 sunt
1316 401 1473 446 separati,
1506 411 1569 433 non
1595 411 1663 434 esse

219 456 387 499 participes
411 456 678 499 indulgentiarum
703 458 848 499 jubilaei,
875 458 938 493 785
954 459 971 491 Ι)
987 465 1017 492 et
1034 470 1111 503 seq.;
1137 458 1304 491 confirmat
1328 455 1583 489 constitutionem
1608 455 1660 487 In-

219 510 357 542 nocentii
382 511 448 543 XIII
473 521 567 554 super
599 512 817 555 prohibitione
849 517 1046 545 mercaturae
1078 521 1185 544 rerum
1210 520 1363 542 novarum
1388 508 1527 548 Iudaeis,
1553 507 1618 540 810
1642 521 1662 543 α

221 568 251 595 et
274 563 308 603 b,
334 563 505 605 reintegrat
529 565 695 597 ecclesiam
728 566 757 598 S.
782 565 894 598 Leonis
926 565 1059 597 civitatis
1091 564 1279 596 Feretranae
1308 561 1345 593 ad
1371 561 1662 602 cathedralitatem,

222 614 286 648 820
310 616 327 647 b
352 620 381 647 et
406 626 479 659 seq.;
504 627 620 658 poenas
645 616 757 659 infligit.
782 617 812 649 in
837 617 1045 660 depositarios
1070 622 1097 649 et
1124 616 1285 648 ministros
1316 615 1369 657 qui
1398 614 1529 646 alienam
1563 624 1661 657 pecu-

221 668 306 700 niam
331 669 390 700 sibi
416 669 566 701 creditam
591 669 752 709 fraudant,
777 669 840 702 847
865 681 885 702 a
909 675 938 702 et
961 681 1022 713 seq.

134 721 371 754 Beneventanus
404 722 672 765 archiepiscopus
698 743 742 747 —-
765 723 983 755 Beneventano
1013 722 1251 764 archiepiscopo
1284 726 1317 752 ut
1345 729 1454 752 omnes
1483 720 1667 763 appellatio-

221 786 296 808 num
322 786 441 815 causas,
467 781 528 807 tam
549 775 654 808 civiles
678 785 770 818 quam
797 775 985 816 criminales⁷
1012 775 1042 806 in
1067 775 1181 818 quibus
1200 774 1416 815 delinquentes
1434 773 1584 815 puniendi
1603 783 1666 806 non

222 834 326 861 essent
349 831 450 871 poena
471 828 614 871 corporis
638 828 800 868 afflictiva,
826 839 931 861 coram
958 829 1025 872 ipso
1051 828 1151 861 decidi
1175 827 1341 866 deberent,
1363 836 1546 859 concessum
1572 827 1666 858 fuisse

221 881 259 913 ab
284 882 466 914 Innocentio
491 881 566 921 VIII,
593 882 687 913 refert
712 881 897 913 Benedictus
922 881 1000 920 XIII,
1026 880 1066 913 86
1092 892 1112 913 (ι
1137 886 1166 912 et
1189 890 1265 923 seq.;
1292 880 1373 912 idem
1399 890 1415 911 a
1440 879 1494 912 Pio
1519 879 1556 911 IV
1582 880 1667 913 eirca

223 934 434 977 cognitionem
465 944 628 966 causarum
663 934 693 966 in
723 934 860 966 secunda
892 934 1038 965 instantia
1071 943 1253 965 eoncessum
1287 933 1402 972 fuisse,
1435 932 1527 964 docet
1558 931 1600 964 88
1631 933 1666 972 [13

223 987 400 1030 praedictas
424 987 610 1019 Pontificum
637 987 756 1019 litteras
782 987 969 1026 confirmat,
995 986 1035 1019 89
1060 987 1092 1023 ἐκ
1129 985 1336 1018 Beneventani
1367 985 1598 1027 archiepiscopi
1624 986 1667 1017 fa-

225 1040 354 1072 cultates
380 1039 539 1071 restrictas
564 1050 631 1071 esse
655 1050 672 1071 a
697 1040 792 1072 Paulo
816 1039 872 1079 III,
898 1039 950 1071 sed
977 1045 1083 1082 postea
1109 1039 1146 1070 ab
1171 1038 1281 1070 eodem
1308 1038 1337 1069 in
1364 1038 1528 1080 pristinum
1554 1041 1667 1070 statum

224 1092 384 1124 restitutas
408 1092 515 1131 fuisse,
539 1098 656 1133 narrat,
685 1092 726 1124 87
752 1103 772 1124 α
801 1097 830 1124 et
855 1093 889 1133 ἐν,
916 1092 1000 1125 circa
1024 1093 1258 1125 Beneventanae
1282 1091 1433 1123 ecclesiae
1456 1091 1576 1134 primos
1602 1101 1668 1122 me-

223 1144 291 1177 dios
314 1144 435 1178 fruetus
471 1145 716 1182 beneficiorum,
742 1145 997 1178 constitutionem
1023 1145 1191 1188 quamdam
1218 1144 1261 1176 Pii
1287 1143 1311 1176 lI
1344 1143 1543 1176 confirmarit
1567 1149 1595 1175 et
1626 1144 1669 1175 la-

223 1199 284 1231 tius
307 1198 487 1238 declaravit,
512 1197 575 1230 1136
601 1210 621 1230 α
646 1203 676 1230 et
699 1199 725 1230 I).

137 1252 357 1284 Beneventum.
382 1270 424 1274 —
459 1251 505 1283 Ad
542 1251 776 1283 Beneventanae
801 1250 933 1283 civitatis
971 1252 1210 1283 terraemotibus
1247 1251 1447 1283 labefactatae
1482 1250 1669 1291 utilitatem,

225 1304 449 1346 Gregorianam
476 1303 732 1336 constitutionem
764 1303 802 1335 de
835 1304 979 1345 augendo
1010 1308 1121 1337 ornatu
1147 1303 1238 1336 Urbis
1263 1304 1375 1335 editam
1409 1303 1546 1335 extendit
1574 1304 1671 1335 Bene-

225 1357 327 1389 dictus
346 1357 430 1397 XIII,
449 1357 511 1389 0297
532 1357 549 1387 b
566 1362 593 1388 et
612 1367 694 1399 seq.;
720 1357 750 1388 in
775 1357 915 1389 eiusdem
935 1357 1053 1399 pariter
1079 1357 1243 1389 utilitatem
1261 1357 1410 1388 nonnulla
1427 1355 1543 1395 statuit,
1560 1354 1625 1387 2⁴.)ss
1643 1356 1670 1387 b.

137 1410 391 1442 Bethlehemitae.
403 1429 445 1433 —
456 1409 647 1442 Eorumdem
663 1410 871 1442 resolutiones
884 1410 1153 1452 quasdain,editas
1169 1410 1197 1441 in
1213 1409 1349 1452 capitulo
1363 1409 1500 1450 generali
1516 1418 1670 1447 aznocxxr,

227 1464 322 1495 refert
346 1469 375 1495 et
400 1463 583 1502 confirmat,
609 1462 666 1495 161
698 1463 715 1494 h
740 1469 769 1494 et
798 1473 877 1505 serp,
904 1463 1201 1495 Iletlilehemitarum
1236 1463 1265 1493 iu
1297 1462 1389 1493 indiis
1421 1461 1672 1494 Occidentalibus

223 1516 382 1560 praefecto
400 1516 539 1558 generali
557 1516 605 1548 ius
630 1516 822 1549 convocandi
841 1517 962 1548 vocales
979 1516 1018 1548 ad
1042 1516 1215 1559 capitulum
1242 1515 1388 1557 generale
1412 1518 1441 1547 et
1466 1514 1495 1545 in
1521 1524 1558 1546 eo
1583 1524 1674 1556 prae-

227 1569 347 1601 sidendi
369 1568 529 1609 coneedit⁷
551 1568 612 1600 647
634 1579 653 1601 ct
675 1574 705 1600 et
728 1579 806 1612 seq.,·
833 1568 1015 1600 eorumdem
1042 1570 1146 1601 favore
1170 1568 1336 1601 nonnullas
1361 1567 1599 1600 constitutiones
1624 1578 1675 1599 ca-

226 1623 314 1666 pituli
340 1622 479 1664 generali
513 1622 686 1654 declaratas
711 1622 823 1661 refert,
851 1621 913 1653 697
939 1633 958 1653 (ι
982 1627 1013 1654 et
1036 1633 1118 1665 seq.‚·
1144 1620 1327 1654 eorumdem
1354 1620 1513 1663 praefecto
1537 1623 1567 1652 et
1591 1619 1673 1651 defi—

227 1675 344 1707 nitorio
379 1674 518 1717 generali
550 1674 710 1707 decretum
743 1674 1003 1716 Congregationis
1028 1675 1250 1717 episcoporum
1282 1679 1312 1706 et
1336 1672 1551 1715 regularium,
1577 1682 1674 1715 super

228 1726 427 1759 concedenda
453 1727 568 1759 eisdem
595 1727 739 1759 facultate
764 1726 946 1759 admittendi
972 1727 1094 1769 aliquos
1119 1728 1319 1769 presbyteros
1339 1725 1514 1758 saeculares
1530 1725 1566 1756 ad
1586 1725 1679 1757 habi-

229 1786 294 1812 tum
321 1785 350 1812 et
374 1781 623 1824 professionem,
649 1781 832 1821 confirmat,
858 1780 922 1813 855
947 1792 965 1813 α
992 1785 1021 1811 et
1045 1791 1107 1823 seq.

893 1886 914 1919 C

141 1991 315 2030 Caelestini,
338 1992 409 2024 vide
432 1991 573 2023 Monaclii
599 1991 724 2024 Ordinis
748 1991 778 2025 S.
805 1990 963 2024 Benedicti
987 1989 1246 2031 Congregationis
1270 1988 1527 2022 Caelestinorum.

144 2044 378 2077 Caeremouiale
402 2044 638 2087 episcoporum.
665 2062 709 2066 -—
728 2041 961 2076 Caci-emoniale
986 2041 1208 2085 episcoporum
1235 2045 1323 2072 vetus
1347 2040 1521 2072 innumeris
1541 2039 1681 2071 scatebat

234 2096 406 2135 erroribus,
432 2096 496 2128 508
521 2107 556 2135 (ις
582 2096 620 2128 ab
652 2096 788 2139 ipsomet
812 2094 962 2127 Pontifice
988 2092 1186 2126 emendatum
1220 2093 1288 2131 fuit,
1313 2092 1376 2125 508
1402 2093 1436 2132 b;
1462 2092 1506 2124 sie
1531 2092 1680 2124 emenda-

234 2155 299 2181 tum
325 2149 508 2188 confirmat,
534 2160 569 2181 ae
593 2149 631 2180 ab
656 2148 802 2181 omnibus
827 2146 1057 2179 observandum
1084 2156 1151 2178 esse
1171 2146 1341 2188 praecipit,
1366 2145 1445 2177 ibid.

144 2202 376 2235 Caesenatensis
401 2202 519 2239 civitas,
543 2208 573 2233 et
597 2202 773 2244 episcopus,
797 2201 868 2233 vide
893 2199 1082 2242 llospitalia,
1107 2200 1194 2231 Mons
1219 2198 1357 2241 pietatis,
1383 2203 1413 2229 et
1436 2197 1622 2229 Seminaria.

145 2255 376 2289 Caesenatensis
407 2255 571 2298 episcopus
596 2261 626 2286 et
650 2255 769 2293 clerus⁷
798 2254 869 2286 vide
895 2253 1067 2294 Collegium
1095 2251 1379 2289 Caesenatentium,
1403 2254 1432 2282 et
1457 2250 1679 2282 Seminarium.

146 2308 374 2342 Camerinensis
399 2308 523 2347 civitas,
547 2308 618 2340 vide
642 2307 841 2339 Universitas.

145 2362 293 2396 Canonici
318 2361 478 2403 regulares
504 2361 838 2392 praemonstratenses.
856 2377 899 2382 —
917 2358 1081 2391 Canonieis
1102 2356 1300 2399 regularibus
1322 2355 1683 2388 Praemonstratensibus

234 2414 492 2457 Congregationis
517 2413 683 2456 Hispaniae
707 2412 867 2445 decretum
893 2410 1150 2453 Congregationis
1176 2410 1301 2442 Rituum
1326 2419 1390 2451 quo
1415 2408 1599 2441 conceditur
1623 2409 1684 2441 eis-

235 2467 305 2499 dem
339 2467 467 2498 facultas
499 2466 648 2498 recitandi
683 2465 711 2497 ln
745 2470 905 2508 posterum
938 2464 1039 2496 officia
1070 2463 1293 2495 nonnullorum
1324 2461 1510 2494 Sanctorum
1540 2461 1683 2493 eiusdem

235 2519 359 2552 Ordinis
382 2519 597 2557 confirmatur,
622 2517 686 2550 206
711 2529 731 2550 a
755 2523 786 2550 et
811 2517 851 2556 b,·
876 2517 950 2549 item
979 2516 1139 2549 decretum
1165 2515 1325 2558 praefatae
1347 2513 1607 2556 Congregationis
1623 2524 1683 2556 pro

237 2572 438 2605 concessione
459 2572 609 2604 recitandi
633 2572 662 2603 in
680 2571 826 2603 universo
849 2569 964 2603 Ordine
985 2569 1088 2602 officia
1114 2568 1207 2601 trium
1226 2573 1422 2607 sanctorum,
1446 2566 1510 2600 648
1535 2567 1568 2606 b;
1595 2576 1685 2610 prae-

232 2624 390 2657 dictorum
410 2624 667 2667 Congregationis
688 2623 909 2667 Hispaniarum
927 2622 1105 2655 definitor-io
1122 2621 1260 2665 generali
1279 2621 1407 2653 facultas
1433 2620 1558 2652 creandi
1582 2629 1681 2652 unum
