2170 3147
23 268 71 302 An.
88 273 116 300 c.
138 272 206 300 1724

77 1596 209 1617 Cssnfit‘malio

26 1622 88 1644 relati
103 1624 189 1644 decreti.

801 272 995 298 BENEDICTUS
1023 273 1079 296 xm
1105 273 1153 296 ΡΡ.

215 321 339 360 benigne
364 322 484 352 indulsit
507 327 538 352 ut
562 326 645 361 pater
668 322 855 362 provincialis
874 331 956 361 prae-

216 369 289 400 fatae
304 370 483 409 provinciae,
501 371 579 400 veris
603 370 796 401 existentibus
819 370 956 405 narratis,

217 419 414 448 fundationem
438 419 580 458 praedicti
599 420 746 449 seminarii
764 419 959 448 missionario-

216 476 278 496 rum
301 467 357 496 sibi
380 473 405 497 et
426 468 591 498 delinitorio
615 468 785 507 provinciali
803 468 831 496 in
849 477 907 496 uno
923 476 956 496 ex

215 516 407 546 conventibus
443 517 571 546 eiusdem
608 517 774 555 provinciae
806 515 955 553 beneviso,

216 565 294 594 iuxta
327 565 458 599 sormam,
483 566 712 602 praerogativas,
746 564 896 603 privilegia
929 558 979 606 et}

217 622 304 644 onera
329 617 464 642 contenta
487 613 515 642 in
540 613 707 651 praecitatis
730 612 869 642 Brevibus
891 622 955 641 san·
976 607 978 634 ‘³

216 666 276 690 rtae
299 660 456 690 memoriae
478 660 641 690 lnnocentii
664 660 710 699 xl,
732 669 784 699 pro
807 670 859 689 suo
878 660 954 689 arbi·
976 685 977 690 ,

217 709 272 738 trio
295 712 322 737 et
346 708 537 746 conscientia,
567 708 691 738 servatis
719 708 882 744 servandis,
906 708 953 737 de·
975 739 976 742 ,

216 757 326 795 veniat,
354 757 522 786 immediata
547 761 643 786 tamen
667 757 881 793 iurisdictione,
898 757 955 786 ele-

216 805 311 835 ctione
342 805 507 843 guardiam,
531 809 559 834 et
586 805 753 844 receptione
776 805 952 835 novitiorum

216 854 354 892 (neptis,
372 863 446 893 quae
462 857 626 883 reservatae
642 853 844 891 intelligantur
860 853 952 882 cidem
974 870 976 891 t

216 901 387 940 provinciali
422 901 505 931 modo
540 911 627 941 supra
656 901 812 940 descripto,
837 906 864 931 et
888 910 952 931 cum
974 894 975 904 ¹

215 951 355 989 expressa
370 950 456 979 etlam
473 950 640 980 conditione
661 954 690 979 ut
707 950 835 988 religiosi
855 950 953 979 istius·
973 953 975 973 1

217 999 292 1028 modi
317 999 483 1038 provinciae
510 1008 560 1028 seu
592 999 742 1028 seminarii
774 999 809 1028 de
838 1008 895 1028 uno
918 999 952 1028 ad
974 1017 975 1022 ,

217 1047 295 1077 aliud
318 1048 506 1077 seminarium
531 1048 651 1077 alterius
673 1048 840 1087 provinciae
858 1052 953 1077 trans·
973 1065 975 1076 0

218 1097 271 1135 ire,
292 1102 320 1126 et
342 1097 519 1135 guardianus
542 1097 628 1127 huius
650 1097 799 1126 seminarii
822 1097 951 1134 erigendi
974 1118 975 1122 ,

217 1145 369 1183 religiosos
391 1145 513 1175 aliarum
530 1145 646 1175 Ordinis
670 1145 884 1184 provinciarum
908 1154 953 1174 ac·
973 1150 975 1163 ³

218 1198 332 1232 ceptare
367 1194 487 1223 minime
520 1193 631 1232 possint
653 1197 679 1222 et
704 1193 836 1229 valeant3
861 1193 952 1222 sirmis
973 1207 975 1213 ·

219 1242 387 1281 ceteroquin
412 1243 532 1280 integris
555 1246 583 1271 et
604 1242 712 1272 illaesis
735 1241 953 1271 remanentibus

219 1291 354 1321 omnibus
385 1292 449 1321 aliis
481 1291 702 1330 praerogativis,
730 1291 975 1321 auctoritatibus

219 1344 246 1369 et
268 1339 522 1379 superioritatibus
545 1339 649 1369 debitis
671 1345 698 1369 et
720 1339 953 1378 competentibus

220 1388 294 1427 patri
317 1388 450 1418 ministro
472 1388 598 1427 generali
615 1388 742 1418 Ordinis.
760 1388 820 1417 Non
838 1387 953 1417 obstan-

220 1435 307 1470 tibus,
332 1441 387 1466 etc.
413 1437 530 1474 Romae,
555 1446 589 1466 xx
613 1436 727 1475 augusti
750 1444 952 1466 mmmmm.—

220 1484 252 1513 F.
276 1485 355 1514 card.
385 1485 559 1515 ramnus.
593 1502 630 1507 -
662 1485 693 1515 F.
718 1485 953 1524 archiepiscopus

221 1532 426 1571 Damascenus‚
450 1533 634 1563 secretarius.

264 1582 278 1623 ἓ
303 1581 333 1614 ⁶2.
361 1582 435 1614 Cum
462 1588 593 1622 autem,
622 1583 705 1615 sicut
730 1582 833 1615 dictus
859 1582 951 1614 loan-

219 1643 276 1667 nes
294 1640 486 1677 procurator
512 1635 670 1677 generalis
697 1635 789 1667 nobis
815 1628 975 1667 subinsteI

219 1688 335 1730 exponi
355 1688 440 1728 fecit,
461 1688 529 1730 ipse
549 1688 718 1731 privilegia
737 1687 951 1727 liuiusmodi⁴,
972 1713 973 1727 2

218 1751 282 1784 quo
308 1740 427 1773 firmius
452 1741 625 1774 subsistant
649 1747 681 1774 et
705 1747 875 1774 serventur
900 1751 952 1774 ex·
972 1755 973 1784 ᾗ

218 1793 328 1833 actius,
344 1795 541 1837 apostolicae
555 1793 809 1827 confirmationis
825 1800 950 1827 nostrae

217 1847 396 1890 patrocinio
423 1847 612 1880 communiri
639 1858 844 1890 summopere
871 1848 973 1888 desi-¹

217 1900 325 1933 deret:
344 1909 411 1938 nos,
426 1900 600 1943 specialem
619 1901 680 1943 ipsi
703 1900 811 1933 Ioanni
839 1911 952 1943 procu-

216 1953 315 1984 ratori
334 1953 475 1994 generali
502 1954 636 1996 gratiam
664 1953 768 1986 facere
793 1954 949 1994 volentes,

218 2015 355 2048 eumque
374 2016 390 2038 a
407 2006 574 2048 quibusvis
597 2007 950 2047 excommunicationis,

217 2058 439 2102 suspensionis
455 2065 485 2092 et
503 2059 683 2099 interdicti,
699 2059 835 2102 aliisque
850 2062 952 2093 eccle·
971 2063 973 2091 ἶ

219 2108 354 2141 siasticis
372 2108 555 2149 sententiis,
575 2111 722 2143 censuris
740 2116 771 2143 et
788 2111 918 2154 poenis,
935 2122 950 2144 a
972 2106 973 2128 3

219 2160 288 2193 iure
306 2162 354 2194 vel
373 2161 411 2193 ab
431 2161 574 2201 bomine,
591 2163 700 2205 quavis
716 2163 886 2196 occasione
901 2165 950 2197 vel

218 2216 315 2246 causa
339 2213 422 2254 latis,
450 2215 475 2247 si
503 2215 617 2258 quibus
642 2216 886 2258 quomodolibet
905 2216 951 2249 in—

218 2266 357 2299 nodatus
383 2267 515 2306 existit,
542 2268 579 2300 ad
616 2268 766 2301 effectum
798 2278 973 2311 praesen-¹

218 2319 295 2352 tium
324 2320 488 2352 dumtaxat
522 2321 810 2363 consequendum,
838 2322 950 2354 barum

1654 263 1696 296 53

979 331 981 372 Ι
1002 322 1115 354 bamus
1141 327 1172 354 et
1196 321 1437 361 confirmamus,
1464 322 1579 365 illique
1604 321 1738 354 inviola-

979 374 1074 407 ibilis
1101 375 1300 417 apostolicae
1326 374 1484 407 firmitatis
1510 375 1610 408 robur
1627 374 1738 407 adiici—

978 426 1124 468 Jcimus:
1159 428 1244 460 salva
1282 433 1389 460 tamen
1426 438 1557 470 semper
1588 427 1619 459 in
1645 437 1739 470 prae-

1000 479 1106 511 missis
1132 480 1322 513 auctoritate
1340 485 1538 513 memoratae
1556 480 1738 522 Congrega-

1000 531 1098 564 tionis
1124 532 1351 566 cardinatium.

1041 584 1056 626 ἓ
1079 583 1111 617 3.
1141 584 1373 623 Decernentes,
1392 585 1521 618 easdem
1547 591 1737 628 praesentes

976 645 978 683 1
997 635 1122 669 litteras
1144 647 1277 680 semper
1294 637 1413 677 firmas
1437 638 1560 671 validas
1582 643 1612 671 et
1635 638 1739 670 effica-

975 692 977 728 j
997 698 1050 721 ces
1072 689 1209 722 existere
1235 695 1267 722 et
1291 690 1370 730 sore,
1397 701 1538 734 suosque
1571 691 1738 734 plenarios

975 757 976 788 3
997 747 1029 774 et
1054 741 1200 784 integros
1222 741 1354 776 effectus
1375 743 1483 775 sortiri
1511 749 1542 776 et
1567 744 1737 782 obtinere,

974 793 976 807 ¹
996 805 1031 827 ac
1053 794 1128 834 illis,
1154 795 1192 827 ad
1212 805 1294 838 quos
1319 800 1444 839 spectat
1461 801 1491 829 et
1512 807 1570 840 pro
1589 802 1736 839 tempore

997 848 1170 890 spectabit,
1188 848 1220 880 in
1245 849 1395 881 omnibus
1421 851 1458 882 et*
1468 860 1528 892 per
1544 849 1653 882 omnia
1669 850 1738 892 ple-

996 900 1129 934 nissime
1156 900 1334 944 suffragari,
1362 907 1393 935 et
1417 902 1456 935 ab
1482 902 1528 935 eis
1556 902 1735 946 respective

996 953 1229 987 inviolabiliter
1252 954 1428 995 observari,
1451 955 1562 998 sicque
1590 956 1621 988 in
1644 965 1736 998 prae-

995 1005 1100 1038 missis
1111 1016 1399 1050 perquoscumque
1414 1007 1538 1040 iudices
1552 1007 1737 1040 ordinarios

973 1079 975 1098 ν,
996 1064 1026 1092 ct
1043 1059 1217 1102 delegatos,
1230 1060 1326 1093 etiam
1343 1070 1514 1093 causarum
1530 1061 1642 1103 palatii
1662 1071 1738 1104 apo—

995 1113 1102 1146 stolici
1128 1113 1310 1154 auditores,
1327 1114 1465 1147 iudicari
1483 1119 1515 1147 et
1533 1113 1661 1147 deliniri
1681 1114 1735 1147 de-

995 1166 1084 1206 here,
1099 1177 1136 1199 ac
1159 1166 1287 1199 irritum
1308 1173 1341 1200 et
1357 1167 1454 1200 inane
1473 1167 1499 1200 si
1518 1177 1613 1200 secus
1636 1177 1737 1210 super

996 1218 1047 1251 his
1083 1230 1100 1252 a
1136 1230 1300 1263 quoquam
1316 1247 1323 1261 ‚
1361 1220 1476 1264 quavis
1513 1220 1709 1253 auctoritate
1729 1248 1735 1259 ,

973 1273 1138 1307 tscienter
1166 1275 1215 1306 vel
1249 1274 1458 1316 ignoranter,
1486 1274 1662 1317 contigerit
1690 1279 1735 1307 at·

997 1326 1129 1358 tentari.

1040 1378 1100 1421 gli.
1121 1377 1189 1411 Non
1215 1379 1423 1412 obstantibus
1443 1379 1734 1413 constitutionibus

996 1437 1028 1463 et
1051 1431 1314 1464 ordinationibus
1333 1432 1530 1475 apostolicis,
1551 1432 1732 1476 ceterisque

996 1484 1166 1517 contrariis
1192 1484 1462 1528 quibuscumque.

1039 1537 1152 1569 Datum
1171 1537 1303 1577 Romae,
1322 1538 1406 1579 apud
1431 1537 1462 1570 S.
1496 1538 1624 1572 Petrum
1645 1565 1651 1578 ‚
1677 1539 1736 1571 sub

973 1617 974 1624 ,
995 1591 1116 1623 annulo
1134 1590 1321 1629 piscatoris,
1339 1590 1390 1623 die
1406 1601 1443 1624 xx
1462 1591 1541 1624 iunii
1559 1601 1733 1633 Mncuxxw,

996 1642 1204 1686 pontificatus
1229 1643 1333 1675 nostri
1356 1654 1443 1676 anno
1469 1654 1487 1676 t.

1031 1705 1091 1731 Dat.
1114 1704 1156 1731 die
1178 1704 1211 1731 ΞΟ
1231 1704 1297 1731 iunii
1319 1704 1398 1739 1724,
1423 1705 1520 1740 pontis.
1543 1714 1614 1731 antio
1636 1712 1652 1731 t.

1326 1856 1401 1888 xm

995 1935 1159 1969 Inciditur
1201 1937 1386 1969 universate
1430 1937 1606 1970 iubiluemn
1653 1939 1736 1971 anni

1201 1990 1306 2022 sancti
1329 1999 1477 2023 unccxxv
1503 1990 1523 2022 ⁸.

1171 2078 1353 2106 Benedictus
1375 2079 1537 2112 episcopus
1552 2100 1556 2111 ,

972 2148 973 2161 ¹
1154 2130 1264 2149 servus
1298 2130 1456 2150 servorum
1489 2123 1559 2154 Dei.

971 2167 973 2205 1¹
993 2165 1145 2193 universis
1167 2166 1419 2193 christifidelibus
1445 2170 1623 2200 praesentes
1648 2168 1734 2196 litta-

971 2208 974 2253 1
1028 2217 1077 2236 tas
1097 2210 1283 2244 inspecturis
1301 2231 1307 2243 ,
1330 2212 1460 2238 salutem
1486 2214 1517 2238 et
1538 2212 1734 2244 apostolicum

971 2256 973 2283 l
1029 2254 1279 2282 benedictionem.

971 2304 973 2312 t

971 2316 973 2369 j
1039 2325 1238 2369 Redemptor
1264 2331 1295 2358 et
1320 2326 1469 2358 dominus
1499 2332 1612 2360 noster
1645 2328 1733 2361 lesus

1744 273 1792 298 Au.
1812 272 1839 299 C.
1863 272 1932 300 1724

1777 596 1896 616 clamatae.

1772 1385 1930 1406 contrariorum

1745 1412 1865 1437 damuatio.

1785 2337 1895 2357 Exordium
1915 2342 1926 2356 ι
1941 2329 1946 2337 “

1720 2378 1722 2382 ,
1743 2364 1871 2384 norexsitate
1891 2366 1927 2382 tmv

218 2372 302 2405 serie
320 2373 528 2406 absolventes
545 2379 577 2406 et
591 2374 772 2406 absolutum
791 2374 858 2406 sore
877 2385 952 2407 cen·
971 2373 974 2419 1
994 2376 1141 2410 Christus
1159 2405 1165 2418 ‚
1194 2378 1381 2421 unigenitus
1408 2379 1462 2412 Dei
1496 2379 1579 2413 silius
1595 2407 1602 2421 ,
1640 2381 1731 2414 cuins
1743 2389 1840 2414 moran-n
1858 2390 1927 2410 caua-

216 2430 338 2465 sentes,
354 2426 646 2469 supplicationibus
665 2428 731 2460 eius
748 2429 876 2462 nomine
895 2439 951 2462 no-

216 2478 266 2511 bis
290 2489 389 2521 super
415 2479 477 2512 lioc
504 2479 669 2513 humiliter
687 2481 950 2524 porrectisincti-

216 2532 292 2571 nati,
310 2532 475 2565 decretum
494 2533 740 2576 praeinsertum,
755 2535 949 2568 auctoritate

217 2585 408 2629 apostolica,
436 2591 548 2619 tenore
573 2589 808 2630 praesentium,
835 2598 950 2631 appro-

212 2644 232 2656 ’“
254 2649 264 2675 1
286 2646 382 2675 Vocem
402 2647 565 2676 huiusmodi
585 2657 634 2676 uos
655 2649 778 2677 addimus
799 2650 837 2687 (n.
854 2651 903 2687 τ.).

1031 2476 1039 2501 1
1065 2474 1191 2501 Ultimum
1213 2475 1360 2503 iubilaeum
1381 2476 1442 2502 anni
1463 2477 1547 2503 sancti
1572 2484 1640 2504 nnec
1662 2478 1732 2504 indi-

994 2522 1066 2545 ctum
1088 2519 1138 2544 fuit.
1157 2519 1190 2545 ab
1211 2518 1368 2547 Innocentio
1381 2520 1423 2547 ΧΗ
1448 2525 1534 2548 const.
1548 2521 1589 2548 ed.
1608 2529 1733 2553 MDcxcix,

993 2562 1035 2589 die
1059 2564 1088 2590 ts
1109 2564 1183 2595 maii,
1205 2564 1300 2599 pontif.
1323 2571 1378 2591 vui.
1399 2565 1476 2592 Aliud
1491 2566 1638 2593 iubilaeum
1655 2565 1733 2593 huius

993 2605 1131 2634 pontificis
1149 2615 1196 2642 pro
1216 2607 1292 2635 initio
1312 2608 1352 2635 sui
1375 2609 1546 2643 pontificatus
1568 2610 1626 2637 vide
1648 2612 1732 2644 supra

992 2658 1053 2686 pag.
1076 2651 1109 2678 50
1129 2651 1143 2678 b
1163 2655 1189 2679 et
1209 2660 1267 2687 seq.
1290 2653 1328 2687 (a.
1346 2653 1394 2688 r).
