2170 3147
235 221 284 245 An.
301 219 330 244 G.
353 217 420 243 {727

236 281 334 301 tvm-toris
353 264 606 300 taum-salubriter
627 263 764 302 insistit,
783 262 974 304 ignoramus
993 261 1090 303 plane
1108 259 1174 302 qui-

236 309 275 327 bus
293 307 420 329 extulerunt,

237 339 292 359 quae
309 336 328 352 rt
344 333 420 352 contir-

236 362 326 380 utantur.

468 207 532 239 536

431 317 490 349 bus
518 318 606 350 illam
633 316 785 348 laudibus
811 325 871 358 pro
897 314 1023 356 magnis
1049 313 1116 346 suis
1141 312 1174 344 in

431 370 610 402 Ecclesiam
629 368 755 401 meritis
774 367 980 400 extollamus.
1001 366 1107 399 Satius
1126 375 1176 398 er-

432 434 472 465 go
499 423 537 454 ad
559 422 746 454 absolutum
773 420 860 453 illius
885 419 1097 463 praeconium
1120 429 1177 461 pu-

434 482 536 508 tamus
562 484 841 513 commemorare,
878 474 983 516 ipsam
1009 483 1044 505 ex
1071 472 1178 505 Salva-

433 528 510 560 toris
536 527 678 559 crucifixi
715 537 790 565 ore,
830 526 925 558 sicuti
957 525 1009 568 pie
1041 530 1177 557 testatur

434 580 587 619 historia,
615 579 715 611 fuisse
741 578 932 621 probatam,
959 583 990 610 et
1015 577 1176 610 constanti

432 632 639 665 Summorum
672 631 866 664 Pontificum
904 630 1092 663 testimonio
1126 641 1178 662 or-

432 685 583 718 thodoxis
623 685 883 718 commendatam
924 684 1066 727 populis.
1107 684 1177 717 Iloc

432 739 638 782 potissimum
654 739 719 771 suis
735 738 1028 771 constitutionibus
1047 743 1079 770 et
1093 737 1178 770 litte-

432 793 476 825 ris
501 791 691 835 apostolieis
708 791 902 834 praestitere
920 791 1060 823 Ioannes
1079 791 1176 833 vulgo

431 845 512 877 XXII
545 845 578 877 in
613 849 718 877 const.
746 855 804 882 xx,
832 843 924 876 cuius
961 843 1090 875 initium
1121 844 1178 876 Re-

431 898 644 941 demptionem
671 897 775 936 misit,
800 907 837 930 xv
858 897 1016 929 kalendas
1034 896 1175 938 augusti,

433 962 485 984 an.
500 951 629 984 Domini
647 960 825 989 uccexxnu
845 949 995 983 Clemens
1015 949 1051 981 Vl
1069 955 1174 982 const.

432 1004 472 1037 In
499 1003 631 1043 Ordine,
653 1014 709 1036 rur
736 1003 808 1035 idus
826 1002 984 1035 ‘februarii
1003 1012 1175 1042 mcccxmv,

434 1057 581 1089 Urbanus
606 1057 628 1087 Y
654 1057 685 1088 in
712 1056 946 1099 diplomatibus
978 1055 1132 1098 Copt'osus
1149 1059 1177 1087 et

435 1111 639 1149 [απαῑιιὸῖίίς7
680 1111 745 1142 dat.
781 1121 799 1142 x
837 1110 992 1142 kalendas
1035 1109 1103 1142 iulii
1145 1114 1177 1140 et

433 1164 539 1206 pridie
567 1163 722 1196 kalendas
753 1162 951 1205 septembris
975 1171 1176 1201 necetxvun

432 1216 463 1249 S.
480 1216 553 1248 Pius
573 1216 603 1255 V,
622 1226 724 1253 xxxvi,
743 1215 909 1247 Mirabilis
930 1215 1027 1253 Deus,
1052 1225 1088 1248 111
1107 1215 1177 1247 idus

433 1269 545 1312 aprilis
572 1278 718 1307 Manviu
738 1267 844 1300 Sixtus
872 1268 902 1306 V,
921 1278 1023 1306 LXXVI,
1047 1268 1177 1300 Trium-

430 1323 578 1364 plemeus,
606 1321 712 1364 pridie
739 1321 810 1354 idus
836 1321 943 1353 martii
973 1331 1176 1361 tttDLxxxle,

432 1375 579 1408 Clemens
605 1374 681 1414 vill,
704 1374 746 1407 In
771 1385 835 1417 quo
861 1385 926 1413 1108,
955 1380 987 1406 et
1008 1374 1178 1414 tamztum

431 1428 589 1470 prodesse,
609 1437 673 1460 xxii
691 1427 877 1460 novembris
896 1437 1018 1465 MDCIH,
1039 1434 1070 1459 et
1087 1427 1178 1460 Sicut

433 1481 598 1523 iznycli...·,
624 1481 741 1513 Paulus
767 1481 788 1512 V
814 1479 1094 1523 Splendidissimz}
1112 1490 1177 1513 xvu

434 1534 615 1566 decembris
641 1543 762 1571 micvu,
779 1539 810 1565 et
840 1533 1023 1566 Alexander
1039 1533 1087 1565 VII
1111 1533 1178 1566 Lil-

435 1592 534 1625 leras,
561 1598 604 1620 ru
630 1587 757 1629 augusti
784 1596 903 1619 niuem.
935 1587 1073 1629 AEquum
1102 1597 1177 1619 vcro

435 1646 503 1672 erat
528 1646 563 1672 ut
584 1641 731 1682 angelica
759 1640 907 1672 doctrina
936 1639 1014 1671 tanti
1033 1640 1178 1672 doctoris

435 1704 498 1726 uon
516 1693 704 1735 vulgaribus
723 1692 892 1725 etl'erretur
910 1692 1076 1731 encomiis,
1096 1703 1177 1735 quae

435 1748 513 1779 solis
550 1747 653 1779 instar
690 1747 846 1778 muudum
883 1745 1069 1777 universum
1105 1746 1179 1778 illu—

434 1806 538 1832 strans
574 1800 740 1832 uberrima
776 1799 976 1831 christianae
1012 1798 1178 1831 Ecclesiae

435 1854 519 1884 bona
546 1852 675 1895 peperit
701 1853 849 1895 paritque
876 1851 907 1883 in
935 1851 1002 1884 dies
1029 1851 1177 1894 singulos

435 1907 606 1948 i‘nultIplici
635 1908 738 1937 l‘ructu
756 1933 763 1945 ‚
789 1916 941 1948 supremo
972 1906 1178 1947 Apostolicae

435 1959 525 1990 Sedis
552 1959 742 2000 magisterio
768 1960 925 1990 adversus
955 1968 1178 2000 quoscumque

438 2016 561 2043 veteres
601 2022 637 2043 ac
674 2016 823 2043 recentes
850 2020 999 2049 errores,
1026 2021 1105 2053 quos
1132 2022 1179 2043 re-

436 2064 545 2103 xiucit,
574 2065 762 2097 fidelissime
788 2065 959 2097 famulans.
982 2064 1100 2096 Eadem
1120 2076 1178 2097 nos

436 2129 564 2162 «pioque
606 2118 765 2151 diuturnis
803 2124 898 2161 atque
934 2117 1070 2150 assiduis
1112 2118 1178 2150 sere

437 2171 666 2214 experimentis
692 2171 796 2213 probe
824 2176 1006 2209 noscentes,
1024 2181 1082 2213 per
1099 2171 1178 2203 alias

438 2224 617 2266 peculiares
657 2229 783 2256 nostras
826 2224 948 2256 litteras
984 2223 1178 2266 incipientes

439 2277 600 2309 Dcmi‘ssas
636 2287 765 2319 qu‘ccCS,
803 2277 892 2309 datas
927 2287 958 2309 vr
995 2277 1179 2309 novembris

438 2339 617 2368 MDCCXXIV,
644 2329 822 2361 calumnias
856 2330 1002 2362 ciusdem
1032 2330 1178 2371 Angelici

440 2383 581 2414 doctoris
614 2390 644 2415 ct
675 2383 705 2415 S.
734 2383 907 2425 Augustini
945 2383 1111 2416 doetrinae
1139 2389 1180 2416 te-

440 2446 528 2468 mere
549 2436 706 2477 irrogatas
726 2436 926 2472 retudimus,
944 2442 993 2474 et,
1019 2442 1115 2479 prout
1132 2437 1179 2468 rei

441 2489 577 2529 gravitas
596 2488 810 2529 exposcebat,
832 2488 1033 2520 auctoritatis
1052 2494 1180 2521 nostrae

1012 212 1190 236 BULLARIUM
1217 211 1372 235 ROMANUM

1217 258 1249 291 S.
1276 260 1418 293 Thomae
1440 260 1620 293 doctrinam
1638 271 1724 292 nune
1746 259 1877 299 edituri,
1898 270 1962 303 quo

1218 312 1320 355 magis
1360 313 1526 356 magisque
1568 313 1834 346 praedicatorum
1874 312 1962 346 Ordo

1219 366 1386 409 ceterique
1411 367 1587 400 orthodoxi
1623 377 1660 399 ae
1693 366 1759 399 veri
1785 366 1888 409 ipsius
1913 377 1963 399 se-

1219 426 1363 453 ctatores
1382 421 1421 453 ad
1438 420 1525 461 illius
1543 420 1703 453 sinceram
1721 425 1753 452 et
1770 425 1869 452 tutam
1888 431 1963 464 pro-

1221 474 1396 506 fessionem
1431 473 1696 512 inflammentur,
1722 472 1906 515 praedictas
1932 483 1964 506 o-

1220 537 1313 559 mnes
1330 530 1360 560 et
1376 527 1521 569 singulas
1543 526 1754 558 decessorum
1774 531 1963 558 nostrorum

1221 579 1485 619 constitutiones,
1510 579 1653 618 litteras,
1678 589 1749 617 seu,
1776 584 1812 611 ut
1836 583 1963 619 vocant,

1220 632 1351 672 Brevia,
1376 642 1505 664 necnon
1530 631 1640 664 omnia
1665 636 1698 664 et
1717 631 1845 673 singula
1865 631 1898 663 in
1916 631 1963 664 eis

1221 690 1394 725 contenta,
1422 686 1591 727 suprema,
1618 695 1681 727 qua
1705 684 1885 726 fungimur,
1911 694 1966 716 au-

1220 738 1380 774 ctoritate,
1406 742 1508 777 motu,
1534 737 1669 770 seientia
1695 742 1727 770 et
1751 737 1964 770 deliberatio-

1221 801 1261 823 ne
1280 790 1481 833 praemissis,
1501 790 1770 832 comprobamus,
1790 795 1821 822 et
1838 800 1962 830 rursus,

1221 849 1382 886 quatenus
1397 853 1478 885 opus
1493 842 1600 881 suerit,
1618 852 1689 874 cum
1703 841 1855 885 ipsismet
1868 842 1965 875 editis

1221 907 1325 939 nuper
1342 907 1359 928 a
1376 895 1472 928 nobis
1489 895 1609 928 litteris
1634 895 1837 928 innovamus.
1855 894 1895 928 Ut
1912 906 1966 928 au-

1222 956 1284 982 tem
1311 949 1490 982 turbulenti
1521 959 1557 981 ac
1588 948 1773 991 pertInaces
1805 948 1965 991 tranquil-

1221 1003 1319 1035 litatis
1345 1001 1512 1035 Ecclesiae
1545 1001 1726 1034 catholicae
1756 1001 1966 1044 perturbato-

1221 1066 1271 1088 res
1308 1055 1458 1088 desinant
1493 1054 1711 1086 orthodoxam
1747 1053 1779 1086 S.
1818 1053 1965 1086 Thomae

1221 1108 1403 1141 doctrinam
1429 1107 1640 1146 calumniari,
1669 1117 1705 1138 ac
1732 1116 1773 1138 ne
1808 1106 1964 1150 deinceps

1220 1161 1444 1205 praeposteris
1471 1166 1504 1193 et
1528 1171 1545 1192 a
1568 1160 1704 1192 veritate
1727 1159 1843 1192 alienis
1867 1159 1967 1192 inter-

1220 1215 1459 1258 pretationibus
1496 1212 1693 1256 apostolicas
1725 1212 1812 1255 ipsas
1838 1212 1966 1245 litteras

1220 1273 1360 1306 nostras,
1386 1277 1453 1299 non
1478 1266 1548 1298 sine
1567 1268 1693 1308 aperta,
1713 1270 1748 1297 ut
1765 1265 1964 1308 accepimus,

1222 1321 1329 1353 verbis
1355 1319 1476 1352 nostriS
1501 1329 1537 1351 ac
1562 1319 1658 1351 etiam
1684 1319 1892 1351 decessorum
1910 1329 1967 1352 no-

1221 1380 1362 1407 strorum
1400 1372 1541 1415 irrogata
1577 1372 1756 1412 violentia,
1781 1378 1844 1405 tam
1870 1372 1966 1406 Prae-

1222 1429 1404 1461 diCatorum
1431 1427 1606 1465 Ordinem,
1632 1436 1728 1469 quam
1763 1425 1845 1458 alios
1869 1435 1965 1459 veros

1223 1481 1308 1514 illius
1340 1481 1481 1513 asseclas
1520 1484 1552 1511 ct
1586 1484 1762 1511 sectatores
1800 1478 1966 1511 incessere

1222 1534 1383 1572 audeant,
1408 1531 1538 1565 constit.
1571 1541 1670 1564 xcvul
1696 1531 1754 1572 (at.
1776 1530 1853 1573 260)
1880 1541 1964 1575 quae

1222 1587 1336 1630 incipit
1358 1585 1542 1619 pastoralis
1560 1585 1676 1627 officii,
1695 1584 1797 1618 felicis
1818 1586 1967 1618 recorda-

1223 1641 1320 1672 tiouis
1346 1639 1522 1672 Clementis
1551 1638 1588 1670 >21
1619 1638 1837 1681 omnibusque
1869 1639 1902 1670 in
1928 1640 1967 1671 ea

1221 1693 1383 1726 contentis
1401 1691 1540 1723 firmiter
1557 1691 1777 1731 inhaerentes,
1791 1691 1851 1723 sub
1866 1691 1966 1724 divini

1221 1746 1489 1779 interminatione
1526 1744 1660 1782 iudicii,
1687 1744 1870 1787 iterumque
1905 1745 1966 1778 sub

1221 1799 1387 1832 canonicis
1412 1798 1550 1841 poenis,
1577 1797 1728 1829 omnihus
1762 1803 1794 1830 et
1828 1797 1965 1840 singulis

1222 1851 1491 1885 christititlchbus
1511 1851 1711 1889 mandamus,
1727 1861 1767 1883 ne
1782 1851 1967 1884 doctrinam

1222 1904 1395 1937 memorati
1422 1903 1524 1935 sancti
1552 1902 1708 1942 doctoris,
1736 1903 1872 1946 eiusque
1890 1903 1967 1936 insi-

1223 1969 1317 2000 gnem
1345 1958 1377 1990 in
1403 1957 1546 1990 Ecclesia
1576 1956 1743 1993 scholam,
1770 1957 1964 1999 praesertim

1222 2012 1274 2043 ubi
1314 2013 1344 2043 iu
1383 2011 1495 2043 cadem
1529 2010 1642 2042 schola
1666 2009 1706 2042 de
1732 2010 1839 2042 divina
1864 2011 1967 2051 gratia

1223 2076 1282 2108 per
1306 2076 1339 2097 se
1366 2070 1397 2095 et
1424 2065 1463 2096 ab
1489 2063 1668 2096 intrinseco
1695 2063 1817 2095 efficaci
1854 2074 1890 2097 ac
1927 2064 1966 2097 de

1223 2118 1363 2161 gratuita
1405 2117 1707 2160 praedestinatione
1751 2117 1789 2149 ad
1827 2117 1965 2159 gloriam

1223 2171 1291 2203 sine
1318 2172 1383 2203 ulla
1403 2170 1593 2202 meritorum
1617 2169 1824 2212 praevisione
1847 2169 1965 2211 agitur,

1222 2225 1384 2257 ullatenus
1411 2223 1496 2255 dieto
1517 2223 1567 2255 vel
1585 2222 1707 2265 scripto
1727 2222 1965 2256 contumeliose

1222 2277 1391 2320 impetant,
1417 2287 1453 2308 ac
1478 2275 1577 2308 veluti
1607 2275 1867 2308 consentientem
1894 2285 1965 2308 cum

1224 2330 1383 2363 damnatis
1399 2330 1438 2362 ab
1450 2329 1636 2372 Apostolica
1649 2328 1740 2367 Sede,
1753 2333 1784 2361 et
1798 2328 1966 2370 signanter

1223 2396 1240 2417 a
1258 2388 1362 2416 coust.
1381 2393 1452 2416 11x1v
1470 2382 1715 2425 (at.187)dicti
1735 2382 1838 2414 felicis
1856 2392 1965 2414 recor-

1224 2436 1366 2469 dationis
1383 2435 1558 2468 Clementis
1576 2434 1613 2466 xt
1641 2434 1819 2476 incipiente
1846 2434 1966 2477 Um'yc-

1223 2489 1325 2527 urinas,
1346 2488 1504 2527 lansenii,
1526 2487 1690 2525 Qucsnelii
1709 2492 1741 2519 et
1758 2487 1896 2519 ahorum
1919 2497 1966 2519 er-

440 2541 604 2584 praesidi0
630 2541 882 2573 eliminavimus.
910 2541 1118 2574 Luculentius
1132 2552 1182 2574 ve·
1224 2541 1351 2573 roribus
1370 2540 1554 2578 traducant3
1574 2550 1590 2571 a
1608 2540 1724 2582 quibus
1737 2539 1768 2572 S.
1784 2539 1920 2571 Thomas
1934 2544 1966 2572 et

442 2604 477 2625 ro
503 2592 735 2625 aestimationis
761 2599 990 2635 :irgiunentum
1018 2594 1049 2625 iu
1076 2594 1179 2636 ipsam
1224 2605 1297 2626 vera
1323 2595 1436 2626 schola
1466 2593 1649 2626 tliomistica
1674 2592 1964 2635 ‹piamlougissime

1967 211 2022 238 An.
2039 212 2068 238 C.
2091 212 2158 240 1727
