2170 3147
239 237 289 265 An.
311 239 341 266 c.
363 240 430 267 τηε
477 231 542 266 7:34

266 1675 388 1696 Exordium.

432 301 544 331 gressu
570 290 602 322 in
639 289 837 323 monasteria
873 289 1017 323 subiecta
1046 289 1175 323 Ordinis

433 343 509 376 dare
527 343 576 375 vel
595 343 806 375 subscribere
826 343 905 375 alias
924 348 1174 382 consueverunt,

432 405 497 428 non
535 394 689 437 intelligit
724 395 902 438 probibere
940 395 1019 438 quin
1050 395 1177 439 possint

433 447 530 480 etiam
568 448 599 480 in
640 453 807 491 posterum
845 449 975 481 easdem
1013 449 1090 482 dare
1126 449 1175 481 vel

432 500 660 541 subscribere,
686 500 884 533 cmmelacive
911 506 1018 534 tamen
1048 510 1177 544 semper

433 564 503 585 cum
523 553 652 586 Ordinis
677 554 910 597 superioribus,
932 559 964 587 et
988 564 1054 587 non
1080 554 1173 587 aliaS.

433 605 492 638 Ubi
518 611 626 639 autem
652 607 752 639 iidem
777 607 920 650 episcopi
942 613 1091 646 renuant,
1117 607 1176 639 sus-

432 658 517 691 ficiat
552 659 683 692 licentia
713 659 778 692 sive
815 659 1010 702 subscriptio
1046 659 1175 692 Ordinis

431 712 638 755 superiorum
664 713 704 745 ad
730 718 904 756 utrumque
931 711 1093 746 ell'ectum.
1117 713 1177 745 De-

432 765 527 798 cretis
554 765 863 809 Congregatfflnum,
888 765 1176 800 constitutionibus

433 823 465 850 et
488 818 560 851 aliis
579 819 852 862 quibuscumque,
873 819 1123 864 quomodolibet
1144 819 1175 851 in

432 872 632 904 contrarium
672 872 883 913 facientibus,
921 873 1028 916 quoad
1066 872 1176 906 onmia

432 926 581 969 superius
618 926 806 966 declarata,
843 926 974 960 minime
1012 926 1177 969 refragan-

434 978 529 1011 tibus.

467 1039 530 1068 Dat.
545 1040 590 1068 die
605 1042 637 1068 ⁹28
654 1041 823 1078 septembris
840 1042 923 1076 1728,
944 1042 1044 1078 pontis.
1061 1049 1134 1068 anno
1152 1050 1174 1068 v.

730 1187 878 1221 CCXLIV.

434 1269 553 1302 [suitur
591 1268 737 1312 officium
775 1267 984 1301 auditoratus
1012 1265 1177 1309 gyencralis

475 1333 649 1355 cansarum
675 1332 732 1354 con
747 1320 958 1354 ulennalium
978 1319 1083 1362 officio
1104 1329 1178 1352 cau-

475 1385 587 1407 sarum
625 1375 742 1409 Curiae
778 1374 984 1407 auslz'loratus
1013 1372 1177 1416 yeneralis

478 1428 632 1462 Gamerae
656 1427 863 1472 Apostolicae
876 1426 897 1458 ¹.

616 1508 802 1536 Benedictus
825 1507 1000 1542 episcopus,

623 1560 732 1580 servus
748 1559 907 1580 servorum
922 1552 986 1584 Dei,

551 1598 588 1625 nd
611 1601 788 1632 perpetuam
807 1597 854 1625 rei
872 1596 1058 1625 memoriam.

478 1675 641 1709 Romanus
666 1674 811 1708 Pontifex
836 1673 891 1707 ¹-ssae
916 1683 1070 1716 supremo
1097 1673 1177 1715 Apo—

435 1729 572 1762 stolicae
599 1728 691 1762 Sedis
715 1728 797 1761 solio
824 1727 1039 1770 dispositione
1061 1727 1178 1759 incom-

433 1782 581 1815 mutabili
608 1782 782 1825 divinaque
814 1779 1022 1825 providentia
1059 1779 1178 1813 consti-

434 1841 522 1868 tutus
555 1841 590 1868 ut
619 1836 715 1869 noxia
741 1836 859 1869 evellat
890 1840 922 1867 et
953 1834 1115 1873 destruat,
1143 1843 1179 1866 ac

435 1891 544 1922 evulsa
563 1894 594 1922 et
610 1890 771 1923 destructa
789 1889 820 1921 in
839 1888 1005 1927 utiliorem
1021 1887 1177 1931 providae

435 1942 623 1976 directionis
649 1943 752 1986 erigat
771 1942 978 1985 dignitatem,
999 1941 1175 1981 interdum,

435 2006 518 2039 quae
554 1996 801 2029 rationabilibus
837 2006 873 2028 ex
912 1994 1018 2028 causis
1054 2005 1070 2027 a
1096 1994 1177 2027 Sede

435 2050 622 2092 Apostolica
639 2049 793 2092 disposita
807 2053 890 2089 sunt,
906 2048 1056 2088 subinde,
1070 2057 1177 2080 rerum

435 2100 636 2142 experientia
660 2100 828 2140 suadente,
853 2099 1030 2132 maioribus
1048 2109 1085 2132 ex
1103 2109 1177 2131 cau-

436 2152 479 2184 sis
503 2153 619 2186 alterat
644 2158 676 2185 ct
700 2153 856 2192 immutat,
878 2162 913 2185 ac
931 2151 980 2185 liis
1002 2152 1177 2195 pastoralis

435 2205 532 2237 officii
558 2206 605 2238 sui
630 2211 737 2249 partes
762 2205 901 2239 sollicite
935 2211 966 2238 ct
997 2204 1178 2248 prudenter

436 2258 628 2302 interponit,
652 2266 768 2303 prout,
792 2270 899 2293 rerum
926 2265 1177 2303 temporumque

474 2366 483 2391 1
504 2365 557 2392 llac
569 2365 601 2393 de
614 2375 642 2392 re
655 2366 714 2393 vide
725 2366 789 2393 Sixti
800 2367 822 2392 V
834 2371 920 2394 const.
933 2366 999 2394 edit.
1013 2373 1175 2401 itianxxwt,

437 2408 480 2436 die
495 2410 529 2437 30
549 2410 680 2445 octobris,
697 2411 790 2446 pontis.
807 2418 840 2444 11⁴,
857 2412 924 2438 etin
941 2411 991 2438 alisi
1008 2412 1089 2438 huius
1106 2412 1177 2439 Pon-

439 2453 520 2481 tificis
542 2455 649 2481 constit.
670 2455 735 2482 edit.
757 2462 920 2489 mcccxxriu,
942 2456 984 2483 die
1008 2456 1041 2483 22
1056 2460 1175 2492 septem-

439 2497 503 2530 bris,
525 2499 620 2532 pontitss
639 2507 664 2530 v,
686 2501 775 2533 agitur
791 2500 824 2527 de
844 2500 1030 2528 iurisdictione
1047 2501 1176 2536 praefecti

440 2541 528 2575 palatii
549 2543 698 2576 apostolici.

474 2586 489 2610 2
510 2584 594 2617 Male,
617 2591 642 2612 ut
665 2591 752 2621 patet,
775 2588 842 2615 edit.
875 2588 953 2616 Maiu¹
978 2590 1040 2623 legit
1068 2591 1101 2616 cle
1128 2598 1175 2626 pro

442 2629 471 2655 in
491 2630 528 2664 (a.
546 2631 595 2663 r).

1195 2644 1202 2667 .-

1023 240 1210 265 BULLARIUM
1235 240 1394 266 ROMANUM

1220 289 1430 332 qualitatibus
1449 291 1557 324 debite
1579 292 1736 335 pensatis,
1756 291 1914 335 conspicit
1931 291 1964 324 in

1221 342 1356 375 Domino
1382 343 1556 376 salubriter
1581 344 1747 387 expedire.

1264 395 1278 438 ἓ
1303 395 1335 428 ll.
1363 396 1450 429 Alias
1476 396 1636 440 siquidem
1656 397 1701 440 (et
1722 402 1893 440 postquam
1919 397 1965 430 se-

1220 448 1292 481 licis
1317 449 1557 482 recordatiouis
1583 450 1655 483 Pius
1682 450 1768 493 Papa
1783 450 1806 482 V
1827 450 1965 493 praede-

1221 511 1334 534 eessor
1369 507 1498 542 noster,
1533 508 1564 535 et
1589 507 1666 536 tunc
1691 513 1785 542 suus,
1819 502 1962 535 omnium

1221 564 1391 587 causarum
1417 555 1694 589 conlidentialium
1728 566 1788 599 pro
1819 560 1964 599 tempore

1221 607 1452 641 movendarum
1478 608 1699 651 cognitionem
1717 614 1750 642 et
1767 608 1965 642 decisionem

1221 670 1257 692 ac
1283 660 1465 693 litterarum
1490 662 1742 704 apostolicarum
1768 672 1785 694 a
1802 661 1874 704 piae
1900 670 1966 694 me-

1222 714 1345 747 moriae
1372 714 1427 747 Pio
1448 714 1507 747 PP.
1528 715 1563 746 tv
1589 715 1685 749 etiam
1709 715 1965 758 praedecessore

1221 772 1344 805 nostro,
1367 772 1444 799 tunc
1469 778 1540 807 suo,
1560 777 1658 811 super
1675 767 1864 801 huiusmodi
1890 776 1966 800 eon-

1221 818 1364 852 sidentiis
1396 826 1618 854 emanatarum
1651 820 1876 855 executionem
1902 819 1965 852 sibi

1221 877 1253 904 et
1288 873 1531 906 suecessoribus
1567 874 1633 907 suis
1669 877 1903 913 reservaverat,
1935 877 1966 905 et

1222 926 1441 968 postmodum,
1466 928 1508 960 ob
1533 928 1636 961 varias
1662 932 1693 961 et
1717 927 1886 961 continuas
1905 936 1965 970 pro

1222 982 1365 1021 tempore
1386 979 1553 1013 existentis
1578 980 1715 1013 Romani
1742 979 1906 1013 Pontificis
1933 979 1966 1011 in

1221 1032 1420 1074 gravissimis
1448 1038 1480 1066 et
1504 1033 1709 1067 arduissimis
1732 1032 1829 1067 totius
1856 1032 1965 1076 reipu-

1221 1084 1325 1118 blicae
1344 1085 1540 1120 christianae
1558 1087 1704 1130 negociis
1718 1085 1964 1129 occupationes,

1222 1147 1338 1171 causae
1363 1138 1455 1181 ipsae
1481 1138 1512 1171 in
1540 1138 1685 1172 Romana
1703 1138 1797 1172 Curia
1812 1148 1870 1182 pro
1889 1143 1967 1171 tem-

1222 1200 1302 1233 pore
1324 1196 1430 1224 motae
1457 1196 1488 1224 et
1513 1191 1717 1225 introductae
1742 1201 1802 1235 per
1824 1190 1968 1235 particu-

1222 1244 1324 1276 larem
1342 1243 1485 1277 iudieem
1504 1255 1542 1277 ex
1560 1244 1769 1287 delegatione
1786 1243 1966 1288 apostolica

1222 1296 1339 1337 audiri,
1365 1297 1471 1330 decidi
1490 1302 1522 1330 et
1540 1297 1693 1340 cognosci
1711 1302 1965 1337 consueverant,

1222 1350 1291 1394 ipse
1328 1361 1403 1384 vero
1440 1347 1556 1392 iudex,
1582 1352 1704 1384 nedum
1729 1351 1796 1384 solo
1829 1350 1966 1393 Romani

1223 1403 1387 1437 Pontificis
1404 1409 1485 1437 nutu
1503 1404 1696 1444 amovibilis,
1713 1404 1770 1437 sed
1788 1404 1885 1437 etiam
1903 1403 1965 1437 sibi

1223 1461 1336 1490 contra
1368 1457 1552 1491 ordinarios
1584 1458 1759 1491 collatores
1791 1457 1967 1500 episcopos

1223 1515 1254 1543 et
1279 1510 1359 1543 alios
1384 1510 1572 1553 superiores
1597 1511 1760 1554 praelatos
1779 1510 1841 1543 bae
1867 1508 1968 1542 confi-

1224 1562 1357 1596 dentiali
1384 1563 1456 1596 labe
1486 1563 1653 1606 praedicta
1684 1563 1821 1596 infectos
1852 1572 1968 1606 proce-

1224 1615 1322 1649 dendi
1353 1616 1487 1649 facultas
1518 1617 1692 1659 praeclusa
1724 1616 1888 1657 existeret,
1915 1615 1968 1648 cui

1223 1669 1322 1703 etiam
1347 1671 1379 1703 in
1406 1670 1595 1704 huiusmodi
1621 1681 1791 1704 causarum
1815 1679 1968 1714 prosecu-

1223 1724 1312 1757 tione
1339 1729 1373 1756 ut
1397 1724 1572 1767 plurimum
1599 1724 1835 1768 delegabantur
1864 1723 1968 1757 diver-

1222 1788 1275 1811 sae
1301 1777 1497 1810 simoniacae
1524 1777 1700 1821 pravitates
1721 1782 1754 1810 et
1771 1776 1852 1810 aliae
1871 1776 1968 1810 illici-

1224 1836 1273 1864 tae
1298 1830 1483 1874 pactiones,
1505 1841 1598 1874 quae,
1618 1831 1695 1864 licet
1720 1841 1755 1863 ex
1782 1829 1862 1874 ipsis
1887 1839 1968 1863 con-

1223 1884 1366 1917 fidentiis
1392 1885 1601 1924 resultarent,
1622 1894 1678 1917 seu
1704 1884 1767 1917 illis
1792 1883 1911 1916 mixtae
1936 1887 1969 1916 et

1223 1937 1416 1970 coniunctae
1454 1938 1572 1977 forent,
1611 1942 1720 1970 tamen
1752 1947 1769 1970 a
1800 1936 1968 1970 nonnullis

1223 1991 1508 2034 praetendebatur,
1527 2001 1580 2025 eas
1605 1991 1664 2024 sub
1690 1991 1895 2024 facultatibus
1920 1990 1969 2022 iu-

1223 2044 1287 2077 dici
1313 2044 1483 2088 praedicto
1521 2043 1688 2078 concessis
1724 2044 1858 2091 minime
1883 2053 1969 2076 corn-

1223 2097 1395 2141 prehendi,
1422 2107 1482 2131 nec
1508 2097 1541 2130 in
1567 2097 1631 2131 illis
1649 2098 1689 2130 ab
1707 2097 1779 2142 ipso
1804 2097 1873 2130 sine
1899 2106 1968 2141 spe-

1223 2150 1296 2184 ciali
1321 2150 1413 2184 Sedis
1439 2150 1645 2194 Apostolicae
1678 2150 1838 2194 rescripto
1871 2159 1966 2193 posse

1222 2204 1369 2247 procedi3
1387 2203 1473 2237 unde
1492 2203 1671 2243 eveniebat,
1690 2208 1735 2244 ut,
1753 2203 1849 2237 modo
1867 2203 1968 2247 ipsius

1222 2256 1336 2290 iudicis
1354 2256 1544 2296 mutatione,
1561 2266 1641 2300 quae
1660 2257 1824 2290 interdum
1842 2255 1968 2289 eontin-

1222 2309 1331 2352 gebat,
1358 2309 1545 2342 facultatum
1579 2319 1708 2342 suarum
1743 2309 1903 2352 angustia,
1930 2318 1968 2341 ac

1222 2362 1320 2395 etiam
1354 2362 1618 2406 delinquentium
1651 2361 1913 2395 cavillationibus
1937 2365 1969 2393 et

1221 2415 1439 2459 subterfugiis
1466 2415 1612 2448 eiusdem
1645 2414 1760 2448 iudicis
1792 2413 1967 2448 auctoritas

1221 2468 1350 2511 saepius
1371 2468 1570 2508 eluderetur,
1595 2478 1631 2501 ac
1656 2478 1692 2501 ea
1717 2477 1798 2511 quae
1823 2467 1862 2500 ad
1883 2476 1964 2510 pur-

1221 2521 1359 2564 gandam
1386 2521 1446 2554 liae
1472 2521 1668 2564 contagione
1700 2520 1757 2553 Dei
1788 2519 1966 2553 Ecclesiam

1220 2585 1236 2606 a
1263 2574 1355 2607 dictis
1381 2574 1689 2616 praedecessoribus
1722 2572 1966 2616 sapientissime

1220 2627 1344 2659 sancita
1370 2627 1509 2666 fuerant,
1526 2632 1561 2658 ut
1580 2626 1760 2670 plurimum
1787 2624 1898 2659 debito
1924 2624 1964 2658 es·

1974 242 2022 270 An.
2039 243 2066 271 C.
2088 244 2152 275 ¹728

1998 408 2078 430 canaan
2092 411 2153 432 conn-

1975 436 2078 457 [tenuatus
2097 443 2154 464 prau-

1975 463 2044 483 dictae
2068 469 2153 489 primum

1974 490 2001 510 ab
2019 491 2065 515 ipso
2085 491 2153 512 Ponti.

1975 518 2013 537 tice
2027 522 2121 543 cognosci
2133 521 2153 540 et

1975 543 2044 564 decidi
2070 550 2154 566 consue·

1977 572 2057 592 verant.
