2170 3147
0 204 50 232 An.
69 203 98 230 C.
118 202 186 230 1725

38 2374 186 2396 Ordinatione·

5 2402 117 2427 quasdam.

797 205 989 229 BENEDICTL'S

191 256 411 294 praestantem
436 252 606 293 civitatem,
634 262 762 285 necnon
787 253 855 285 eius
881 263 931 286 ec-

191 303 320 337 clesiam
347 304 410 337 Deo
445 304 582 337 dicatam
620 304 651 336 in
686 305 847 337 honorem
873 306 931 338 As-

191 358 384 401 sumptionis
411 358 444 390 B.
473 357 590 391 Mariae
616 357 777 400 Virginis,
810 358 842 390 in
868 369 930 401 qua

191 410 417 453 praepositura
442 410 545 454 prima
575 416 604 443 et
630 410 931 454 arcl‘iipresbytera-

191 467 242 495 tus
257 463 400 496 secunda
414 463 598 506 dignitates,
612 473 739 496 necnon
755 463 865 496 decem
881 474 929 496 ca-

190 515 381 553 nonicatus,
410 516 609 559 totidemque
636 515 843 558 praebendae
862 526 931 548 ere-

191 573 260 601 ctae
285 569 509 612 reperiuntur)
532 569 600 601 eius
624 568 842 601 cathedralem
858 568 930 601 suis-

190 631 234 661 se,
260 621 442 664 apostolica
466 621 680 661 auctoritate,
706 627 817 654 tenore
842 632 931 664 prae-

190 674 342 714 sentium,
359 680 518 718 perpetuo
538 675 752 708 declaramus:
771 675 931 707 eamdem—

191 736 253 770 que
274 727 439 770 primaevo
466 731 497 759 et
521 727 658 769 pristino
683 737 744 760 suo
763 727 931 759 cathedra-

190 779 229 812 lis
247 779 383 812 honoris
402 779 542 822 fastigio,
557 790 629 812 cum
649 780 798 813 omnibus
815 785 846 812 et
869 778 931 812 sin-

191 833 274 875 gulis
299 832 492 876 privilegiis,
519 832 669 873 indultis,
704 832 928 872 facultatibus,

191 885 468 928 praeeminentiis,
491 885 602 927 gratiis
624 891 655 918 et
673 884 931 918 immunitatibus

191 937 256 970 suis
281 937 493 978 restituimus,
514 938 545 969 in
572 937 741 980 antiquum
767 943 798 970 et
824 937 930 979 pristi-

190 1001 269 1023 num
294 995 409 1023 statum
437 990 628 1033 reponimus
654 996 685 1023 et
710 990 855 1033 plenarie
882 1000 932 1022 re-

191 1043 390 1086 integramus
406 1071 413 1083 ‚
456 1054 593 1086 cumque
634 1044 703 1076 eius
747 1044 929 1083 territorio,

191 1098 290 1136 clero,
314 1098 435 1140 populo
462 1103 493 1129 et
518 1096 670 1137 dioecesi,
697 1097 853 1130 ecclesiae
876 1098 931 1129 Au-

190 1149 298 1182 ximati
317 1149 575 1193 coepiscopalem
596 1155 625 1182 et
646 1150 932 1183 concathedialem

191 1213 294 1245 aeque
328 1202 576 1246 principaliter,
601 1214 636 1235 ac
671 1214 733 1246 per
768 1214 866 1235 uuum
902 1209 933 1236 et

192 1255 339 1288 eumdem
365 1255 493 1288 illarum
511 1257 697 1299 praesulem
723 1267 826 1299 aeque
846 1256 932 1299 prin-

191 1308 341 1352 cipaliter
359 1309 427 1352 regi
449 1315 480 1342 et
499 1309 685 1351 gubernari,
705 1309 817 1352 illique
840 1320 933 1352 prae-

192 1372 260 1395 esse
287 1362 419 1402 debere,
449 1363 562 1395 eadem
589 1362 766 1405 apostolica
795 1363 934 1395 auctori-

193 1420 265 1454 tate,
285 1416 470 1449 earumdem
498 1419 609 1449 tenore
632 1416 860 1459 praesentium,
881 1416 932 1449 de-

192 1467 353 1500 cernimus
380 1474 412 1500 et
436 1468 630 1501 statuimus:
666 1479 702 1501 ae
738 1469 882 1512 insuper,
908 1468 933 1501 si

192 1520 327 1554 sortasse
350 1532 432 1564 opus
453 1522 502 1561 sit,
530 1522 614 1554 idem
641 1521 810 1564 Cingulum
837 1522 869 1554 in
890 1522 934 1554 ci-

192 1574 335 1614 vitatem,
374 1574 525 1617 illiusque
562 1575 684 1608 incolas
715 1575 747 1607 in
781 1575 874 1614 cives,
902 1580 934 1608 et

193 1627 363 1659 ecclesiam
391 1627 627 1670 Assumptionis
652 1627 688 1660 B.
714 1627 832 1660 Mariae
859 1628 933 1660 t'ir-

192 1679 276 1722 ginis
300 1680 332 1712 in
358 1681 578 1713 cathedralem
604 1680 758 1723 erigimus
793 1681 852 1713 sul)
887 1681 934 1714 in-

192 1734 361 1767 vocatione
387 1734 532 1766 eiusdem
551 1734 791 1777 Assumptionis
817 1735 851 1767 B.
872 1734 935 1767 Ma—

193 1787 259 1820 riae
277 1787 428 1830 Virginis,
449 1787 529 1820 etin
547 1789 585 1819 ea
602 1787 805 1829 dignitatem,
823 1788 931 1821 sedem

193 1845 224 1873 et
257 1850 399 1874 inensam
426 1840 668 1883 episcopalem,
693 1851 764 1873 cum
786 1841 934 1874 omnibus

193 1898 224 1926 et
241 1893 377 1935 singulis
396 1893 582 1936 privilegiis,
601 1894 795 1934 honoribus,
811 1894 934 1927 iuribus

194 1951 225 1979 et
249 1945 434 1988 insignibus
455 1946 582 1986 debitis,
609 1946 727 1990 quibus
754 1947 835 1980 aliae
862 1947 935 1980 civi-

193 2005 273 2032 tates
297 1999 493 2042 illarumque
519 2000 616 2038 cives,
641 2011 676 2032 ac
707 2000 788 2033 aliae
826 2001 934 2033 cathe-

194 2052 301 2085 drales
338 2052 495 2086 ecclesiae
533 2053 727 2096 illarumque
754 2055 933 2096 praesules,

194 2104 334 2148 capitula
359 2110 391 2138 et
412 2105 569 2145 canonici,
590 2107 628 2138 de
654 2106 735 2146 iure,
752 2117 822 2147 usu,
841 2108 935 2150 stylo,

195 2157 433 2190 consuetudine
475 2164 527 2190 aut.
567 2159 646 2191 alias
686 2159 936 2202 quomodolibet

194 2216 342 2251 utuntur,
369 2211 527 2251 fruuntur,
550 2212 718 2255 potiuntur
734 2218 765 2245 et
782 2213 936 2256 gaudent,

196 2269 248 2296 aut
274 2264 332 2305 uti,
362 2264 431 2305 frui,
458 2265 555 2308 potiri
582 2270 613 2298 et
638 2266 779 2307 gaudere
805 2277 937 2309 quomo-

197 2316 322 2350 dolibet
346 2323 501 2360 poterunt
525 2318 556 2350 iu
583 2318 734 2351 saturum.

241 2370 313 2414 53.
341 2369 416 2403 Cum
454 2370 666 2414 obligatione,
704 2372 793 2414 quod
830 2371 938 2404 civitas

198 2422 385 2466 Cingulana,
423 2424 531 2456 taliter
567 2424 728 2463 decorata,
755 2424 822 2456 suis
859 2434 939 2456 suni-

198 2475 307 2519 ptibus
340 2476 443 2518 erigat
468 2476 499 2508 iu
526 2476 663 2509 ecclesia
695 2476 859 2518 praedicta
883 2477 937 2509 As-

198 2529 392 2572 sumptionis
414 2529 448 2562 ss.
468 2529 584 2562 Mariae
604 2529 741 2571 Virginis
763 2529 940 2562 condecen-

200 2587 263 2616 tem
290 2581 477 2614 cathedram
499 2581 732 2625 pontificalem,
752 2582 939 2615 umbraculo

1017 206 1070 229 xtlt
1097 207 1144 230 ΓΡ.

974 264 1031 287 seu
1063 254 1260 287 baldachino
1289 259 1426 294 tectam,
1460 255 1497 288 ad
1526 266 1623 299 quam
1654 266 1712 298 per

974 307 1104 348 gradus,
1115 307 1202 340 iuxta
1216 308 1454 341 caeremoniale
1470 308 1710 351 episcoporum,

974 360 1106 392 ascendi
1139 361 1253 403 possit.
1281 361 1545 404 Praeposituram
1578 372 1653 394 vero
1680 362 1712 393 in

974 412 1085 445 eadem
1112 413 1252 446 ecclesia
1269 413 1422 446 maiorem
1448 420 1521 457 post
1545 414 1713 457 pontifica-

974 465 1058 504 lem,
1091 476 1127 498 ac
1158 466 1507 509 archipresbyteratum
1537 468 1712 500 secundam

974 516 1060 550 illius
1087 517 1270 560 dignitates,
1289 529 1325 551 ac
1346 519 1555 552 canonicatus
1575 525 1605 552 et
1624 530 1714 562 prae-

973 569 1119 607 bendas,
1148 571 1181 602 in
1218 570 1415 612 dignitates,
1451 571 1658 604 canonicatus
1684 576 1715 603 et

974 622 1187 664 praebendas,
1212 623 1404 656 auctoritate
1431 629 1462 656 et
1488 630 1598 656 tenore
1624 634 1714 666 prae-

973 674 1087 715 missis,
1110 675 1148 707 tte
1174 685 1259 708 novo
1278 675 1428 708 similiter
1446 682 1602 718 perpetuo
1621 676 1715 718 erigi-

974 738 1056 760 mus.
1085 727 1272 770 Dictamque
1300 729 1471 761 ecclesiam
1492 729 1712 771 Cingulanam,

974 779 1019 813 sic
1052 779 1090 812 de
1127 791 1209 813 novo
1241 791 1300 823 per
1333 791 1391 814 nos
1421 787 1575 821 erectam,
1608 782 1713 814 eidem

974 833 1133 866 ecclesiae
1168 833 1329 866 Auximati
1363 840 1522 876 perpetuo
1556 840 1588 867 et
1612 845 1714 878 aeque

974 885 1203 929 principaliter
1217 886 1358 926 unimus,
1373 887 1453 919 itaut
1467 898 1548 919 unus
1565 888 1715 930 idemque

976 939 1149 981 episcopus
1177 939 1221 971 eis
1247 949 1350 982 aeque
1376 940 1602 983 principaliter
1626 951 1717 983 prae-

975 992 1039 1031 sit,
1066 1003 1101 1025 ac
1127 991 1280 1034 deinceps
1306 993 1337 1025 iu
1365 993 1562 1036 quibuslibet
1583 994 1714 1036 scriptis

976 1045 1112 1087 publicis
1138 1050 1168 1077 et
1192 1045 1337 1088 privatiS,
1358 1046 1389 1078 in
1407 1046 1484 1079 actis
1509 1047 1715 1079 consistoria-

976 1098 1071 1137 tibus,
1099 1098 1288 1140 apostolicis
1321 1098 1565 1141 diplomatibus,
1597 1100 1716 1133 consti-

977 1151 1157 1184 tutionibus
1182 1152 1400 1194 synodalibus,
1428 1153 1566 1186 decretis
1589 1159 1620 1186 et
1649 1153 1717 1186 edi-

976 1204 1035 1237 ctis
1062 1205 1101 1237 ab
1127 1215 1164 1237 eo
1190 1216 1248 1248 pro
1283 1211 1428 1248 tempore
1459 1207 1656 1239 emanaturis
1687 1213 1718 1239 et

975 1257 1230 1297 subscribendis,
1252 1268 1314 1290 non
1343 1263 1462 1291 tantum
1483 1258 1642 1299 Auxhnas,
1660 1261 1717 1293 sed

976 1321 1079 1353 aeque
1110 1310 1204 1343 etiam
1231 1310 1428 1353 Cingulanus
1459 1312 1632 1355 episcopus
1662 1323 1718 1356 ap-

976 1363 1090 1406 pellari
1118 1368 1150 1395 et
1175 1373 1208 1395 se
1234 1363 1441 1396 subscribere
1467 1364 1592 1405 debeat,
1619 1371 1657 1404 et,
1677 1376 1717 1398 ne

976 1417 1081 1449 clerus
1106 1426 1141 1448 ac
1166 1416 1306 1459 populus
1324 1415 1522 1458 Cingulanus
1549 1417 1718 1451 Auximum

976 1480 1102 1512 usque,
1130 1469 1213 1512 quod
1248 1469 1286 1502 ad
1321 1469 1480 1502 decimum
1509 1477 1540 1502 et
1572 1476 1717 1503 octavum

976 1523 1050 1555 inde
1068 1523 1208 1566 lapidem
1231 1522 1330 1563 abest,
1348 1523 1386 1556 ad
1407 1523 1511 1556 sorum
1530 1524 1717 1567 episcopale

977 1586 1196 1619 quascumque
1216 1576 1257 1608 ob
1275 1585 1399 1616 causaS,
1417 1576 1511 1608 etiam
1526 1576 1716 1617 levissimas,

976 1629 1041 1671 iugi
1068 1628 1276 1662 incommodo
1302 1629 1440 1672 amplius
1466 1630 1714 1672 pertrahantur,

977 1681 1130 1714 vicarium
1150 1682 1211 1714 sibi
1231 1682 1262 1714 in
1280 1682 1507 1724 spiritualibus
1531 1683 1717 1725 generalem

976 1735 1008 1767 in
1034 1734 1162 1767 civitate
1188 1734 1364 1777 Cingulana
1390 1735 1524 1777 eiusque
1554 1735 1718 1768 territorio

977 1793 1008 1820 et
1034 1787 1176 1820 dioecesi
1200 1787 1399 1820 residentem
1425 1787 1558 1821 arbitrio
1584 1798 1641 1821 suo
1667 1789 1719 1821 de·

977 1846 1078 1884 putet.

1020 1895 1034 1938 ἓ
1059 1894 1088 1927 4.
1109 1895 1280 1927 Praeterea
1302 1895 1427 1928 dilectis
1454 1894 1527 1927 siliis
1553 1888 1717 1938 praeposi-
1734 1902 1913 1948 ,.N⁰⁰,¹'¹¹¹¹³³1³.f¹‘

979 1953 1022 1986 to,
1047 1948 1332 1990 archipresbytero
1365 1953 1396 1980 et
1429 1948 1592 1980 canonicis
1625 1958 1717 1991 prae·
1730 1935 1914 1980 ‘pa‘i'liffnfss'f'ffitissj

1730 1988 1740 2007 p,
1785 1986 1879 2002 eruatur.

979 2000 1082 2040 dictis,
1101 2011 1185 2032 nunc
1204 2006 1234 2033 et
1252 2011 1309 2043 pro
1331 2006 1476 2043 tempore
1494 2001 1718 2039 existentibus,

979 2060 1013 2086 ut
1038 2054 1098 2098 ipsi
1125 2054 1155 2086 in
1182 2060 1361 2097 posterum,
1389 2054 1522 2086 dimisso
1549 2054 1648 2087 veteri
1674 2054 1719 2086 in-

979 2108 1135 2140 dumento
1169 2107 1192 2139 si
1228 2107 1312 2149 quod
1351 2112 1488 2149 gerunt,
1514 2107 1718 2150 praepositus

978 2166 1010 2193 et
1034 2160 1304 2203 archipresbyter,
1332 2159 1482 2192 videlieet
1498 2186 1505 2199 ,
1528 2164 1719 2192 mozzettam

978 2213 1153 2246 violaceam
1191 2223 1290 2255 supra
1327 2213 1541 2251 tocchettum,
1572 2212 1718 2245 canonici

979 2276 1053 2298 vero
1079 2265 1234 2308 praedicti
1257 2265 1433 2303 almutiam,
1454 2271 1514 2297 tam
1535 2265 1565 2297 in
1584 2266 1720 2298 ecclesia

980 2317 1159 2359 Cingulaua
1192 2317 1399 2356 huiusmodi,
1430 2317 1583 2361 illiusque
1617 2318 1719 2351 choro

981 2376 1011 2403 et
1031 2370 1189 2413 capitulo,
1209 2370 1303 2403 etiam
1323 2370 1354 2402 in
1376 2371 1545 2404 missarum
1564 2377 1596 2404 et
1624 2371 1721 2404 liora-

983 2434 1052 2455 rum
1067 2422 1298 2455 canonicarum
1317 2423 1505 2456 diurnarum
1520 2421 1527 2440 ¹
1549 2429 1581 2456 et
1595 2430 1721 2457 noctur-

982 2485 1106 2515 narum,
1141 2485 1269 2507 necnon
1295 2486 1500 2518 vesperarum
1527 2482 1558 2510 et
1582 2478 1719 2510 aliorum

1023 2548 1030 2572 1
1057 2546 1174 2572 Pessime
1204 2545 1268 2572 edit.
1294 2545 1374 2573 Maia.
1401 2546 1464 2581 legit
1484 2547 1651 2575 divinarum
1672 2556 1721 2582 pro

961 2604 964 2619 ι
984 2590 1157 2618 maritarum
1178 2591 1217 2624 (n.
1239 2591 1288 2624 w),

1611 197 1675 230 245
1721 207 1770 233 An.
1793 206 1821 233 c.
1840 207 1906 234 17225
