2170 3147
224 202 273 227 An.
295 200 324 227 C.
344 199 411 228 ⁴720
459 191 522 225 ΒΜ

303 2129 420 2149 Monachus

238 2157 358 2182 praedictos

239 2182 421 2202 monasteriii-‹de-

240 2212 318 2231 aeriter»,
328 2209 377 2228 ticet
389 2214 422 2228 cx-

240 2239 271 2255 tra
283 2236 375 2254 claustra
386 2234 422 2254 ‹le-

240 2263 358 2287 liquerint.
389 2267 423 2280 vx·

240 2291 320 2312 empto«
341 2293 387 2306 ‘nse
411 2293 422 2307 a

256 2314 402 2335 iurisdictione

1003 195 1185 219 nthLAmUM

419 250 515 283 cretis
542 249 572 281 in
598 257 719 290 genere
743 252 773 278 et
798 246 828 278 in
856 245 964 288 speeie
987 244 1084 278 etiam
1105 244 1162 276 ite·
1182 244 1184 252 '

419 302 495 335 ratis
530 301 653 334 viribus
687 305 718 332 et
744 304 832 332 motu
865 298 961 331 simili
998 297 1162 330 concessis

419 361 449 388 et
469 354 656 398 approbatis
682 357 736 385 ant
757 351 925 391 innovatis
946 350 1083 393 legibus,
1103 356 1162 382 sta-

420 409 515 446 tutis,
550 407 644 439 etiam
682 406 886 444 iuramento,
912 403 1161 437 confirmatione

420 460 610 505 apostolica,
636 460 684 492 vel
711 458 822 501 quavis
849 457 1000 490 firmitate
1027 457 1087 489 alia
1114 466 1163 488 ro-

419 514 553 554 boi-atis,
582 510 868 545 reformationibus
885 538 892 550 ‚
919 509 1163 543 consuetudini-

420 568 488 607 bus,
514 566 698 609 ceterisque
725 564 795 597 aliis
814 564 845 596 in
867 563 1066 596 contrarium
1087 573 1164 606 qno·
1185 580 1187 595 t

420 619 601 653 modolibet
624 617 889 661 disponentibns3
918 616 1035 659 quibus
1061 615 1165 648 omni-

421 675 480 706 bns
506 679 536 706 et
566 672 725 714 singulis,
752 682 788 703 ac
824 670 974 703 omnibus
1010 668 1081 701 aliis
1113 669 1166 700 bie¹

422 738 487 760 non
514 725 697 769 expressis,
725 729 758 757 et
782 724 820 756 de
847 723 965 767 quibus
991 722 1163 766 specialis,

421 779 591 823 specifica,
619 784 650 811 et
676 777 855 817 individua,
883 781 914 809 et
939 785 1102 819 expressa,
1131 786 1166 808 ac

422 833 462 866 de
476 833 575 865 verbo
590 832 627 864 ad
645 832 789 870 verbnm,
805 840 869 863 non
885 834 993 862 antem
1010 838 1070 871 per
1084 828 1167 860 clan-

422 887 508 919 sulas
537 885 708 928 generales
727 883 811 917 idem
839 883 1063 925 imponantes,
1082 891 1167 913 men-

424 940 468 972 tio
496 944 550 971 ant
574 938 707 981 quaevis
728 937 792 970 alia
811 937 914 969 forma
940 935 977 968 ad
1003 935 1084 967 haee
1102 944 1167 967 ser-

424 992 527 1026 vanda
555 991 645 1030 soret,
664 990 795 1023 illorum
816 995 964 1022 tenorem
990 986 1167 1031 praesenti-

422 1046 484 1079 bus
510 1055 569 1088 pro
596 1043 760 1087 expressis
788 1043 963 1080 babentes,
990 1041 1055 1073 illis
1089 1040 1167 1072 alias

424 1099 456 1131 in
489 1108 546 1131 suo
581 1098 701 1130 robore
731 1096 972 1139 permansuris,
1005 1094 1063 1126 bac
1098 1093 1167 1125 vice

425 1153 610 1191 dumtaxat,
638 1151 752 1182 barum
778 1149 872 1188 serie,
891 1153 981 1181 motu
1007 1153 1038 1180 et
1063 1147 1169 1179 seien-

426 1206 467 1238 tia
492 1205 652 1238 similibus
677 1202 869 1245 specialiter
887 1206 916 1234 et
943 1210 1097 1244 expresse
1120 1200 1168 1232 de

425 1268 588 1301 rogamus,
611 1268 647 1290 ac
674 1257 770 1300 plene
797 1260 828 1288 et
853 1254 1053 1287 sufficienter
1079 1253 1170 1286 dero-

422 1317 536 1355 gatum
563 1321 632 1343 esse
662 1308 871 1342 decernimus
897 1312 928 1340 et
953 1307 1166 1340 declaramus.

471 1365 585 1397 Datum
612 1363 742 1402 Romae,
762 1373 797 1395 ex
816 1361 939 1405 palatio
961 1365 1075 1393 nostro
1096 1369 1170 1402 apo-

427 1418 542 1451 stolico
580 1416 757 1455 Yaticano,
784 1415 844 1447 liae
877 1414 928 1448 die
952 1424 1024 1447 xxx]
1064 1413 1169 1445 martii

427 1481 602 1506 ainccxxtx.

463 1533 522 1560 Dat.
540 1532 584 1559 die
604 1532 637 1559 20
659 1530 746 1558 martii
770 1530 851 1564 1729,
873 1529 971 1565 pontif.
995 1537 1065 1556 anno
1082 1536 1108 1555 v.

709 1646 889 1681 CCLxle.

429 1721 624 1755 Declaratur
646 1719 785 1764 facultas
819 1718 939 1751 nuncio
964 1716 1173 1761 neapolitano

473 1786 616 1808 concessa
642 1773 834 1817 procedendi
854 1776 965 1805 contra
989 1772 1174 1804 cuiuscum-

474 1839 535 1872 que
561 1827 696 1862 Ordinis
721 1827 890 1869 reliyz'osos
915 1826 1023 1868 favore
1056 1834 1171 1856 mona-

475 1882 607 1913 chorum
636 1879 901 1923 Congyreqalionis
923 1878 1042 1910 Montis
1071 1876 1176 1919 t'irqi-

476 1936 538 1974 mk,
567 1934 664 1978 idque
688 1932 915 1975 motuproprio
930 1931 951 1964 ¹,

614 2005 794 2033 Benedictus
815 2005 896 2038 Papa
913 2003 995 2030 XIII.

650 2059 732 2086 Motu
748 2057 878 2092 proprio,
896 2059 956 2085 etc.

476 2122 547 2166 gl.
588 2120 711 2164 Exponi
749 2130 857 2163 nuper
896 2118 991 2152 nobis
1029 2118 1178 2151 seeerunt

433 2176 584 2209 dominus
601 2174 709 2208 Gallus
726 2173 868 2207 Gallucci
887 2173 986 2205 abbas
1003 2172 1177 2215 generalis,

434 2235 466 2262 et
480 2229 578 2262 abbas
594 2229 746 2261 dominns
763 2227 912 2260 Ramirus
928 2226 1091 2265 Girardnm,
1108 2236 1178 2268 pro-

434 2288 565 2315 curator
597 2281 761 2324 generalis
787 2280 918 2313 Ordinis
952 2279 1051 2312 sancti
1079 2279 1178 2311 Bene-

472 2382 480 2406 t
506 2379 627 2414 Exempti
649 2379 757 2405 suerunt
776 2378 838 2405 dicti
871 2377 994 2405 monachi
1015 2385 1029 2403 a
1050 2376 1178 2404 facultate

436 2424 526 2451 nuncii
555 2424 588 2450 ab
616 2424 723 2450 l'rbano
753 2423 786 2449 lV
806 2427 892 2450 const.
914 2422 957 2449 ed.
980 2429 1113 2454 necrxtv,
1135 2422 1179 2448 die

435 2475 481 2495 xm
498 2468 621 2501 ianuarii,
637 2467 732 2502 pontii.
745 2474 772 2501 n,
789 2467 903 2494 subiecti
920 2475 983 2494 vero
1002 2467 1178 2502 postmodum

436 2520 451 2538 a
466 2512 602 2538 Clemente
619 2512 675 2538 Vlll
693 2516 778 2538 const.
796 2512 839 2538 ed.
858 2517 960 2545 nmen,
978 2511 1021 2538 die
1038 2518 1080 2537 xix
1101 2510 1177 2545 iunii,

436 2556 531 2592 pontis.
555 2562 576 2589 1,
598 2559 622 2581 et
644 2559 729 2582 const.
751 2555 794 2582 ed.
816 2562 890 2588 noct,
912 2556 955 2583 die
976 2562 1030 2582 xxii
1051 2555 1177 2590 augusti,

436 2600 530 2638 pontif.
553 2609 577 2627 x.

1211 194 1369 218 ROMAM'M

1207 298 1304 341 qnod,
1330 297 1406 330 licet
1423 297 1575 330 monaehi
1594 307 1705 330 omnes
1724 297 1871 330 eiusdem
1893 297 1948 330 Or-

1208 350 1291 383 dinis
1317 350 1472 393 degentes
1498 349 1527 382 in
1554 349 1759 382 monasteriis
1785 350 1844 382 sub
1874 349 1947 383 obo-

1208 403 1329 436 dientia
1354 402 1479 435 abbatis
1505 413 1577 435 eum
1602 402 1671 435 aliis
1698 402 1863 446 requisitis
1890 413 1949 446 per

1208 456 1386 490 Concilium
1405 455 1630 488 Tridentinum
1656 455 1796 496 statutis,
1824 455 1948 488 etiamsi

1209 508 1408 552 deliquerint
1432 514 1521 541 extra
1546 510 1695 547 claustra,
1714 508 1802 540 iuxta
1820 507 1948 551 privile-

1209 561 1259 605 gia
1278 561 1354 605 ipsis
1379 572 1533 595 concessa
1550 571 1609 605 per
1629 561 1732 594 felicis
1751 560 1950 594 recordatio-

1211 615 1258 648 nis
1285 614 1450 648 Urbanum
1474 614 1592 658 Papam
1609 614 1645 647 IV
1664 614 1951 657 praedecessorem

1211 668 1371 702 nostrnm¹
1399 670 1430 701 in
1456 667 1574 701 litteris
1601 667 1791 711 apostolicis
1816 667 1952 710 expedi-

1212 722 1250 754 tis
1275 721 1334 754 snb
1359 721 1468 754 datum
1494 720 1602 753 idibus
1634 720 1770 752 ianuarii
1795 729 1952 759 atcCwa,

1211 781 1241 808 et
1267 774 1517 818 dispositionem
1544 773 1690 806 eiusdem
1715 772 1862 812 Concilii‚
1880 783 1950 815 cap.

1210 838 1261 868 xii,
1282 838 1350 861 sess
1369 837 1442 868 xxv,
1463 827 1508 860 De
1525 826 1746 870 reqularibus,
1773 825 1837 858 sint
1861 836 1954 868 pror-

1211 892 1263 914 sus
1289 882 1452 914 immunes
1476 886 1507 914 et
1532 880 1669 924 exempti
1692 892 1709 913 a
1730 879 1953 913 iurisdictione

1212 935 1312 969 nostri
1332 935 1364 968 in
1386 945 1488 977 regno
1506 934 1723 977 Neapolitano
1749 931 1954 966 reverendis-

1212 989 1281 1022 simi
1301 988 1420 1028 mincii,
1437 994 1468 1021 et
1485 987 1619 1020 subiecti
1642 987 1797 1031 privative
1816 990 1955 1018 tantum-

1213 1043 1308 1076 modo
1335 1053 1448 1075 eornm
1474 1041 1699 1084 superioribus
1725 1039 1953 1082 regularibus.

1214 1101 1312 1140 prout
1348 1096 1391 1128 ita
1428 1105 1557 1138 quoqne
1595 1093 1771 1127 declararit
1801 1093 1954 1126 Gamerae

1215 1155 1342 1183 nostrae
1380 1148 1541 1191 generalis
1572 1147 1702 1180 auditor
1734 1157 1791 1189 per
1817 1151 1953 1178 senten-

1215 1203 1289 1235 tiam
1317 1201 1515 1235 definitivam
1542 1200 1573 1232 in
1600 1198 1852 1233 contradictorio
1878 1197 1956 1230 iudi·

1214 1256 1263 1288 cio
1289 1255 1527 1298 promulgatam
1547 1258 1660 1286 eontra
1679 1251 1800 1284 curiam
1818 1250 1956 1284 Nuneia-

1216 1316 1304 1342 turae
1332 1308 1381 1340 die
1407 1317 1493 1340 xxvn
1512 1305 1697 1339 novembris
1718 1313 1855 1339 MDCLxxt
1872 1314 1879 1344 ;
1899 1313 1957 1336 no-

1215 1373 1269 1394 vas
1296 1360 1510 1394 nibilominus
1544 1359 1718 1392 modernus
1743 1357 1880 1390 nuncius
1904 1367 1958 1389 ex-

1215 1415 1323 1449 citarit
1348 1413 1594 1457 praetensiones
1619 1411 1822 1455 procedendi
1847 1414 1958 1443 eontra

1216 1468 1345 1502 eosdem
1380 1467 1547 1510 regulares
1577 1466 1624 1498 sic
1649 1470 1816 1508 exemptos
1849 1463 1958 1506 vigore

1216 1523 1405 1555 facultatum
1431 1519 1493 1553 sibi
1518 1529 1745 1552 concessarum
1770 1527 1830 1561 per
1856 1515 1957 1550 felicis

1217 1573 1452 1608 reeordationis
1470 1572 1669 1607 Clementem
1687 1571 1804 1614 Papam
1821 1569 1882 1603 Vlll
1901 1580 1960 1602 no-

1217 1635 1316 1662 strum
1337 1628 1460 1672 pariter
1485 1626 1771 1670 praedecessorem
1793 1623 1825 1657 in
1842 1623 1959 1657 litteris

1217 1681 1406 1726 apostolicis
1420 1680 1451 1712 in
1471 1680 1573 1713 forma
1590 1679 1697 1712 Brevis
1716 1678 1875 1721 expeditis
1895 1676 1961 1710 die-

1217 1737 1276 1768 bus
1304 1746 1353 1768 x1x
1387 1734 1468 1767 iunii
1503 1733 1648 1773 tumen&
1673 1739 1704 1766 et
1738 1743 1800 1766 xxu
1833 1732 1959 1776 angusti

1218 1799 1313 1829 MDC1‚
1339 1788 1397 1821 sub
1422 1787 1509 1820 inani
1536 1787 1631 1820 etiam
1656 1787 1847 1830 supposito,
1874 1787 1960 1829 quod

1219 1841 1404 1876 huiusmodi
1425 1841 1558 1874 facultas
1580 1840 1641 1883 ipsi
1661 1839 1809 1882 delegata
1828 1850 1960 1883 quoque

1219 1900 1376 1940 appareat
1400 1904 1459 1938 per
1485 1894 1570 1926 idem
1596 1893 1776 1927 Concilium
1801 1892 1962 1926 Tridenti-

1220 1960 1296 1982 nnm
1322 1949 1355 1981 in
1380 1958 1476 1991 supra
1501 1948 1605 1980 relato
1631 1956 1701 1989 cap.
1725 1956 1774 1979 xtv
1793 1956 1829 1978 ae
1847 1956 1884 1978 ex
1906 1945 1961 1978 ob-

1220 2003 1379 2035 servantia
1405 2000 1584 2044 approbata
1605 2010 1663 2042 per
1688 1998 1790 2032 felicis
1817 1998 1962 2032 recorda-

1222 2055 1318 2089 tionis
1343 2054 1541 2087 Clementem
1574 2052 1612 2084 xl
1644 2057 1788 2084 nostrum
1814 2050 1963 2084 similiter

1198 2119 1200 2128 >
1221 2109 1522 2152 praedecessorem,
1546 2116 1611 2139 non
1631 2106 1751 2138 attenta
1770 2105 1962 2138 remissione

1224 2162 1409 2196 huiusmodi
1447 2160 1690 2194 controversiae
1726 2159 1964 2203 praece-denter

1222 2218 1304 2250 sacta
1331 2216 1369 2249 ad
1395 2220 1540 2248 nostram
1567 2214 1713 2247 eiusdem
1739 2212 1874 2246 Coneilii
1899 2212 1964 2245 Tri-

1223 2270 1346 2304 (lentini
1371 2267 1662 2311 Congregationem
1682 2272 1712 2300 et
1737 2267 1871 2299 alteram
1890 2276 1964 2309 par-

1224 2324 1391 2356 ticularem
1409 2321 1596 2365 specialiter
1615 2320 1808 2362 delegatam:
1824 2319 1963 2353 subortis

1223 2377 1359 2421 proinde
1387 2375 1482 2409 variis
1508 2373 1652 2414 casibus,
1678 2377 1708 2406 et
1734 2372 1869 2406 remissa
1893 2373 1964 2405 illa-

1223 2442 1292 2463 rum
1311 2429 1496 2472 cognitione
1514 2427 1619 2461 eidem
1633 2425 1759 2466 nuncio,
1775 2436 1871 2458 eausa
1891 2435 1964 2469 pro-

1222 2490 1335 2528 pterea
1352 2484 1384 2516 in
1406 2482 1518 2516 eadem
1543 2481 1798 2524 Congregatione
1819 2479 1964 2517 Concitii.

1259 2557 1269 2581 1
1293 2554 1364 2580 Edit.
1386 2553 1466 2580 Main.
1489 2551 1553 2587 legit
1571 2554 1739 2580 noslrorum
1758 2551 1796 2586 (a.
1813 2550 1861 2585 τ.).

1257 2600 1272 2626 2
1289 2598 1356 2626 Male
1372 2597 1436 2626 edit.
1454 2596 1536 2625 Main.
1553 2595 1618 2631 legit
1635 2595 1703 2623 1692
1717 2595 1757 2630 (R.
1770 2594 1820 2629 Τ.).

1956 194 2005 220 An.
2027 194 2057 220 c.
2076 182 2142 221 1729

1206 243 1283 277 dieti
1319 242 1590 286 Congregationis
1627 243 1744 276 Montis
1781 241 2142 302 Vir-ginis‚Eragascpnluneu

1973 288 2045 302 &mons
2056 288 2078 303 ra
2092 288 2123 303 Bs-
