2170 3147
0 209 16 226 ι.
33 200 60 225 C.
83 197 151 224 17028

14 467 147 488 Confirmatio

1 499 29 516 au
44 495 130 515 derret!-
177 510 183 516 ,
203 509 208 514 .

55 2096 164 2116 (llam-ntae

0 2122 108 2143 acutiam.

736 193 932 217 neminimus
961 193 1016 216 XIII
1042 194 1090 217 ΙΨ,

158 244 293 284 quaginta
312 252 346 273 ex
365 242 576 282 quinquaginta
595 245 704 280 septem
722 241 807 271 votis.
833 241 896 270 l'ui-

158 301 258 323 mrrrs
282 301 298 321 Α
319 292 348 322 S.
373 291 500 321 Nicoma
521 290 706 330 praepositus
738 290 893 327 generalis.

157 359 195 364 —
227 341 274 371 Fr.
303 341 459 370 Prumrrus
493 349 506 368 a
539 339 568 369 S.
592 338 741 368 Tnennsm
775 338 893 377 capituli

159 389 345 420 secretarius.

202 457 217 500 g
241 456 272 488 2.
299 455 375 489 Cum
404 460 525 495 autem,
556 454 635 486 sieut
661 453 773 486 eadem
800 462 895 495 expo-

159 515 232 543 sitio
271 508 507 551 subiungebat,
549 507 652 540 dictus
692 506 896 548 praepositus

160 563 322 606 generalis
346 561 536 605 praemissa,
556 570 618 603 quo
642 559 768 592 firmius
792 558 896 591 subsi-

160 620 254 655 stant,
281 615 476 658 apostolicae
497 612 750 646 confirmationis
770 616 896 645 nostrae

161 668 343 712 patrocinio
361 667 562 706 communiri,
578 672 609 699 et
626 670 817 709 perpetuum
836 666 896 697 eis-

162 722 233 755 dem
248 720 375 754 donatis
390 720 552 753 silentium
566 719 700 762 imponi,
718 729 754 751 ac
767 717 897 751 scanda-

161 776 263 808 losam
281 772 468 806 huiusmodi
482 772 570 805 litem
585 772 670 804 finiri
689 781 896 813 summopere

162 827 339 860 desideret:
357 836 428 866 neS,
446 825 591 859 eamdem
613 825 702 858 litem
720 824 850 868 penitus
868 828 899 856 et

161 880 294 914 omnino
321 880 452 918 tollere,
478 878 648 921 ipsumque
675 877 898 920 praepositum

163 934 350 976 generalem
376 931 574 975 specialibus
600 931 760 964 favoribus
782 936 813 963 et
833 940 900 972 gra-

164 986 215 1019 tiis
233 985 387 1028 prosequi
408 985 562 1024 volentes,
582 989 611 1017 et
628 994 645 1016 a
663 983 829 1026 quibusvis
847 994 899 1016 ex-

164 1037 479 1077 communicationis,
505 1036 730 1079 suspensionis
756 1041 786 1068 et
806 1036 901 1068 inter-

164 1090 257 1129 dicti,
283 1089 422 1132 aliisque
456 1088 687 1121 ecclesiasticis
712 1087 899 1127 sententiis,

165 1142 309 1176 censuris
327 1147 358 1174 et
375 1141 501 1184 poenis,
516 1152 533 1174 a
547 1141 616 1174 iure
636 1142 684 1174 vel
700 1141 740 1173 ab
759 1140 901 1180 homine,

165 1195 276 1239 quavis
295 1193 465 1228 occasione
485 1195 534 1226 vel
559 1194 653 1226 causa
678 1193 762 1232 latis,
787 1193 812 1224 si
838 1192 903 1235 qui-

164 1248 224 1280 bus
249 1246 497 1290 quomodolibet
522 1245 697 1278 innodatus
719 1245 836 1283 existit,
865 1245 902 1277 ad

166 1299 314 1333 effectum
341 1298 560 1342 praesentium
598 1299 759 1330 dumtaxat
793 1307 904 1330 conse-

166 1353 354 1396 quendum,
382 1352 498 1385 harum
524 1352 606 1384 serie
639 1351 844 1383 absolventes
874 1355 905 1382 et

167 1405 349 1438 absolutum
376 1404 445 1437 sore
478 1407 671 1442 censentes,
697 1401 906 1445 supplicatio-

167 1459 262 1491 nibus
300 1457 369 1490 eius
407 1457 541 1489 nomine
577 1456 673 1489 nobis
711 1466 809 1498 super
846 1455 906 1487 lioc

168 1511 340 1544 humiliter
366 1509 528 1553 porrectis
554 1509 718 1547 inclinati,
738 1509 904 1541 decretum

168 1564 405 1607 praeinsertum
431 1573 447 1594 a
472 1566 653 1594 memorato
685 1560 825 1603 capitulo
852 1570 905 1602 ge-

169 1616 272 1649 nerali
299 1616 432 1655 sactum,
454 1620 487 1646 ut
507 1614 697 1657 praefertur,
716 1613 905 1645 auctoritate

169 1669 363 1713 apostolica,
390 1674 501 1701 tenore
526 1667 764 1710 praesentium,
791 1665 907 1698 conflr-

169 1732 292 1754 mamus
319 1726 350 1753 et
374 1720 612 1763 approbamus,
640 1719 751 1761 illique
776 1718 906 1751 inviola-

170 1775 243 1808 bilis
268 1773 468 1818 apostolicae
493 1771 650 1804 firmitatis
677 1771 777 1804 robur
797 1771 906 1803 adiici-

172 1837 255 1867 mus,
282 1837 317 1860 ac
342 1831 535 1870 perpetuum
569 1824 743 1868 praedietis
780 1824 906 1857 donatis

172 1889 269 1922 super
294 1878 476 1921 praemissis
505 1878 673 1910 silentium
697 1877 905 1920 imponimus,

173 1932 324 1974 ipsosque
350 1931 484 1963 donatos
508 1940 573 1963 non
599 1940 671 1963 esse
693 1929 831 1973 amplius
858 1940 907 1962 au-

176 1983 322 2022 diendos,
338 1982 452 2015 harum
466 1981 563 2021 serie,
579 1981 688 2014 eadem
702 1982 905 2021 auctoritate,

176 2035 381 2068 decernimus
407 2039 438 2067 et
463 2034 679 2067 declaramus.

221 2088 236 2131 g
260 2086 291 2120 3.
316 2086 532 2119 Dccernentes
557 2087 686 2129 pariter,
710 2086 793 2130 ipsas
818 2096 909 2129 prae-

177 2146 284 2173 sentes
309 2138 433 2172 litteras
471 2148 599 2182 semper
635 2138 760 2180 firmas,
789 2139 909 2172 validas

179 2199 211 2226 et
235 2192 381 2225 efficaces
417 2192 553 2224 existere
585 2196 616 2224 et
646 2191 736 2231 sore,
770 2201 909 2234 suosque

178 2244 341 2288 plenarios
366 2249 396 2277 et
420 2243 564 2286 integros
589 2243 718 2277 effectus
745 2244 854 2276 sortiri
881 2249 911 2276 et

178 2297 342 2336 obtinere,
369 2301 401 2328 et
432 2296 470 2328 ab
497 2295 576 2337 illis,
610 2296 648 2329 ad
674 2306 755 2338 quos
787 2300 912 2338 spectat

178 2356 206 2383 et
234 2359 292 2393 pro
319 2354 464 2391 tempore
489 2348 663 2391 spectabit,
683 2347 912 2381 inviolabiliter

178 2403 362 2442 observari,
387 2407 419 2434 et
443 2401 506 2435 illis
535 2402 714 2444 respective
732 2401 912 2444 suflragari,

178 2456 289 2500 sicque
321 2456 351 2488 in
382 2455 563 2497 praemissis
599 2465 656 2497 per
692 2465 912 2497 quoscumque

179 2509 302 2542 iudices
328 2507 509 2541 ordinarios
545 2513 575 2540 et
608 2508 782 2550 delegatos,
817 2507 912 2540 etiam

180 2571 346 2596 causarum
379 2560 491 2604 palatii
523 2560 692 2604 apostolici
727 2560 911 2601 auditores,

1569 182 1632 216 (5⁴32

940 241 1073 274 iudicari
1100 247 1130 274 et
1155 240 1281 275 definiri
1315 241 1448 281 debere,
1483 252 1518 274 ac
1550 240 1674 272 irritum

939 300 970 327 ct
995 294 1091 328 inane
1117 293 1143 327 si
1161 305 1254 327 secus
1273 294 1439 338 superbis
1459 306 1475 326 a
1494 303 1675 338 quoquam,

939 347 1050 390 quavis
1069 347 1277 387 auctoritate,
1295 347 1436 380 scienter
1458 348 1506 380 vel
1525 347 1676 390 ignoran-

940 406 1001 440 tei,
1027 400 1133 433 contiO
1118 401 1199 442 Derit
1224 400 1386 433 attentari

981 453 1051 495 §lt
1074 453 1144 486 tlon
1174 453 1382 486 obstantibus
1414 452 1616 495 praemissis,
1641 463 1677 485 ac
1716 461 1736 479 ι
1747 463 1784 480 ιι
1796 462 1825 480 ιι
1839 468 1871 481 ιιιιι

937 505 1225 539 constitutionibus
1252 512 1283 539 et
1310 505 1576 539 ordinationibus
1600 516 1678 548 apo-
1689 489 1721 507 m·
1718 490 1805 511 '⁰⁸⁴¹'

939 558 1074 598 stolicis,
1093 569 1236 599 necnon,
1257 564 1414 601 quatenus
1432 568 1513 601 opus
1531 558 1579 597 sit,
1601 557 1678 591 Con-

940 610 1138 653 gregalionis
1175 617 1207 643 et
1242 611 1372 644 Ordinis
1403 610 1648 654 praedictorum
1669 636 1676 649 ‚

939 662 1035 695 etiam
1060 663 1252 705 iuramento,
1273 663 1521 696 confirmatione
1548 667 1677 705 aposto—

940 715 1009 755 liea,
1032 716 1081 748 vel
1109 716 1221 759 quavis
1247 716 1397 749 firmitate
1416 715 1477 748 alia
1498 714 1679 754 roboratis,

941 769 1066 802 statutis
1093 776 1123 803 et
1156 769 1467 810 consuetudinilnis,
1501 768 1680 812 privilegiis

941 833 1085 865 quoque,
1106 822 1239 855 indultis
1257 828 1288 855 et
1304 822 1421 855 litteris
1443 820 1631 865 apostolicis
1648 821 1679 853 in

941 875 1139 908 contrarium
1158 876 1416 918 praemissorum
1434 874 1683 918 quomodolibet

942 928 1119 967 concessis,
1139 927 1338 960 confirmatis
1361 932 1392 959 et
1416 926 1593 966 innovatis·,
1613 926 1683 969 qui-

942 981 1002 1012 lius
1021 980 1170 1013 omnibus
1185 986 1214 1013 et
1237 980 1386 1022 singulis,
1402 980 1532 1013 illorum
1552 985 1682 1012 tenores

945 1033 1171 1076 praesentilnis
1197 1043 1257 1075 pro
1291 1034 1387 1076 plene
1419 1037 1451 1065 ct
1481 1031 1684 1064 sufficienter

944 1086 1104 1129 expressis
1130 1090 1160 1118 et
1186 1086 1224 1118 ad
1250 1086 1383 1117 verbum
1411 1084 1539 1117 insertis
1563 1084 1685 1116 liaben-

946 1144 1008 1178 tes,
1035 1138 1099 1171 illis
1124 1138 1202 1171 alias
1232 1138 1264 1170 in
1298 1148 1357 1170 suo
1390 1138 1507 1170 robore
1540 1146 1685 1179 perman-

945 1191 1050 1231 suris,
1083 1192 1120 1223 ad
1146 1192 1400 1234 praemissorum
1435 1189 1600 1230 effectum,
1626 1189 1686 1221 liae

946 1244 1014 1276 viee
1047 1245 1234 1284 dumtaxat,
1263 1242 1449 1286 specialiter
1475 1247 1506 1274 et
1531 1251 1686 1284 expresse

947 1297 1159 1339 derogamus,
1197 1296 1384 1339 ceterisque
1420 1294 1589 1328 contrariis
1622 1294 1686 1336 qui-

948 1350 1164 1392 buscumque.

992 1403 1104 1436 Datum
1120 1402 1253 1442 Romae,
1270 1402 1354 1445 apud
1369 1402 1398 1435 S.
1410 1401 1550 1441 Petrum⁷
1565 1400 1623 1432 sul»
1637 1409 1686 1431 an·

950 1457 1025 1489 nulo
1042 1455 1226 1496 Piscatoris,
1246 1456 1297 1488 die
1312 1465 1376 1488 xxii
1398 1454 1476 1486 iunii
1492 1463 1688 1493 nitiecxxviti,

950 1507 1156 1551 pontificatus
1175 1508 1276 1540 nostri
1296 1517 1380 1553 anno
1399 1518 1427 1538 v.

1680 193 1727 218 An,
1749 192 1775 217 C.
1803 191 1868 217 ¹738

986 1569 1045 1596 Dat.
1068 1569 1112 1595 die
1132 1569 1166 1595 ⁹22
1187 1569 1253 1595 iunii
1275 1568 1354 1602 1728,
1376 1567 1477 1604 pontis.
1500 1575 1571 1595 anno
1596 1574 1621 1593 v.

989 1647 1086 1677 Fidem
1109 1647 1182 1676 facio
1206 1656 1256 1685 per
1279 1650 1444 1685 praesentes
1460 1654 1513 1683 ego
1534 1656 1686 1677 ‹uuisarum
1719 1663 1747 1684 ι,ιιι
1753 1662 1797 1681 ιιιιι·
1810 1663 1884 1685 ιι-ιιιρ.

949 1695 1045 1725 curiae
1067 1695 1202 1724 Gamerae
1225 1695 1413 1733 Apostolicae
1442 1705 1475 1724 ac
1497 1696 1636 1725 illustriss
1640 1696 1688 1725 imi
1702 1688 1848 1734 {ffsuffuffffl
1852 1695 1885 1733 [ῑζῖ

949 1748 977 1773 et
1000 1743 1238 1773 reverendissimi
1260 1743 1371 1772 domini
1393 1744 1534 1774 auditoris
1563 1744 1690 1774 Sanctis-
1682 1741 1884 1793 -fs'ge'g‘sfflss‘fggg

949 1791 1015 1820 simi
1031 1792 1161 1821 notarius
1178 1791 1311 1830 publicus
1334 1791 1548 1830 infrascriptus,
1566 1792 1704 1831 qualite!
1701 1799 1744 1813 ¹¹¹⁵

950 1849 1025 1869 unus
1046 1849 1148 1869 Ctllsor
1181 1839 1282 1869 retulit
1306 1839 1336 1868 in
1364 1840 1498 1878 seriptis,
1522 1850 1552 1869 se
1574 1841 1621 1869 die
1644 1849 1690 1870 xlx

950 1887 1013 1917 iulii
1036 1896 1215 1923 iunucxxvm,
1240 1897 1291 1926 pro
1315 1891 1395 1926 parte
1414 1892 1442 1917 et
1463 1888 1498 1917 ad
1522 1888 1689 1918 instantiam

950 1937 1071 1966 fratrum
1091 1944 1298 1966 conversorum
1315 1945 1365 1965 seu
1381 1936 1555 1966 donatorum
1576 1937 1692 1976 provin-

950 1985 1012 2015 ciae
1026 1985 1150 2015 Venetae
1169 1984 1376 2024 principalium
1389 2008 1396 2022 ‚
1417 1984 1489 2020 sive,
1509 1990 1578 2023 etc.‚
1594 1995 1690 2016 coram

950 2033 1049 2063 eodem
1067 2032 1265 2062 illustrissimo
1281 2036 1308 2062 et
1331 2032 1577 2063 reverendissimo
1600 2033 1692 2063 domi-

951 2092 988 2112 no
1001 2082 1132 2112 auditore
1144 2081 1336 2119 Sanctissimi,
1351 2090 1401 2120 per
1413 2085 1476 2111 acta
1491 2082 1559 2121 mei,
1578 2086 1633 2113 etc.
1654 2083 1693 2112 ci·

952 2135 1025 2160 tasse.
1041 2130 1190 2160 dominum
1207 2129 1383 2159 Gulielmum
1406 2130 1511 2167 Rieca,
1533 2131 1693 2160 exadverso

953 2183 1167 2218 procuratorem
1185 2178 1370 2208 assistentem
1392 2179 1629 2209 reverendissimi
1647 2189 1694 2219 pa-

953 2227 1006 2257 tris
1036 2227 1194 2266 praepositi
1224 2227 1369 2264 generalis
1400 2236 1433 2257 ae
1465 2228 1692 2258 reverendorum

955 2279 1070 2313 patrum
1086 2275 1281 2304 clioristarum
1298 2274 1517 2305 Carmelitarum
1534 2276 1694 2306 Discalcea-

955 2328 1050 2353 torum
1073 2323 1242 2362 provinciae
1265 2323 1390 2352 Venetae
1413 2324 1570 2354 exadverso
1586 2325 1694 2364 prinei-

956 2371 1076 2409 palium,
1094 2370 1128 2400 ad
1145 2370 1299 2400 dicendum
1323 2374 1424 2400 contra
1444 2372 1612 2402 memoriale
1627 2382 1693 2403 cum

955 2419 1097 2457 rescripto
1120 2418 1319 2455 Sanctissimi,
1337 2424 1366 2448 et
1382 2418 1549 2458 videndum,
1573 2422 1694 2459 praevia

955 2467 1014 2496 oris
1037 2466 1197 2505 aperitione
1220 2466 1358 2496 adversus
1389 2467 1478 2497 Breve
1502 2469 1693 2507 apostolicum

956 2526 989 2547 cx
1014 2515 1136 2546 adverso
1154 2520 1184 2546 ut
1200 2515 1340 2546 asseritur
1357 2516 1544 2556 impetratum
1566 2517 1613 2548 dic
1635 2527 1694 2548 xxu

955 2564 1028 2596 iunii
1052 2564 1176 2604 proximi
1200 2564 1360 2604 praeteriti,
1384 2573 1446 2603 seu,
1480 2569 1550 2603 etc.,
1584 2566 1694 2597 remitti
