2170 3147
218 181 264 206 An,
284 180 312 207 C.
337 180 404 207 1795

274 1625 329 1644 1111111
348 1624 404 1649 qnod

219 1657 280 1676 snpra
309 1658 346 1669 san

221 1684 256 1703 pini
274 1680 320 1697 ι1ιιΙι
333 1683 345 1697 u

220 1711 288 1723 {minuit
299 1710 317 1724 (⁸¹
335 1711 352 1729 ¹7⁴

221 1734 324 1751 tentiam.

250 2578 370 2599 ctausuiaa.

452 171 514 204 ‘184

414 232 531 263 1111111115
560 236 657 273 atque
695 231 939 274 praecipimus,
978 231 1074 274 quod,
1100 230 1154 262 ubi

411 283 599 327 praebenda
620 283 826 326 tlieologalis,
848 283 1042 326 computatis
1058 283 1153 316 etiam

412 335 692 370 distributionibus
718 336 923 379 quotidianis,
952 336 989 369 ad
1013 347 1154 368 annuum

414 391 529 423 saltem
546 389 708 422 redditum
728 394 891 422 scutorum
909 389 1076 432 sexaginta
1094 400 1155 421 mo-

413 449 507 476 netae
523 453 672 475 romanae
693 453 757 475 non
777 442 939 483 ascendat,
956 453 1014 486 pro
1033 444 1155 475 summa

413 497 451 528 ad
479 496 563 528 hanc
594 500 697 528 tax'am
716 495 952 528 conficiendam
984 495 1155 528 deficiente

413 549 513 582 iidem
539 550 685 593 episcopi
705 550 797 582 unire
817 550 945 593 possint
967 555 997 582 et
1016 550 1156 582 debeant

413 603 518 636 cidem
543 603 750 646 praebendae
777 602 907 646 aliquod
934 602 1066 646 simplex
1105 603 1157 635 be-

418 655 592 695 neficium,
620 655 709 688 cuius
736 657 966 699 supplemento
992 655 1157 699 praedicta

414 720 537 742 summa
562 709 765 750 conficiatur,
793 709 897 752 primo
919 714 1104 741 vacaturum
1125 708 1155 740 in

415 773 619 806 quocumque
635 773 754 803 mense,
770 768 801 795 et
819 763 1101 806 qualitercumque
1121 773 1156 794 ac

414 816 721 860 quomodocumque
748 815 820 848 Scdi
848 815 1054 859 Apostolieae
1081 814 1156 847 affe-

415 876 501 902 ctum
529 875 558 902 et
585 875 782 902 reservatum
809 869 865 911 (ita
889 875 994 901 tamen
1012 874 1045 901 ut
1066 879 1081 901 a
1101 868 1155 901 tali

413 923 536 955 unione
564 922 618 955 illa
643 922 751 955 omnia
786 921 943 955 beneficia
977 932 1058 965 quae.
1097 932 1156 964 pro

413 974 444 1007 S.
473 975 509 1007 R.
541 975 575 1007 E.
603 975 842 1014 cardinalibus,
881 975 985 1017 Papae
1024 973 1157 1006 familia-

414 1028 559 1066 liaribus,
580 1027 707 1059 nunciis
729 1027 929 1070 apostolicis,
951 1032 1048 1069 atque
1068 1036 1158 1068 prae-

413 1080 485 1113 latis
529 1080 825 1122 Congregationum
847 1106 854 1119 ,
900 1079 1016 1122 quibus
1057 1079 1156 1111 iidem

414 1134 444 1167 S.
460 1134 496 1166 R.
510 1134 544 1166 E.
564 1133 746 1166 cardinales
766 1133 942 1172 intersunt,
969 1132 1156 1165 secretariis

414 1188 445 1220 in
473 1187 534 1219 alia
559 1187 788 1219 constitutione
826 1187 863 1218 ad
902 1186 1156 1229 promovendam

414 1240 663 1273 seminariorum
690 1240 888 1273 erectionem
907 1239 1080 1272 novissime
1101 1250 1158 1282 per

414 1304 474 1326 nos
499 1293 629 1325 condita
656 1292 866 1335 peculiariter
892 1292 1128 1325 reservavimus
1149 1319 1156 1332 ,

414 1352 574 1390 perpetuo
590 1351 752 1379 reservata
768 1351 798 1378 et
812 1351 947 1389 excepta
963 1345 1075 1378 sintae
1087 1357 1157 1379 esse

415 1399 676 1442 intelligantur),
713 1404 743 1431 et
778 1399 936 1442 quidquid
970 1409 1060 1431 secus
1089 1398 1156 1431 ficri

415 1453 604 1495 contigeret,
628 1463 662 1485 ex
694 1463 780 1485 nunc
806 1463 940 1496 prorsus
971 1452 1095 1485 irritum
1122 1464 1158 1485 ac

416 1507 522 1547 inane,
548 1506 736 1549 nulliusque
762 1506 888 1539 roboris
925 1507 974 1539 vel
1001 1507 1156 1539 momenti

416 1571 488 1593 esse
516 1570 552 1592 ac
576 1560 645 1592 fore
672 1559 876 1592 decernimus
896 1559 1155 1592 etdeclaramus.

460 1614 474 1657 ξ
499 1613 529 1646 5.
557 1613 726 1646 Postremo
752 1623 979 1656 quaecumque
999 1613 1157 1646 hactenns

356 1654 455 1723 'i'i'iffde
481 1667 669 1710 praebenda
691 1667 868 1709 tlieologali
895 1672 926 1699 et
944 1666 1058 1699 Sacrae
1077 1666 1158 1699 Scri-

364 1711 382 1724 tt

415 1727 531 1764 pturae
559 1721 698 1754 lectione
725 1721 928 1761 sancivimus,
954 1721 1156 1754 extendimus

417 1775 512 1807 etiam
540 1785 575 1806 ae
599 1773 793 1806 adamussim
820 1773 983 1807 observari
1009 1775 1156 1807 volumus

417 1833 449 1861 et
473 1828 661 1860 mandamus
687 1828 854 1870 (congrua
880 1833 985 1860 tamen
1005 1829 1158 1871 congruis

415 1882 614 1923 referendo)
645 1881 751 1924 quoad
787 1880 1024 1914 institutionem
1061 1892 1158 1914 cano-

416 1935 478 1968 nici
505 1933 747 1977 poenitentiarii
769 1934 799 1966 in
819 1934 882 1967 illis
912 1935 1156 1968 cathedralibus

416 1989 448 2021 in
468 1988 584 2030 quibus
603 1988 747 2021 nonduin
764 1988 860 2020 fucrit
878 1988 1052 2028 institutus,
1072 1989 1158 2022 cius·

417 2052 480 2085 que
510 2042 682 2074 honestam
720 2041 1038 2080 substentationem,
1075 2053 1154 2075 con-

416 2105 570 2133 cursum,
599 2094 866 2137 deputationem,
893 2095 1066 2139 omniaque
1097 2095 1158 2128 alia

416 2147 455 2179 ad
470 2147 557 2179 illius
573 2146 713 2179 officium
732 2147 947 2190 pertinentia3
967 2158 1013 2187 ac,
1028 2154 1158 2192 praeter

416 2200 496 2240 illa,
524 2210 605 2243 qnae
636 2210 653 2232 a
689 2199 783 2232 nobis
821 2201 970 2244 superius
1002 2201 1158 2244 disposita

416 2258 516 2293 sunt,
542 2264 577 2286 ea
604 2253 764 2297 insuper,
792 2265 874 2297 quae
900 2254 1087 2288 Ti‘idcntina
1105 2255 1158 2300 Sy-

416 2306 531 2345 nodus,
553 2317 622 2349 cap.
645 2317 702 2340 viu
720 2318 801 2340 sess
818 2318 888 2341 xxtv
907 2307 953 2340 De
975 2309 1157 2351 reformat„

417 2359 455 2391 de
482 2359 578 2391 buius
606 2359 743 2392 ministri
772 2361 950 2403 qualitate,
984 2366 1088 2395 aetate
1122 2373 1158 2395 ac

417 2412 625 2454 exemptione
651 2424 667 2445 a
693 2414 825 2446 servitio
852 2414 944 2446 cliori
972 2415 1156 2455 constituit,

417 2471 526 2497 exacte
553 2466 718 2498 observari
747 2468 979 2506 decernimus,
1006 2469 1159 2512 praecipi-

418 2529 488 2550 mus
515 2524 546 2551 et
572 2520 773 2551 mandamns.

998 181 1180 205 BULLAHIUM
1206 181 1362 205 ROMANUM

1199 234 1284 262 teras
1311 241 1439 274 semper
1464 230 1584 273 firmas,
1604 231 1726 265 validas
1744 238 1775 265 et
1793 232 1940 266 efficaces

1200 283 1335 316 existere
1363 289 1395 317 et
1418 284 1485 317 sore
1504 311 1511 324 ,
1538 296 1680 328 suosque
1712 285 1877 328 plenarios
1911 292 1942 318 et

1201 341 1307 378 tcgros
1334 336 1468 370 etl'ectus
1494 338 1601 370 sortiri
1629 343 1661 370 et
1686 338 1845 377 obtinere,
1867 349 1942 371 nec-

1199 399 1264 421 non
1289 389 1466 432 praemissa
1491 390 1598 422 omnia
1623 395 1654 423 et
1679 390 1808 433 singula
1827 391 1858 423 in
1879 390 1942 424 11115

1199 448 1348 475 contenta
1373 453 1432 486 per
1458 453 1523 483 eos,
1549 443 1587 475 ad
1613 454 1694 486 (litos
1721 448 1843 486 spectat
1861 449 1892 477 et
1911 444 1942 477 in

1200 496 1341 528 futurum
1376 496 1622 539 quomodolibet
1657 496 1839 538 spectabit,
1872 508 1943 540 per-

1200 554 1297 591 petuo
1323 548 1555 582 inviolabiliter
1580 549 1762 589 observari,
1782 549 1893 593 sicque
1911 555 1944 583 et

1199 611 1262 634 non
1289 602 1383 634 aliter
1408 612 1466 644 per
1492 611 1714 644 quoscumque
1747 601 1869 634 iudices
1894 613 1942 636 or-

1199 654 1343 687 dinarios
1369 660 1400 688 et
1424 655 1616 697 delegatos,
1644 654 1740 686 etiam
1774 665 1941 688 causarum

1199 707 1310 750 palatii
1338 708 1509 751 apostolici
1535 706 1714 747 auditores,
1741 718 1778 739 ac
1803 707 1832 740 S.
1851 708 1887 741 R.
1905 709 1939 741 E.

1200 761 1402 802 cardinales,
1429 762 1525 795 etiam
1554 761 1592 794 de
1619 761 1720 794 latere
1747 761 1884 805 legatos
1912 767 1943 795 et

1200 813 1280 846 alios
1299 814 1462 857 quoslibet
1478 824 1681 857 quacumque
1699 819 1858 857 potestate
1878 815 1943 847 sun·

1200 872 1314 909 gentes
1341 872 1372 900 et
1397 868 1586 908 sunctul‘OS,
1613 867 1738 900 sublata
1764 867 1810 900 eis
1837 873 1869 900 et
1894 879 1944 901 eo-

1200 930 1269 952 rum
1296 920 1428 953 cuilibet
1459 920 1569 963 quavis
1595 920 1688 953 aliter
1722 920 1886 954 iudicandi
1913 927 1945 954 et

1200 973 1437 1016 interpretandi
1472 974 1623 1006 facultate
1660 978 1690 1006 et
1727 974 1941 1015 auctoritate,

1201 1026 1335 1059 iudicari
1362 1032 1392 1059 et
1417 1025 1544 1060 definiri
1576 1026 1715 1067 debere,
1748 1037 1783 1059 ac
1814 1026 1942 1059 irritum

1201 1086 1231 1112 et
1256 1080 1350 1112 inane
1377 1079 1537 1123 quidquid
1572 1090 1666 1113 secus
1706 1090 1803 1123 super
1840 1080 1890 1113 liis
1926 1091 1943 1112 a

1201 1144 1376 1176 quoquam,
1402 1133 1511 1176 quavis
1544 1132 1763 1173 auctoritate,
1804 1132 1943 1166 scienter

1201 1187 1249 1218 vel
1275 1186 1485 1228 ignoranter,
1512 1186 1687 1229 contigerit
1711 1187 1873 1219 attentari.

1245 1240 1259 1282 g
1285 1239 1314 1271 7.
1342 1238 1410 1272 Non
1435 1239 1651 1279 obstantibus,
1678 1245 1834 1283 quatenus
1861 1250 1942 1283 opus

1201 1292 1267 1333 sit,
1295 1292 1414 1325 nostris
1440 1298 1472 1325 et
1496 1292 1711 1326 Cancellariae
1737 1293 1941 1336 Apostolicae

1202 1346 1322 1388 regulis
1348 1346 1626 1389 quibuscumque,
1654 1346 1789 1389 aliisque
1815 1352 1942 1390 aposto-

1202 1400 1271 1432 licis
1305 1400 1400 1431 etiam
1429 1399 1459 1431 in
1486 1399 1723 1432 universalibus
1761 1401 1943 1443 provincia-

1202 1453 1352 1496 libusque
1395 1457 1427 1485 et
1462 1452 1672 1496 synodalibus
1714 1453 1863 1486 conciliis
1904 1456 1942 1488 ad

1202 1506 1342 1539 savorem
1369 1515 1647 1550 quarumcumque
1675 1508 1889 1550 personarum
1916 1519 1943 1542 e·

1202 1559 1286 1600 ditis,
1313 1559 1520 1602 generalibus
1546 1560 1594 1591 vel
1621 1559 1829 1602 specialibus,
1864 1571 1941 1593 con—

1201 1612 1424 1646 stitutionibus
1450 1617 1480 1645 et
1505 1612 1766 1646 ordinationibus
1784 1641 1791 1654 ‚
1814 1624 1940 1647 necnon

1201 1667 1390 1710 quorumvis
1415 1666 1568 1699 Ordinurn
1588 1693 1595 1707 ,
1622 1667 1914 1710 congregationum
1934 1695 1940 1709 ,

1201 1721 1390 1754 societatum
1418 1730 1452 1752 ac
1478 1720 1711 1761 institutorum,
1739 1721 1848 1754 aliisve
1874 1722 1943 1765 qui-

1201 1774 1328 1813 busvis,
1356 1774 1451 1806 etiam
1478 1773 1672 1813 iuramento,
1697 1774 1942 1809 confirmatione

1201 1827 1390 1870 apostolica,
1410 1828 1457 1859 vel
1476 1826 1585 1870 quavis
1601 1826 1753 1859 firmitate
1770 1827 1832 1861 alia
1850 1828 1943 1862 robo·

1202 1881 1290 1921 ratis,
1311 1880 1439 1913 statutis
1465 1886 1494 1913 et
1522 1881 1824 1921 consuetudinibus,
1846 1882 1942 1916 etiam

1202 1934 1518 1967 immemorabilibus
1538 1961 1544 1975 ,
1573 1934 1751 1977 privilegiis
1789 1946 1918 1979 quoque
1935 1964 1942 1977 ,

1201 1988 1334 2021 indultis
1349 1995 1379 2021 et
1394 1988 1512 2020 litteris
1531 1988 1729 2031 apostolicis,
1749 1989 1872 2022 eisdem
1891 1990 1943 2023 Or-

1201 2042 1344 2082 dinibus,
1379 2042 1702 2084 congregationibus,
1733 2043 1943 2076 societatibus

1202 2102 1233 2129 et
1257 2095 1421 2135 institutis,
1449 2100 1481 2128 et
1507 2095 1671 2138 quibusvis
1697 2095 1778 2137 aliis,
1793 2097 1851 2129 sub
1873 2096 1944 2140 qui-

1201 2149 1403 2192 buscumque
1414 2149 1586 2181 verborum
1600 2149 1766 2182 tenoribus
1779 2154 1810 2182 et
1821 2150 1941 2192 formis,

1201 2214 1238 2236 ac
1265 2214 1335 2236 clun
1362 2201 1528 2246 quibusvis
1546 2201 1640 2234 etiarn
1660 2202 1943 2245 derogatoriarum

1202 2255 1416 2298 derogatoriis
1437 2284 1444 2295 ,
1469 2255 1606 2298 aliisque
1644 2255 1875 2289 efficacissimis
1912 2261 1944 2290 et

1202 2309 1340 2342 insolitis
1366 2308 1542 2349 clausulis,
1571 2308 1838 2352 irritantibnsque
1864 2314 1894 2342 et
1912 2320 1943 2343 a·

1202 2363 1253 2396 liis
1280 2362 1420 2395 decretis
1439 2390 1446 2402 ,
1471 2363 1520 2396 vel
1546 2361 1622 2394 alias
1649 2362 1893 2405 quomodolibet
1909 2363 1942 2395 in

1202 2416 1400 2449 contrarium
1417 2416 1669 2459 praemissorum
1682 2415 1856 2455 concessis
1869 2426 1943 2449 eon-

1203 2470 1336 2503 tlrmatis
1364 2476 1396 2503 et
1421 2470 1608 2509 innovatis3
1637 2469 1756 2512 quibus
1791 2469 1941 2502 omnibus

1203 2529 1234 2556 ct
1259 2523 1419 2565 singulis,
1447 2522 1570 2555 etiamsi
1597 2531 1656 2565 pro
1693 2521 1823 2553 illorum
1859 2522 1943 2554 suffi-

462 2571 518 2616 56.
539 2572 757 2606 Deeerncntes
776 2574 881 2615 etiam,
904 2581 1095 2619 praesentes
1113 2576 1159 2610 lit-
1203 2576 1301 2609 cienti
1341 2575 1554 2619 derogatione
1590 2575 1629 2607 de
1666 2574 1729 2607 illis
1764 2584 1941 2620 eorumque

1947 185 2000 211 An.
2016 184 2043 212 C.
2064 187 2131 214 1725

1984 1255 2137 1280 θοι-(1513101130

1953 1283 2082 1309 peculiares.
