2170 3147
223 104 274 131 An.
295 104 322 130 c.
349 103 416 130 ¹728
462 94 525 129 730

248 587 361 612 foenerer:
376 593 409 607 as.

418 153 587 196 quoslibet
611 162 817 196 quacumque
843 150 1104 195 praeeminentia
1131 154 1183 183 et*

419 211 578 248 potestate
605 206 775 248 fungentes
793 210 822 237 ct
841 204 1018 244 suncturos,
1037 203 1162 236 sublata
1183 229 1184 239 ,

420 260 464 292 cis
493 265 523 292 et
550 270 658 292 eorum
684 257 817 291 cuilibet
847 257 958 301 quavis
989 257 1084 289 aliter
1116 257 1185 290 iu-.

419 313 546 346 dicandi
567 318 597 346 ct
614 311 851 355 interpretandi
879 311 1026 344 facultate
1054 315 1085 343 ct
1108 320 1163 342 au-

419 366 590 405 ctoritate,
611 365 746 398 iudicari
773 370 805 398 et
831 364 957 397 definiri
978 363 1113 403 debere,
1133 369 1165 396 et
1184 373 1185 378 ¹

420 420 546 452 irritum
573 425 604 452 ct
636 419 732 450 inane
767 417 791 450 si
825 427 917 450 secus
948 427 1045 460 super
1070 416 1120 450 his
1147 427 1186 449 a*

420 482 600 516 quoquam,
638 470 750 515 quavis
787 469 990 511 auctoritate,
1023 470 1165 503 scienter

420 526 469 558 vel
494 526 692 567 ignoranter,
719 524 895 566 contigerit
919 523 1084 556 attentari.

466 580 480 623 ξ
505 579 537 612 5.
564 578 633 611 Non
660 577 864 611 obstantibus
889 576 1091 620 praemissis,
1119 586 1163 614 ac,
1186 592 1188 615 ᾗ

422 638 583 676 qnatenus
601 642 681 674 opus
700 630 750 670 sit,
768 632 880 663 nostra
897 635 929 663 et
945 629 1165 662 Cancellariae
1187 650 1189 666 .

422 685 629 730 Apostolicae
655 684 768 727 regula
787 683 826 716 de
845 682 915 716 iure
935 683 1083 726 quaesito
1101 693 1165 715 non

421 739 580 778 tollendo,
598 738 737 781 aliisque
764 736 965 780 apostolicis,
983 746 1018 768 ac
1043 735 1074 768 in
1101 735 1168 768 uni.

420 792 603 826 versalibus
631 790 954 834 provincialibusque
977 794 1009 822 et
1033 789 1167 832 synoda-

421 847 507 879 libus
546 845 691 878 conciliis
729 843 836 883 editis,
873 842 1082 885 generalibus
1117 842 1166 875 vel

422 899 630 943 specialibus,
662 896 951 930 constitutionibus
985 901 1015 928 ct
1039 895 1168 928 ordina-

425 953 577 992 tionibus,
603 961 731 984 necnon
758 950 939 994 quibusvis,
959 948 1054 981 etiam
1084 949 1191 992 iura-¹

422 1012 553 1045 mento,
592 1003 843 1038 confirmatione
880 1002 1078 1045 apostolica,
1119 1002 1166 1035 vcl

422 1059 533 1102 quavis
559 1058 709 1090 firmitate
735 1057 796 1089 alia
823 1055 1002 1095 roboratis,
1040 1054 1168 1086 statutis

422 1118 454 1145 et
478 1110 790 1149 consuetudinilms,
817 1119 854 1141 ac
879 1107 990 1140 usibus
1022 1112 1054 1140 et
1078 1107 1168 1150 stylis

423 1166 519 1199 etiam
539 1163 852 1197 immemorabilibus
868 1189 875 1202 ,
895 1160 1073 1204 privilegiis
1093 1171 1168 1203 quo-

422 1229 501 1261 que,
528 1216 662 1250 indultis
683 1221 714 1249 et
733 1215 850 1248 litteris
876 1213 1075 1258 apostolicis,
1101 1213 1169 1256 qui-

421 1271 622 1313 buscumque
647 1268 810 1312 personis,
836 1268 932 1300 etiam
962 1266 1167 1310 quantumvis

422 1324 617 1358 sublimibus
655 1329 686 1356 et
721 1321 960 1365 specialissima
999 1319 1167 1353 mentione

423 1377 541 1420 dignis,
559 1377 618 1409 sub
637 1375 895 1418 qiubuscumque
920 1373 1095 1406 verborum
1122 1378 1168 1405 te-

422 1430 559 1463 noribus
597 1434 629 1461 et
664 1428 787 1468 formis,
820 1437 856 1459 ac
892 1437 963 1459 cum
1002 1425 1168 1469 quibusvis

423 1483 518 1516 ctiam
537 1481 819 1524 derogatoriarum
840 1479 1068 1522 derogatoriis‚
1085 1478 1168 1511 aliis-

423 1546 487 1579 que
512 1535 759 1574 efficacioribus,
781 1533 1014 1567 efficacissimis
1034 1538 1063 1565 ct
1083 1533 1169 1565 inso-

423 1590 488 1623 litis
514 1588 691 1628 clausulis,
725 1587 997 1629 irritantibusspie
1034 1591 1063 1619 ct
1099 1586 1168 1618 aliis

424 1642 573 1681 decretis,
601 1642 699 1674 etiam
725 1646 824 1680 motu,
851 1640 987 1673 scientia
1023 1645 1054 1672 ct
1079 1644 1168 1681 pote·

423 1696 513 1729 statis
538 1695 746 1739 plenitudine
768 1694 943 1732 similibus,
961 1703 1017 1726 seu
1037 1692 1075 1725 ad
1096 1703 1170 1735 qua-

424 1759 640 1792 rumcumque
659 1757 885 1791 personarum,
904 1746 999 1779 ctiam
1019 1745 1170 1788 imperia-

424 1804 457 1843 li,
484 1803 595 1845 regali,
615 1802 742 1845 aliaque
762 1801 910 1845 qualibet
932 1799 1095 1832 mundana
1121 1800 1169 1832 vel

425 1855 645 1889 ecclesiastica
660 1854 818 1898 dignitate
835 1853 1037 1896 fulgentium,
1052 1852 1171 1885 instan-

426 1910 515 1949 tiam,
549 1909 597 1941 vel
625 1919 736 1940 earum
763 1907 1084 1950 contemplationem,
1111 1916 1168 1938 seu

426 1962 506 1994 alias
525 1960 779 2004 quomodolibet,
800 1961 831 1992 in
851 1970 970 2003 genere
986 1960 1034 1992 vel
1049 1960 1081 1992 in
1100 1968 1171 2002 spe-

426 2014 486 2054 cie,
501 2014 595 2047 etiam
617 2013 899 2053 consistorialiter,
920 2013 951 2045 in
971 2012 1169 2045 contrarium

427 2067 680 2111 praemissorum
703 2066 878 2107 concessis,
899 2066 1004 2105 editis,
1020 2065 1119 2105 sactis,
1136 2076 1171 2098 ac

427 2120 547 2163 pluries
575 2119 714 2159 iteratis,
740 2124 771 2152 et
795 2119 1067 2162 quantiscumque
1097 2118 1172 2151 vici-

427 2175 484 2205 bus
504 2172 704 2215 approbatis,
724 2171 922 2204 confirmatis
941 2177 972 2204 ct
990 2171 1169 2212 innovatis;

428 2225 544 2268 quibus
566 2224 719 2258 omnibus
747 2230 778 2257 ct
796 2224 943 2267 singulis,
965 2224 1092 2257 etiamsi
1112 2234 1172 2267 pro

428 2279 559 2311 illorum
586 2277 760 2311 sufficienti
798 2278 1011 2321 derogatione
1037 2278 1076 2310 dc
1106 2278 1172 2310 illis

430 2342 609 2374 corumque
637 2331 711 2363 totis
734 2331 901 2364 tenoribus
920 2330 1083 2374 specialis,
1104 2341 1173 2374 spe—

1011 102 1192 126 BULLARIUM
1220 102 1377 128 Romnum

430 2384 528 2423 (isica,
544 2385 711 2417 individua
730 2390 761 2417 et
778 2395 946 2428 expressa,
966 2385 1056 2418 aede
1075 2386 1172 2418 verbo

431 2438 469 2470 ad
502 2438 647 2477 verbum,
674 2448 739 2470 non
772 2443 878 2471 autem
916 2448 974 2481 per
1010 2438 1172 2471 clausulas

432 2491 601 2534 generales
628 2491 710 2524 idem
730 2493 955 2535 in‘iportantcS,
976 2491 1098 2526 mentio
1117 2501 1172 2526 seu

1667 142 1669 144 η
1957 106 2005 134 An.
2025 106 2055 134 c.
2077 107 2142 139 172⁸

1206 151 1339 194 quaevis
1366 152 1428 185 alia
1454 153 1618 196 expressio
1638 153 1792 187 habenda
1816 158 1869 185 ant
1898 152 1954 187 ali·
2120 175 2127 179 -

1206 216 1267 248 qua
1289 204 1351 238 alia
1373 205 1534 248 exquisita
1553 206 1654 239 forma
1679 206 1716 239 ad
1737 206 1800 239 hoc
1826 216 1954 240 servan.

1207 259 1247 291 da
1273 258 1369 298 soret,
1396 264 1527 292 tenores
1560 259 1759 298 huiusmodi,
1794 270 1830 292 ac
1863 259 1887 292 si
1914 259 1954 293 de

1207 311 1306 344 verbo
1329 311 1366 344 ad
1393 311 1536 351 verbum,
1556 311 1639 344 nibil
1665 311 1796 355 penitus
1820 311 1952 352 omisso,

1208 369 1240 397 et
1265 363 1367 397 forma
1391 364 1425 397 in
1450 363 1514 397 illis
1542 364 1657 396 tradita
1690 364 1871 405 observata,
1904 375 1954 397 ex-

1208 416 1431 461 primerentur
1455 420 1485 450 et
1516 416 1753 456 insererentur,
1777 416 1954 459 praesenti-

1209 471 1267 504 bus
1292 480 1353 514 pro
1388 470 1485 513 plene
1512 474 1543 503 ct
1568 468 1768 503 sufficienter
1792 469 1954 512 expressis

1186 532 1188 563 ζ
1210 531 1240 558 et
1265 523 1394 557 insertis
1419 523 1589 562 habentes,
1616 522 1680 555 illis
1716 521 1795 555 alias
1826 521 1860 554 in
1896 531 1953 555 suo

1210 578 1329 610 robore
1354 575 1586 620 permansuris,
1626 575 1665 608 ad
1701 574 1955 618 praemissorum

1211 629 1369 670 etl'ectum,
1388 629 1450 662 hac
1474 628 1541 661 vice
1568 629 1742 668 dumtaxat,
1768 626 1955 671 specialiter

1212 689 1243 717 et
1269 693 1422 727 expresse
1459 682 1669 724 derogamus,
1696 690 1732 713 ac
1764 680 1954 723 derogatum

1212 747 1284 770 esse
1332 737 1506 775 volumus;
1553 733 1736 777 ceterisque
1781 732 1955 766 contrariis

1213 790 1486 834 quibuscumque.
1979 798 2144 830 rimaraum-12

1257 844 1328 888 ξὸ.
1362 843 1516 876 Volumus
1551 846 1658 874 autem
1695 847 1731 873 ut
1766 827 2110 874 earumdem¹¹³⁰³¹³¹¹¹⁹⁰⁹¹

1212 897 1434 941 praesentium
1457 895 1638 928 litterarum
1660 893 1882 937 transumptis,
1898 903 1956 926 seu

1214 950 1383 994 exemplis,
1405 948 1502 982 ctiam
1520 946 1699 991 impressis,
1718 946 1793 980 etc.¹

1257 1004 1372 1037 Datum
1399 1002 1533 1043 Romae,
1559 1000 1646 1044 apud
1672 1000 1702 1033 S.
1731 1000 1869 1040 Petrum,
1895 1001 1956 1033 sub

1214 1057 1334 1090 annulo
1359 1054 1543 1096 Piscatoris,
1581 1055 1634 1088 die
1670 1064 1727 1087 xxv
1760 1052 1956 1097 septembris

1213 1119 1411 1150 unccxxvut,
1431 1107 1642 1153 pontificatus
1667 1108 1770 1141 nostri
1797 1118 1883 1141 anno
1903 1118 1933 1142 v.

1247 1172 1311 1199 Dat.
1330 1172 1375 1198 die
1390 1170 1424 1199 25
1440 1169 1606 1206 septembris
1623 1169 1706 1205 17028,
1723 1170 1822 1206 pontif.
1840 1177 1914 1197 anno
1930 1177 1956 1198 v.

1506 1311 1660 1346 CCXLllI.

1212 1393 1433 1427 Declarunlttr
1446 1391 1607 1436 quaedam
1622 1391 1727 1424 alluta
1747 1390 1847 1424 dubia
1863 1401 1961 1435 super

1256 1447 1485 1480 constitutione
1521 1445 1706 1485 Pretiosus,
1743 1444 1786 1478 ad
1816 1446 1959 1487 favorem

1256 1502 1399 1543 fratrum
1446 1499 1719 1533 Praedicatorum
1765 1497 1960 1542 iampridem

1258 1553 1378 1587 editam
1400 1554 1422 1586 ⁹.

1393 1624 1577 1652 Benedictus
1599 1624 1680 1658 Papa
1699 1622 1777 1651 xm.

1334 1687 1499 1717 Buatissime
1521 1686 1606 1717 Pater
1616 1710 1623 1724 ,

1259 1746 1410 1788 Magister
1435 1755 1471 1778 ac
1495 1749 1693 1788 procurator
1714 1745 1886 1787 generales
1904 1745 1960 1779 Or·
1984 1752 2145 1783 Sunssexbtvet·

1215 1798 1300 1831 dinis
1326 1798 1599 1837 Praedicatorum,
1634 1797 1795 1841 provoluti
1821 1780 2146 1842 pedibus{vifflcssfffft'giissgffi

1215 1852 1245 1885 S.
1260 1851 1305 1891 V„
1323 1851 1506 1885 humillime
1526 1851 1632 1885 eidem
1651 1856 1831 1894 exponunt,
1849 1832 2145 1885 exorruitt's‘sslllnssffi'i

1216 1905 1374 1938 hactenus
1397 1905 1493 1937 fuisse
1519 1905 1614 1948 plura
1635 1905 1732 1938 dubia
1756 1905 1841 1938 circa
1867 1889 2144 1938 ἰηιοὶ-νῖἒᾞῖπᾞῗῑοιῗόω

1215 1958 1380 2001 ligentiam
1400 1957 1644 1991 constitutionis
1663 1958 1840 1999 Pretz'osus,
1862 1941 2087 2002 superdubmrum.

1216 2012 1334 2056 quibus
1361 2012 1498 2045 maxime
1516 2011 1602 2045 Ordo
1628 2012 1697 2055 ipse
1718 2017 1862 2045 vexatur.
1883 2010 1964 2050 Quo-

1217 2065 1303 2098 niam
1330 2075 1407 2098 vcro
1437 2064 1564 2098 divinae
1590 2065 1699 2108 placet
1723 2064 1962 2108 providentiae,

1217 2119 1254 2152 ad
1282 2118 1447 2151 Ecclesiae
1473 2117 1684 2161 eiusdemque
1710 2117 1838 2151 Ordinis
1860 2118 1963 2151 sirma-

1218 2177 1372 2211 inentum‚
1390 2170 1632 2204 Beatitudinem
1650 2171 1794 2204 Vestram
1814 2170 1847 2204 in
1872 2170 1961 2211 vivis,

1218 2225 1304 2258 iuxta
1330 2225 1453 2258 fervida
1477 2230 1645 2258 oratorum
1669 2235 1705 2258 ac
1722 2224 1854 2258 Ordinis
1878 2229 1961 2265 vota,

1254 2325 1263 2349 ¹
1288 2322 1320 2349 Ut
1339 2331 1421 2358 supra
1442 2330 1503 2358 pag.
1525 2322 1558 2349 7⁶2
1580 2322 1594 2348 b
1616 2322 1716 2357 (R.T.).

1252 2367 1269 2394 2
1290 2367 1407 2394 Laudata
1427 2367 1538 2394 constit.
1568 2366 1634 2393 edit.
1664 2366 1715 2393 fuit
1742 2373 1897 2400 nnccxxvu,
1918 2366 1962 2394 die

1217 2411 1250 2438 ⁹26
1271 2411 1343 2445 maii,
1363 2411 1460 2446 pontif.
1482 2417 1520 2438 111.
1543 2410 1598 2438 llac
1617 2410 1651 2438 de
1670 2419 1699 2438 re
1720 2410 1782 2438 vide
1810 2411 1894 2438 etiam
1913 2411 1962 2438 hu-

1217 2456 1258 2483 ius
1279 2456 1420 2483 Pontificis
1449 2455 1557 2483 constit.
1587 2455 1652 2483 edit.
1680 2461 1845 2491 nnccxxvnt,
1866 2455 1908 2483 die
1931 2456 1962 2484 10

1218 2500 1381 2535 decembris,
1403 2500 1500 2536 pontif.
1521 2507 1546 2527 v.
