2170 3147
0 258 46 285 An.
62 257 92 284 G.
115 255 180 284 1727

184 314 219 337 re
244 314 298 336 seu
325 302 576 346 quomodolibet
600 301 759 345 impedire
790 312 921 344 praesu-

184 361 289 396 mant,
321 366 357 388 ac
382 355 595 387 decernentes
621 365 656 387 ex
683 364 769 386 nunc
794 354 921 386 irritum

185 414 215 442 ct
233 408 327 441 inane
347 407 373 440 si
392 418 482 440 secus
504 418 600 450 super
626 407 675 439 his
701 417 718 439 a
743 417 921 449 quoquam,

183 462 293 505 quavis
328 461 522 494 auctoritate
540 489 547 500 ,
575 460 717 493 scienter
742 461 791 492 vel
828 459 922 502 igno-

183 519 312 555 ranter,
339 513 514 556 contigerit
538 513 702 546 attentari.
729 512 814 545 Nulli
843 523 920 554 crgo

182 567 316 600 omnino
342 566 513 599 hominum
539 565 634 599 liceat
660 566 743 598 hanc
769 564 921 608 paginam

182 625 313 653 nostrae
338 619 522 658 voluntatis,
543 617 775 657 concessionis,
802 616 921 649 inbibi-

760 253 953 277 BENEDICTUS
979 253 1033 277 Xlll
1060 253 1108 276 FP.

184 672 278 705 tionis
315 676 345 704 et
368 671 608 704 constitutionis
642 670 839 713 infringere,
871 670 941 711 vcl¹

183 725 212 758 ei
247 735 326 758 ausu
355 724 530 757 temerario
562 723 746 764 contraire;
785 722 811 755 si
848 723 919 765 quis

182 783 288 810 autem
315 778 378 810 boc
403 782 560 810 attentare
586 775 850 819 praesumpserit,
872 775 920 807 in-

183 830 404 873 dignationem
430 829 663 872 omnipotentis
693 828 749 861 Dei
782 834 814 861 et
845 828 920 860 bea-

184 888 287 916 torum
319 882 404 916 Petri
428 888 460 915 et
484 882 572 915 Pauli
597 882 819 925 apostolorum
849 881 919 913 eius

182 947 215 969 se
241 936 370 969 noverit
395 936 612 968 incursurum.

216 999 314 1025 Datum
334 997 496 1030 Florentiae,
518 1003 547 1023 111
568 996 697 1023 kalendas
725 996 791 1028 iulii,
814 995 918 1030 pontifi-

183 1047 258 1070 catus
278 1042 364 1069 nostri
383 1050 453 1068 auno
473 1049 503 1068 ιι.

39 1105 171 1126 Confirmatio

15 1132 20 1152 Ι
158 1132 160 1135 ,
224 1098 239 1140 ἓ
264 1096 294 1130 3.
319 1096 396 1130 Cum
421 1101 538 1135 autem,
566 1095 647 1128 sicut
673 1095 808 1128 dilectus
833 1093 918 1127 silius

0 1135 76 1206 §ligiis
92 1135 310 1184 ‘filiii-‘Gabriel
329 1149 676 1192 Barbastro‚magister
694 1147 854 1190 generalis
867 1147 920 1180 Or-

49 1200 55 1208 '
184 1202 269 1236 dinis
288 1202 438 1245 praefati,
454 1201 548 1234 nobis
568 1211 673 1244 nuper
691 1200 807 1243 exponi
833 1200 918 1238 fecit,

182 1263 245 1289 tam
271 1256 341 1299 ipse
369 1266 463 1299 quam
490 1254 599 1287 dilecti
619 1254 674 1287 filii
695 1254 812 1286 fratres
839 1252 919 1285 eius-

182 1309 253 1342 dem
278 1308 426 1348 Ordinis,
454 1307 508 1350 qui
542 1307 623 1340 adeo
650 1306 704 1349 pio
730 1312 761 1339 et
787 1306 919 1338 salutari

181 1361 286 1405 operi,
311 1361 398 1405 quod
425 1360 542 1394 ceteris
566 1360 792 1403 corporalibus
817 1359 916 1392 mise-

182 1415 346 1449 ricordiae
379 1415 533 1458 operibus
565 1414 657 1447 facile
684 1413 862 1453 antecellit,
889 1417 921 1445 et

179 1469 213 1502 in
238 1479 302 1512 quo
328 1478 393 1501 uno
412 1468 478 1500 sere
504 1467 611 1500 omnia
636 1466 725 1509 quasi
752 1476 809 1509 per
835 1476 916 1499 com-

180 1522 337 1566 pendium
373 1521 468 1554 simul
495 1526 704 1559 exercentur,
730 1520 817 1552 omni
843 1522 919 1552 cura

179 1586 215 1608 ac
239 1575 366 1614 studio,
394 1574 539 1616 nullique
565 1573 668 1606 labori
706 1578 738 1606 et
772 1572 919 1615 periculo

179 1634 363 1673 parcentes,
383 1627 511 1660 assidue
538 1626 741 1665 incumbunt,
763 1626 918 1669 praemis-

179 1693 223 1722 sa,
237 1693 300 1725 quo
318 1682 441 1714 firmius
460 1681 638 1713 subsistant
656 1679 917 1713 etinviolabilius

178 1740 355 1773 serventur,
371 1734 568 1777 apostolicae
587 1732 845 1766 confirmationis
864 1743 919 1765 no-

177 1792 261 1820 strae
286 1786 465 1830 patrocinio
492 1785 685 1818 communiri
715 1796 917 1828 sommoperc

179 1840 390 1873 desiderent:
411 1849 487 1878 nos,
514 1840 551 1872 ad
575 1839 693 1872 uberes
718 1839 917 1872 christianae

179 1893 344 1926 charitatis
372 1898 402 1926 et
426 1892 556 1936 pietatis
575 1894 710 1931 tructus,
728 1903 809 1935 quos
831 1892 917 1925 Ordo

179 1946 342 1989 praefatus
376 1945 407 1978 in
445 1956 522 1988 agio
559 1946 730 1978 militantis
756 1945 916 1978 Ecclesiae

180 1998 297 2039 iugiter
329 1998 478 2041 proferre
512 1998 732 2040 dignoscitur,
769 2009 917 2041 quosque

181 2050 284 2083 oculis
320 2050 437 2082 nostris
473 2061 558 2083 anno
584 2051 716 2083 iubilaei
742 2051 916 2084 novissime

181 2103 303 2145 elapso,
320 2113 382 2145 quo
408 2102 534 2135 scilicet
558 2102 693 2135 trecenti
712 2103 917 2145 septuaginta

181 2166 217 2188 ex
243 2154 380 2188 diversis
405 2155 588 2188 nationibus
619 2155 731 2188 fideles
758 2166 775 2188 a
800 2156 917 2189 misera

180 2208 333 2240 servitute
368 2218 427 2250 per
458 2208 601 2240 eiusdem
638 2207 766 2240 Grdinis
803 2207 916 2241 fratres

180 2267 331 2294 recenter
348 2260 508 2304 redempti
527 2260 621 2293 nobis
648 2270 755 2293 coram
782 2260 915 2292 exhibiti

179 2313 326 2353 suerunt,
352 2323 417 2346 non
443 2313 511 2346 sine
536 2313 650 2346 intimo
683 2312 789 2345 cordis
814 2313 916 2346 nostri

178 2366 295 2400 solatio
331 2371 480 2409 spectare
518 2366 626 2399 datum
662 2371 723 2405 est,
763 2370 917 2408 paternae

178 2418 357 2461 dirigentes
377 2418 648 2452 considerationis
665 2418 829 2456 intuitum,
845 2429 917 2462 spe-

177 2473 359 2515 cialemque
395 2471 537 2505 Gabrieli
580 2472 737 2515 magistro
771 2472 916 2514 generali

177 2531 209 2559 et
245 2525 398 2558 fratribus
436 2524 610 2567 praedictis
643 2524 776 2567 gratiam
810 2525 916 2558 facere

178 2579 342 2617 volentes,
364 2583 524 2611 eteorum
549 2577 733 2620 singulares
759 2588 916 2622 personas

1595 241 1658 272 559

965 300 1065 334 sionis
1098 306 1130 334 et
1165 301 1355 341 interdicti,
1382 300 1520 344 aliisque
1552 299 1702 332 ecclcsia-

965 354 1052 386 sticis
1077 354 1263 394 sententiis,
1289 353 1433 387 censuris
1467 359 1498 386 et
1523 352 1658 396 poenis,
1685 363 1701 384 a

965 407 1034 439 iure
1058 408 1108 439 vel
1134 407 1171 439 ab
1197 407 1352 447 homine,
1386 407 1498 450 quavis
1530 405 1701 439 occasione

964 461 1012 492 vel
1040 462 1134 492 causa
1159 460 1243 499 latis,
1265 460 1290 493 si
1312 460 1431 503 quibus
1455 459 1702 503 quomodolibet

965 512 1139 545 innodatae
1164 512 1326 553 existunt,
1353 513 1391 546 ad
1430 512 1576 546 effectum
1609 522 1703 555 prae-

963 566 1102 597 sentium
1138 565 1301 598 dumtaxat
1326 565 1594 609 consequendum
1611 592 1618 605 ,
1647 565 1703 597 ha-

964 627 1032 649 rum
1059 617 1143 651 serie
1169 618 1372 651 absolventes
1399 624 1430 651 et
1455 618 1618 650 absolutas
1634 618 1702 650 sore

964 676 1150 710 censentes,
1187 670 1481 713 supplicationibus
1519 669 1620 713 ipsius
1645 669 1704 702 Ga-

963 722 1076 754 brielis
1101 723 1245 765 magistri
1272 723 1434 765 generalis
1460 723 1592 756 nomine
1610 721 1703 755 nobis

963 785 1063 817 super
1088 775 1151 808 hoc
1179 775 1348 808 humiliter
1366 774 1526 818 porrectis
1545 773 1702 812 inclinati,

963 828 1002 860 de
1051 827 1284 860 venerabilium
1333 828 1467 860 fratrum
1515 831 1702 859 nostrorum

963 881 993 913 S.
1016 880 1051 913 R.
1072 880 1105 913 E.
1125 880 1340 913 cardinalium
1366 879 1507 923 negotiis
1526 885 1557 912 et
1574 880 1704 912 consul-

964 933 1137 966 tationibus
1170 933 1401 977 episcoporum
1435 938 1466 966 et
1503 932 1702 975 regularium

964 986 1225 1029 praepositorum
1274 985 1433 1025 consilio,
1482 985 1703 1029 praeinsertas

963 1038 1088 1072 Martini
1121 1038 1387 1083 praedecessoris
1413 1038 1555 1077 litteraS,
1581 1038 1704 1070 omnia-

963 1103 1025 1136 que
1060 1099 1089 1125 et
1123 1093 1251 1136 singula
1285 1092 1317 1124 in
1349 1092 1395 1125 eis
1429 1096 1594 1130 contenta,
1620 1090 1703 1123 dicta

963 1146 1167 1186 auctoritate,
1188 1151 1301 1179 tenore
1328 1145 1561 1189 praesentium,
1588 1155 1704 1188 appro-

964 1199 1077 1232 bamus
1104 1205 1135 1232 et
1160 1198 1414 1239 confirmamus,
1441 1198 1570 1241 illisque
1607 1197 1703 1230 invio-

1705 251 1757 277 Λη.
1775 249 1802 277 C.
1827 250 1894 276 1727

939 1261 941 1268 ¹
964 1252 1069 1285 labilis
1095 1252 1294 1296 apostolicae
1321 1251 1480 1284 firmitatis
1505 1250 1604 1283 robur
1629 1250 1704 1283 adii·

963 1316 1077 1338 eunus.

1007 1359 1021 1402 ξ
1045 1359 1076 1392 li.
1105 1359 1325 1392 Decernentes
1349 1358 1484 1402 pariter,
1501 1357 1587 1401 ipsas
1613 1366 1702 1400 prae<

963 1417 1072 1445 sentes
1099 1412 1224 1445 litteras
1249 1421 1379 1454 semper
1404 1410 1523 1450 sirmas,
1550 1415 1609 1442 etc.
1623 1407 1642 1442 ¹.

1007 1466 1020 1508 ξ
1040 1464 1068 1497 5.
1086 1464 1155 1498 Non
1174 1465 1378 1498 obstantibus
1395 1463 1598 1506 apostolicis,
1617 1473 1653 1495 ac
1670 1463 1700 1495 in
1739 1473 1896 1492 canusinum

963 1518 1156 1551 universalis
1176 1516 1498 1561 provincialibusque
1521 1522 1552 1549 et
1569 1516 1702 1559 synoda-
1713 1499 1831 1525 ‘imaum'

965 1572 1046 1604 libus
1072 1571 1219 1604 conciliis
1253 1571 1369 1610 editis,
1405 1569 1616 1613 generalibus
1651 1571 1702 1602 vel

963 1624 1176 1668 specialibus,
1204 1623 1494 1657 constitutionibus
1515 1628 1547 1655 et
1573 1622 1703 1655 ordina-

964 1677 1122 1716 tionibus,
1147 1676 1329 1719 privilegiis
1355 1685 1500 1719 quoque,
1526 1673 1622 1707 etc.².

1006 1730 1118 1762 Datum
1145 1729 1284 1769 Romae,
1311 1729 1395 1772 apud
1421 1728 1452 1761 S.
1474 1728 1617 1767 Petrum,
1644 1728 1702 1760 sub

1741 1367 1861 1388 clausulae.

939 1786 941 1797 *
961 1784 1080 1816 annulo
1095 1782 1278 1822 piscatoris,
1289 1782 1341 1815 die
1356 1793 1407 1815 xiv
1420 1781 1500 1813 iunii
1515 1790 1701 1819 nuccxxvu,

962 1836 1169 1879 pontificatus
1194 1835 1296 1868 nostri
1323 1846 1408 1868 anno
1436 1844 1478 1867 iv.

998 1899 1057 1925 Dat.
1079 1899 1122 1925 die
1147 1898 1177 1924 ¹4
1201 1897 1266 1924 iunii
1290 1897 1366 1931 1727,
1387 1896 1482 1932 pontif.
1505 1904 1574 1923 anuo
1595 1902 1630 1922 lv.

1250 2058 1407 2092 CLXXXI.

959 2155 1159 2189 stationum*
1176 2154 1337 2188 nonnulla
1355 2154 1392 2187 de
1408 2154 1565 2187 archiviis
1583 2155 1618 2187 in
1634 2154 1701 2188 Ila-

1005 2208 1051 2240 liti
1083 2208 1207 2240 sedium
1240 2208 1459 2251 episcoporum
1494 2206 1702 2251 aliorumque

1003 2261 1233 2303 reliqiosorum
1269 2260 1412 2293 Iocorum
1444 2259 1608 2303 eriyendis
1640 2270 1700 2303 pro

1003 2313 1167 2346 custodffl
1187 2313 1316 2345 iurium
1342 2316 1371 2345 et
1397 2313 1638 2357 scripturarum
1658 2312 1701 2345 ad

1004 2376 1039 2399 ea
1062 2367 1301 2409 pertinentium
1326 2365 1345 2398 ⁴.

997 2464 1008 2489 1
1032 2461 1064 2489 Ut
1083 2470 1164 2497 supra
1185 2470 1244 2497 pag.
1267 2463 1313 2489 47¹
1337 2471 1355 2489 a
1374 2463 1412 2496 (nt
1429 2463 1477 2497 τ.).

994 2507 1009 2533 ⁵2
1030 2507 1065 2533 Ut
1085 2515 1169 2540 supra
1187 2515 1248 2542 pag.
1270 2507 1316 2533 471
1340 2516 1358 2534 a
1379 2511 1416 2541 (n.
1432 2507 1482 2540 Τ.).

996 2551 1012 2578 3
1032 2551 1102 2578 Edit.
1123 2551 1202 2577 Main.
1224 2551 1290 2586 legit
1309 2552 1495 2580 custodienda
1513 2554 1552 2586 (fl.
1568 2553 1618 2586 τ.).

994 2596 1010 2622 4
1031 2595 1085 2621 Hae
1105 2595 1138 2622 de
1164 2603 1193 2622 re
1220 2603 1268 2631 pro
1295 2604 1378 2631 regno
1406 2596 1512 2624 Siciliae
1536 2596 1597 2623 vide
1617 2597 1658 2624 Pii
1679 2597 1698 2624 V

177 2641 194 2665 a
211 2631 379 2675 quibusvis
405 2630 763 2672 excommunicationis,
784 2642 915 2675 suspen·
958 2643 1045 2667 const.
1067 2639 1131 2667 edit.
1153 2646 1265 2676 natm,
1287 2639 1330 2667 die
1352 2642 1362 2668 1
1386 2640 1484 2675 martii,
1507 2640 1601 2678 pontif.
1623 2648 1660 2668 vi.
