2170 3147
0 296 19 317 ι.
33 287 65 316 C.
85 285 152 314 1727

479 330 576 365 CCIII.

159 403 372 437 Permittitur
410 400 591 434 Minoribus
628 400 816 443 provinciae
850 409 899 431 re-

201 456 359 499 formatae
394 454 492 487 sellis
520 453 558 485 cle
589 454 738 485 Mazzara
765 451 899 484 Ordinis

203 509 236 542 S.
263 508 294 541 F
295 507 434 540 rancisei
459 506 496 538 de
522 505 745 543 Observantia',
769 508 804 535 ut
825 503 900 535 elee-

203 571 355 603 mosynas
385 559 596 603 pecuniarias
629 568 688 601 pro
721 557 829 589 missis
854 566 900 587 ce-

205 613 338 647 brandis
352 622 526 656 procurare
543 616 570 644 et
588 611 726 654 recipere
742 607 897 652 possum.

350 692 531 720 Benedictus
551 691 632 725 Papa
651 689 732 721 xm,

277 738 314 765 ad
332 740 511 771 perpetuam
530 734 575 762 rei
597 733 780 761 memoriam.

0 819 153 869 ›eustgilnav'ilig
208 810 222 853 g
247 809 276 842 1.
302 808 437 847 Dudum,
455 816 514 850 per
536 804 638 838 felicis
666 800 901 836 recordationis

0 853 3 868 Ζ
18 855 26 869 Γ
44 855 48 867 Ι
73 854 83 867 U

26 863 329 906 ‚pf-aemmaUrbanum
366 861 484 904 Papam
515 858 578 891 vllt
616 857 900 901 praedecessorem

0 901 313 958 iiiiiiri'apuqlae'sissnostrum
340 918 473 957 accepto
500 912 586 956 quod
613 911 643 943 in
669 908 836 954 provincia
854 918 902 940 re-

0 960 303 1003 issbl'a‘ssdlss'iffiformata
335 967 431 999 valtis
465 966 503 998 de
539 965 681 997 Mazzara
717 961 904 1004 nuncupata

0 1011 101 1036 ‘memus'
167 1022 295 1055 Ordinis
323 1021 454 1053 fratrum
483 1019 642 1051 titium-um
679 1016 779 1049 sancti
805 1015 903 1047 Fran-

167 1075 242 1108 cisci
260 1075 299 1107 de
316 1072 525 1106 Observantia
543 1075 801 1113 nuncupatorum
823 1077 905 1100 sem-

168 1139 227 1172 per
251 1132 407 1160 servatum
446 1126 547 1157 suerat
580 1129 613 1155 ut
638 1124 745 1155 nullae
771 1131 828 1164 pro
854 1130 902 1153 ce-

169 1180 334 1215 lebrandis
360 1178 467 1212 missis
491 1177 649 1220 pecuniae
671 1176 905 1218 reciperemur,

169 1235 225 1268 sed
259 1234 372 1266 missae
409 1232 508 1275 gratis
544 1242 603 1274 pro
640 1228 904 1262 benefactoribus

169 1288 255 1321 iuxta
291 1286 504 1319 intentionem
546 1282 727 1326 superioris
764 1281 906 1324 applica-

169 1347 301 1381 rentur,
330 1338 477 1372 nonnulli
497 1348 572 1370 vero
599 1336 792 1369 laudabilem
813 1345 905 1366 usum

170 1400 201 1427 et
236 1392 474 1427 observantiam
512 1389 696 1423 huiusmodi
737 1389 907 1421 immutare

170 1453 202 1480 ct
226 1448 387 1480 invertere
413 1445 613 1478 nitebantur:
640 1443 724 1475 idem
757 1442 906 1475 Urbanus

169 1500 414 1544 praedecessor,
431 1497 534 1540 turpis
559 1501 711 1539 quaestus
739 1495 906 1527 materiam

171 1553 209 1586 ab
236 1553 321 1592 illis,
355 1552 409 1595 qui
437 1551 614 1594 perfectam
650 1549 744 1581 vitam
778 1548 908 1591 profite-

169 1607 299 1645 bantur,
328 1605 358 1636 in
387 1615 419 1636 re
445 1603 638 1647 praesertim
665 1602 746 1634 adeo
772 1602 871 1639 sacra,
891 1611 907 1632 e

171 1659 277 1692 medio
305 1659 421 1691 tollere
448 1668 505 1700 pro
532 1655 686 1699 pastorali
713 1657 768 1686 sua
794 1653 906 1686 sollici-

171 1712 281 1744 tudine
318 1711 441 1749 votens,
468 1720 508 1742 ne
535 1710 573 1742 de
599 1714 706 1741 cetero
744 1706 908 1750 perpetuis

172 1764 287 1796 suturis
307 1763 506 1806 temporibus
531 1763 562 1794 in
589 1760 754 1804 provincia
780 1759 908 1803 praedi—

172 1819 220 1851 cta
245 1816 372 1850 nullae¹
391 1815 524 1849 omnino
551 1814 707 1858 pecuniae
726 1824 784 1856 pro
801 1813 907 1845 missis

174 1870 380 1903 celebrandis
397 1869 614 1911 exigerentur,
629 1878 665 1900 ac
680 1867 775 1899 etiam
792 1872 908 1910 sponte

173 1923 300 1956 oblatae
326 1922 561 1965 reciperentur,
587 1921 643 1953 sed
662 1921 775 1953 missae
797 1919 907 1962 gratis,

174 1981 208 2008 nt
228 1980 451 2014 consueverat,
472 1975 724 2013 celebrarentur,
746 1973 804 2005 sub
825 1972 909 2005 vocis

175 2028 294 2061 activae
309 2033 340 2060 et
354 2027 510 2070 passivae,
526 2037 571 2066 ae,
586 2026 691 2069 quoad
710 2025 907 2068 superiores,

177 2080 271 2112 etiam
291 2090 423 2112 suorum
440 2079 618 2111 officiorum
634 2078 820 2121 privationis
839 2089 910 2121 poe-

177 2134 218 2164 na
243 2143 280 2165 co
306 2132 376 2174 ipso
402 2131 520 2174 absque
542 2131 604 2163 alia
622 2130 842 2163 declaratione
862 2131 910 2162 in-

178 2184 352 2222 currenda,
385 2183 573 2215 auctoritate
604 2182 782 2226 apostoliea
814 2183 911 2215 inter-

179 2237 258 2269 dixit
290 2241 320 2268 et
352 2235 540 2279 prohibuit,
567 2242 597 2268 et
628 2235 725 2275 alias,
753 2241 847 2278 prout
881 2236 911 2268 in

177 2289 344 2322 memorati
370 2288 488 2320 Urbani
511 2289 773 2330 praedecessoris
795 2288 911 2321 litteris

178 2342 319 2384 desuper
337 2341 367 2373 in
386 2340 480 2373 simili
500 2341 600 2373 forma
623 2340 731 2373 Brevis
749 2341 799 2373 die
817 2351 911 2374 xxviii

178 2394 252 2427 maii
270 2403 399 2427 innexui
422 2393 590 2436 expeditis,
613 2404 745 2436 quarum
763 2399 910 2426 tenorem

179 2446 406 2490 praesentibus
445 2456 502 2488 pro
536 2446 633 2488 plene
662 2451 693 2477 et
717 2446 914 2478 sufficienter

216 2536 225 2560 1
249 2534 323 2561 Alias
343 2533 393 2560 lioc
413 2533 575 2569 prohibitum
596 2532 683 2559 fuerat
703 2532 796 2559 iisdem
817 2533 850 2559 ab
866 2534 913 2559 Ur-

179 2579 248 2606 bano
269 2579 326 2606 VIII
346 2583 432 2606 const.
462 2578 506 2606 ed.
535 2585 656 2612 nomn,
681 2577 724 2604 die
744 2584 820 2604 xxvtn
840 2578 912 2611 maii,

179 2624 274 2658 pontif.
296 2631 340 2650 xx.

216 2669 227 2696 1
250 2667 343 2704 Aptius
363 2667 422 2704 lege
443 2667 519 2696 ultae
540 2668 577 2705 (a.
593 2668 643 2701 T.).

748 280 944 306 BENEDICTUS
968 280 1026 304 XIII
1049 280 1100 304 1³1³.

1578 267 1636 301 sst‘t

941 339 1097 372 expresso
1129 338 1164 362 ae
1193 327 1232 361 de
1258 327 1356 361 verbo
1389 326 1428 360 ad
1463 326 1597 359 verbum
1630 325 1678 357 in-

941 386 1027 414 serto
1054 380 1166 415 haberi
1203 382 1373 421 volumus,
1409 379 1540 413 uberius
1575 380 1678 412 conti-

942 439 1049 466 netur.

986 487 1000 529 ἓ
1025 486 1056 519 ⁶2.
1084 487 1160 519 Cum
1187 492 1308 527 autem,
1334 486 1416 519 sicut
1441 486 1577 519 dilectus
1595 484 1679 517 silius
1726 496 1806 515 caut-210
1822 494 1875 528 ‘'3¹¹'‘

943 539 1118 572 modernus
1154 539 1304 572 minister
1339 537 1546 582 provincialis
1578 520 1875 581 dictaelisiii2.0''''ii'·iss5iss

942 592 1126 634 provinciae
1164 593 1258 625 nobis
1295 603 1400 636 nuper
1433 591 1550 634 exponi
1585 573 1876 651 sem>:7:¹¹¹i':¹,:¹,il,i'„d,.

1694 634 1772 649 lwtttss
1801 633 1824 643 ¹¹
1870 633 1876 637 ”

943 651 1078 688 propter
1103 646 1304 679 imminutam
1330 647 1527 689 populorum
1551 644 1679 676 illarum
1695 656 1754 691 nnn
1770 651 1876 694 1‘¹'⁴‘4.¹³'¹‚';{j

944 699 1081 741 partium
1100 709 1175 741 erga
1193 698 1262 732 eius
1281 699 1462 731 institutum
1478 697 1679 731 devotionem
1694 682 1876 732 Iftlt''¹*(.a¹.'.'..22'10-

944 762 1181 795 numerumque
1208 751 1433 794 religiosorum
1458 755 1596 789 auctum,
1623 743 1727 782 ad¹¹¹⁰'

946 804 1104 837 eiusmodi
1130 805 1353 848 eleemosynas
1372 803 1588 846 pecuniarias,
1617 813 1684 834 mo—

946 857 994 890 dis
1029 862 1135 890 tamen
1172 857 1269 890 licitis
1302 862 1333 890 et
1358 868 1373 889 a
1399 855 1684 889 constitutionilms

946 910 1075 943 Ordinis
1110 910 1271 954 praedicti
1298 910 1525 953 praescriptis,
1550 909 1685 951 conqui-

947 974 1019 996 rere
1045 973 1178 996 necesse
1206 963 1318 1004 suerit,
1346 973 1382 996 ae
1409 963 1448 995 ita
1474 973 1490 994 a
1518 961 1685 994 nonnullis

947 1017 1056 1050 lustris
1083 1027 1185 1060 usque
1206 1016 1236 1049 in
1256 1027 1411 1059 praesens
1431 1015 1521 1059 piae‘
1546 1013 1685 1047 Urbani‘

948 1069 1211 1112 praedecessoris
1235 1068 1362 1102 litterae
1393 1068 1424 1100 in
1452 1077 1509 1100 usu
1547 1065 1684 1109 amplius

948 1133 1012 1156 non
1039 1122 1121 1163 sint,
1156 1133 1260 1166 neque
1297 1122 1531 1161 observentur,
1564 1131 1599 1152 ex
1626 1119 1686 1151 liae

949 1187 1023 1209 vero
1056 1176 1183 1209 illarum
1221 1176 1354 1219 antiqua
1386 1174 1628 1208 inobservantia
1654 1173 1685 1205 in

951 1228 1178 1272 religiosorum
1204 1228 1401 1261 conscientis
1431 1227 1538 1270 aliqua
1563 1232 1688 1269 pertur-

949 1282 1037 1315 batio
1063 1292 1116 1314 seu
1138 1281 1330 1325 inquietudo
1349 1286 1459 1313 exorta
1478 1280 1531 1321 sit,
1550 1279 1686 1322 ideoque

951 1335 1053 1368 dictus
1077 1334 1223 1368 minister
1241 1333 1457 1377 provincialis,
1477 1333 1514 1365 ad
1534 1343 1586 1365 eas
1606 1338 1688 1364 tran-

951 1388 1153 1431 qffillandas,
1181 1392 1364 1430 opportune
1391 1386 1422 1418 in
1453 1386 1638 1429 praemissis
1671 1397 1687 1418 a

951 1442 1045 1475 nobis
1080 1441 1245 1485 provideri
1284 1446 1315 1473 et
1346 1446 1380 1472 ut
1416 1440 1498 1472 int'ra
1524 1439 1687 1482 indulgeri

951 1504 1153 1537 summopere
1179 1493 1357 1526 desideret:

995 1550 1009 1591 ἓ
1034 1547 1064 1581 3.
1092 1547 1166 1588 Nos,
1195 1547 1295 1590 ipsius
1318 1546 1456 1579 ministri
1477 1546 1686 1589 provincialis

952 1601 1032 1634 votis
1059 1602 1118 1633 liae
1140 1601 1170 1633 in
1199 1611 1247 1640 re,
1273 1605 1429 1643 quantum
1457 1610 1525 1632 cum
1552 1592 1717 1631 Domino''¹

951 1665 1137 1698 possumus,
1164 1653 1387 1686 favorabiliter
1406 1664 1550 1685 annuere
1578 1654 1689 1685 volen-

951 1715 1009 1747 tes,
1038 1718 1175 1750 eumque
1201 1718 1216 1739 a
1243 1707 1408 1750 quibusvis
1434 1705 1690 1738 excommunica-

952 1761 1058 1801 tionis,
1073 1760 1297 1803 suspensionis
1315 1766 1345 1792 et
1360 1760 1534 1799 interdicti,
1555 1759 1688 1801 aliisque

952 1814 1184 1847 ecelesiasticis=
1201 1814 1383 1851 sententiis,
1398 1813 1545 1845 remur-is
1564 1818 1594 1844 et
1613 1823 1690 1854 poe-

952 1868 1019 1907 nis,
1048 1878 1064 1899 a
1091 1867 1159 1899 iure
1188 1867 1234 1899 rel
1260 1866 1299 1898 ab
1326 1866 1474 1905 lioniine,
1502 1865 1613 1907 quavis
1640 1875 1690 1897 oc-

952 1921 1083 1953 casione
1111 1922 1158 1953 vel
1185 1921 1282 1952 causa
1306 1919 1391 1958 latis,
1418 1919 1442 1950 si
1470 1918 1584 1961 quibus
1611 1928 1689 1961 qno-

952 1974 1132 2007 modolibet
1150 1973 1323 2005 innodatus
1343 1971 1464 2010 existit,
1481 1971 1519 2003 ad
1541 1970 1689 2003 effectum

954 2027 1118 2059 dnmtaxat
1147 2025 1366 2069 praesentium
1399 2024 1687 2067 consequendum,

954 2079 1068 2111 haruin
1096 2079 1179 2112 serie
1206 2078 1412 2111 absolventes
1445 2083 1476 2109 et
1506 2077 1690 2109 absolutum

955 2131 1023 2164 sore
1060 2137 1255 2172 censentes,
1291 2129 1583 2173 supplicatiOnibns
1624 2130 1690 2162 eius

955 2184 1086 2217 nomine
1113 2184 1205 2216 nobis
1230 2194 1329 2227 snper
1350 2183 1412 2216 lioc
1432 2183 1600 2215 humiliter
1618 2190 1691 2226 por-

955 2237 1049 2269 rectis
1075 2237 1237 2276 inelinati,
1263 2242 1297 2268 ut
1323 2236 1360 2268 de
1395 2242 1504 2269 cetero
1537 2247 1594 2279 per
1629 2236 1689 2268 sra-

955 2296 1019 2322 tres
1045 2290 1229 2332 provinciae
1257 2289 1441 2322 huiusmodi
1466 2291 1690 2332 eleemosynae

956 2343 1159 2385 quantumvis
1185 2342 1408 2385 pecuniariae,
1442 2343 1546 2375 modis
1584 2348 1689 2375 tamen

955 2405 1013 2437 per
1037 2396 1152 2428 Scdem
1179 2395 1398 2438 Apostolicam
1425 2401 1455 2429 ct
1481 2396 1519 2428 ab
1545 2396 1689 2428 eiusdem

955 2446 1082 2479 Ordinis
1098 2448 1385 2480 constitutionibus
1402 2449 1600 2491 approbatis,
1620 2460 1691 2492 pro-

955 2500 1060 2532 curari
1080 2504 1109 2533 et
1126 2500 1225 2543 recipi
1245 2501 1386 2543 possint,
1414 2502 1689 2543 (piemt‘it‘lmodum

1688 275 1737 302 An.
1759 274 1870 302 01727

1760 603 1778 620 vt
1802 602 1875 623 proves

1770 1558 1880 1577 retum-in

1725 1587 1778 1605 autli-
1789 1589 1815 1604 [4,

991 2582 1001 2605 1
1026 2580 1178 2615 Praeposit.
1199 2580 1237 2606 ad
1257 2580 1371 2607 delenda
1385 2582 1422 2613 (n.
1445 2583 1494 2612 T.).

990 2623 1007 2650 2
1023 2623 1123 2651 Forsan
1132 2624 1304 2658 praedictae
1315 2632 1364 2659 pro
1372 2625 1441 2659 piae
1454 2625 1595 2659 legendum
1604 2626 1644 2659 (n.
1654 2630 1691 2658 Τ.)

991 2668 1006 2696 3
1026 2667 1097 2695 Edit.
1117 2667 1196 2697 Μαίη.
1220 2669 1286 2703 legit
1309 2669 1441 2697 Urbanae
1463 2672 1501 2705 tn.
1516 2670 1568 2705 T.)-
