2170 3147
0 253 34 274 in.
49 245 77 274 C.
101 244 167 272 ¹728

173 292 206 325 in
242 292 449 325 absolutione
486 293 654 335 praesixo;
681 293 766 326 salva
804 298 908 325 tamen

171 345 264 388 praxi
296 345 416 378 ibidem
443 348 566 378 servata
592 346 630 378 de
657 346 846 379 eorumdem
875 345 907 378 in

171 398 340 430 nonnullis
365 398 492 431 casibus
517 399 692 432 amotione.

0 470 12 485 ο
34 462 160 493 appellanti·
214 450 229 493 ἓ
253 449 306 482 16.
334 451 358 483 Α
383 451 542 484 sententia
579 450 762 489 definitiva,
795 454 907 484 contra

0 492 159 537 iniiissiiifiniia-
171 513 296 543 verum,
322 509 544 537 contumacem
569 505 707 548 prolata,
727 504 906 546 appellatio

0 549 24 590 iiii
38 544 234 596 pissi‘a‘lffa'non
260 555 458 599 recipiatur,
484 567 544 589 nec
580 556 734 588 inhibitio
766 561 820 588 aut
844 557 906 589 alia

170 609 300 652 quaevis
325 609 484 652 provisio,
514 610 651 642 durante
676 608 902 647 contumacia,

169 662 379 695 concedatur.

0 726 157 757 ieqppeuanq-
211 714 226 757 ξ
250 714 303 748 17.
330 715 390 748 Ubi
415 715 446 748 in
473 716 577 748 causis
602 715 823 748 criminalibus
849 714 906 747 Or-

0 758 157 809 &malli-⁶535&
169 765 283 799 dinarii
309 767 454 800 locorum
480 768 702 811 processerint
727 777 762 800 ex
789 767 904 806 officio,

0 806 191 854 llissll¹.'1?.⁰“¹¹'si
217 820 256 853 ab
289 821 479 853 eorumdem
516 820 688 854 sententiis
726 819 904 863 appellatio

166 873 215 905 vel
247 872 287 906 ad
313 874 599 917 metropolitanum
628 874 677 906 vel
710 873 747 905 ad
778 872 905 916 praedi·

167 929 252 958 ctum
284 925 422 959 iudicem
456 926 651 969 interposita
688 925 804 964 fuerit,
832 931 905 958 tunc

167 984 396 1021 procuratores
421 979 545 1011 fiscales
570 979 677 1012 curiae
707 978 901 1020 metropoli-

168 1036 259 1065 tanae
298 1032 347 1065 vel
379 1032 547 1064 tribunalis
586 1032 723 1074 praefati
764 1031 904 1073 delegati

167 1084 284 1118 actoris
309 1085 393 1117 vices
413 1090 535 1127 gerant,
558 1090 588 1118 ct
614 1084 781 1117 instantias
807 1085 905 1118 alios-

167 1147 227 1179 que
253 1142 339 1170 actus
365 1137 505 1180 desuper
525 1137 727 1170 necessarios
749 1142 906 1180 peragant

167 1194 198 1222 et
222 1196 473 1233 prosequantur,
495 1195 528 1222 ut
554 1190 793 1233 praedictorum
812 1189 904 1222 Ordi-

167 1241 331 1275 nariorum
356 1243 537 1275 sententiae
570 1242 848 1276 confirmationem
874 1248 905 1274 et

167 1295 405 1335 executionem,
422 1295 447 1327 si
474 1295 515 1328 ita
542 1295 639 1328 luerit
664 1295 803 1327 iustitiae
829 1305 905 1328 con-

167 1358 296 1389 sonum,
324 1348 507 1382 obtineant.
535 1348 621 1386 Quod
650 1349 685 1389 si,
713 1348 805 1381 dictis
830 1359 905 1391 pro-

167 1402 370 1435 curatoribus
406 1402 567 1434 fiscalibus
608 1412 672 1434 non
714 1401 818 1434 citatis
854 1403 903 1434 vel

166 1455 305 1495 auditis,
339 1455 516 1488 contrarias
547 1455 721 1487 sententias
747 1455 777 1487 in
802 1456 903 1498 gradu

166 1509 393 1551 appellationis
424 1508 566 1550 proferri
600 1508 787 1550 contigerit,
823 1508 903 1541 istae

164 1571 300 1604 prorsus
324 1562 433 1594 nullae
452 1561 516 1593 sint
533 1572 568 1594 ac
587 1561 694 1594 irritae
712 1571 782 1593 cum
804 1561 905 1593 omni-

164 1614 225 1646 bus
244 1613 323 1646 actis
342 1614 456 1656 gestis,
476 1614 653 1657 quinimmo
671 1614 904 1657 praecedentes

165 1665 410 1699 Ordinariorum
425 1667 605 1700 sententiae
621 1666 802 1699 executioni
819 1677 904 1699 man—

167 1718 293 1759 dentur,
312 1719 447 1762 perinde
469 1730 504 1752 ac
527 1719 552 1752 si
572 1719 748 1762 appellatio
770 1719 808 1752 ab
827 1720 904 1762 ipsis

167 1771 358 1814 interposita
383 1772 568 1804 nullatenus
593 1772 716 1804 suisset.

211 1824 226 1867 ξ
249 1823 302 1857 18.
331 1823 530 1867 Pauperibus
557 1824 759 1867 litigantibus
785 1825 904 1857 condo-

169 1881 286 1908 nentur
311 1877 474 1920 sportulae
500 1882 531 1909 et
557 1878 775 1910 emolumenta
807 1888 904 1920 quae-

171 1939 307 1972 cumque
333 1929 427 1962 etiam
452 1929 644 1962 cancellario
677 1930 817 1972 alioquin
851 1930 905 1962 dc-

170 1980 256 2013 bita:
284 1981 363 2013 aliae
389 1981 500 2014 itidem
528 1992 749 2025 quaecumque
776 1982 905 2024 expedi-

172 2032 276 2066 tiones
309 2034 406 2076 gratis
439 2034 575 2074 dentur,
609 2045 645 2067 ac
670 2035 766 2067 etiam
791 2035 904 2077 copiae

171 2086 375 2128 publicorum
400 2087 689 2121 instrumentorum
715 2088 779 2120 sive
809 2093 906 2120 testa-

171 2143 378 2179 mentorum,
403 2149 531 2172 necnon
568 2145 693 2183 regesta
730 2146 762 2173 ct
793 2140 905 2183 copiae

172 2198 318 2225 actorum
353 2194 673 2227 transmittendorum
703 2195 740 2227 ad
767 2194 905 2227 iudicem

173 2245 423 2288 appellationis:
453 2251 483 2278 et
518 2246 598 2279 haec
622 2247 664 2279 'in
703 2247 809 2279 causis
843 2252 905 2279 tam

172 2299 323 2331 civilibus
349 2309 442 2341 quam
477 2299 707 2332 criminalibus.
734 2299 801 2338 Quo
831 2310 907 2332 vero

172 2351 210 2384 ad
236 2351 464 2394 probationem
490 2353 696 2395 paupertatis,
717 2363 754 2385 ea
772 2362 908 2384 summa·

171 2403 218 2435 rie
244 2403 300 2436 fiat
324 2413 383 2446 per
409 2408 515 2443 testes,
540 2405 637 2446 gratis
662 2404 810 2437 similiter
837 2414 909 2435 exa-

172 2455 357 2495 minandos,
378 2460 410 2488 et
427 2456 532 2499 quoad
558 2456 659 2499 ipsam
685 2460 908 2499 paupertatem

173 2513 274 2541 stetur
299 2508 435 2541 arbitrio
461 2509 588 2541 iudicis.

218 2561 305 2605 git).
334 2561 365 2594 ln
392 2562 613 2595 criminalibus
646 2563 751 2595 causis
783 2563 910 2604 regula-

210 2626 220 2651 ‘l
245 2624 274 2650 Ni
294 2625 435 2659 legendum
457 2626 490 2652 sit
510 2633 592 2653 reum
612 2627 651 2659 (a.
668 2612 718 2660 T.)i

0 1839 8 1855 5
28 1835 156 1861 pauperibus

3 1861 112 1887 iganubus.

6 2567 33 2590 Co
43 2569 112 2590 causi<
124 2568 162 2589 cri·

751 244 944 268 BENEDICTUS

970 244 1027 268 x111
1052 245 1103 268 pr.
1583 233 1647 267 075
1693 242 1743 268 An.
1761 242 1789 268 c.
1813 242 1879 270 1728

951 293 1044 332 rium,
1069 292 1197 335 quando
1216 290 1405 336 deliquerit¹
1427 292 1509 325 intra
1534 292 1682 331 claustra,
1698 303 1880 329 nanninusregu-

950 345 1130 378 Tridentini
1156 345 1289 378 Concilii
1313 351 1344 378 et
1361 345 1571 388 peculiarium
1598 329 1780 377 illius'affluu'

950 397 1090 437 Ordinis,
1115 408 1209 440 quem
1236 398 1372 441 quisque
1397 398 1591 440 deliuquens
1613 408 1686 440 pro-

951 450 1054 482 fessus
1081 451 1196 489 suerit,
1223 451 1487 483 constitutionum
1516 449 1686 493 dispositio

950 508 1058 536 exacte
1081 509 1242 535 servetur.
1270 502 1359 541 Quod
1381 504 1407 535 si
1426 503 1616 545 delinquant
1634 513 1686 535 ex-

951 561 998 588 tra
1023 557 1170 597 claustra,
1189 557 1238 589 vel
1264 561 1353 589 extra
1378 556 1609 589 monasterium
1637 556 1687 587 dc-

949 613 1037 650 gant,
1065 609 1103 640 ab
1129 609 1301 651 episcopis⁷
1323 609 1410 641 iuxta
1436 608 1577 641 eiusdem
1604 607 1686 640 Con-

949 661 1013 693 cilii
1028 661 1207 693 Tridentini
1222 666 1252 693 et
1266 662 1516 703 apostolicarum
1531 661 1686 693 constitu-

949 714 1073 746 tionum
1100 714 1345 756 praescriptum,
1364 713 1547 746 iudicentur
1573 718 1604 745 et
1629 723 1686 755 pu-

948 766 1088 798 niantur.
1116 765 1173 803 Qui
1208 776 1283 798 vero
1314 766 1352 798 ab
1386 766 1527 808 episcopi
1565 765 1684 797 iudicio

947 829 1118 861 gravamen
1145 819 1207 851 sibi
1224 818 1345 852 illatum
1360 819 1554 861 putaverint,
1578 828 1685 850 recur-

947 882 1015 904 sum
1041 871 1164 904 habere
1190 876 1344 914 poterunt
1361 872 1399 903 ad
1426 871 1620 903 antedictum
1639 870 1686 902 iu-

948 925 1061 964 dicem,
1079 925 1143 967 qui,
1163 924 1216 956 ubi
1237 924 1413 966 appellatio
1432 923 1626 955 ailu'iitterula
1646 923 1684 955 (le

948 978 1017 1009 iure
1044 978 1150 1016 suerit,
1171 987 1287 1009 causae
1313 976 1504 1009 revisionem
1531 981 1682 1008 assumet.

948 1029 1040 1070 Quod
1072 1029 1095 1061 si
1135 1029 1205 1072 quis
1239 1029 1277 1060 ab
1312 1029 1408 1060 liuius
1442 1029 1536 1061 etiam
1572 1029 1685 1061 iudicis

948 1084 1106 1116 sententia
1132 1084 1179 1114 vel
1206 1083 1336 1115 decreto
1362 1092 1395 1114 se
1429 1086 1594 1123 gravatum
1621 1082 1685 1114 exi-

948 1135 1139 1175 stimaverit,
1167 1145 1203 1167 ea
1227 1140 1403 1172 serventur,
1438 1145 1518 1177 quae
1545 1145 1603 1177 pro
1629 1146 1684 1177 ap-

948 1188 1145 1230 pellantibus
1181 1197 1197 1219 a
1228 1187 1360 1219 decreto
1397 1187 1510 1219 iudicis
1547 1188 1682 1229 delegati

948 1252 1046 1284 supra
1072 1241 1218 1284 exposita
1252 1246 1335 1272 sunt.
1370 1240 1400 1273 Si
1438 1251 1511 1273 vcro
1547 1242 1683 1283 praelati

948 1295 1105 1338 exempti,
1132 1294 1212 1326 alios
1237 1293 1422 1336 superiores
1449 1294 1481 1325 iu
1507 1304 1608 1336 regno
1640 1294 1684 1327 Si-

948 1349 1040 1381 ciliae
1062 1349 1146 1380 ultra
1171 1347 1312 1379 Pharum
1340 1357 1403 1379 non
1432 1347 1601 1385 babentes,
1630 1347 1684 1380 de-

948 1402 1111 1445 liquerint,
1128 1400 1309 1433 antedictus
1325 1401 1418 1433 iudex
1438 1400 1683 1441 ecclesiasticus,

948 1460 1108 1497 tamquam
1135 1453 1319 1487 ordinarius
1346 1458 1496 1496 respectu
1523 1459 1686 1497 exempto-

947 1518 1033 1550 rum,
1056 1512 1168 1540 contra
1193 1517 1259 1544 eos,
1279 1511 1311 1537 ut
1338 1506 1416 1538 iuris
1445 1506 1557 1545 suerit,
1576 1517 1685 1549 procc-

948 1560 1011 1600 dat,
1035 1562 1160 1593 servata
1178 1569 1304 1602 semper
1321 1559 1432 1601 regula
1452 1558 1535 1591 circa
1554 1559 1684 1591 modum

947 1613 1161 1656 praescripta.

990 1666 1004 1708 ἓ
1029 1664 1081 1697 ⁶20.
1108 1664 1152 1697 Ne
1179 1669 1284 1696 autem
1304 1664 1342 1697 de
1367 1664 1572 1697 facultatibus
1598 1669 1685 1697 ante·
1710 1675 1831 1705 manticis
1847 1680 1879 1705 qe.

947 1718 1022 1750 dicti
1048 1716 1163 1750 iudicis
1189 1716 1397 1749 ecclesiastici
1424 1716 1598 1759 disputatio
1629 1702 1817 1749 un-ssl‘iillsllss‘5'2
1852 1704 1880 1722 ‘³'

947 1780 1042 1813 quam
1072 1769 1149 1802 oriri
1180 1774 1295 1811 queat,
1322 1773 1513 1801 constanter
1541 1769 1685 1801 declara-

947 1833 1031 1855 mus:
1050 1822 1135 1865 quod
1155 1821 1224 1860 ille,
1244 1820 1291 1852 uti
1309 1831 1416 1863 supra,
1433 1831 1450 1853 a
1468 1831 1543 1863 rege
1558 1820 1685 1855 Siciliae

949 1877 1031 1908 ultra
1048 1875 1189 1907 Pharum
1210 1873 1400 1906 auctoritate
1418 1873 1510 1905 Sedis
1526 1874 1686 1916 Apostoli-

948 1939 1003 1961 cae
1020 1928 1203 1960 nominatus
1218 1931 1248 1959 et
1269 1926 1446 1968 delegatus,
1464 1937 1685 1970 ‹piascumque

948 1991 1104 2024 personas
1131 1980 1284 2012 adversus
1309 1979 1508 2019 sententias,
1531 1990 1580 2013 res
1605 1980 1687 2013 iudi-

949 2040 1031 2066 catas
1056 2044 1092 2066 ac
1118 2036 1305 2065 contractus
1332 2042 1566 2075 quoscumque,
1590 2039 1687 2076 prout

949 2088 1026 2119 iuris
1053 2086 1161 2125 suerit,
1180 2085 1213 2117 in
1227 2085 1390 2126 integrum
1413 2086 1604 2117 restituendi
1623 2087 1687 2128 ple-

950 2151 1022 2173 nam
1042 2145 1073 2172 ct
1091 2139 1225 2172 liberam
1252 2138 1416 2170 licentiam
1443 2143 1473 2170 et
1494 2143 1686 2181 potestatem

950 2202 1101 2225 exercere
1128 2190 1228 2234 possit
1253 2195 1283 2223 et
1309 2191 1442 2230 debeat3

994 2246 1007 2288 ξ
1030 2245 1083 2277 ⁶21.
1103 2245 1287 2277 luramenta
1305 2254 1539 2287 quaecumque,
1558 2245 1595 2277 ad
1617 2244 1727 2277 elle-ue
1749 2253 1879 2275 mannonis.

951 2303 1036 2330 ctum
1064 2297 1179 2340 agendi
1200 2297 1362 2328 dumtaxat
1380 2306 1415 2328 ex
1436 2299 1541 2337 rausa7
1559 2298 1687 2340 quibus-

951 2361 1090 2393 cumque
1112 2349 1276 2382 relaxandi
1293 2361 1300 2389 ;

996 2404 1010 2446 g
1035 2402 1088 2434 ⁶202.
1126 2401 1348 2444 Quoscumque
1374 2412 1390 2434 a
1416 2402 1582 2445 quibusvis
1613 2413 1687 2436 cen-
1699 2409 1881 2449 Donatisqutmna

953 2455 1036 2488 suris
1055 2460 1086 2488 et
1106 2454 1218 2498 poenis
1245 2454 1483 2495 ecclesiasticis,
1501 2442 1710 2498 simplicitera
1727 2443 1829 2457 “Nm

953 2509 1002 2541 vel
1022 2509 1060 2541 ad
1079 2509 1247 2548 cautelam,
1262 2507 1287 2540 si
1302 2512 1334 2540 et
1350 2512 1519 2550 postquam
1537 2519 1687 2550 congrue,

953 2566 1049 2604 prout
1074 2561 1256 2600 debuerint,
1276 2565 1336 2593 tam
1359 2561 1502 2602 partibus
1529 2572 1622 2604 quain
1643 2563 1688 2593 iu-

992 2625 999 2650 1
1024 2623 1116 2658 Aptius
1133 2624 1191 2658 lege
1207 2623 1385 2658 deliquerint
1401 2625 1440 2658 (u.
1458 2625 1505 2649 Τῇ.
