<?xml version="1.0" encoding="UTF-8"?>
<!DOCTYPE html PUBLIC "-//W3C//DTD XHTML 1.0 Transitional//EN"
    "http://www.w3.org/TR/xhtml1/DTD/xhtml1-transitional.dtd">
<html xmlns="http://www.w3.org/1999/xhtml" xml:lang="en" lang="en">
 <head>
  <title>
</title>
<meta http-equiv="Content-Type" content="text/html;charset=utf-8" />
  <meta name='ocr-system' content='tesseract 3.04.00' />
  <meta name='ocr-capabilities' content='ocr_page ocr_carea ocr_par ocr_line ocrx_word'/>
</head>
<body>
  <div class='ocr_page' id='page_1' title='image "./bullarumdiplomat22cath_0624.png"; bbox 0 0 2170 3147; ppageno 0'>
   <div class='ocr_carea' id='block_1_1' title="bbox 220 207 524 245">
    <p class='ocr_par' dir='ltr' id='par_1_1' title="bbox 220 207 524 245">
     <span class='ocr_line' id='line_1_1' title="bbox 220 207 524 245; baseline -0.016 -1"><span class='ocrx_word' id='word_1_1' title='bbox 220 219 271 245; x_wconf 65' lang='lat' dir='ltr'>An.</span> <span class='ocrx_word' id='word_1_2' title='bbox 290 218 319 243; x_wconf 88' lang='lat' dir='ltr'>c.</span> <span class='ocrx_word' id='word_1_3' title='bbox 345 216 410 243; x_wconf 78' lang='lat'><strong>¹727</strong></span> <span class='ocrx_word' id='word_1_4' title='bbox 458 207 524 240; x_wconf 77' lang='grc'>584</span> 
     </span>
    </p>
   </div>
   <div class='ocr_carea' id='block_1_2' title="bbox 221 862 405 914">
    <p class='ocr_par' dir='ltr' id='par_1_2' title="bbox 221 862 405 914">
     <span class='ocr_line' id='line_1_2' title="bbox 251 862 405 888; baseline 0.006 -6"><span class='ocrx_word' id='word_1_5' title='bbox 251 862 405 888; x_wconf 72' lang='lat' dir='ltr'>Derogatoriae</span> 
     </span>
     <span class='ocr_line' id='line_1_3' title="bbox 221 889 333 914; baseline 0 -5"><span class='ocrx_word' id='word_1_6' title='bbox 221 889 333 914; x_wconf 69' lang='lat' dir='ltr'>speciales.</span> 
     </span>
    </p>
   </div>
   <div class='ocr_carea' id='block_1_3' title="bbox 416 259 1168 2642">
    <p class='ocr_par' dir='ltr' id='par_1_3' title="bbox 416 259 1165 828">
     <span class='ocr_line' id='line_1_4' title="bbox 417 259 1164 308; baseline -0.008 -12"><span class='ocrx_word' id='word_1_7' title='bbox 417 274 581 308; x_wconf 83' lang='lat' dir='ltr'>quaquam</span> <span class='ocrx_word' id='word_1_8' title='bbox 607 273 721 306; x_wconf 85' lang='lat' dir='ltr'>posse,</span> <span class='ocrx_word' id='word_1_9' title='bbox 756 261 870 304; x_wconf 83' lang='lat' dir='ltr'>sicque</span> <span class='ocrx_word' id='word_1_10' title='bbox 907 267 939 294; x_wconf 91' lang='lat' dir='ltr'>et</span> <span class='ocrx_word' id='word_1_11' title='bbox 969 270 1036 293; x_wconf 90' lang='lat' dir='ltr'>non</span> <span class='ocrx_word' id='word_1_12' title='bbox 1067 259 1164 292; x_wconf 85' lang='lat' dir='ltr'>aliter</span> 
     </span>
     <span class='ocr_line' id='line_1_5' title="bbox 416 312 1163 362; baseline -0.009 -11"><span class='ocrx_word' id='word_1_13' title='bbox 416 329 477 362; x_wconf 90' lang='lat' dir='ltr'>per</span> <span class='ocrx_word' id='word_1_14' title='bbox 502 326 729 360; x_wconf 83' lang='lat' dir='ltr'>quoscumque</span> <span class='ocrx_word' id='word_1_15' title='bbox 755 314 882 346; x_wconf 84' lang='lat' dir='ltr'>iudices</span> <span class='ocrx_word' id='word_1_16' title='bbox 908 312 1095 346; x_wconf 89' lang='lat' dir='ltr'>ordinarios</span> <span class='ocrx_word' id='word_1_17' title='bbox 1112 313 1163 345; x_wconf 91' lang='lat' dir='ltr'>vel</span> 
     </span>
     <span class='ocr_line' id='line_1_6' title="bbox 418 366 1164 412; baseline -0.011 -7"><span class='ocrx_word' id='word_1_18' title='bbox 418 371 601 412; x_wconf 78' lang='lat' dir='ltr'>delegatos,</span> <span class='ocrx_word' id='word_1_19' title='bbox 618 368 730 412; x_wconf 84' lang='lat' dir='ltr'>quavis</span> <span class='ocrx_word' id='word_1_20' title='bbox 756 369 952 400; x_wconf 84' lang='lat' dir='ltr'>auctoritate</span> <span class='ocrx_word' id='word_1_21' title='bbox 978 366 1164 408; x_wconf 80' lang='lat' dir='ltr'>fungentes,</span> 
     </span>
     <span class='ocr_line' id='line_1_7' title="bbox 418 419 1165 464; baseline -0.009 -7"><span class='ocrx_word' id='word_1_22' title='bbox 418 424 516 458; x_wconf 86' lang='lat' dir='ltr'>etiam</span> <span class='ocrx_word' id='word_1_23' title='bbox 534 432 706 455; x_wconf 84' lang='lat' dir='ltr'>cau-sarum</span> <span class='ocrx_word' id='word_1_24' title='bbox 732 419 844 464; x_wconf 82' lang='lat' dir='ltr'>palatii</span> <span class='ocrx_word' id='word_1_25' title='bbox 873 419 1045 463; x_wconf 86' lang='lat' dir='ltr'>apostolici</span> <span class='ocrx_word' id='word_1_26' title='bbox 1071 419 1165 451; x_wconf 89' lang='lat' dir='ltr'>audi—</span> 
     </span>
     <span class='ocr_line' id='line_1_8' title="bbox 416 473 1163 515; baseline -0.008 -5"><span class='ocrx_word' id='word_1_27' title='bbox 416 483 523 515; x_wconf 86' lang='lat' dir='ltr'>tores,</span> <span class='ocrx_word' id='word_1_28' title='bbox 544 487 581 509; x_wconf 85' lang='lat' dir='ltr'>ac</span> <span class='ocrx_word' id='word_1_29' title='bbox 606 475 638 508; x_wconf 88' lang='lat' dir='ltr'>S.</span> <span class='ocrx_word' id='word_1_30' title='bbox 659 475 697 507; x_wconf 83' lang='lat' dir='ltr'>R.</span> <span class='ocrx_word' id='word_1_31' title='bbox 717 474 749 507; x_wconf 87' lang='lat' dir='ltr'>E.</span> <span class='ocrx_word' id='word_1_32' title='bbox 771 473 974 512; x_wconf 78' lang='lat' dir='ltr'>cardinales,</span> <span class='ocrx_word' id='word_1_33' title='bbox 1002 473 1097 505; x_wconf 85' lang='lat' dir='ltr'>etiam</span> <span class='ocrx_word' id='word_1_34' title='bbox 1124 473 1163 505; x_wconf 87' lang='lat' dir='ltr'>de</span> 
     </span>
     <span class='ocr_line' id='line_1_9' title="bbox 416 526 1163 571; baseline -0.007 -8"><span class='ocrx_word' id='word_1_35' title='bbox 416 532 519 563; x_wconf 82' lang='lat' dir='ltr'>latere</span> <span class='ocrx_word' id='word_1_36' title='bbox 545 530 688 571; x_wconf 76' lang='lat' dir='ltr'>legatos,</span> <span class='ocrx_word' id='word_1_37' title='bbox 726 527 955 569; x_wconf 78' lang='lat' dir='ltr'>vice-legatos,</span> <span class='ocrx_word' id='word_1_38' title='bbox 992 526 1163 568; x_wconf 73' lang='lat' dir='ltr'>dictaeque</span> 
     </span>
     <span class='ocr_line' id='line_1_10' title="bbox 416 577 1165 619; baseline -0.007 -4"><span class='ocrx_word' id='word_1_39' title='bbox 416 582 508 616; x_wconf 84' lang='lat' dir='ltr'>Sedis</span> <span class='ocrx_word' id='word_1_40' title='bbox 539 581 697 619; x_wconf 80' lang='lat' dir='ltr'>nuncios,</span> <span class='ocrx_word' id='word_1_41' title='bbox 727 580 867 612; x_wconf 85' lang='lat' dir='ltr'>iudicari</span> <span class='ocrx_word' id='word_1_42' title='bbox 897 585 930 611; x_wconf 89' lang='lat' dir='ltr'>et</span> <span class='ocrx_word' id='word_1_43' title='bbox 954 577 1083 612; x_wconf 83' lang='lat' dir='ltr'>definiri</span> <span class='ocrx_word' id='word_1_44' title='bbox 1110 579 1165 611; x_wconf 88' lang='lat' dir='ltr'>de-</span> 
     </span>
     <span class='ocr_line' id='line_1_11' title="bbox 416 631 1164 678; baseline -0.007 -10"><span class='ocrx_word' id='word_1_45' title='bbox 416 635 514 676; x_wconf 88' lang='lat' dir='ltr'>bere,</span> <span class='ocrx_word' id='word_1_46' title='bbox 540 640 587 674; x_wconf 84' lang='lat' dir='ltr'>et,</span> <span class='ocrx_word' id='word_1_47' title='bbox 615 633 774 678; x_wconf 88' lang='lat' dir='ltr'>quidquid</span> <span class='ocrx_word' id='word_1_48' title='bbox 806 643 900 665; x_wconf 84' lang='lat' dir='ltr'>secus</span> <span class='ocrx_word' id='word_1_49' title='bbox 932 642 1032 675; x_wconf 85' lang='lat' dir='ltr'>super</span> <span class='ocrx_word' id='word_1_50' title='bbox 1066 631 1116 663; x_wconf 84' lang='lat' dir='ltr'>his</span> <span class='ocrx_word' id='word_1_51' title='bbox 1147 642 1164 663; x_wconf 83' lang='lat' dir='ltr'>a</span> 
     </span>
     <span class='ocr_line' id='line_1_12' title="bbox 417 684 1165 732; baseline -0.007 -11"><span class='ocrx_word' id='word_1_52' title='bbox 417 699 600 732; x_wconf 83' lang='lat' dir='ltr'>quoquam,</span> <span class='ocrx_word' id='word_1_53' title='bbox 634 687 747 730; x_wconf 87' lang='lat' dir='ltr'>quavis</span> <span class='ocrx_word' id='word_1_54' title='bbox 776 686 994 726; x_wconf 86' lang='lat' dir='ltr'>auctoritate,</span> <span class='ocrx_word' id='word_1_55' title='bbox 1022 684 1165 717; x_wconf 78' lang='lat' dir='ltr'><strong>scienter</strong></span> 
     </span>
     <span class='ocr_line' id='line_1_13' title="bbox 417 738 1165 784; baseline -0.008 -8"><span class='ocrx_word' id='word_1_56' title='bbox 417 743 469 776; x_wconf 84' lang='lat' dir='ltr'>vel</span> <span class='ocrx_word' id='word_1_57' title='bbox 491 743 696 784; x_wconf 71' lang='lat' dir='ltr'>ignoranter,</span> <span class='ocrx_word' id='word_1_58' title='bbox 718 740 892 782; x_wconf 83' lang='lat' dir='ltr'>contigerit</span> <span class='ocrx_word' id='word_1_59' title='bbox 916 738 1076 779; x_wconf 81' lang='lat' dir='ltr'>attentari,</span> <span class='ocrx_word' id='word_1_60' title='bbox 1092 738 1165 770; x_wconf 90' lang='lat' dir='ltr'>irri-</span> 
     </span>
     <span class='ocr_line' id='line_1_14' title="bbox 416 793 915 828; baseline -0.008 0"><span class='ocrx_word' id='word_1_61' title='bbox 416 801 485 828; x_wconf 86' lang='lat' dir='ltr'>tum</span> <span class='ocrx_word' id='word_1_62' title='bbox 511 801 543 828; x_wconf 91' lang='lat' dir='ltr'>et</span> <span class='ocrx_word' id='word_1_63' title='bbox 569 796 665 827; x_wconf 87' lang='lat' dir='ltr'>inane</span> <span class='ocrx_word' id='word_1_64' title='bbox 692 793 915 827; x_wconf 87' lang='lat' dir='ltr'>decernimus.</span> 
     </span>
    </p>

    <p class='ocr_par' dir='ltr' id='par_1_4' title="bbox 416 845 1168 2642">
     <span class='ocr_line' id='line_1_15' title="bbox 460 845 1163 892; baseline -0.007 -10"><span class='ocrx_word' id='word_1_65' title='bbox 460 849 528 892; x_wconf 62' lang='lat'>56.</span> <span class='ocrx_word' id='word_1_66' title='bbox 553 848 625 881; x_wconf 91' lang='lat' dir='ltr'>Non</span> <span class='ocrx_word' id='word_1_67' title='bbox 665 847 871 880; x_wconf 67' lang='lat' dir='ltr'>obstantibus</span> <span class='ocrx_word' id='word_1_68' title='bbox 913 845 991 878; x_wconf 91' lang='lat' dir='ltr'>dicti</span> <span class='ocrx_word' id='word_1_69' title='bbox 1028 845 1163 878; x_wconf 89' lang='lat' dir='ltr'>Berardi</span> 
     </span>
     <span class='ocr_line' id='line_1_16' title="bbox 417 898 1164 944; baseline -0.008 -9"><span class='ocrx_word' id='word_1_70' title='bbox 417 902 619 935; x_wconf 85' lang='lat' dir='ltr'>Bonioannis</span> <span class='ocrx_word' id='word_1_71' title='bbox 652 900 795 944; x_wconf 83' lang='lat' dir='ltr'>episcopi</span> <span class='ocrx_word' id='word_1_72' title='bbox 832 900 998 932; x_wconf 87' lang='lat' dir='ltr'>voluntate</span> <span class='ocrx_word' id='word_1_73' title='bbox 1034 898 1164 941; x_wconf 85' lang='lat' dir='ltr'>praedi-</span> 
     </span>
     <span class='ocr_line' id='line_1_17' title="bbox 417 952 1163 996; baseline -0.009 -7"><span class='ocrx_word' id='word_1_74' title='bbox 417 959 479 996; x_wconf 78' lang='lat' dir='ltr'>cta,</span> <span class='ocrx_word' id='word_1_75' title='bbox 506 966 635 988; x_wconf 79' lang='lat' dir='ltr'>necnon</span> <span class='ocrx_word' id='word_1_76' title='bbox 662 953 848 987; x_wconf 86' lang='lat' dir='ltr'>huiusmodi</span> <span class='ocrx_word' id='word_1_77' title='bbox 886 953 930 996; x_wconf 90' lang='lat' dir='ltr'>pii</span> <span class='ocrx_word' id='word_1_78' title='bbox 959 953 1069 995; x_wconf 88' lang='lat' dir='ltr'>operis</span> <span class='ocrx_word' id='word_1_79' title='bbox 1095 952 1163 983; x_wconf 72' lang='lat' dir='ltr'>l&#39;un-</span> 
     </span>
     <span class='ocr_line' id='line_1_18' title="bbox 417 1005 1165 1048; baseline -0.007 -7"><span class='ocrx_word' id='word_1_80' title='bbox 417 1009 560 1048; x_wconf 88' lang='lat' dir='ltr'>datione‚</span> <span class='ocrx_word' id='word_1_81' title='bbox 582 1019 617 1040; x_wconf 85' lang='lat' dir='ltr'>ac</span> <span class='ocrx_word' id='word_1_82' title='bbox 635 1013 766 1040; x_wconf 87' lang='lat' dir='ltr'>nostrae</span> <span class='ocrx_word' id='word_1_83' title='bbox 787 1005 1008 1039; x_wconf 84' lang='lat' dir='ltr'>Cancellariae</span> <span class='ocrx_word' id='word_1_84' title='bbox 1028 1006 1165 1047; x_wconf 87' lang='lat' dir='ltr'>Aposto-</span> 
     </span>
     <span class='ocr_line' id='line_1_19' title="bbox 417 1058 1164 1104; baseline -0.008 -9"><span class='ocrx_word' id='word_1_85' title='bbox 417 1062 499 1095; x_wconf 84' lang='lat' dir='ltr'>licae</span> <span class='ocrx_word' id='word_1_86' title='bbox 525 1062 642 1104; x_wconf 79' lang='lat' dir='ltr'>regula</span> <span class='ocrx_word' id='word_1_87' title='bbox 667 1061 706 1093; x_wconf 84' lang='lat' dir='ltr'>de</span> <span class='ocrx_word' id='word_1_88' title='bbox 733 1060 801 1092; x_wconf 89' lang='lat' dir='ltr'>iure</span> <span class='ocrx_word' id='word_1_89' title='bbox 828 1059 976 1102; x_wconf 85' lang='lat' dir='ltr'>quaesito</span> <span class='ocrx_word' id='word_1_90' title='bbox 1009 1068 1076 1090; x_wconf 92' lang='lat' dir='ltr'>non</span> <span class='ocrx_word' id='word_1_91' title='bbox 1102 1058 1164 1090; x_wconf 85' lang='lat' dir='ltr'>tol-</span> 
     </span>
     <span class='ocr_line' id='line_1_20' title="bbox 416 1111 1163 1156; baseline -0.008 -8"><span class='ocrx_word' id='word_1_92' title='bbox 416 1116 539 1155; x_wconf 87' lang='lat' dir='ltr'>lendo,</span> <span class='ocrx_word' id='word_1_93' title='bbox 579 1124 707 1147; x_wconf 83' lang='lat' dir='ltr'>necnon</span> <span class='ocrx_word' id='word_1_94' title='bbox 733 1112 885 1156; x_wconf 86' lang='lat' dir='ltr'>capitulis</span> <span class='ocrx_word' id='word_1_95' title='bbox 923 1122 983 1154; x_wconf 88' lang='lat' dir='ltr'>per</span> <span class='ocrx_word' id='word_1_96' title='bbox 1014 1111 1163 1143; x_wconf 89' lang='lat' dir='ltr'>eumdem</span> 
     </span>
     <span class='ocr_line' id='line_1_21' title="bbox 417 1169 1165 1208; baseline -0.008 -7"><span class='ocrx_word' id='word_1_97' title='bbox 417 1169 552 1202; x_wconf 87' lang='lat' dir='ltr'>Paulum</span> <span class='ocrx_word' id='word_1_98' title='bbox 571 1169 593 1200; x_wconf 77' lang='lat' dir='ltr'>V</span> <span class='ocrx_word' id='word_1_99' title='bbox 619 1173 861 1200; x_wconf 77' lang='lat' dir='ltr'>antecessorem</span> <span class='ocrx_word' id='word_1_100' title='bbox 877 1171 1022 1198; x_wconf 86' lang='lat' dir='ltr'>nostrum</span> <span class='ocrx_word' id='word_1_101' title='bbox 1044 1174 1165 1208; x_wconf 87' lang='lat' dir='ltr'>appro-</span> 
     </span>
     <span class='ocr_line' id='line_1_22' title="bbox 417 1218 1163 1264; baseline -0.007 -10"><span class='ocrx_word' id='word_1_102' title='bbox 417 1222 511 1261; x_wconf 83' lang='lat' dir='ltr'>batis,</span> <span class='ocrx_word' id='word_1_103' title='bbox 537 1221 673 1264; x_wconf 89' lang='lat' dir='ltr'>aliisque</span> <span class='ocrx_word' id='word_1_104' title='bbox 699 1220 853 1253; x_wconf 85' lang='lat' dir='ltr'>omnibus</span> <span class='ocrx_word' id='word_1_105' title='bbox 887 1224 919 1251; x_wconf 88' lang='lat' dir='ltr'>et</span> <span class='ocrx_word' id='word_1_106' title='bbox 954 1218 1092 1260; x_wconf 78' lang='lat' dir='ltr'>singulis</span> <span class='ocrx_word' id='word_1_107' title='bbox 1130 1218 1163 1249; x_wconf 89' lang='lat' dir='ltr'>in</span> 
     </span>
     <span class='ocr_line' id='line_1_23' title="bbox 418 1270 1165 1316; baseline -0.005 -10"><span class='ocrx_word' id='word_1_108' title='bbox 418 1273 618 1307; x_wconf 86' lang='lat' dir='ltr'>contrarium</span> <span class='ocrx_word' id='word_1_109' title='bbox 637 1273 893 1316; x_wconf 87' lang='lat' dir='ltr'>praemissorum</span> <span class='ocrx_word' id='word_1_110' title='bbox 915 1270 1165 1314; x_wconf 81' lang='lat' dir='ltr'>quomodolibet</span> 
     </span>
     <span class='ocr_line' id='line_1_24' title="bbox 417 1325 1164 1369; baseline -0.007 -9"><span class='ocrx_word' id='word_1_111' title='bbox 417 1327 534 1367; x_wconf 87' lang='lat' dir='ltr'>editis,</span> <span class='ocrx_word' id='word_1_112' title='bbox 562 1332 593 1360; x_wconf 92' lang='lat' dir='ltr'>et</span> <span class='ocrx_word' id='word_1_113' title='bbox 618 1326 813 1369; x_wconf 86' lang='lat' dir='ltr'>praesertim</span> <span class='ocrx_word' id='word_1_114' title='bbox 840 1325 993 1368; x_wconf 86' lang='lat' dir='ltr'>capitulis</span> <span class='ocrx_word' id='word_1_115' title='bbox 1026 1334 1042 1356; x_wconf 86' lang='lat' dir='ltr'>a</span> <span class='ocrx_word' id='word_1_116' title='bbox 1071 1334 1164 1367; x_wconf 87' lang='lat' dir='ltr'>prae-</span> 
     </span>
     <span class='ocr_line' id='line_1_25' title="bbox 418 1379 1165 1422; baseline -0.007 -9"><span class='ocrx_word' id='word_1_117' title='bbox 418 1381 504 1414; x_wconf 86' lang='lat' dir='ltr'>dicto</span> <span class='ocrx_word' id='word_1_118' title='bbox 544 1380 644 1412; x_wconf 87' lang='lat' dir='ltr'>Paulo</span> <span class='ocrx_word' id='word_1_119' title='bbox 684 1379 939 1422; x_wconf 76' lang='lat' dir='ltr'>praedecessore</span> <span class='ocrx_word' id='word_1_120' title='bbox 974 1382 1087 1410; x_wconf 86' lang='lat' dir='ltr'>nostro</span> <span class='ocrx_word' id='word_1_121' title='bbox 1130 1383 1165 1409; x_wconf 88' lang='lat' dir='ltr'>ut</span> 
     </span>
     <span class='ocr_line' id='line_1_26' title="bbox 417 1430 1163 1477; baseline -0.005 -10"><span class='ocrx_word' id='word_1_122' title='bbox 417 1435 602 1477; x_wconf 81' lang='lat' dir='ltr'>praefertur</span> <span class='ocrx_word' id='word_1_123' title='bbox 640 1432 852 1476; x_wconf 78' lang='lat' dir='ltr'>approbatis,</span> <span class='ocrx_word' id='word_1_124' title='bbox 890 1442 1020 1464; x_wconf 85' lang='lat' dir='ltr'>necnon</span> <span class='ocrx_word' id='word_1_125' title='bbox 1058 1430 1163 1463; x_wconf 80' lang='lat' dir='ltr'>felicis</span> 
     </span>
     <span class='ocr_line' id='line_1_27' title="bbox 417 1485 1163 1526; baseline -0.007 -6"><span class='ocrx_word' id='word_1_126' title='bbox 417 1486 658 1520; x_wconf 84' lang='lat' dir='ltr'>reeordationis</span> <span class='ocrx_word' id='word_1_127' title='bbox 684 1486 728 1518; x_wconf 90' lang='lat' dir='ltr'>Pii</span> <span class='ocrx_word' id='word_1_128' title='bbox 756 1486 812 1518; x_wconf 83' lang='lat' dir='ltr'>Pl&#39;.</span> <span class='ocrx_word' id='word_1_129' title='bbox 838 1486 861 1517; x_wconf 82' lang='lat' dir='ltr'>V</span> <span class='ocrx_word' id='word_1_130' title='bbox 894 1486 933 1517; x_wconf 88' lang='lat' dir='ltr'>de</span> <span class='ocrx_word' id='word_1_131' title='bbox 959 1485 1088 1526; x_wconf 72' lang='lat' dir='ltr'>gratiis,</span> <span class='ocrx_word' id='word_1_132' title='bbox 1116 1485 1163 1516; x_wconf 89' lang='lat' dir='ltr'>iu-</span> 
     </span>
     <span class='ocr_line' id='line_1_28' title="bbox 417 1537 1163 1580; baseline -0.005 -8"><span class='ocrx_word' id='word_1_133' title='bbox 417 1546 544 1573; x_wconf 80' lang='lat' dir='ltr'>teresse</span> <span class='ocrx_word' id='word_1_134' title='bbox 584 1539 736 1571; x_wconf 84' lang='lat' dir='ltr'>Camerae</span> <span class='ocrx_word' id='word_1_135' title='bbox 775 1544 909 1571; x_wconf 87' lang='lat' dir='ltr'>nostrae</span> <span class='ocrx_word' id='word_1_136' title='bbox 955 1537 1163 1580; x_wconf 82' lang='lat' dir='ltr'>Apostolicae</span> 
     </span>
     <span class='ocr_line' id='line_1_29' title="bbox 418 1591 1165 1636; baseline -0.004 -11"><span class='ocrx_word' id='word_1_137' title='bbox 418 1593 671 1636; x_wconf 75' lang='lat' dir='ltr'>quomodolibet</span> <span class='ocrx_word' id='word_1_138' title='bbox 689 1592 975 1631; x_wconf 75' lang='lat' dir='ltr'>concernentibus,</span> <span class='ocrx_word' id='word_1_139' title='bbox 998 1591 1083 1623; x_wconf 88' lang='lat' dir='ltr'>intra</span> <span class='ocrx_word' id='word_1_140' title='bbox 1102 1601 1165 1624; x_wconf 83' lang='lat' dir='ltr'>cer·</span> 
     </span>
     <span class='ocr_line' id='line_1_30' title="bbox 418 1644 1161 1688; baseline -0.004 -10"><span class='ocrx_word' id='word_1_141' title='bbox 418 1651 484 1679; x_wconf 91' lang='lat' dir='ltr'>tum</span> <span class='ocrx_word' id='word_1_142' title='bbox 511 1652 587 1679; x_wconf 89' lang='lat' dir='ltr'>tunc</span> <span class='ocrx_word' id='word_1_143' title='bbox 612 1656 802 1688; x_wconf 82' lang='lat' dir='ltr'>expressum</span> <span class='ocrx_word' id='word_1_144' title='bbox 830 1651 958 1687; x_wconf 85' lang='lat' dir='ltr'>tempus</span> <span class='ocrx_word' id='word_1_145' title='bbox 986 1644 1018 1676; x_wconf 91' lang='lat' dir='ltr'>in</span> <span class='ocrx_word' id='word_1_146' title='bbox 1048 1644 1161 1676; x_wconf 74' lang='lat' dir='ltr'>eadem</span> 
     </span>
     <span class='ocr_line' id='line_1_31' title="bbox 418 1697 1164 1741; baseline -0.005 -8"><span class='ocrx_word' id='word_1_147' title='bbox 418 1699 552 1733; x_wconf 79' lang='lat' dir='ltr'>Camera</span> <span class='ocrx_word' id='word_1_148' title='bbox 578 1698 791 1741; x_wconf 80' lang='lat' dir='ltr'>registrandis</span> <span class='ocrx_word' id='word_1_149' title='bbox 818 1703 849 1730; x_wconf 90' lang='lat' dir='ltr'>et</span> <span class='ocrx_word' id='word_1_150' title='bbox 870 1697 1091 1736; x_wconf 78' lang='lat' dir='ltr'>insinuandis,</span> <span class='ocrx_word' id='word_1_151' title='bbox 1128 1708 1164 1729; x_wconf 85' lang='lat' dir='ltr'>ae</span> 
     </span>
     <span class='ocr_line' id='line_1_32' title="bbox 418 1751 1164 1796; baseline -0.004 -11"><span class='ocrx_word' id='word_1_152' title='bbox 418 1753 587 1796; x_wconf 80' lang='lat' dir='ltr'>quibusvis</span> <span class='ocrx_word' id='word_1_153' title='bbox 612 1752 684 1784; x_wconf 87' lang='lat' dir='ltr'>aliis</span> <span class='ocrx_word' id='word_1_154' title='bbox 709 1761 993 1794; x_wconf 88' lang='lat' dir='ltr'>quorumcumque</span> <span class='ocrx_word' id='word_1_155' title='bbox 1025 1751 1164 1783; x_wconf 90' lang='lat' dir='ltr'>aliorum</span> 
     </span>
     <span class='ocr_line' id='line_1_33' title="bbox 416 1804 1164 1848; baseline -0.005 -9"><span class='ocrx_word' id='word_1_156' title='bbox 416 1806 639 1839; x_wconf 85' lang='lat' dir='ltr'>Romanorum</span> <span class='ocrx_word' id='word_1_157' title='bbox 661 1804 854 1838; x_wconf 77' lang='lat' dir='ltr'>Pontificum</span> <span class='ocrx_word' id='word_1_158' title='bbox 873 1805 1164 1848; x_wconf 85' lang='lat' dir='ltr'>praedeeessorum</span> 
     </span>
     <span class='ocr_line' id='line_1_34' title="bbox 417 1858 1164 1892; baseline -0.004 0"><span class='ocrx_word' id='word_1_159' title='bbox 417 1867 605 1892; x_wconf 87' lang='lat' dir='ltr'>nostrorum</span> <span class='ocrx_word' id='word_1_160' title='bbox 644 1859 693 1890; x_wconf 88' lang='lat' dir='ltr'>ius</span> <span class='ocrx_word' id='word_1_161' title='bbox 738 1860 788 1891; x_wconf 90' lang='lat' dir='ltr'>vel</span> <span class='ocrx_word' id='word_1_162' title='bbox 825 1859 981 1891; x_wconf 83' lang='lat' dir='ltr'>interesse</span> <span class='ocrx_word' id='word_1_163' title='bbox 1019 1858 1164 1890; x_wconf 83' lang='lat' dir='ltr'>eiusdem</span> 
     </span>
     <span class='ocr_line' id='line_1_35' title="bbox 418 1911 1165 1954; baseline -0.004 -9"><span class='ocrx_word' id='word_1_164' title='bbox 418 1912 571 1945; x_wconf 80' lang='lat' dir='ltr'>Gamerae</span> <span class='ocrx_word' id='word_1_165' title='bbox 589 1918 720 1944; x_wconf 85' lang='lat' dir='ltr'>nostrae</span> <span class='ocrx_word' id='word_1_166' title='bbox 738 1911 946 1954; x_wconf 73' lang='lat' dir='ltr'>Apostolicae</span> <span class='ocrx_word' id='word_1_167' title='bbox 963 1921 1165 1943; x_wconf 85' lang='lat' dir='ltr'>concernen-</span> 
     </span>
     <span class='ocr_line' id='line_1_36' title="bbox 417 1964 1164 2008; baseline -0.003 -11"><span class='ocrx_word' id='word_1_168' title='bbox 417 1966 512 2005; x_wconf 85' lang='lat' dir='ltr'>tibus,</span> <span class='ocrx_word' id='word_1_169' title='bbox 539 1965 678 2008; x_wconf 78' lang='lat' dir='ltr'>aliisque</span> <span class='ocrx_word' id='word_1_170' title='bbox 704 1965 994 1997; x_wconf 80' lang='lat' dir='ltr'>constitutionibus</span> <span class='ocrx_word' id='word_1_171' title='bbox 1019 1969 1051 1996; x_wconf 87' lang='lat' dir='ltr'>ct</span> <span class='ocrx_word' id='word_1_172' title='bbox 1076 1964 1164 1996; x_wconf 87' lang='lat' dir='ltr'>ordi-</span> 
     </span>
     <span class='ocr_line' id='line_1_37' title="bbox 417 2018 1165 2062; baseline -0.004 -11"><span class='ocrx_word' id='word_1_173' title='bbox 417 2019 607 2051; x_wconf 81' lang='lat' dir='ltr'>nationibus</span> <span class='ocrx_word' id='word_1_174' title='bbox 634 2018 839 2062; x_wconf 77' lang='lat' dir='ltr'>apostolicis‚</span> <span class='ocrx_word' id='word_1_175' title='bbox 876 2018 972 2050; x_wconf 87' lang='lat' dir='ltr'>etiam</span> <span class='ocrx_word' id='word_1_176' title='bbox 999 2018 1031 2049; x_wconf 88' lang='lat' dir='ltr'>in</span> <span class='ocrx_word' id='word_1_177' title='bbox 1069 2027 1165 2059; x_wconf 74' lang='lat' dir='ltr'>syno-</span> 
     </span>
     <span class='ocr_line' id='line_1_38' title="bbox 419 2071 1164 2115; baseline -0.005 -10"><span class='ocrx_word' id='word_1_178' title='bbox 419 2072 566 2112; x_wconf 80' lang='lat' dir='ltr'>dalibus,</span> <span class='ocrx_word' id='word_1_179' title='bbox 610 2072 888 2115; x_wconf 85' lang='lat' dir='ltr'>provincialibus,</span> <span class='ocrx_word' id='word_1_180' title='bbox 926 2071 1164 2103; x_wconf 81' lang='lat' dir='ltr'>universalibus</span> 
     </span>
     <span class='ocr_line' id='line_1_39' title="bbox 419 2124 1164 2168; baseline -0.003 -10"><span class='ocrx_word' id='word_1_181' title='bbox 419 2126 695 2168; x_wconf 78' lang='lat' dir='ltr'>generalibusque</span> <span class='ocrx_word' id='word_1_182' title='bbox 731 2124 879 2158; x_wconf 68' lang='lat' dir='ltr'>conciliis</span> <span class='ocrx_word' id='word_1_183' title='bbox 915 2124 1009 2157; x_wconf 87' lang='lat' dir='ltr'>editis</span> <span class='ocrx_word' id='word_1_184' title='bbox 1047 2124 1095 2156; x_wconf 76' lang='lat' dir='ltr'>vel</span> <span class='ocrx_word' id='word_1_185' title='bbox 1134 2134 1164 2156; x_wconf 91' lang='lat' dir='ltr'>e-</span> 
     </span>
     <span class='ocr_line' id='line_1_40' title="bbox 419 2177 1166 2221; baseline -0.004 -11"><span class='ocrx_word' id='word_1_186' title='bbox 419 2178 555 2218; x_wconf 87' lang='lat' dir='ltr'>dendis,</span> <span class='ocrx_word' id='word_1_187' title='bbox 582 2178 780 2221; x_wconf 72' lang='lat' dir='ltr'>specialibus</span> <span class='ocrx_word' id='word_1_188' title='bbox 806 2179 856 2210; x_wconf 93' lang='lat' dir='ltr'>vel</span> <span class='ocrx_word' id='word_1_189' title='bbox 882 2177 1103 2219; x_wconf 73' lang='lat' dir='ltr'>generalibus,</span> <span class='ocrx_word' id='word_1_190' title='bbox 1131 2186 1166 2208; x_wconf 86' lang='lat' dir='ltr'>ac</span> 
     </span>
     <span class='ocr_line' id='line_1_41' title="bbox 420 2230 1166 2268; baseline -0.003 -5"><span class='ocrx_word' id='word_1_191' title='bbox 420 2231 524 2264; x_wconf 82' lang='lat' dir='ltr'>dictae</span> <span class='ocrx_word' id='word_1_192' title='bbox 550 2232 689 2263; x_wconf 84' lang='lat' dir='ltr'>civitatis</span> <span class='ocrx_word' id='word_1_193' title='bbox 714 2231 968 2268; x_wconf 75' lang='lat' dir='ltr'>Camerinensis.</span> <span class='ocrx_word' id='word_1_194' title='bbox 997 2230 1093 2262; x_wconf 87' lang='lat' dir='ltr'>ctiam</span> <span class='ocrx_word' id='word_1_195' title='bbox 1120 2230 1166 2261; x_wconf 88' lang='lat' dir='ltr'>iu-</span> 
     </span>
     <span class='ocr_line' id='line_1_42' title="bbox 420 2284 1166 2326; baseline 0 -11"><span class='ocrx_word' id='word_1_196' title='bbox 420 2290 585 2323; x_wconf 87' lang='lat' dir='ltr'>ramento,</span> <span class='ocrx_word' id='word_1_197' title='bbox 611 2285 861 2317; x_wconf 76' lang='lat' dir='ltr'>confirmatione</span> <span class='ocrx_word' id='word_1_198' title='bbox 887 2284 1088 2326; x_wconf 80' lang='lat' dir='ltr'>apostolica,</span> <span class='ocrx_word' id='word_1_199' title='bbox 1115 2284 1166 2315; x_wconf 80' lang='lat' dir='ltr'>vel</span> 
     </span>
     <span class='ocr_line' id='line_1_43' title="bbox 420 2336 1165 2378; baseline -0.001 -11"><span class='ocrx_word' id='word_1_200' title='bbox 420 2337 532 2378; x_wconf 77' lang='lat' dir='ltr'>quavis</span> <span class='ocrx_word' id='word_1_201' title='bbox 556 2336 708 2369; x_wconf 81' lang='lat' dir='ltr'>firmitate</span> <span class='ocrx_word' id='word_1_202' title='bbox 734 2337 796 2370; x_wconf 78' lang='lat' dir='ltr'>alia</span> <span class='ocrx_word' id='word_1_203' title='bbox 822 2337 1004 2373; x_wconf 84' lang='lat' dir='ltr'>roboratis⁷</span> <span class='ocrx_word' id='word_1_204' title='bbox 1028 2336 1165 2375; x_wconf 80' lang='lat' dir='ltr'>statutis,</span> 
     </span>
     <span class='ocr_line' id='line_1_44' title="bbox 421 2388 1167 2432; baseline 0 -13"><span class='ocrx_word' id='word_1_205' title='bbox 421 2389 721 2429; x_wconf 83' lang='lat' dir='ltr'>consuetudinibus,</span> <span class='ocrx_word' id='word_1_206' title='bbox 743 2389 938 2432; x_wconf 83' lang='lat' dir='ltr'>praesertim</span> <span class='ocrx_word' id='word_1_207' title='bbox 960 2389 1024 2421; x_wconf 87' lang='lat' dir='ltr'>illis</span> <span class='ocrx_word' id='word_1_208' title='bbox 1049 2388 1167 2431; x_wconf 87' lang='lat' dir='ltr'>quibus</span> 
     </span>
     <span class='ocr_line' id='line_1_45' title="bbox 421 2441 1168 2485; baseline 0.001 -13"><span class='ocrx_word' id='word_1_209' title='bbox 421 2441 526 2473; x_wconf 83' lang='lat' dir='ltr'>caveri</span> <span class='ocrx_word' id='word_1_210' title='bbox 552 2442 671 2473; x_wconf 85' lang='lat' dir='ltr'>dieitur</span> <span class='ocrx_word' id='word_1_211' title='bbox 694 2453 846 2485; x_wconf 77' lang='lat' dir='ltr'>expresse</span> <span class='ocrx_word' id='word_1_212' title='bbox 873 2453 912 2475; x_wconf 87' lang='lat' dir='ltr'>ne</span> <span class='ocrx_word' id='word_1_213' title='bbox 939 2452 1055 2474; x_wconf 88' lang='lat' dir='ltr'>munus</span> <span class='ocrx_word' id='word_1_214' title='bbox 1081 2442 1168 2484; x_wconf 85' lang='lat' dir='ltr'>capi-</span> 
     </span>
     <span class='ocr_line' id='line_1_46' title="bbox 420 2493 1166 2537; baseline 0 -12"><span class='ocrx_word' id='word_1_215' title='bbox 420 2493 507 2525; x_wconf 83' lang='lat' dir='ltr'>tanei</span> <span class='ocrx_word' id='word_1_216' title='bbox 547 2504 604 2526; x_wconf 89' lang='lat' dir='ltr'>seu</span> <span class='ocrx_word' id='word_1_217' title='bbox 646 2494 760 2526; x_wconf 87' lang='lat' dir='ltr'>iudicis</span> <span class='ocrx_word' id='word_1_218' title='bbox 809 2495 1067 2537; x_wconf 83' lang='lat' dir='ltr'>appellationum</span> <span class='ocrx_word' id='word_1_219' title='bbox 1105 2494 1166 2525; x_wconf 90' lang='lat' dir='ltr'>iam</span> 
     </span>
     <span class='ocr_line' id='line_1_47' title="bbox 422 2546 1166 2586; baseline -0.001 -7"><span class='ocrx_word' id='word_1_220' title='bbox 422 2546 543 2579; x_wconf 76' lang='lat' dir='ltr'>dicium</span> <span class='ocrx_word' id='word_1_221' title='bbox 570 2546 630 2577; x_wconf 87' lang='lat' dir='ltr'>civi</span> <span class='ocrx_word' id='word_1_222' title='bbox 656 2546 892 2586; x_wconf 82' lang='lat' dir='ltr'>Camerinensi,</span> <span class='ocrx_word' id='word_1_223' title='bbox 919 2547 975 2579; x_wconf 85' lang='lat' dir='ltr'>sed</span> <span class='ocrx_word' id='word_1_224' title='bbox 1010 2551 1166 2579; x_wconf 79' lang='lat' dir='ltr'>extraneo</span> 
     </span>
     <span class='ocr_line' id='line_1_48' title="bbox 420 2599 1166 2642; baseline 0 -11"><span class='ocrx_word' id='word_1_225' title='bbox 420 2603 547 2631; x_wconf 78' lang='lat' dir='ltr'>tantum</span> <span class='ocrx_word' id='word_1_226' title='bbox 565 2600 730 2638; x_wconf 83' lang='lat' dir='ltr'>conserat,</span> <span class='ocrx_word' id='word_1_227' title='bbox 754 2599 938 2641; x_wconf 81' lang='lat' dir='ltr'>privilegiis</span> <span class='ocrx_word' id='word_1_228' title='bbox 959 2609 1101 2642; x_wconf 82' lang='lat' dir='ltr'>quoque,</span> <span class='ocrx_word' id='word_1_229' title='bbox 1117 2599 1166 2631; x_wconf 89' lang='lat' dir='ltr'>in-</span> 
     </span>
    </p>
   </div>
   <div class='ocr_carea' id='block_1_4' title="bbox 1184 397 1190 2444">
    <p class='ocr_par' dir='ltr' id='par_1_5' title="bbox 1184 397 1190 2444">
     <span class='ocr_line' id='line_1_49' title="bbox 1184 397 1190 2444; baseline 0 0"><span class='ocrx_word' id='word_1_230' title='bbox 1184 397 1190 2444; x_wconf 95' lang='lat' dir='ltr'> </span> 
     </span>
    </p>
   </div>
   <div class='ocr_carea' id='block_1_5' title="bbox 1012 209 1378 235">
    <p class='ocr_par' dir='ltr' id='par_1_6' title="bbox 1012 209 1378 235">
     <span class='ocr_line' id='line_1_50' title="bbox 1012 209 1378 235; baseline -0.003 -1"><span class='ocrx_word' id='word_1_231' title='bbox 1012 210 1194 235; x_wconf 79' lang='lat' dir='ltr'>BULLARIUM</span> <span class='ocrx_word' id='word_1_232' title='bbox 1220 209 1378 233; x_wconf 69' lang='lat' dir='ltr'>ROMANUM</span> 
     </span>
    </p>
   </div>
   <div class='ocr_carea' id='block_1_6' title="bbox 1206 255 1954 1629">
    <p class='ocr_par' dir='ltr' id='par_1_7' title="bbox 1206 255 1954 1629">
     <span class='ocr_line' id='line_1_51' title="bbox 1206 255 1952 300; baseline -0.003 -10"><span class='ocrx_word' id='word_1_233' title='bbox 1206 258 1304 290; x_wconf 88' lang='lat' dir='ltr'>dultis</span> <span class='ocrx_word' id='word_1_234' title='bbox 1334 262 1366 290; x_wconf 84' lang='lat' dir='ltr'>et</span> <span class='ocrx_word' id='word_1_235' title='bbox 1397 256 1515 291; x_wconf 88' lang='lat' dir='ltr'>litteris</span> <span class='ocrx_word' id='word_1_236' title='bbox 1555 256 1746 300; x_wconf 83' lang='lat' dir='ltr'>apostolicis</span> <span class='ocrx_word' id='word_1_237' title='bbox 1783 255 1952 299; x_wconf 86' lang='lat' dir='ltr'>quibusvis</span> 
     </span>
     <span class='ocr_line' id='line_1_52' title="bbox 1206 310 1954 355; baseline -0.001 -11"><span class='ocrx_word' id='word_1_238' title='bbox 1206 310 1431 355; x_wconf 89' lang='lat' dir='ltr'>superioribus</span> <span class='ocrx_word' id='word_1_239' title='bbox 1457 316 1489 344; x_wconf 90' lang='lat' dir='ltr'>et</span> <span class='ocrx_word' id='word_1_240' title='bbox 1513 310 1685 355; x_wconf 84' lang='lat' dir='ltr'>personis,</span> <span class='ocrx_word' id='word_1_241' title='bbox 1719 310 1954 353; x_wconf 85' lang='lat' dir='ltr'>cuiuscumque</span> 
     </span>
     <span class='ocr_line' id='line_1_53' title="bbox 1207 362 1952 407; baseline -0.001 -11"><span class='ocrx_word' id='word_1_242' title='bbox 1207 369 1327 403; x_wconf 84' lang='lat' dir='ltr'>status,</span> <span class='ocrx_word' id='word_1_243' title='bbox 1353 363 1488 407; x_wconf 83' lang='lat' dir='ltr'>gradus,</span> <span class='ocrx_word' id='word_1_244' title='bbox 1525 363 1650 397; x_wconf 88' lang='lat' dir='ltr'>ordinis</span> <span class='ocrx_word' id='word_1_245' title='bbox 1686 369 1718 395; x_wconf 88' lang='lat' dir='ltr'>et</span> <span class='ocrx_word' id='word_1_246' title='bbox 1752 362 1952 396; x_wconf 83' lang='lat' dir='ltr'>conditionis</span> 
     </span>
     <span class='ocr_line' id='line_1_54' title="bbox 1208 417 1953 459; baseline 0.001 -9"><span class='ocrx_word' id='word_1_247' title='bbox 1208 418 1442 459; x_wconf 83' lang='lat' dir='ltr'>existentibus,</span> <span class='ocrx_word' id='word_1_248' title='bbox 1468 429 1504 450; x_wconf 85' lang='lat' dir='ltr'>ac</span> <span class='ocrx_word' id='word_1_249' title='bbox 1529 418 1625 451; x_wconf 92' lang='lat' dir='ltr'>etiam</span> <span class='ocrx_word' id='word_1_250' title='bbox 1659 418 1730 450; x_wconf 89' lang='lat' dir='ltr'>aliis</span> <span class='ocrx_word' id='word_1_251' title='bbox 1757 417 1953 451; x_wconf 85' lang='lat' dir='ltr'>universita-</span> 
     </span>
     <span class='ocr_line' id='line_1_55' title="bbox 1209 470 1951 515; baseline 0.001 -12"><span class='ocrx_word' id='word_1_252' title='bbox 1209 471 1292 504; x_wconf 90' lang='lat' dir='ltr'>tibus</span> <span class='ocrx_word' id='word_1_253' title='bbox 1312 471 1501 515; x_wconf 88' lang='lat' dir='ltr'>praedictis,</span> <span class='ocrx_word' id='word_1_254' title='bbox 1518 471 1550 503; x_wconf 91' lang='lat' dir='ltr'>in</span> <span class='ocrx_word' id='word_1_255' title='bbox 1574 481 1696 513; x_wconf 83' lang='lat' dir='ltr'>genere</span> <span class='ocrx_word' id='word_1_256' title='bbox 1715 472 1765 504; x_wconf 89' lang='lat' dir='ltr'>vel</span> <span class='ocrx_word' id='word_1_257' title='bbox 1783 470 1813 503; x_wconf 94' lang='lat' dir='ltr'>in</span> <span class='ocrx_word' id='word_1_258' title='bbox 1833 470 1951 513; x_wconf 86' lang='lat' dir='ltr'>specie,</span> 
     </span>
     <span class='ocr_line' id='line_1_56' title="bbox 1207 523 1952 568; baseline 0 -11"><span class='ocrx_word' id='word_1_259' title='bbox 1207 525 1265 557; x_wconf 92' lang='lat' dir='ltr'>sub</span> <span class='ocrx_word' id='word_1_260' title='bbox 1291 525 1552 568; x_wconf 87' lang='lat' dir='ltr'>quibuscumque</span> <span class='ocrx_word' id='word_1_261' title='bbox 1577 523 1747 556; x_wconf 88' lang='lat' dir='ltr'>tenoribus</span> <span class='ocrx_word' id='word_1_262' title='bbox 1772 528 1803 556; x_wconf 87' lang='lat' dir='ltr'>et</span> <span class='ocrx_word' id='word_1_263' title='bbox 1826 524 1952 564; x_wconf 80' lang='lat' dir='ltr'>formis,</span> 
     </span>
     <span class='ocr_line' id='line_1_57' title="bbox 1207 577 1952 621; baseline 0 -11"><span class='ocrx_word' id='word_1_264' title='bbox 1207 588 1244 611; x_wconf 88' lang='lat' dir='ltr'>ac</span> <span class='ocrx_word' id='word_1_265' title='bbox 1269 588 1340 610; x_wconf 90' lang='lat' dir='ltr'>cum</span> <span class='ocrx_word' id='word_1_266' title='bbox 1366 578 1532 621; x_wconf 79' lang='lat' dir='ltr'>quibusvis</span> <span class='ocrx_word' id='word_1_267' title='bbox 1552 577 1646 610; x_wconf 90' lang='lat' dir='ltr'>etiam</span> <span class='ocrx_word' id='word_1_268' title='bbox 1672 577 1952 619; x_wconf 76' lang='lat' dir='ltr'>derogatoriarum</span> 
     </span>
     <span class='ocr_line' id='line_1_58' title="bbox 1209 630 1954 674; baseline 0 -10"><span class='ocrx_word' id='word_1_269' title='bbox 1209 632 1436 674; x_wconf 70' lang='lat' dir='ltr'>derogatoriis,</span> <span class='ocrx_word' id='word_1_270' title='bbox 1455 631 1591 674; x_wconf 87' lang='lat' dir='ltr'>aliisque</span> <span class='ocrx_word' id='word_1_271' title='bbox 1612 630 1863 671; x_wconf 83' lang='lat' dir='ltr'>efficacioribus,</span> <span class='ocrx_word' id='word_1_272' title='bbox 1886 631 1954 664; x_wconf 84' lang='lat' dir='ltr'>effi-</span> 
     </span>
     <span class='ocr_line' id='line_1_59' title="bbox 1208 683 1954 723; baseline 0 -6"><span class='ocrx_word' id='word_1_273' title='bbox 1208 685 1386 717; x_wconf 83' lang='lat' dir='ltr'>cacissimis</span> <span class='ocrx_word' id='word_1_274' title='bbox 1412 690 1444 717; x_wconf 90' lang='lat' dir='ltr'>et</span> <span class='ocrx_word' id='word_1_275' title='bbox 1467 684 1607 717; x_wconf 83' lang='lat' dir='ltr'>insolitis</span> <span class='ocrx_word' id='word_1_276' title='bbox 1631 684 1796 723; x_wconf 83' lang='lat' dir='ltr'>clausulis,</span> <span class='ocrx_word' id='word_1_277' title='bbox 1822 683 1954 717; x_wconf 85' lang='lat' dir='ltr'>irritan-</span> 
     </span>
     <span class='ocr_line' id='line_1_60' title="bbox 1209 737 1953 780; baseline 0.004 -12"><span class='ocrx_word' id='word_1_278' title='bbox 1209 737 1360 780; x_wconf 72' lang='lat' dir='ltr'>libusque</span> <span class='ocrx_word' id='word_1_279' title='bbox 1386 743 1418 770; x_wconf 86' lang='lat' dir='ltr'>et</span> <span class='ocrx_word' id='word_1_280' title='bbox 1443 737 1514 769; x_wconf 84' lang='lat' dir='ltr'>aliis</span> <span class='ocrx_word' id='word_1_281' title='bbox 1537 737 1687 775; x_wconf 84' lang='lat' dir='ltr'>decretis,</span> <span class='ocrx_word' id='word_1_282' title='bbox 1712 737 1810 770; x_wconf 86' lang='lat' dir='ltr'>etiam</span> <span class='ocrx_word' id='word_1_283' title='bbox 1829 738 1953 780; x_wconf 86' lang='lat' dir='ltr'>pluries</span> 
     </span>
     <span class='ocr_line' id='line_1_61' title="bbox 1209 789 1952 828; baseline 0.001 -6"><span class='ocrx_word' id='word_1_284' title='bbox 1209 795 1241 822; x_wconf 86' lang='lat' dir='ltr'>et</span> <span class='ocrx_word' id='word_1_285' title='bbox 1266 789 1391 822; x_wconf 84' lang='lat' dir='ltr'>iteratis</span> <span class='ocrx_word' id='word_1_286' title='bbox 1413 789 1537 822; x_wconf 87' lang='lat' dir='ltr'>vicibus</span> <span class='ocrx_word' id='word_1_287' title='bbox 1554 789 1730 828; x_wconf 84' lang='lat' dir='ltr'>concessis,</span> <span class='ocrx_word' id='word_1_288' title='bbox 1751 790 1952 823; x_wconf 76' lang='lat' dir='ltr'>confirmatis</span> 
     </span>
     <span class='ocr_line' id='line_1_62' title="bbox 1209 842 1953 886; baseline 0.001 -12"><span class='ocrx_word' id='word_1_289' title='bbox 1209 848 1241 874; x_wconf 91' lang='lat' dir='ltr'>et</span> <span class='ocrx_word' id='word_1_290' title='bbox 1265 842 1446 881; x_wconf 88' lang='lat' dir='ltr'>innovatis·,</span> <span class='ocrx_word' id='word_1_291' title='bbox 1474 842 1592 885; x_wconf 83' lang='lat' dir='ltr'>quibus</span> <span class='ocrx_word' id='word_1_292' title='bbox 1618 842 1770 875; x_wconf 87' lang='lat' dir='ltr'>omnibus</span> <span class='ocrx_word' id='word_1_293' title='bbox 1796 848 1827 875; x_wconf 88' lang='lat' dir='ltr'>et</span> <span class='ocrx_word' id='word_1_294' title='bbox 1845 843 1953 886; x_wconf 83' lang='lat' dir='ltr'>singu-</span> 
     </span>
     <span class='ocr_line' id='line_1_63' title="bbox 1209 895 1953 938; baseline 0.004 -11"><span class='ocrx_word' id='word_1_295' title='bbox 1209 895 1264 934; x_wconf 81' lang='lat' dir='ltr'>lis,</span> <span class='ocrx_word' id='word_1_296' title='bbox 1284 895 1408 927; x_wconf 86' lang='lat' dir='ltr'>etiamsi</span> <span class='ocrx_word' id='word_1_297' title='bbox 1431 906 1489 938; x_wconf 87' lang='lat' dir='ltr'>pro</span> <span class='ocrx_word' id='word_1_298' title='bbox 1513 895 1643 928; x_wconf 89' lang='lat' dir='ltr'>illorum</span> <span class='ocrx_word' id='word_1_299' title='bbox 1663 897 1837 930; x_wconf 83' lang='lat' dir='ltr'>sufficienti</span> <span class='ocrx_word' id='word_1_300' title='bbox 1860 897 1953 930; x_wconf 87' lang='lat' dir='ltr'>dero-</span> 
     </span>
     <span class='ocr_line' id='line_1_64' title="bbox 1209 948 1952 991; baseline 0.004 -11"><span class='ocrx_word' id='word_1_301' title='bbox 1209 948 1337 990; x_wconf 75' lang='lat' dir='ltr'>gatione</span> <span class='ocrx_word' id='word_1_302' title='bbox 1364 948 1403 981; x_wconf 90' lang='lat' dir='ltr'>de</span> <span class='ocrx_word' id='word_1_303' title='bbox 1428 948 1492 981; x_wconf 86' lang='lat' dir='ltr'>illis</span> <span class='ocrx_word' id='word_1_304' title='bbox 1519 959 1698 991; x_wconf 85' lang='lat' dir='ltr'>eorumque</span> <span class='ocrx_word' id='word_1_305' title='bbox 1731 950 1806 982; x_wconf 87' lang='lat' dir='ltr'>totis</span> <span class='ocrx_word' id='word_1_306' title='bbox 1832 950 1952 983; x_wconf 88' lang='lat' dir='ltr'>tenori-</span> 
     </span>
     <span class='ocr_line' id='line_1_65' title="bbox 1209 1001 1953 1045; baseline 0.005 -13"><span class='ocrx_word' id='word_1_307' title='bbox 1209 1002 1267 1033; x_wconf 89' lang='lat' dir='ltr'>bus</span> <span class='ocrx_word' id='word_1_308' title='bbox 1292 1001 1455 1043; x_wconf 81' lang='lat' dir='ltr'>specialis,</span> <span class='ocrx_word' id='word_1_309' title='bbox 1480 1002 1633 1044; x_wconf 72' lang='lat' dir='ltr'>spec-ilica</span> <span class='ocrx_word' id='word_1_310' title='bbox 1665 1008 1697 1034; x_wconf 93' lang='lat' dir='ltr'>et</span> <span class='ocrx_word' id='word_1_311' title='bbox 1721 1012 1888 1045; x_wconf 83' lang='lat' dir='ltr'>expressa,</span> <span class='ocrx_word' id='word_1_312' title='bbox 1914 1014 1953 1037; x_wconf 85' lang='lat' dir='ltr'>ac</span> 
     </span>
     <span class='ocr_line' id='line_1_66' title="bbox 1209 1054 1953 1099; baseline 0.003 -13"><span class='ocrx_word' id='word_1_313' title='bbox 1209 1054 1248 1086; x_wconf 92' lang='lat' dir='ltr'>de</span> <span class='ocrx_word' id='word_1_314' title='bbox 1275 1054 1373 1087; x_wconf 85' lang='lat' dir='ltr'>verbo</span> <span class='ocrx_word' id='word_1_315' title='bbox 1399 1055 1438 1087; x_wconf 87' lang='lat' dir='ltr'>ad</span> <span class='ocrx_word' id='word_1_316' title='bbox 1465 1056 1618 1095; x_wconf 86' lang='lat' dir='ltr'>verbum,</span> <span class='ocrx_word' id='word_1_317' title='bbox 1645 1065 1712 1088; x_wconf 89' lang='lat' dir='ltr'>non</span> <span class='ocrx_word' id='word_1_318' title='bbox 1749 1060 1857 1088; x_wconf 85' lang='lat' dir='ltr'>autem</span> <span class='ocrx_word' id='word_1_319' title='bbox 1892 1066 1953 1099; x_wconf 85' lang='lat' dir='ltr'>per</span> 
     </span>
     <span class='ocr_line' id='line_1_67' title="bbox 1209 1108 1951 1151; baseline 0.003 -12"><span class='ocrx_word' id='word_1_320' title='bbox 1209 1108 1371 1140; x_wconf 87' lang='lat' dir='ltr'>clausulas</span> <span class='ocrx_word' id='word_1_321' title='bbox 1403 1109 1575 1150; x_wconf 78' lang='lat' dir='ltr'>generales</span> <span class='ocrx_word' id='word_1_322' title='bbox 1601 1108 1689 1141; x_wconf 90' lang='lat' dir='ltr'>idem</span> <span class='ocrx_word' id='word_1_323' title='bbox 1715 1108 1951 1151; x_wconf 85' lang='lat' dir='ltr'>importantes,</span> 
     </span>
     <span class='ocr_line' id='line_1_68' title="bbox 1209 1160 1954 1204; baseline 0.004 -12"><span class='ocrx_word' id='word_1_324' title='bbox 1209 1160 1332 1193; x_wconf 90' lang='lat' dir='ltr'>mentio</span> <span class='ocrx_word' id='word_1_325' title='bbox 1358 1171 1413 1193; x_wconf 90' lang='lat' dir='ltr'>seu</span> <span class='ocrx_word' id='word_1_326' title='bbox 1443 1161 1573 1203; x_wconf 81' lang='lat' dir='ltr'>quaevis</span> <span class='ocrx_word' id='word_1_327' title='bbox 1605 1161 1669 1194; x_wconf 85' lang='lat' dir='ltr'>alia</span> <span class='ocrx_word' id='word_1_328' title='bbox 1697 1162 1863 1204; x_wconf 84' lang='lat' dir='ltr'>expressio</span> <span class='ocrx_word' id='word_1_329' title='bbox 1895 1162 1954 1195; x_wconf 85' lang='lat' dir='ltr'>ha-</span> 
     </span>
     <span class='ocr_line' id='line_1_69' title="bbox 1209 1213 1952 1252; baseline 0.005 -7"><span class='ocrx_word' id='word_1_330' title='bbox 1209 1214 1315 1246; x_wconf 88' lang='lat' dir='ltr'>benda</span> <span class='ocrx_word' id='word_1_331' title='bbox 1340 1213 1440 1252; x_wconf 85' lang='lat' dir='ltr'>soret,</span> <span class='ocrx_word' id='word_1_332' title='bbox 1465 1213 1530 1247; x_wconf 92' lang='lat' dir='ltr'>illis</span> <span class='ocrx_word' id='word_1_333' title='bbox 1562 1214 1640 1247; x_wconf 79' lang='lat' dir='ltr'>alias</span> <span class='ocrx_word' id='word_1_334' title='bbox 1676 1215 1709 1247; x_wconf 92' lang='lat' dir='ltr'>in</span> <span class='ocrx_word' id='word_1_335' title='bbox 1734 1225 1793 1248; x_wconf 89' lang='lat' dir='ltr'>suo</span> <span class='ocrx_word' id='word_1_336' title='bbox 1830 1215 1952 1249; x_wconf 85' lang='lat' dir='ltr'>robore</span> 
     </span>
     <span class='ocr_line' id='line_1_70' title="bbox 1209 1266 1953 1312; baseline 0.005 -15"><span class='ocrx_word' id='word_1_337' title='bbox 1209 1266 1453 1307; x_wconf 84' lang='lat' dir='ltr'>permansuris,</span> <span class='ocrx_word' id='word_1_338' title='bbox 1481 1267 1542 1299; x_wconf 86' lang='lat' dir='ltr'>hae</span> <span class='ocrx_word' id='word_1_339' title='bbox 1567 1267 1635 1299; x_wconf 89' lang='lat' dir='ltr'>vice</span> <span class='ocrx_word' id='word_1_340' title='bbox 1662 1268 1845 1308; x_wconf 85' lang='lat' dir='ltr'>dumtaxat,</span> <span class='ocrx_word' id='word_1_341' title='bbox 1878 1279 1953 1312; x_wconf 91' lang='lat' dir='ltr'>spe-</span> 
     </span>
     <span class='ocr_line' id='line_1_71' title="bbox 1208 1318 1953 1362; baseline 0.004 -12"><span class='ocrx_word' id='word_1_342' title='bbox 1208 1318 1334 1351; x_wconf 86' lang='lat' dir='ltr'>cialiter</span> <span class='ocrx_word' id='word_1_343' title='bbox 1367 1324 1399 1352; x_wconf 92' lang='lat' dir='ltr'>et</span> <span class='ocrx_word' id='word_1_344' title='bbox 1430 1330 1582 1362; x_wconf 85' lang='lat' dir='ltr'>expresse</span> <span class='ocrx_word' id='word_1_345' title='bbox 1616 1320 1832 1362; x_wconf 78' lang='lat' dir='ltr'>derogamus3</span> <span class='ocrx_word' id='word_1_346' title='bbox 1867 1326 1953 1354; x_wconf 88' lang='lat' dir='ltr'>cete-</span> 
     </span>
     <span class='ocr_line' id='line_1_72' title="bbox 1208 1371 1818 1416; baseline 0.003 -12"><span class='ocrx_word' id='word_1_347' title='bbox 1208 1371 1319 1415; x_wconf 87' lang='lat' dir='ltr'>risque</span> <span class='ocrx_word' id='word_1_348' title='bbox 1345 1373 1519 1405; x_wconf 85' lang='lat' dir='ltr'>contrariis</span> <span class='ocrx_word' id='word_1_349' title='bbox 1544 1373 1818 1416; x_wconf 87' lang='lat' dir='ltr'>quibuscumque.</span> 
     </span>
     <span class='ocr_line' id='line_1_73' title="bbox 1252 1425 1950 1469; baseline 0.004 -12"><span class='ocrx_word' id='word_1_350' title='bbox 1252 1425 1365 1457; x_wconf 89' lang='lat' dir='ltr'>Datum</span> <span class='ocrx_word' id='word_1_351' title='bbox 1390 1426 1520 1465; x_wconf 84' lang='lat' dir='ltr'>Romae,</span> <span class='ocrx_word' id='word_1_352' title='bbox 1543 1427 1628 1469; x_wconf 86' lang='lat' dir='ltr'>apud</span> <span class='ocrx_word' id='word_1_353' title='bbox 1648 1427 1681 1460; x_wconf 86' lang='lat' dir='ltr'>S.</span> <span class='ocrx_word' id='word_1_354' title='bbox 1701 1427 1844 1467; x_wconf 87' lang='lat' dir='ltr'>Petrum,</span> <span class='ocrx_word' id='word_1_355' title='bbox 1864 1437 1950 1460; x_wconf 88' lang='lat' dir='ltr'>anno</span> 
     </span>
     <span class='ocr_line' id='line_1_74' title="bbox 1209 1478 1952 1519; baseline 0.005 -10"><span class='ocrx_word' id='word_1_356' title='bbox 1209 1478 1445 1511; x_wconf 83' lang='lat' dir='ltr'>lncarnationis</span> <span class='ocrx_word' id='word_1_357' title='bbox 1471 1479 1654 1512; x_wconf 84' lang='lat' dir='ltr'>dominicae</span> <span class='ocrx_word' id='word_1_358' title='bbox 1680 1490 1874 1519; x_wconf 83' lang='lat' dir='ltr'>MDCCxxvll,</span> <span class='ocrx_word' id='word_1_359' title='bbox 1899 1480 1952 1513; x_wconf 83' lang='lat' dir='ltr'>ka-</span> 
     </span>
     <span class='ocr_line' id='line_1_75' title="bbox 1209 1532 1950 1575; baseline 0.004 -12"><span class='ocrx_word' id='word_1_360' title='bbox 1209 1532 1315 1564; x_wconf 87' lang='lat' dir='ltr'>lendis</span> <span class='ocrx_word' id='word_1_361' title='bbox 1336 1532 1423 1567; x_wconf 76' lang='lat' dir='ltr'>iulii,</span> <span class='ocrx_word' id='word_1_362' title='bbox 1442 1532 1651 1575; x_wconf 73' lang='lat' dir='ltr'>pontificatus</span> <span class='ocrx_word' id='word_1_363' title='bbox 1672 1533 1775 1566; x_wconf 87' lang='lat' dir='ltr'>nostri</span> <span class='ocrx_word' id='word_1_364' title='bbox 1795 1544 1880 1566; x_wconf 88' lang='lat' dir='ltr'>anno</span> <span class='ocrx_word' id='word_1_365' title='bbox 1907 1543 1950 1567; x_wconf 78' lang='lat' dir='ltr'>lv.</span> 
     </span>
     <span class='ocr_line' id='line_1_76' title="bbox 1243 1592 1844 1629; baseline 0.005 -11"><span class='ocrx_word' id='word_1_366' title='bbox 1243 1592 1301 1619; x_wconf 80' lang='lat' dir='ltr'>Dat.</span> <span class='ocrx_word' id='word_1_367' title='bbox 1323 1592 1367 1619; x_wconf 85' lang='lat' dir='ltr'>die</span> <span class='ocrx_word' id='word_1_368' title='bbox 1391 1596 1396 1618; x_wconf 90' lang='lat' dir='ltr'>l</span> <span class='ocrx_word' id='word_1_369' title='bbox 1423 1593 1480 1619; x_wconf 88' lang='lat' dir='ltr'>iulii</span> <span class='ocrx_word' id='word_1_370' title='bbox 1503 1594 1579 1627; x_wconf 71' lang='lat'>1727,</span> <span class='ocrx_word' id='word_1_371' title='bbox 1600 1594 1696 1629; x_wconf 33' lang='lat' dir='ltr'>pontif,</span> <span class='ocrx_word' id='word_1_372' title='bbox 1718 1603 1788 1621; x_wconf 85' lang='lat' dir='ltr'>anno</span> <span class='ocrx_word' id='word_1_373' title='bbox 1809 1601 1844 1623; x_wconf 78' lang='lat' dir='ltr'>tv.</span> 
     </span>
    </p>
   </div>
   <div class='ocr_carea' id='block_1_7' title="bbox 1535 1736 1621 1769">
    <p class='ocr_par' dir='ltr' id='par_1_8' title="bbox 1535 1736 1621 1769">
     <span class='ocr_line' id='line_1_77' title="bbox 1535 1736 1621 1769; baseline 0 0"><span class='ocrx_word' id='word_1_374' title='bbox 1535 1736 1621 1769; x_wconf 76' lang='lat' dir='ltr'>CXC.</span> 
     </span>
    </p>
   </div>
   <div class='ocr_carea' id='block_1_8' title="bbox 1208 1815 1956 2128">
    <p class='ocr_par' dir='ltr' id='par_1_9' title="bbox 1208 1815 1956 2019">
     <span class='ocr_line' id='line_1_78' title="bbox 1208 1815 1955 1859; baseline 0.004 -12"><span class='ocrx_word' id='word_1_375' title='bbox 1208 1815 1407 1858; x_wconf 65' lang='lat' dir='ltr'>Indulqelur</span> <span class='ocrx_word' id='word_1_376' title='bbox 1434 1816 1577 1849; x_wconf 77' lang='lat' dir='ltr'>eremitis</span> <span class='ocrx_word' id='word_1_377' title='bbox 1612 1816 1644 1849; x_wconf 89' lang='lat' dir='ltr'>S.</span> <span class='ocrx_word' id='word_1_378' title='bbox 1683 1816 1870 1859; x_wconf 70' lang='lat' dir='ltr'>Auqustim&#39;</span> <span class='ocrx_word' id='word_1_379' title='bbox 1890 1816 1955 1850; x_wconf 74' lang='lat' dir='ltr'>Esc-</span> 
     </span>
     <span class='ocr_line' id='line_1_79' title="bbox 1253 1869 1955 1912; baseline 0.001 -12"><span class='ocrx_word' id='word_1_380' title='bbox 1253 1869 1404 1901; x_wconf 71' lang='lat' dir='ltr'>calceatis</span> <span class='ocrx_word' id='word_1_381' title='bbox 1423 1869 1693 1911; x_wconf 63' lang='lat' dir='ltr'>CMffreqalionis</span> <span class='ocrx_word' id='word_1_382' title='bbox 1710 1869 1955 1912; x_wconf 75' lang='lat' dir='ltr'>Hispaniarum</span> 
     </span>
     <span class='ocr_line' id='line_1_80' title="bbox 1254 1921 1956 1966; baseline 0.001 -13"><span class='ocrx_word' id='word_1_383' title='bbox 1254 1926 1282 1953; x_wconf 75' lang='lat' dir='ltr'>et</span> <span class='ocrx_word' id='word_1_384' title='bbox 1313 1921 1508 1961; x_wconf 64' lang='lat' dir='ltr'>ludiariam,</span> <span class='ocrx_word' id='word_1_385' title='bbox 1546 1925 1583 1953; x_wconf 77' lang='lat' dir='ltr'>ut</span> <span class='ocrx_word' id='word_1_386' title='bbox 1618 1921 1770 1954; x_wconf 81' lang='lat' dir='ltr'>sandalis</span> <span class='ocrx_word' id='word_1_387' title='bbox 1802 1932 1841 1954; x_wconf 73' lang='lat' dir='ltr'>ex</span> <span class='ocrx_word' id='word_1_388' title='bbox 1871 1921 1956 1966; x_wconf 74' lang='lat' dir='ltr'>pelle</span> 
     </span>
     <span class='ocr_line' id='line_1_81' title="bbox 1254 1974 1742 2019; baseline 0.004 -13"><span class='ocrx_word' id='word_1_389' title='bbox 1254 1975 1343 2018; x_wconf 59' lang='lat' dir='ltr'>myri</span> <span class='ocrx_word' id='word_1_390' title='bbox 1367 1975 1484 2007; x_wconf 72' lang='lat' dir='ltr'>coloris</span> <span class='ocrx_word' id='word_1_391' title='bbox 1508 1976 1559 2007; x_wconf 75' lang='lat' dir='ltr'>uli</span> <span class='ocrx_word' id='word_1_392' title='bbox 1580 1977 1707 2019; x_wconf 73' lang='lat' dir='ltr'>possint</span> <span class='ocrx_word' id='word_1_393' title='bbox 1724 1974 1742 2007; x_wconf 89' lang='lat'>¹.</span> 
     </span>
    </p>

    <p class='ocr_par' dir='ltr' id='par_1_10' title="bbox 1346 2055 1820 2128">
     <span class='ocr_line' id='line_1_82' title="bbox 1384 2055 1772 2089; baseline 0 -7"><span class='ocrx_word' id='word_1_394' title='bbox 1384 2055 1570 2082; x_wconf 80' lang='lat' dir='ltr'>Benedictus</span> <span class='ocrx_word' id='word_1_395' title='bbox 1589 2056 1673 2089; x_wconf 86' lang='lat' dir='ltr'>Papa</span> <span class='ocrx_word' id='word_1_396' title='bbox 1693 2056 1772 2088; x_wconf 83' lang='lat' dir='ltr'>xm,</span> 
     </span>
     <span class='ocr_line' id='line_1_83' title="bbox 1346 2101 1820 2128; baseline -0.002 -1"><span class='ocrx_word' id='word_1_397' title='bbox 1346 2101 1383 2127; x_wconf 85' lang='lat' dir='ltr'>ad</span> <span class='ocrx_word' id='word_1_398' title='bbox 1403 2101 1544 2127; x_wconf 78' lang='lat' dir='ltr'>futuram</span> <span class='ocrx_word' id='word_1_399' title='bbox 1564 2101 1609 2128; x_wconf 85' lang='lat' dir='ltr'>rei</span> <span class='ocrx_word' id='word_1_400' title='bbox 1632 2101 1820 2127; x_wconf 82' lang='lat' dir='ltr'>memoriam.</span> 
     </span>
    </p>
   </div>
   <div class='ocr_carea' id='block_1_9' title="bbox 1199 2171 1957 2216">
    <p class='ocr_par' dir='ltr' id='par_1_11' title="bbox 1199 2171 1957 2216">
     <span class='ocr_line' id='line_1_84' title="bbox 1199 2171 1957 2216; baseline -0.001 -11"><span class='ocrx_word' id='word_1_401' title='bbox 1199 2181 1202 2184; x_wconf 60' lang='lat'><strong>⁴</strong></span> <span class='ocrx_word' id='word_1_402' title='bbox 1253 2174 1268 2216; x_wconf 63' lang='lat' dir='ltr'>g</span> <span class='ocrx_word' id='word_1_403' title='bbox 1294 2172 1325 2205; x_wconf 45' lang='lat' dir='ltr'>sl.</span> <span class='ocrx_word' id='word_1_404' title='bbox 1354 2172 1480 2216; x_wconf 82' lang='lat' dir='ltr'>Exponi</span> <span class='ocrx_word' id='word_1_405' title='bbox 1506 2172 1601 2205; x_wconf 84' lang='lat' dir='ltr'>nobis</span> <span class='ocrx_word' id='word_1_406' title='bbox 1623 2182 1727 2215; x_wconf 90' lang='lat' dir='ltr'>nuper</span> <span class='ocrx_word' id='word_1_407' title='bbox 1746 2172 1892 2204; x_wconf 81' lang='lat' dir='ltr'>fecerunt</span> <span class='ocrx_word' id='word_1_408' title='bbox 1909 2171 1957 2204; x_wconf 89' lang='lat' dir='ltr'>di-</span> 
     </span>
    </p>
   </div>
   <div class='ocr_carea' id='block_1_10' title="bbox 1210 2224 1956 2430">
    <p class='ocr_par' dir='ltr' id='par_1_12' title="bbox 1210 2224 1956 2430">
     <span class='ocr_line' id='line_1_85' title="bbox 1210 2224 1956 2267; baseline -0.003 -8"><span class='ocrx_word' id='word_1_409' title='bbox 1210 2227 1284 2259; x_wconf 86' lang='lat' dir='ltr'>lecti</span> <span class='ocrx_word' id='word_1_410' title='bbox 1312 2226 1370 2259; x_wconf 79' lang='lat' dir='ltr'>filii</span> <span class='ocrx_word' id='word_1_411' title='bbox 1398 2228 1512 2258; x_wconf 76' lang='lat' dir='ltr'>tratres</span> <span class='ocrx_word' id='word_1_412' title='bbox 1543 2224 1814 2267; x_wconf 78' lang='lat' dir='ltr'>Congregationis</span> <span class='ocrx_word' id='word_1_413' title='bbox 1840 2224 1956 2267; x_wconf 87' lang='lat' dir='ltr'>Hispa-</span> 
     </span>
     <span class='ocr_line' id='line_1_86' title="bbox 1210 2278 1955 2313; baseline -0.003 -1"><span class='ocrx_word' id='word_1_414' title='bbox 1210 2280 1337 2313; x_wconf 89' lang='lat' dir='ltr'>niarum</span> <span class='ocrx_word' id='word_1_415' title='bbox 1359 2285 1391 2312; x_wconf 90' lang='lat' dir='ltr'>et</span> <span class='ocrx_word' id='word_1_416' title='bbox 1408 2280 1572 2312; x_wconf 88' lang='lat' dir='ltr'>Indiarum</span> <span class='ocrx_word' id='word_1_417' title='bbox 1590 2279 1720 2311; x_wconf 85' lang='lat' dir='ltr'>Ordinis</span> <span class='ocrx_word' id='word_1_418' title='bbox 1738 2278 1955 2310; x_wconf 85' lang='lat' dir='ltr'>Eremitarum</span> 
     </span>
     <span class='ocr_line' id='line_1_87' title="bbox 1210 2331 1956 2374; baseline -0.004 -9"><span class='ocrx_word' id='word_1_419' title='bbox 1210 2333 1309 2365; x_wconf 89' lang='lat' dir='ltr'>saneti</span> <span class='ocrx_word' id='word_1_420' title='bbox 1336 2332 1510 2374; x_wconf 77' lang='lat' dir='ltr'>Augustini</span> <span class='ocrx_word' id='word_1_421' title='bbox 1536 2331 1804 2364; x_wconf 78' lang='lat' dir='ltr'>Excalceatorum</span> <span class='ocrx_word' id='word_1_422' title='bbox 1829 2340 1956 2363; x_wconf 89' lang='lat' dir='ltr'>nuncu-</span> 
     </span>
     <span class='ocr_line' id='line_1_88' title="bbox 1210 2383 1955 2430; baseline -0.003 -12"><span class='ocrx_word' id='word_1_423' title='bbox 1210 2392 1378 2430; x_wconf 86' lang='lat' dir='ltr'>patorum,</span> <span class='ocrx_word' id='word_1_424' title='bbox 1406 2385 1492 2428; x_wconf 88' lang='lat' dir='ltr'>quod</span> <span class='ocrx_word' id='word_1_425' title='bbox 1518 2384 1579 2427; x_wconf 88' lang='lat' dir='ltr'>ipsi</span> <span class='ocrx_word' id='word_1_426' title='bbox 1605 2384 1754 2417; x_wconf 86' lang='lat' dir='ltr'>sandalia</span> <span class='ocrx_word' id='word_1_427' title='bbox 1774 2394 1811 2416; x_wconf 86' lang='lat' dir='ltr'>ex</span> <span class='ocrx_word' id='word_1_428' title='bbox 1830 2383 1955 2417; x_wconf 66' lang='lat' dir='ltr'>chorda</span> 
     </span>
    </p>
   </div>
   <div class='ocr_carea' id='block_1_11' title="bbox 1209 2472 1954 2641">
    <p class='ocr_par' dir='ltr' id='par_1_13' title="bbox 1209 2472 1954 2641">
     <span class='ocr_line' id='line_1_89' title="bbox 1247 2472 1953 2505; baseline -0.006 -4"><span class='ocrx_word' id='word_1_429' title='bbox 1247 2478 1257 2501; x_wconf 82' lang='lat'>1</span> <span class='ocrx_word' id='word_1_430' title='bbox 1282 2475 1340 2501; x_wconf 73' lang='lat' dir='ltr'>Alia</span> <span class='ocrx_word' id='word_1_431' title='bbox 1360 2473 1440 2500; x_wconf 84' lang='lat' dir='ltr'>huius</span> <span class='ocrx_word' id='word_1_432' title='bbox 1467 2473 1605 2500; x_wconf 79' lang='lat' dir='ltr'>Pontificis</span> <span class='ocrx_word' id='word_1_433' title='bbox 1635 2476 1722 2499; x_wconf 85' lang='lat' dir='ltr'>const.</span> <span class='ocrx_word' id='word_1_434' title='bbox 1744 2472 1788 2498; x_wconf 89' lang='lat' dir='ltr'>ed.</span> <span class='ocrx_word' id='word_1_435' title='bbox 1810 2477 1953 2505; x_wconf 72' lang='lat' dir='ltr'>moccxxw,</span> 
     </span>
     <span class='ocr_line' id='line_1_90' title="bbox 1209 2515 1954 2553; baseline -0.004 -8"><span class='ocrx_word' id='word_1_436' title='bbox 1209 2518 1252 2545; x_wconf 84' lang='lat' dir='ltr'>die</span> <span class='ocrx_word' id='word_1_437' title='bbox 1273 2525 1327 2545; x_wconf 76' lang='lat' dir='ltr'>xxu</span> <span class='ocrx_word' id='word_1_438' title='bbox 1346 2517 1482 2551; x_wconf 81' lang='lat' dir='ltr'>ianuarii,</span> <span class='ocrx_word' id='word_1_439' title='bbox 1511 2516 1606 2553; x_wconf 85' lang='lat' dir='ltr'>pontif.</span> <span class='ocrx_word' id='word_1_440' title='bbox 1627 2523 1666 2551; x_wconf 84' lang='lat'>11,</span> <span class='ocrx_word' id='word_1_441' title='bbox 1696 2516 1828 2543; x_wconf 80' lang='lat' dir='ltr'>nonnulla</span> <span class='ocrx_word' id='word_1_442' title='bbox 1856 2515 1954 2542; x_wconf 87' lang='lat' dir='ltr'>decer-</span> 
     </span>
     <span class='ocr_line' id='line_1_91' title="bbox 1210 2559 1954 2596; baseline -0.003 -8"><span class='ocrx_word' id='word_1_443' title='bbox 1210 2566 1312 2589; x_wconf 85' lang='lat' dir='ltr'>nuntur</span> <span class='ocrx_word' id='word_1_444' title='bbox 1342 2571 1389 2596; x_wconf 89' lang='lat' dir='ltr'>pro</span> <span class='ocrx_word' id='word_1_445' title='bbox 1418 2561 1552 2588; x_wconf 66' lang='lat' dir='ltr'>servanda</span> <span class='ocrx_word' id='word_1_446' title='bbox 1579 2561 1688 2588; x_wconf 84' lang='lat' dir='ltr'>habitus</span> <span class='ocrx_word' id='word_1_447' title='bbox 1716 2559 1900 2587; x_wconf 78' lang='lat' dir='ltr'>uniformitate</span> <span class='ocrx_word' id='word_1_448' title='bbox 1920 2559 1954 2586; x_wconf 74' lang='lat' dir='ltr'>ab</span> 
     </span>
     <span class='ocr_line' id='line_1_92' title="bbox 1209 2603 1886 2641; baseline -0.004 -8"><span class='ocrx_word' id='word_1_449' title='bbox 1209 2606 1306 2633; x_wconf 84' lang='lat' dir='ltr'>iisdem</span> <span class='ocrx_word' id='word_1_450' title='bbox 1328 2606 1457 2633; x_wconf 80' lang='lat' dir='ltr'>fratribus</span> <span class='ocrx_word' id='word_1_451' title='bbox 1476 2605 1655 2641; x_wconf 82' lang='lat' dir='ltr'>quarumdam</span> <span class='ocrx_word' id='word_1_452' title='bbox 1676 2603 1886 2640; x_wconf 83' lang='lat' dir='ltr'>provinciarum.</span> 
     </span>
    </p>
   </div>
   <div class='ocr_carea' id='block_1_12' title="bbox 1958 208 2147 238">
    <p class='ocr_par' dir='ltr' id='par_1_14' title="bbox 1958 208 2147 238">
     <span class='ocr_line' id='line_1_93' title="bbox 1958 208 2147 238; baseline 0.026 -5"><span class='ocrx_word' id='word_1_453' title='bbox 1958 209 2006 234; x_wconf 79' lang='lat' dir='ltr'>An.</span> <span class='ocrx_word' id='word_1_454' title='bbox 2026 208 2057 235; x_wconf 85' lang='lat' dir='ltr'>G.</span> <span class='ocrx_word' id='word_1_455' title='bbox 2078 208 2147 238; x_wconf 65' lang='lat'>1727</span> 
     </span>
    </p>
   </div>
   <div class='ocr_carea' id='block_1_13' title="bbox 1967 2175 2148 2254">
    <p class='ocr_par' dir='ltr' id='par_1_15' title="bbox 1967 2175 2148 2254">
     <span class='ocr_line' id='line_1_94' title="bbox 1968 2175 2148 2196; baseline 0.006 -1"><span class='ocrx_word' id='word_1_456' title='bbox 1968 2175 2044 2196; x_wconf 76' lang='lat' dir='ltr'>Preces</span> <span class='ocrx_word' id='word_1_457' title='bbox 2063 2175 2148 2196; x_wconf 69' lang='lat' dir='ltr'>{rati-um</span> 
     </span>
     <span class='ocr_line' id='line_1_95' title="bbox 1967 2201 2147 2232; baseline 0 -11"><span class='ocrx_word' id='word_1_458' title='bbox 1967 2201 2045 2232; x_wconf 23' lang='lat' dir='ltr'>dictae*</span> <span class='ocrx_word' id='word_1_459' title='bbox 2059 2201 2147 2227; x_wconf 69' lang='lat' dir='ltr'>conare·</span> 
     </span>
     <span class='ocr_line' id='line_1_96' title="bbox 1968 2230 2065 2254; baseline -0.01 -5"><span class='ocrx_word' id='word_1_460' title='bbox 1968 2230 2065 2254; x_wconf 72' lang='lat' dir='ltr'>gationis.</span> 
     </span>
    </p>
   </div>
  </div>
 </body>
</html>
