2170 3147
70 216 120 243 An.
135 217 165 244 C.
189 215 256 244 ¹726

847 217 1043 242 BENEDICTUS
1070 218 1127 242 xm
1151 218 1200 242 PP-

262 269 294 297 et
317 263 350 297 in
376 263 421 297 eis
447 268 604 297 contenta
629 264 820 298 huiusmodi
857 265 1001 299 auctori-

263 322 325 349 tate
356 318 469 350 nostra
493 317 532 349 ab
559 316 710 350 omnibus
740 318 778 350 ad
814 329 894 361 quos
927 328 1001 361 per-

263 369 343 402 tinet
360 369 593 402 inviolabiliter
613 370 792 410 observari,
812 376 843 403 et
863 370 1002 412 Congre-
1022 384 1023 402 1

261 423 425 465 gationem
452 423 651 466 praedictam
677 423 829 466 illiusque
860 425 1023 466 praepo-l

261 475 359 509 situm
395 478 582 519 generalem
620 477 751 510 illorum
790 477 937 509 omnium
971 483 1002 509 et

262 529 465 572 singulorum
491 529 605 562 effectu
629 530 763 573 pacifice
790 529 850 562 frui
877 535 907 563 et
925 540 1002 572 gau-

262 582 358 622 dere,
384 593 449 616 non
483 583 711 626 permittentes
738 593 792 615 eos
818 582 959 625 desuper
983 592 1000 614 a

260 645 390 679 quoque
414 636 524 679 quavis
550 636 743 669 auctoritate
777 635 919 668 scienter
949 635 999 668 vel

262 688 455 731 ignoranter
478 688 729 732 quomodolibet
762 688 910 721 indebite
936 698 1002 720 mo-

260 741 392 782 lestari,
420 742 678 775 contradictores
703 742 868 785 quoslibet
892 746 923 774 et
950 751 1001 774 re—

260 794 362 827 belles
387 805 446 838 per
470 795 661 834 sententias,
688 805 844 827 censuras
871 799 903 827 et
924 804 1001 837 poe-

260 857 319 879 nas
359 847 619 887 ecclesiasticas,
646 847 774 891 aliaque
815 852 999 890 opportuna

261 899 337 933 iuris
356 906 388 933 et
403 900 474 933 sacti
501 900 656 939 remedia,
674 901 895 944 appellatione
915 905 999 944 post-

260 953 375 996 posita,
397 954 647 996 compescendo,
663 953 813 987 invocato
837 954 934 986 etiam
959 953 997 986 ad

259 1005 341 1044 hoc,
361 1006 386 1038 si
405 1017 487 1049 opus
507 1007 621 1046 fuerit,
639 1007 758 1039 auxilio
783 1007 908 1040 brachii
928 1016 999 1039 sae-

260 1058 390 1091 cularis.
417 1058 487 1091 Non
522 1059 725 1091 obstantibus
757 1059 941 1102 praemissis
968 1063 999 1092 et

259 1111 331 1154 piae
345 1112 520 1145 memoriae
536 1112 690 1145 Bonifacii
707 1113 812 1155 Papae
826 1112 890 1145 Vlll
908 1123 999 1155 prae-

259 1164 441 1198 decessoris
462 1167 565 1198 nostri
591 1166 723 1204 deuna,
745 1171 776 1198 et
801 1166 832 1198 in
858 1165 998 1199 concilio

259 1219 402 1261 generali
429 1219 515 1251 edita
541 1219 579 1252 de
605 1219 732 1251 duabus
758 1219 876 1258 diet-is,
908 1220 999 1252 dum-

260 1272 358 1304 modo
383 1273 469 1304 ultra
494 1277 560 1305 tres
598 1272 702 1305 dietas
740 1271 857 1315 aliquis
890 1278 1000 1305 aucto-

260 1324 358 1357 ritate
398 1325 619 1368 praesentium
657 1325 695 1358 ad
738 1325 891 1358 iudicium
933 1335 997 1358 non

261 1378 433 1417 trahatur,
460 1385 556 1421 atque
582 1380 692 1411 nostra
719 1379 758 1411 de
789 1388 855 1411 non
888 1388 999 1412 conce·

260 1430 376 1464 dendis
403 1431 616 1473 indulgentiis
647 1432 685 1464 ad
711 1431 827 1471 instar,
862 1431 998 1474 aliisque

259 1483 550 1516 constitutionibus
576 1489 607 1516 et
629 1483 891 1517 ordinationibus
921 1493 998 1526 apo-

259 1535 403 1575 stolicis,
431 1536 526 1568 etiam
550 1536 771 1569 Cancellariae
790 1536 997 1579 Apostolicae

259 1589 424 1629 clausulis,
441 1600 569 1622 necnon
589 1590 693 1622 dictae
719 1589 996 1632 Congregationis,

258 1641 356 1675 etiarn
387 1643 571 1675 iuramento
599 1648 631 1675 ct
652 1642 899 1676 confirmatione
926 1653 999 1686 apo-

258 1696 373 1729 stolica
391 1696 572 1735 roboratis,
589 1696 716 1729 statutis
735 1702 765 1729 et
791 1696 999 1730 consuetudi·
1019 1703 1021 1738 ξ

258 1748 367 1789 nibus,
384 1749 560 1792 privilegiis
576 1760 725 1793 quoque,
743 1749 877 1782 indultis
898 1755 929 1782 et
947 1749 998 1782 lit·
1018 1772 1020 1791 λ

1018 1796 1020 1829 3
1042 1803 1194 1836 dabiliter
1212 1803 1387 1842 institutae,
1407 1803 1501 1836 bonis
1520 1803 1689 1836 institutis²
1705 1803 1782 1836 assi-

259 1801 337 1834 teris
363 1802 552 1845 apostolicis
586 1803 692 1836 eidem
725 1802 995 1845 Congmgafioni,

259 1855 393 1898 eiusque
417 1856 616 1899 praepositis
640 1856 877 1900 superioribus,
904 1855 996 1889 cleri·
1018 1874 1019 1894 i

1018 1896 1105 1942 >Deo
1131 1909 1337 1950 collocarint,
1364 1914 1394 1942 et
1420 1908 1544 1942 fallacis
1570 1909 1691 1942 saeculi
1717 1910 1781 1942 cal-

258 1908 304 1942 cis
330 1915 362 1942 et
385 1910 553 1952 personis,
580 1910 638 1943 sub
665 1910 925 1952 quibuscumque
953 1915 998 1942 te-

258 1962 394 1996 noribus
424 1968 456 1996 et
492 1963 626 2003 formis,
651 1973 687 1996 ac
723 1973 793 1996 cum
827 1963 997 2006 quibusvis

258 2016 411 2049 clausulis
431 2022 462 2048 et
479 2016 632 2056 decretis,
650 2016 682 2049 in
701 2017 899 2049 contrarium
918 2027 997 2060 quo-

258 2069 440 2102 modolibet
464 2069 637 2109 concessis,
665 2069 862 2102 confirmatis
889 2075 920 2102 et
944 2080 998 2112 ap-

257 2121 427 2164 probatis,
466 2132 594 2155 necnon
631 2123 782 2155 omnibus
820 2122 883 2155 illis
916 2133 1019 2166 quae¹

259 2174 376 2216 singuli
403 2175 677 2218 praedecessores
699 2175 858 2218 praedicti
892 2175 922 2208 in
945 2186 999 2208 eo-

258 2237 328 2260 rum
355 2228 493 2268 cedatis,
513 2228 810 2271 supplicationibus
831 2233 863 2264 et
880 2229 995 2261 litteris

259 2280 433 2313 voluerunt
449 2290 515 2313 non
537 2281 683 2320 obstare;
700 2281 816 2323 quibus
834 2281 996 2322 omuibus,

260 2332 386 2365 etiamsi
412 2333 451 2366 de
471 2333 535 2366 illis
553 2333 888 2377 specialis,specifica
909 2334 996 2366 etad

258 2386 392 2419 verbum
419 2397 574 2430 expressa
607 2387 729 2420 mentio
767 2393 852 2420 esset
877 2387 998 2420 facien-

260 2439 310 2479 da,
327 2450 440 2472 eorum
458 2446 596 2479 tenores,
612 2451 648 2472 ac
665 2441 689 2473 si
707 2441 745 2473 ad
764 2441 898 2473 verbum
913 2440 998 2473 inse-

258 2491 440 2533 rerentur¹‚
462 2492 693 2535 praesentibus
718 2503 777 2536 pro
798 2492 998 2525 sufficienter

259 2545 420 2588 expressis
446 2551 478 2578 et
502 2545 633 2578 insertis
661 2545 828 2586 habentes
848 2546 908 2578 liae
925 2545 995 2579 vice

297 2609 308 2636 1
330 2607 401 2636 Edit.
422 2608 502 2637 Μαίη.
523 2609 589 2643 legit
609 2609 777 2637 inserentur
797 2609 833 2646 (a.
849 2610 898 2645 τ.).

1047 266 1221 307 dumtaxat,
1248 267 1435 311 specialiter
1458 271 1490 300 et
1513 277 1666 311 expresse
1691 267 1785 300 dero-

1046 329 1170 360 gamus,
1195 330 1229 352 ac
1255 320 1447 363 derogatum
1474 319 1561 354 esse¹
1584 322 1732 354 volumus
1754 325 1785 353 ct

1046 371 1260 411 decernimus,
1278 379 1309 405 ct
1326 374 1499 406 contrariis
1515 373 1783 417 quibuscumque;

1045 429 1100 456 aut
1117 424 1141 456 si
1161 419 1324 468 aliquibus
1343 426 1562 458 communiter
1585 427 1633 459 vel
1656 426 1782 458 divisim

1045 477 1084 508 ab
1111 477 1221 510 eadem
1247 478 1288 509 sit
1313 478 1396 511 Sede
1422 478 1583 511 indultum
1621 479 1705 522 quod
1736 478 1785 511 in-

1046 529 1176 569 terdici,
1221 530 1377 573 suspendi
1415 532 1463 564 vel
1509 530 1783 564 excommunicari

1046 592 1108 613 non
1135 582 1263 624 possint
1282 593 1342 625 per
1361 583 1485 616 litteras
1503 584 1700 626 apostolicas
1719 594 1783 616 non

1045 633 1198 666 facientes
1224 636 1354 676 plenam
1392 641 1424 669 et
1455 647 1650 679 expressam-⁹
1675 647 1711 669 ac
1745 636 1784 668 de

1045 686 1142 718 verbo
1176 687 1214 719 ad
1241 687 1376 720 verbum
1402 689 1441 721 de
1468 689 1595 722 indulto
1626 689 1783 722 eiusmodi

1045 741 1258 772 mentionem.

1080 799 1173 827 Datum
1194 801 1305 833 Romae,
1326 802 1396 837 apud
1417 802 1440 829 S.
1463 802 1571 829 Petrum
1585 825 1592 837 ,
1614 803 1664 830 sub
1684 803 1783 830 annulo

1045 843 1210 879 l'iscatoris‚
1242 846 1285 873 die
1307 854 1329 880 ,r
1359 847 1451 882 aprilis
1479 853 1582 882 mnxct,
1612 848 1783 882 pontificatus

1043 890 1127 916 nostri
1149 898 1219 917 anno
1240 898 1259 917 1.

1087 953 1102 995 ἓ
1122 952 1174 985 10.
1193 953 1383 986 Litterarum
1399 953 1488 987 Pauli
1502 954 1524 986 V
1541 959 1634 987 tenor
1651 954 1702 988 hic
1718 960 1781 988 cst:

1086 1006 1216 1038 Paulus
1252 1006 1346 1049 Papa
1376 1006 1420 1045 V,
1448 1007 1491 1039 ad
1519 1012 1710 1051 perpetuam
1735 1008 1783 1041 rei
1794 991 1898 1042 iffssllfrd„
1914 998 1977 1039 ‘'iiiii]

1794 1045 1917 1065 firmanum.

1044 1059 1245 1091 memoriam.
1285 1059 1317 1091 In
1359 1060 1564 1102 Apostolicae
1593 1060 1684 1094 Sedis
1709 1071 1781 1103 spe-

1044 1113 1115 1144 cula
1140 1112 1264 1145 meritis
1291 1113 1367 1145 licet
1403 1113 1579 1156 imparibus
1605 1124 1621 1147 a
1646 1114 1781 1148 Domino

1043 1165 1226 1205 constituti,
1252 1165 1290 1198 ad
1317 1176 1353 1198 ea
1378 1167 1554 1210 praecipue
1579 1167 1782 1209 providenda

1044 1218 1161 1250 mentis
1198 1218 1300 1251 aciem
1337 1219 1564 1259 intendimus,
1601 1230 1661 1263 per
1697 1231 1780 1263 quae

1043 1271 1188 1313 religiosi
1214 1271 1272 1303 viri
1304 1271 1335 1304 in
1361 1272 1601 1315 perseverantia
1636 1273 1783 1305 laudabi-
1807 1311 1812 1316 ι

1043 1322 1121 1355 lium
1142 1333 1278 1366 operum
1297 1324 1471 1357 ferventius
1492 1325 1680 1358 incitentur.
1700 1326 1782 1359 Ilinc

1044 1381 1092 1408 est
1116 1376 1219 1418 quod,
1246 1387 1316 1409 cum
1351 1377 1460 1410 dilecti
1487 1377 1543 1410 filii
1578 1379 1781 1421 praepositus

1043 1429 1205 1471 generalis
1243 1435 1274 1462 et
1306 1430 1414 1463 clerici
1450 1432 1618 1473 regulares
1644 1431 1784 1474 Congre-

1042 1482 1180 1523 gationis
1205 1482 1458 1523 Tlieatinorum,
1486 1483 1546 1516 iam
1572 1483 1648 1517 inde
1677 1496 1692 1516 a
1718 1484 1783 1527 pri-

1042 1535 1171 1568 mordio
1217 1546 1296 1568 suae
1345 1536 1615 1579 Congregationis
1663 1537 1779 1570 huius-

1042 1588 1142 1629 modi,
1170 1599 1229 1631 per
1256 1589 1359 1622 felicis
1384 1590 1622 1623 recordationis
1647 1590 1782 1623 Paulum

1041 1642 1159 1685 Papam
1174 1642 1210 1674 tv
1228 1642 1515 1685 praedecessorem
1531 1649 1689 1684 nostrum,
1706 1644 1782 1677 dum

1042 1696 1073 1728 in
1099 1696 1282 1729 minoribus
1304 1697 1496 1730 constitutus
1522 1702 1617 1736 esset,
1635 1697 1781 1740 aliosque

1041 1749 1159 1792 insigni
1185 1749 1348 1793 probitate
1375 1749 1460 1782 viros
1487 1749 1556 1782 cius
1580 1750 1688 1783 socios
1714 1750 1780 1783 lau-

1042 1857 1104 1889 due
1130 1856 1357 1896 inhaerentes,
1384 1866 1475 1899 spem
1491 1866 1580 1889 suam
1600 1866 1728 1889 omnem
1748 1856 1780 1889 in

1041 1963 1120 1995 catis
1149 1962 1287 2002 deliciis,
1305 1962 1366 1994 sibi
1388 1962 1525 2004 aliisque
1553 1962 1655 1995 verbo
1681 1968 1779 2005 atquc

1041 2016 1192 2058 exemplo
1208 2015 1288 2048 caeli
1308 2016 1389 2048 viam
1412 2015 1596 2058 patefacere
1615 2025 1780 2059 nunquam

1040 2074 1188 2109 cessent,
1215 2079 1274 2101 nos
1299 2079 1358 2112 pro
1384 2069 1558 2112 pastoralis
1590 2069 1689 2102 officii
1724 2069 1780 2102 de-

1041 2123 1108 2155 bito
1134 2122 1274 2155 libenter
1294 2121 1366 2154 illos
1385 2124 1519 2165 paterna
1543 2122 1701 2155 charitate
1716 2132 1781 2155 am-

1042 2174 1227 2216 plectimur,
1248 2180 1279 2207 ct
1300 2185 1336 2207 ea
1354 2175 1434 2218 ipsis
1455 2174 1639 2217 specialiter
1664 2186 1781 2208 concc-

1041 2227 1156 2267 dimus,
1182 2238 1263 2271 quae
1290 2237 1401 2260 corum
1428 2227 1575 2261 instituto
1612 2238 1648 2261 ac
1672 2228 1780 2271 profe-

1041 2280 1104 2312 ctui
1126 2281 1342 2323 conspicimus
1360 2280 1392 2313 in
1413 2281 1548 2314 Domino
1563 2281 1776 2324 profuturam.

1040 2332 1123 2365 Sane
1149 2333 1327 2376 praepositi
1354 2334 1514 2375 generalis
1533 2339 1564 2367 et
1581 2334 1778 2367 clericorum

1040 2386 1282 2428 praedictorum
1309 2386 1440 2419 nomine
1472 2387 1567 2420 nobis
1592 2397 1699 2430 nuper
1723 2398 1779 2421 ex-

1041 2440 1181 2482 positum
1209 2439 1282 2479 fuit,
1303 2440 1389 2483 quod
1415 2440 1477 2483 ipsi
1503 2451 1681 2484 eorumque
1700 2441 1780 2475 Con-

1040 2493 1188 2535 gregatio
1216 2493 1350 2526 diversis
1374 2493 1577 2536 privilegiis,
1602 2494 1715 2536 gratiis
1747 2500 1779 2527 et

1077 2564 1087 2589 1
1112 2561 1182 2589 Edit.
1204 2562 1284 2589 Main.
1305 2562 1373 2598 legit
1390 2564 1479 2591 etiam
1499 2571 1546 2599 pro
1567 2572 1624 2592 esse
1644 2566 1681 2597 (a.
1702 2565 1752 2600 τ.).

1075 2607 1092 2634 2
1113 2606 1182 2635 Edit.
1203 2607 1283 2634 Main.
1305 2607 1370 2643 legit
1390 2608 1520 2638 instituti
1539 2611 1577 2644 (n.
1594 2610 1643 2643 ’τ.).

1680 207 1740 241 42⁴1
1791 219 1840 244 An.
1859 218 1887 244 C.
1912 217 1980 245 1726

1851 964 1977 985 Cnnsti'utio
