2170 3147
190 223 243 248 An.
263 221 281 248 c
310 221 379 248 17-25
425 210 488 244 ⁶206

224 1050 227 1053 ἱ
264 1023 376 1044 nemetum

194 1053 290 1070 retertur.

384 270 503 301 annulo
531 266 709 306 piscatoris,
729 266 780 298 die
806 275 837 299 ix
862 264 940 296 iunii
963 274 1123 303 nnecxxV,

384 321 591 364 pontificatus
617 318 720 352 nostri
747 328 831 351 anno
858 329 879 351 1.

422 383 476 409 Dat.
500 382 542 408 die
563 382 580 409 9
602 380 668 408 iunii
692 381 771 414 1724,
793 379 891 414 pontif.
914 388 985 406 anno
1007 386 1032 406 ιι,

696 523 812 556 LXXV.

387 605 605 648 Confirmacm·
617 603 780 636 (lecrelum
795 603 1063 646 Conqreqnlionis
1077 603 1130 635 Ri-

433 662 525 690 luum
548 657 583 689 in
607 657 753 699 qratiam
770 656 1003 689 canom‘cormn
1032 656 1130 688 Prae-

430 715 536 744 mons!
540 711 664 744 ratensi
667 721 722 743 um
735 711 799 744 Con
804 710 1005 753 yreqali'onz‘s
1015 710 1049 742 H
1050 710 1131 752 ispu-

430 764 506 796 mfcze
537 774 634 806 super
662 764 793 796 imlullo
826 763 990 796 'recitandi
1023 762 1132 804 officia

430 816 625 850 Sanctorum
649 817 731 850 dicti
756 816 892 851 Ordinis
910 816 930 850 ¹.

564 898 747 926 Benedictus
767 899 847 934 Papa
866 899 944 933 XIII,

532 944 569 971 ad
590 944 726 971 futuram
746 944 791 971 rei
811 945 993 972 memoriam.

432 1015 446 1058 ἓ
471 1015 500 1047 l.
533 1015 617 1048 Alias
644 1016 806 1049 emanavit
831 1027 847 1049 a
872 1016 1132 1059 Congregatione

389 1068 625 1101 venerabilium
643 1068 774 1101 fratrum
790 1074 975 1102 nostrorum
989 1069 1020 1102 S.
1042 1070 1079 1102 R.
1099 1069 1132 1102 E.

390 1121 604 1155 cardinalium
619 1122 717 1155 sacris
729 1123 845 1156 ritibus
858 1123 1133 1167 p1·ae1;›ositorum,

390 1174 429 1206 ad
455 1174 624 1207 reiteratas
642 1185 755 1217 preces
774 1176 967 1210 dilectorum
992 1176 1133 1210 filiorum

390 1228 620 1262 canonicorum
648 1228 844 1271 regularium
871 1230 1136 1273 Congregationis

390 1281 564 1324 Hispaniae
590 1282 719 1316 Ordinis
745 1283 1110 1317 Praemonstratensium
1127 1312 1134 1326 ‚

392 1336 559 1369 decretum
578 1337 700 1369 tenoris
720 1337 774 1380 qui
793 1338 954 1380 sequitur,
972 1337 1135 1372 videlicet:

452 1389 566 1421 Ordinis
595 1393 790 1422 canonicorum
821 1392 1134 1423 Praemoasa-atensimn

393 1439 617 1480 Congreyationis
635 1441 797 1481 Hispaniae.
816 1442 994 1473 Humillimis
1018 1443 1138 1474 reitera-

393 1490 487 1530 tisque
504 1491 640 1529 precibus
656 1491 774 1521 nomine
791 1492 999 1531 canonicorum
1019 1494 1137 1524 Ordinis

392 1538 728 1569 Praemonstratensium
762 1540 1002 1579 Congregationis
1035 1542 1138 1582 IIispa-

393 1589 458 1618 niae
492 1589 646 1627 porrectis,
670 1592 698 1618 et
721 1589 756 1618 ab
785 1590 1020 1627 eminentissimo
1044 1596 1071 1621 et
1095 1601 1139 1622 re-

394 1637 605 1667 verendissimo
635 1638 752 1667 domino
785 1639 927 1669 cardinali
961 1640 996 1669 de
1018 1640 1136 1679 Belluga

394 1686 424 1716 in
441 1688 524 1715 sacra
541 1686 661 1716 ltituum
679 1687 908 1725 Congregatione
924 1688 932 1704 ²
946 1687 1071 1727 benigne
1095 1690 1139 1719 in-

395 1736 500 1770 dulsit,
521 1741 551 1765 ut
574 1736 641 1775 ipsi⁷
661 1736 795 1775 quamvis
812 1745 824 1766 a
842 1736 984 1774 gubernio
1000 1741 1028 1767 et
1043 1738 1139 1768 officio

396 1785 519 1814 aliarum
556 1784 826 1822 Congregationum
864 1786 987 1824 praefati
1023 1786 1140 1817 Ordinis

398 1834 456 1863 sint
491 1833 589 1870 divisi,
612 1834 643 1863 in
667 1838 815 1872 posterum
848 1834 977 1864 osticium
1010 1836 1140 1866 omnium

397 1888 566 1913 sanctorum
589 1883 659 1913 dicti
677 1882 795 1913 Ordinis
817 1884 897 1913 iuxta
921 1884 1010 1914 ritum
1029 1884 1142 1915 brevia-

398 1932 434 1962 rii
462 1937 490 1962 et
522 1932 649 1962 missalis
681 1932 795 1962 romani
828 1932 953 1962 recitare
987 1937 1015 1963 et.
1038 1934 1141 1964 missas

398 1981 546 2011 celebrare
581 1982 692 2021 possint
714 1986 741 2012 et
765 1981 890 2012 valeant.
925 1982 974 2012 Die
1008 1993 1076 2013 xxm
1099 1993 1142 2014 se-

400 2030 539 2070 ptembris
562 2039 719 2060 nnccxxiv.
750 2048 788 2052 —
818 2031 850 2060 F.
874 2031 953 2061 card.
978 2032 1143 2063 PArertrs

400 2080 575 2119 praefectus.
599 2080 632 2110 N.
650 2079 687 2109 M.
704 2079 849 2110 Trnssscm
871 2081 1001 2120 archiep.
1020 2081 1143 2121 Apame-

400 2138 467 2166 nus,
491 2139 565 2159 sacr.
587 2129 808 2169 Rit.C0ng1-eg.
832 2131 1020 2161 secretarius.

445 2178 503 2222 §2
527 2179 602 2212 Cum
624 2178 764 2219 autem³‚
786 2179 871 2212 sient
890 2190 950 2223 pro
976 2186 1068 2223 parte
1093 2191 1144 2214 eo-

440 2261 449 2286 1
473 2259 562 2287 Simile
590 2260 728 2287 decretum
759 2269 806 2295 pro
833 2260 929 2287 iisdem
953 2262 1144 2288 confirmatum

404 2304 452 2330 fnit
471 2304 504 2330 ab
525 2304 682 2332 Innocentio
701 2304 774 2336 xm,
796 2309 883 2332 const.
910 2305 975 2332 edit.
1001 2312 1143 2341 nnccxxiv,

404 2347 447 2375 die
465 2348 481 2374 9
501 2348 641 2381 februarii,
662 2349 759 2383 pontif.
780 2355 827 2382 1113
858 2353 883 2375 et
908 2349 987 2376 huius
1008 2349 1146 2377 Pontificis

404 2396 490 2419 const.
512 2393 576 2419 edit.
597 2400 759 2425 nnccxxvm,
781 2393 824 2420 die
845 2394 860 2420 8
882 2394 982 2428 martii,
1001 2395 1145 2429 pontis.1v,

405 2437 580 2464 confirmatur
599 2437 670 2463 aliud
690 2438 831 2464 decretum
853 2446 901 2473 pro
922 2439 1081 2465 recitatione
1111 2439 1148 2465 os-

406 2482 526 2509 ticiornm
548 2482 738 2509 nonnullorum
757 2482 916 2510 Sanctorum
937 2483 999 2510 dicti
1016 2484 1133 2510 Ordinis.

441 2526 456 2552 2
478 2525 637 2552 Videt-entur
657 2525 789 2560 quaedam
809 2527 916 2561 deesse,
934 2534 974 2553 ex.
991 2536 1016 2561 g.
1036 2528 1146 2561 relatis,

406 2571 507 2599 eadem
528 2570 558 2597 S.
581 2570 775 2605 Conyreqalio
795 2571 834 2604 (n.
850 2570 899 2606 r.).

442 2617 458 2645 3
479 2616 575 2644 Vocem
595 2619 692 2645 autem
713 2624 761 2644 nos
782 2615 907 2644 addimus
926 2617 967 2652 (n.
987 2619 1035 2653 T.).

974 212 1154 237 BULLARIUM
1179 211 1336 235 ROMANUM

1170 260 1318 292 rumdem
1338 259 1570 293 canonicorum
1589 258 1684 292 nobis
1705 257 1844 292 subinde
1864 268 1912 291 ex·

1170 312 1312 356 positum
1336 313 1409 352 suit,
1436 313 1496 356 ipsi
1519 313 1686 346 decretum
1711 309 1910 349 huiusmodi,

1171 377 1236 410 qno
1253 366 1376 399 firmins
1392 366 1565 406 subsistat,
1579 365 1779 409 apostolicae
1798 363 1914 398 confir-

1171 419 1322 452 mationis
1347 425 1479 452 nostrae
1510 418 1693 462 patrocinio
1722 416 1914 450 communiri

1172 483 1379 516 summopere
1409 471 1619 505 desiderent:
1650 481 1720 510 nos,
1738 469 1914 513 specialem

1172 525 1251 568 ipsis
1270 525 1510 568 exponentibus
1525 524 1661 567 gratiam
1681 523 1787 556 facere
1809 523 1916 555 volen-

1173 576 1232 618 tes‚
1251 584 1281 611 et
1303 589 1416 612 eorum
1442 578 1625 621 singulares
1643 586 1797 620 personas
1816 586 1833 608 a
1849 574 1917 619 qui-

1173 631 1280 664 busvis
1307 629 1664 669 excommunicationis,
1690 627 1917 672 suspensionis

1175 690 1206 717 et
1228 684 1401 724 interdicti,
1425 684 1561 727 aliisque
1588 682 1820 717 ecclesiasticis
1844 692 1918 715 sen-

1175 738 1294 778 tentiis,
1322 738 1467 771 censuris
1493 744 1524 772 et
1548 738 1675 782 poenis,
1693 737 1796 770 aiure
1810 736 1861 769 vel
1879 736 1918 768 ab

1175 791 1320 832 homine,
1350 791 1461 834 quavis
1487 790 1658 824 occasione
1686 791 1733 824 vel
1759 790 1855 823 causa
1875 789 1920 822 la-

1177 844 1224 885 tis,
1250 845 1276 877 si
1309 845 1425 888 quibus
1463 844 1714 888 quomodolibet
1746 843 1919 877 innodatae

1176 899 1331 940 existunt,
1359 899 1396 931 ad
1416 898 1565 932 effectum
1584 898 1802 942 praesentium
1830 897 1922 930 dum-

1177 957 1263 985 taxat
1287 952 1560 995 consespiendum‚
1581 952 1697 985 harum
1717 951 1799 985 serie
1818 951 1922 985 absol—

1176 1010 1285 1038 ventes
1312 1011 1343 1039 et
1368 1005 1532 1038 absolutas
1555 1005 1623 1039 sore
1644 1011 1826 1045 censentes,
1851 1016 1923 1048 sup-

1177 1059 1407 1102 plicationibus
1427 1070 1541 1092 eorum
1560 1058 1694 1092 nomine
1711 1059 1805 1092 nobis
1824 1069 1924 1103 super

1178 1113 1241 1145 lioc
1266 1112 1434 1145 humiliter
1454 1111 1613 1155 porrectis
1632 1112 1790 1151 inclinati,
1812 1112 1924 1145 decre-

1179 1172 1246 1198 tum
1265 1166 1515 1209 praeinscrtum,
1529 1166 1719 1199 auctoritate
1738 1165 1922 1209 apostoliea,

1180 1224 1291 1253 tenore
1310 1219 1547 1262 praesentium,
1565 1219 1794 1252 confirmamus
1820 1224 1851 1252 et
1874 1229 1925 1262 ap·

1180 1274 1364 1316 probamus,
1380 1273 1493 1316 illique
1512 1272 1707 1306 inviolabilis
1726 1272 1924 1316 apostolieae

1180 1327 1338 1359 firmitatis
1365 1327 1466 1360 robur
1486 1326 1678 1367 adiieimus3
1707 1327 1794 1359 salva
1819 1331 1926 1359 tamen

1181 1391 1312 1424 semper
1332 1380 1365 1413 in
1390 1379 1577 1423 praemissis
1596 1380 1788 1413 auctoritate
1807 1390 1928 1413 memo-

1181 1439 1269 1467 ratae
1295 1433 1565 1476 Congregationis
1591 1433 1814 1467 cardinalium.

1226 1488 1240 1530 ξ
1265 1486 1294 1520 3.
1321 1486 1551 1526 Decernentes,
1579 1486 1709 1520 easdem
1734 1490 1927 1530 praesentes

1182 1540 1305 1573 litteras
1331 1550 1461 1584 semper
1485 1539 1606 1580 firmas,
1627 1540 1748 1573 validas
1766 1545 1798 1573 et
1822 1538 1928 1572 effica-

1182 1604 1233 1627 ces
1259 1593 1398 1627 existere
1424 1599 1455 1626 et
1481 1593 1559 1633 sore,
1585 1604 1727 1637 suosque
1762 1592 1928 1637 plenarios

1183 1653 1214 1681 et
1239 1648 1383 1690 integros
1410 1646 1545 1680 effectus
1571 1647 1680 1681 sortiri
1712 1653 1742 1681 et
1767 1647 1928 1687 obtinere,

1183 1712 1219 1734 ac
1246 1701 1284 1734 ab
1310 1701 1386 1742 illis,
1406 1701 1444 1734 ad
1464 1712 1544 1745 quos
1566 1706 1692 1744 spectat
1717 1706 1748 1735 et
1765 1711 1826 1745 pro
1852 1706 1930 1734 tem-

1184 1766 1264 1798 pore
1301 1755 1477 1798 spectabit,
1515 1755 1702 1798 plenissime
1739 1754 1927 1798 suffragari,

1184 1808 1297 1852 sicque
1334 1808 1364 1840 in
1392 1808 1579 1851 praemissis
1613 1819 1671 1852 per
1703 1817 1928 1851 quoscumque

1185 1861 1307 1894 iudices
1343 1860 1526 1894 ordinarios
1563 1867 1594 1894 et
1630 1861 1808 1904 delegatos,
1834 1860 1930 1894 etiam

1186 1925 1354 1947 causarum
1390 1914 1502 1958 palatii
1540 1914 1711 1957 apostolici
1749 1913 1929 1955 auditores,

1186 1968 1321 2001 iudicari
1349 1973 1380 2000 et
1400 1968 1526 2001 deliniri
1560 1968 1702 2009 debere,
1736 1979 1772 2001 ac
1803 1967 1931 2000 irritum

1187 2026 1219 2054 et
1243 2021 1339 2054 inane
1361 2021 1385 2053 si
1412 2032 1503 2054 secus
1530 2032 1628 2065 super
1656 2021 1708 2055 his
1728 2032 1745 2053 a
1771 2030 1931 2064 quoquam

1186 2075 1296 2119 quavis
1318 2074 1518 2116 auctoritate,
1536 2075 1677 2108 scienter
1704 2075 1752 2108 vel
1779 2075 1932 2118 ignoran-

1187 2132 1244 2171 ter,
1270 2128 1446 2171 contigerit
1471 2128 1633 2161 attentari.

1231 2184 1245 2226 g
1270 2183 1301 2215 lt.
1325 2182 1392 2215 Non
1418 2182 1622 2215 obstantibus
1648 2181 2126 2235 COsssliffllionibUS‘gssfgffiffm

1188 2242 1218 2269 et
1244 2235 1503 2269 ordinationibus
1521 2235 1721 2278 apostolicis,
1748 2234 1931 2278 ceterisque

1188 2289 1360 2323 contrariis
1386 2289 1656 2332 quibuscumque.

1232 2343 1346 2376 Datum
1373 2342 1504 2382 Romae,
1538 2342 1623 2385 apud
1649 2341 1681 2374 S.
1708 2341 1847 2382 Petrum,
1873 2341 1931 2374 suh

1190 2396 1310 2429 annulo
1325 2395 1509 2434 Piscatoris,
1524 2394 1575 2428 die
1588 2404 1668 2428 xvni
1682 2394 1761 2427 iunii
1776 2403 1930 2433 MDccxxv,

1191 2448 1397 2493 pontificatus
1422 2447 1523 2481 nostri
1549 2458 1634 2480 anno
1660 2458 1694 2481 11.

1226 2511 1288 2536 Dat.
1310 2509 1353 2536 die
1377 2510 1407 2536 18
1429 2509 1494 2536 iunii
1516 2509 1596 2543 1795,
1619 2508 1718 2543 pontis.
1741 2516 1812 2536 anno
1833 2515 1860 2535 n.

1916 206 1968 234 An.
1991 206 2021 234 C.
2038 208 2103 238 ¹725

1965 1494 2086 1515 Clausulas.
