2170 3147
203 146 252 172 An.
274 145 303 172 e.
323 145 389 173 «τρε
436 137 500 171 Μ’)

397 196 553 228 stitideles
580 194 807 238 complectitur
832 195 893 227 sub
912 193 1056 227 dominio
1083 194 1143 226 hu-

397 249 446 281 ius
471 248 607 281 Sanctae
634 247 738 279 Sedis.
759 247 849 279 Extat
873 247 979 280 inille
1006 246 1143 289 insignis

396 302 567 343 collegiata
604 302 741 334 ccclesia
775 301 805 333 in
842 301 1003 334 honorem
1029 300 1058 333 S.
1086 301 1143 333 Ye-

397 355 499 387 nantii
526 355 692 396 martyris,
719 354 891 396 magnifice
917 360 948 386 et
973 355 1143 396 eleganter

397 413 563 448 extructa,
590 419 606 439 a
638 408 762 450 priore,
789 407 886 439 unica
912 407 1086 449 dignitate,
1112 412 1141 439 ct

397 462 549 494 undecim
588 460 753 493 canonicis
790 471 861 493 cum
900 466 974 493 octo
1012 461 1143 503 cappel-

397 516 479 547 lanis
516 515 654 557 aliisque
693 514 844 557 pluribus
881 514 1080 557 presbyteris
1113 519 1165 544 ct·

396 568 524 600 clericis
556 568 755 606 ministrata,
783 568 837 600 ubi
873 574 1043 601 exercetur
1068 578 1142 600 cura

397 621 587 661 animarum,
616 627 647 653 ct
673 623 761 653 sacra
790 621 1010 664 suppellectili
1033 622 1070 653 ad
1097 621 1144 653 di-

396 675 470 707 vina
508 675 729 717 peragendam
764 674 949 714 sutl‘ultum,
977 685 1013 706 ac
1040 674 1140 717 pluri-

396 728 456 759 bus
475 727 666 760 Sanctorum
689 727 835 771 reliquiis
857 728 1059 761 decoratum.
1080 728 1142 760 Ad-

397 787 472 813 sunt
487 781 518 813 in
535 781 620 813 dicta
637 783 721 814 terra
739 781 820 814 aliae
842 787 906 813 tres
923 781 1140 825 parochiales,

398 834 486 867 iuter
519 845 598 878 quas
628 836 729 867 altera
756 834 945 876 collegiata,
972 834 1140 874 ecclesiae,

398 888 572 921 duodecim
598 888 740 920 virorum
767 893 795 920 et
816 898 931 920 novem
950 887 1140 920 monialium

397 941 576 981 coenobia,
609 941 795 984 quindecim
829 941 1138 978 confraternitates,

397 995 542 1038 quinque
561 995 735 1038 hospitalia
755 1001 785 1027 ct
802 995 891 1027 Mons
906 994 1048 1027 Pietatis.
1066 994 1142 1026 Ter-

395 1049 546 1082 ritorium
572 1048 610 1080 ad
644 1048 881 1091 quinquaginta
913 1047 1044 1080 circiter
1072 1047 1142 1079 mil-

396 1102 491 1135 liaria
524 1102 555 1133 in
589 1101 724 1133 circuitu
753 1101 951 1139 extenditur,
984 1111 1019 1132 ac
1046 1099 1142 1142 quin-

397 1154 502 1187 decim
540 1154 662 1196 oppida
699 1153 927 1196 complectitur
964 1158 996 1185 et
1029 1154 1141 1196 plures

397 1217 511 1251 pagos.
540 1206 691 1239 Ceterum
717 1207 875 1239 ecclesiae
902 1206 1006 1239 dietae
1035 1212 1141 1239 terrae

397 1261 523 1294 eximiis
539 1261 643 1304 iisque
662 1261 811 1304 pluribus
829 1261 1000 1293 Beatorum
1018 1260 1142 1293 exuviis

398 1316 551 1353 ditantur,
578 1315 749 1357 signanter
768 1314 816 1347 Ss.
837 1315 1010 1347 Romualdi
1029 1325 1065 1347 ae
1082 1314 1143 1347 Sil-

395 1369 493 1402 vestri
520 1368 694 1407 ahbatum,
733 1368 842 1401 debita
875 1368 1085 1401 veneratione
1113 1374 1144 1400 et

397 1421 562 1464 condigno
589 1422 707 1454 decore
733 1421 918 1454 custoditis.

207 1483 312 1530 *cra-po
337 1484 386 1503 «na-
441 1475 455 1517 ἓ
479 1474 511 1507 Q.
541 1473 629 1514 Ouid
655 1474 743 1507 vohis
769 1473 922 1507 videtur?
944 1474 1141 1507 Auctoritate

201 1512 385 1557 s‘QH-“seiiJ-Tiiishig
397 1528 634 1572 omnipotentis
658 1528 714 1560 Dei
741 1533 994 1571 sanctorumque
1016 1534 1143 1572 aposto-

203 1565 283 1590 pram·-
293 1567 311 1582 ta
329 1566 385 1582 tvrm

202 1584 505 1636 'effi-[¹¹1j1·'¹¹;:n¹¹·⁹3ilorum
534 1582 617 1615 Petri
645 1587 676 1614 et
701 1581 801 1621 Pauli,
829 1592 865 1613 ac
889 1583 1010 1621 nostra,
1036 1582 1143 1615 decla-

203 1645 298 1681 matum
315 1647 507 1669 *erravramus
533 1641 745 1668 memoratam
779 1635 949 1668 eeclesiam
976 1635 1007 1667 in
1034 1635 1143 1668 cathe-

203 1676 223 1690 m
241 1672 357 1691 omnem.
397 1689 537 1728 dralem,
565 1688 751 1731 dictamque
787 1693 904 1720 terram
931 1687 1083 1720 Fabriani
1111 1688 1142 1720 in

397 1743 558 1776 civitatem
593 1741 748 1785 erigimus
786 1747 817 1774 et
853 1741 1077 1782 instituimus,
1106 1752 1142 1775 ac

397 1797 569 1830 eeclesiam
588 1795 690 1840 ipsam
708 1795 866 1829 ecclesiae
889 1795 1070 1828 cathedrali
1088 1795 1143 1828 Ca-

397 1850 577 1883 merinensi
605 1859 707 1893 aeque
741 1854 773 1882 et
808 1849 1038 1892 principaliter
1069 1859 1143 1892 per—

397 1909 497 1947 petuo
523 1903 680 1936 canonice
713 1903 856 1943 unimus,
878 1904 1083 1937 annectimus
1111 1910 1143 1936 ct

398 1958 664 2000 incorporamus,
691 1956 750 1989 sub
775 1957 965 1990 immediata
992 1963 1027 1989 ut
1051 1958 1141 2000 prius

397 2011 475 2043 huie
499 2010 634 2043 Sanctae
659 2010 733 2043 Scdi
761 2010 982 2050 subiectione,
1005 2022 1076 2043 eum
1096 2011 1143 2044 in-

397 2064 519 2106 ¹sigiliis,
542 2064 798 2106 praerogativis,
819 2064 1085 2107 exemptionibus
1112 2070 1143 2097 et.

398 2117 587 2160 privilegiis,
615 2117 734 2159 quibus
760 2117 843 2150 dicta
870 2118 1007 2150 ecclesia
1033 2117 1143 2151 Came-

399 2169 538 2202 rinensis
569 2173 599 2203 et
633 2170 715 2203 aliae
753 2170 962 2203 cathedrales
1000 2170 1143 2213 gaudere

398 2223 521 2263 solent,
547 2233 676 2255 necnon
702 2222 919 2265 assignatione
945 2223 1081 2266 praefati
1113 2234 1144 2256 e-

400 2276 448 2307 ius
476 2276 628 2308 territorii
656 2286 714 2319 pro
741 2277 828 2309 illius
845 2277 1002 2317 dioecesi,
1022 2283 1142 2310 etcum

400 2328 679 2369 derogationibus,
706 2329 853 2369 indultis,
874 2330 1142 2363 concessionibus

400 2385 432 2411 et
465 2380 616 2413 clausulis
652 2382 848 2414 necessariis
884 2388 915 2415 et
947 2383 1143 2426 opportunis

401 2433 431 2464 in
459 2432 592 2464 decreto
619 2439 649 2465 ct
673 2434 829 2466 schedula
862 2435 1143 2468 consistorialibus

401 2486 497 2518 latius
522 2491 553 2517 et
578 2485 709 2518 uberius
736 2487 970 2527 extendendis,
998 2498 1070 2520 cum
1091 2489 1143 2521 de-

402 2544 490 2574 creto
529 2539 614 2584 quod
652 2540 822 2573 memorati
860 2541 1072 2575 communitas
1113 2547 1143 2574 et

482 150 500 170 ἶ..
980 144 1164 169 nuLLAmUM
1189 144 1347 168 nottANmt

1937 144 1987 172 An.
2008 144 2038 172 C.
2056 143 2123 172 1728

1186 195 1326 236 populus
1352 198 1523 226 teneantur
1553 194 1592 227 de
1625 193 1761 238 proprio
1796 193 1927 227 domum

1186 246 1409 289 episcopalem
1436 246 1617 288 assignare,
1640 257 1675 279 ac
1693 247 1828 289 insuper
1852 256 1930 279 eon-

1186 310 1298 342 gruam
1325 310 1385 343 pro
1410 300 1530 332 vicario
1556 300 1701 342 generali
1721 300 1841 333 ibidem
1861 309 1930 332 mo-

1186 358 1308 392 raturo,
1329 353 1415 385 iuxta
1433 352 1631 386 oblationem
1650 353 1689 385 ab
1704 353 1783 396 ipsis
1799 353 1927 392 saetam,

1187 416 1316 439 necnon
1343 405 1518 439 sacrarium
1546 406 1749 439 sufficienter
1769 405 1929 438 instruere

1187 460 1225 493 de
1252 460 1509 503 supellectilibus
1542 459 1642 493 saeris
1668 459 1707 492 ad
1733 458 1930 502 pontificalia

1187 515 1385 553 exercenda,
1411 520 1443 546 ct
1468 513 1671 546 necessarios
1697 516 1843 555 sumptus
1871 512 1930 544 im-

1186 568 1332 610 pendere
1369 577 1429 610 pro
1467 567 1635 599 erectione
1669 564 1846 598 seminarii.
1873 564 1931 597 Yo-

1187 621 1293 653 lumus
1318 625 1446 659 autem,
1476 624 1507 651 et
1532 618 1712 662 apostolica
1736 617 1929 651 auctoritate

1187 674 1415 712 decernimus,
1449 673 1558 716 quod,
1596 671 1656 705 nisi
1695 671 1872 712 adimpleto
1896 670 1929 703 in

1187 727 1338 760 omnibus
1371 736 1430 769 per
1462 726 1564 758 dictos
1600 724 1866 758 communitatem
1899 729 1932 756 et

1186 782 1344 824 populum
1370 780 1504 813 decreto
1538 778 1797 821 assignationum
1824 782 1856 810 et
1882 787 1931 809 sa·

1186 833 1281 867 crarii
1309 832 1535 866 instructionis
1557 831 1794 875 praefatarum,
1814 829 1929 863 effectu

1186 888 1307 931 gratiae
1335 886 1512 919 erectionis
1533 891 1564 918 et
1590 885 1722 918 unionis
1743 883 1929 917 huiusmodi

1186 952 1245 984 per
1281 951 1339 973 nos
1378 940 1531 973 saetarum
1569 939 1703 971 minime
1739 937 1928 980 gaudeant,

1186 995 1266 1026 itaut
1284 1004 1344 1027 nee
1371 993 1455 1026 dieta
1472 992 1607 1026 ecclesia
1624 1001 1745 1024 nomen
1764 990 1928 1023 cathedra-

1186 1048 1224 1081 lis
1242 1057 1419 1087 assumere,
1441 1056 1501 1079 nec
1531 1051 1615 1078 terra
1641 1044 1790 1088 praefata
1814 1043 1928 1076 civitas

1186 1100 1391 1133 denominari
1414 1099 1535 1142 possit,
1571 1099 1677 1132 donee
1702 1103 1731 1130 et
1759 1106 1928 1141 quousque

1186 1154 1330 1197 praefata
1367 1153 1475 1186 omnia
1511 1152 1764 1195 adimpleantur.
1802 1150 1842 1183 In
1873 1160 1931 1182 no-

1188 1207 1274 1240 mine
1301 1207 1412 1239 Patris
1436 1207 1476 1248 ·1-,
1503 1209 1530 1238 e!
1555 1204 1641 1237 Filii
1666 1207 1704 1245 †,
1732 1208 1760 1237 ct
1784 1203 1931 1248 Spiritus

1186 1260 1300 1293 Sancti
1323 1260 1349 1301 ᾧ
1373 1260 1491 1293 Amen.

1231 1313 1264 1345 lu
1285 1311 1487 1345 -concistorio
1513 1317 1641 1345 secreto
1662 1311 1775 1345 habito
1795 1310 1873 1343 seria
1892 1320 1927 1352 tt,

1188 1366 1239 1399 die
1265 1376 1296 1400 iv
1321 1365 1507 1399 novembris
1532 1374 1730 1399 unecxxx'tu.

1222 1429 1285 1456 Dat.
1306 1429 1351 1456 die
1374 1429 1389 1456 Ιι
1408 1428 1563 1456 novembris
1581 1428 1660 1463 1728,
1678 1427 1778 1464 pontif.
1795 1435 1868 1455 anno
1885 1434 1910 1454 v.

1482 1545 1631 1579 CCXLVI.

1186 1617 1467 1661 ilsotitspreprius,
1488 1628 1551 1661 quo
1575 1621 1743 1650 revocatur
1759 1616 1848 1649 alins
1863 1616 1930 1650 Mo-

1232 1671 1438 1715 tiisproprius
1469 1671 1511 1702 ad
1542 1672 1685 1713 savorem
1716 1670 1846 1713 colleqr'i
1872 1670 1930 1702 tri-

1230 1725 1324 1768 ςμήία
1339 1724 1542 1757 notariorum
1561 1724 1678 1758 Curiae
1694 1722 1927 1767 Capitolinae&

1362 1796 1549 1824 Benedictus
1570 1797 1650 1830 Papa
1670 1796 1752 1830 xm,

1398 1842 1480 1868 Motu
1500 1841 1632 1874 proprio,
1655 1844 1714 1869 etc.

1230 1904 1244 1946 ,ξ’
1262 1903 1293 1936 l.
1314 1903 1405 1946 Depo
1425 1913 1513 1935 esser
1530 1908 1611 1935 stata
1628 1902 1791 1946 impressa
1813 1913 1829 1935 e
1847 1902 1930 1946 puba
1957 1909 2123 1961 Mtflutlisrffffigto

1185 1957 1305 1989 blieata
1322 1956 1352 1988 in
1373 1961 1488 1999 questa
1504 1960 1616 1989 nostra
1634 1955 1710 1989 eiua
1729 1955 1760 1988 di
1782 1955 1882 1988 Roma
1900 1957 1929 1989 la
1941 1963 2041 1983 mumma
2075 1968 2122 1982 con-

1940 1994 2001 2009 cussa
2016 1989 2074 2008 suere
2085 1994 2123 2008 mi·
2146 2001 2149 2003 Α

1186 2010 1303 2043 cedola
1321 2010 1350 2042 di
1370 2015 1483 2042 nostro
1503 2008 1735 2052 Motoproprio,
1751 2009 1811 2042 che
1827 2010 1880 2042 nel
1899 2009 1994 2041 dimme
2011 2016 2104 2037 terenda-

1187 2073 1263 2096 xxm
1289 2063 1418 2096 ottobre
1439 2062 1603 2105 prossimo
1624 2067 1756 2105 passato
1781 2072 1931 2104 segnem-

1187 2127 1238 2149 mo
1255 2127 1270 2149 a
1289 2115 1464 2159 suppliche
1484 2115 1522 2148 ed
1543 2115 1574 2147 in
1594 2116 1702 2148 favore
1722 2115 1773 2148 del
1791 2115 1930 2158 collegio

1187 2171 1263 2204 delli
1282 2174 1390 2202 trenta
1404 2169 1510 2201 notari
1527 2168 1612 2201 della
1626 2168 1720 2201 Curia
1739 2169 1929 2212 Capitolina,

1187 2223 1326 2256 essendo
1360 2226 1540 2265 pervenute
1567 2232 1584 2253 a
1608 2226 1722 2254 nostra
1747 2221 1868 2254 notizia
1901 2222 1931 2254 le

1188 2276 1360 2319 doglianze
1387 2275 1474 2317 degli
1501 2275 1573 2308 altri
1601 2274 1754 2308 tribunali
1781 2275 1811 2307 di
1831 2274 1932 2308 Roma

1188 2339 1247 2371 per
1280 2339 1370 2362 esser
1405 2333 1488 2361 state
1526 2328 1558 2360 in
1595 2328 1706 2371 quella
1741 2338 1888 2371 espresse
1913 2338 1930 2360 e

1187 2382 1365 2414 concedute
1405 2382 1468 2414 alla
1504 2381 1592 2414 detta
1623 2380 1737 2421 Curia,
1761 2380 1887 2414 benehe
1912 2390 1930 2412 a

1187 2435 1251 2475 noi,
1278 2435 1317 2467 ne
1343 2434 1376 2467 iu
1402 2444 1478 2467 voce
1504 2434 1544 2466 nc
1573 2438 1720 2477 tampoco
1747 2434 1799 2466 nel
1828 2433 1928 2465 breve

1224 2507 1232 2532 1
1252 2505 1483 2541 Motusproprius,
1502 2504 1546 2540 qui
1564 2508 1717 2538 revocatur,
1733 2504 1853 2539 signatus
1869 2503 1928 2529 sue-

1186 2553 1227 2577 rat
1242 2550 1292 2577 sub
1308 2550 1350 2576 die
1366 2556 1428 2577 xxm
1443 2550 1561 2577 octobris
1579 2550 1700 2585 proxime
1715 2548 1866 2584 praeteriti.
