2170 3147
20 210 68 238 Au.
84 210 114 237 C.
138 210 203 238 ¹727

27 1693 41 1712 Α
53 1692 129 1712 nuncio
139 1697 195 1716 apo-

7 1718 86 1738 stetten
119 1718 195 1739 Portu·

7 1745 85 1770 galliae
108 1745 193 1771 prae-n-

7 1773 41 1791 eta
64 1777 134 1791 omnia
160 1777 194 1791 se-

6 1797 46 1817 mel
69 1803 94 1818 ac
118 1801 192 1818 iterum

6 1826 114 1845 revocata.

793 215 986 238 amabimus
1014 216 1066 238 xut
1094 216 1141 238 Pr.

211 260 421 293 cardinalium
448 260 586 302 negotiis
606 266 634 293 et
655 261 947 294 consultationibus

211 312 437 356 episcoporum
461 318 492 345 et
518 314 715 355 regularium
742 314 947 357 p1·;.eposit:⁴i¹

211 375 280 398 eam
308 365 407 408 ipsam
434 366 464 397 in
491 366 606 398 dictam
625 367 843 409 provinciam,
867 378 948 409 quae

211 417 312 461 priori
331 419 476 461 generali
496 418 765 461 Congregationis
784 419 947 462 praefatae

211 472 440 514 competebat,
481 471 735 504 iniisdictionem
776 472 946 504 exercendi

211 523 399 556 durantibus
424 523 549 557 bellicis
574 523 714 557 motibus
741 524 945 564 huiusmodi,

210 575 323 620 quibus
349 576 499 609 videlicet
524 576 607 609 liber
632 576 786 619 adipsum
805 577 946 620 piiorem

209 629 397 670 generalem
424 629 453 660 in
480 628 600 661 eisdem
635 628 796 671 Hispaniis
830 629 947 671 degen-

211 686 272 713 tem
299 692 447 714 aecessns
473 687 500 713 et
530 692 682 714 recursus
710 692 774 713 non
796 683 922 724 patebat

208 739 353 776 potestas
381 734 462 767 tacta
487 734 617 774 snisset;
646 734 747 766 dietus
766 745 839 767 vero
858 735 947 777 piior

208 787 415 831 provincialis
439 789 592 820 concessa
613 788 672 820 sibi
691 794 853 831 potestate
879 799 946 831 gra-

206 839 288 872 viter
311 839 462 881 abutens,
490 841 664 884 plerosque
691 841 802 874 fratres
822 842 945 885 provin-

207 893 276 926 ciae
302 893 467 936 praelatae
507 893 546 926 ab
580 893 717 934 officiis,
751 905 832 937 qnae
860 895 944 927 iuxta

207 945 474 989 Congregationis
515 951 545 979 et
585 946 713 979 Ordinis
759 948 943 980 huiusmodi

208 997 390 1031 institutum
408 1009 521 1041 gerere
545 999 746 1038 tenebantur,
773 1000 867 1032 variis
886 1000 944 1032 snb

207 1051 431 1093 praetextibus
463 1052 650 1090 exemisset,
687 1052 822 1095 aliisque
848 1053 945 1096 privi-

206 1103 300 1146 legiis
339 1109 369 1136 et
404 1105 636 1146 praerogativis
675 1105 848 1146 donasset,
887 1116 946 1149 per

206 1166 288 1199 quae
314 1157 500 1199 superiores
519 1162 734 1190 conventuum
756 1158 857 1191 dit-tae
877 1169 946 1201 pro·

204 1209 326 1242 vinciae
351 1209 612 1252 impediebantur
637 1211 812 1254 quominus
835 1221 888 1244 eos
906 1212 944 1243 ab

205 1261 346 1295 debitam
380 1262 598 1295 obedientiam
633 1263 762 1305 adigere
795 1269 945 1306 possent,

205 1324 241 1347 ac
266 1315 341 1348 dieti
370 1314 483 1347 fratres
511 1316 745 1359 evemptione3‚
773 1317 945 1360 privilegia

206 1374 236 1400 et
255 1369 496 1411 praerogativas
517 1369 700 1402 huiusmodi
721 1380 737 1401 a
754 1369 845 1402 Sedis
864 1370 945 1413 Apo-

205 1422 340 1455 stolicae
378 1422 408 1454 in
445 1422 620 1465 praedictis
660 1423 876 1465 Portugalliae
915 1431 945 1456 et

206 1474 434 1517 Algarbiornm
452 1475 562 1518 regnis
580 1486 638 1519 pro
667 1482 812 1519 tempore
835 1476 944 1509 itidem

207 1528 420 1561 existentibus
440 1529 566 1562 nunciis
583 1529 762 1562 confirmari
782 1535 812 1562 et
830 1540 945 1573 appro-

206 1581 290 1621 bari,
310 1582 361 1614 alii
380 1592 454 1615 vero
486 1582 545 1614 sibi
569 1593 628 1625 per
652 1583 780 1615 eosdem
809 1583 942 1615 nuncios

207 1634 324 1666 similia
354 1634 475 1668 indulta
502 1636 635 1668 concedi
663 1635 898 1676 obtinuissent;

250 1688 264 1730 ἓ
289 1687 320 1720 2.
349 1687 467 1726 Quibus
493 1689 529 1721 ad
557 1689 708 1722 dilectum
734 1688 833 1722 tilium
860 1690 945 1733 prio-

205 1751 271 1773 rem
309 1742 494 1784 generalem
534 1741 636 1775 dietae
677 1742 943 1785 Congregationis

204 1794 328 1835 delatis,
355 1806 390 1827 ae
416 1795 588 1837 perpensis
615 1806 671 1837 per
697 1806 769 1827 enm
792 1795 941 1838 gravibus

203 1847 294 1880 malis
336 1857 370 1879 ae
407 1847 509 1879 turbis
545 1858 627 1890 quae
668 1848 783 1881 exinde
821 1848 943 1880 invecta

201 1899 329 1932 fuerant
354 1899 384 1931 in
411 1899 594 1932 nniversam
623 1900 821 1943 provinciam
849 1912 943 1944 prae-

201 1953 295 1984 l'atam
341 1952 370 1984 iu
405 1962 466 1995 qua
495 1953 728 1995 septemdecim
763 1959 942 1986 conventus

199 2015 235 2037 ac
260 2010 388 2037 centnm
415 2005 644 2048 septemdecim
672 2006 801 2038 circiter
830 2010 859 2039 et
881 2006 941 2038 sor-

200 2067 255 2090 san
290 2058 372 2090 ultra
407 2058 519 2090 fratres
555 2065 780 2098 numerantur,
814 2069 941 2092 necnon

199 2115 369 2152 comperto
389 2110 473 2152 qnod
493 2120 528 2142 ex
548 2110 669 2142 eisdem
690 2110 842 2143 fratribus
862 2122 941 2144 non-

199 2161 301 2200 nulli,
339 2162 393 2205 qui
432 2173 565 2195 munere
598 2163 716 2206 prioris
758 2164 941 2206 provincia-

198 2215 237 2248 lis
265 2215 361 2247 functi
389 2215 534 2253 suerunt,
560 2221 591 2248 et
615 2216 667 2248 alii
695 2221 806 2259 utpote
833 2227 940 2249 saeer-

200 2268 292 2300 dotes
331 2278 390 2310 per
432 2267 529 2310 ipsius
569 2268 697 2300 Ordinis
734 2269 961 2302 constitutio-¹

198 2331 256 2353 nes
293 2320 485 2353 anctoritate
521 2321 697 2363 apostolica
735 2322 961 2361 confirmatas1

198 2373 237 2407 ab
263 2373 376 2407 officiis
403 2374 542 2417 exempti
571 2373 835 2417 reperiebantur,
862 2385 937 2407 nee-
959 2368 961 2387 ³

198 2437 263 2460 non
289 2426 387 2469 aliqui
414 2427 581 2468 sexaginta
605 2437 682 2458 suae
704 2427 816 2459 aetatis
838 2437 938 2459 annos

198 2480 391 2512 excedentes
417 2480 454 2511 ad
483 2480 537 2512 illa
558 2480 739 2512 exercenda
758 2479 938 2520 inhabiles,

198 2533 252 2564 alii
277 2542 352 2564 vero
386 2542 421 2563 ex
458 2532 647 2574 privilegio,
675 2532 759 2564 sicut
782 2532 937 2575 praemit-

232 2594 242 2619 1
267 2592 338 2620 Edit.
359 2592 438 2620 Malu.
463 2593 529 2627 legit
544 2593 697 2628 proposita
719 2593 825 2629 (MT.)-

992 263 1084 301 titur,
1113 264 1235 307 excepti
1271 265 1418 303 fuerant,
1452 264 1493 296 ita
1530 270 1563 295 ut
1599 263 1726 296 nonnisi

991 316 1202 359 quadraginta
1244 323 1316 349 octo
1352 317 1480 349 circiter
1518 317 1631 349 fratres
1677 327 1728 348 ae-

991 368 1090 410 grotis
1129 369 1157 400 in
1195 369 1382 401 eorumdem
1417 376 1632 402 conventuum
1672 369 1728 401 lio-

990 421 1160 463 spitalibus
1182 422 1450 454 decumbentibus
1468 422 1667 454 assisterent:
1687 422 1727 454 de

990 483 1121 505 suorum
1160 474 1366 506 definitorum
1401 475 1535 507 consilio
1574 480 1648 506 tune
1673 485 1727 516 pa-

991 524 1069 557 riter
1106 526 1254 558 existenti
1292 527 1322 558 in
1361 526 1577 569 portugalliae
1609 533 1640 559 et
1675 528 1728 559 Al-

990 576 1157 617 gabiorum
1195 577 1302 618 regnis
1340 577 1443 609 dietae
1480 578 1571 610 Sedis
1608 578 1726 610 nuncio

990 629 1160 660 maximum
1175 629 1415 662 incommodum
1430 640 1465 662 ae
1484 631 1726 663 detrimontum·

990 682 1074 724 quod
1111 692 1145 713 ex
1181 681 1336 714 eiusmodi
1368 683 1626 725 exemptionibus
1656 693 1728 726 pro-

989 734 1103 773 vincia,
1122 740 1298 767 conventus
1318 741 1348 767 et
1368 736 1542 778 hospitalia
1562 736 1728 778 praedicta

989 786 1206 830 accipiebant,
1233 788 1371 830 illasque
1399 789 1531 830 provide
1557 799 1614 832 per
1639 799 1728 821 eum-

989 839 1061 872 dem
1088 840 1238 872 nuncium
1266 841 1405 873 revocari
1433 841 1585 874 obtinuit.
1612 841 1728 874 Verum

989 892 1063 936 quia
1090 893 1203 925 fratres
1241 893 1399 936 praedicti
1438 894 1486 926 liis
1520 894 1668 935 minime,
1695 901 1728 928 ut

988 958 1045 990 par
1070 953 1154 986 erat,
1181 946 1443 989 acquiescebant,
1472 958 1531 980 nec
1557 947 1618 990 ipsi
1645 958 1728 980 nun-

988 1000 1037 1032 cio
1063 999 1238 1042 parebant,
1278 999 1387 1032 habito
1424 1005 1595 1043 propterea
1620 1001 1657 1032 ad
1685 1001 1728 1033 se-

988 1052 1057 1085 licis
1096 1052 1328 1085 recordationis
1362 1053 1561 1085 Clementem
1598 1053 1654 1085 ΡΡ.
1687 1053 1726 1085 xl

988 1105 1275 1148 [waedecessorem
1312 1110 1458 1138 nostrum
1497 1106 1638 1149 desuper
1672 1116 1724 1138 re·

988 1167 1098 1196 eursu,
1127 1157 1211 1189 idem
1239 1157 1385 1191 Clemens
1411 1158 1576 1201 praedicto
1607 1159 1727 1191 nuncio

988 1210 1074 1242 serio
1100 1210 1239 1243 iniunxit
1261 1216 1419 1254 quatenns
1445 1217 1570 1244 curaret
1596 1222 1727 1245 revoca-

990 1263 1110 1295 tionem
1133 1264 1288 1296 dictarnm
1308 1265 1548 1308 exemptionum
1567 1265 1727 1298 omnimo-

989 1316 1046 1349 dae
1063 1317 1243 1350 executioni
1261 1319 1464 1351 demandari:
1483 1319 1568 1351 uude
1588 1319 1726 1352 nuncius

988 1370 1148 1412 praefatus
1174 1376 1342 1413 acceptum
1369 1382 1386 1403 a
1411 1371 1573 1404 Clemente
1592 1372 1727 1414 praede-

989 1433 1116 1456 cessore
1142 1424 1327 1456 mandatum
1354 1424 1451 1467 priori
1471 1425 1659 1468 provInciali
1681 1425 1728 1458 di-

988 1480 1056 1508 ctae
1082 1476 1266 1519 provinciae
1300 1478 1406 1509 statim
1443 1478 1664 1518 renunciavit,
1693 1488 1728 1510 ac

989 1529 1106 1560 deinde
1133 1529 1272 1561 edictum
1299 1540 1397 1572 super
1423 1530 1626 1563 revocatione
1644 1531 1728 1563 eius-

989 1581 1073 1614 modi
1109 1582 1263 1625 illiusqne
1301 1583 1508 1624 executione,
1536 1584 1596 1616 snb
1622 1586 1727 1627 poena

990 1633 1179 1676 privationis
1205 1634 1384 1668 officiorum
1425 1641 1486 1668 tam
1520 1646 1579 1679 per
1611 1636 1727 1669 fratres

988 1687 1033 1718 sic
1059 1693 1224 1730 exemptos
1250 1698 1343 1731 qnam
1369 1699 1428 1732 per
1453 1688 1558 1732 ipsum
1585 1689 1726 1732 priorem

989 1740 1217 1783 provincialem
1238 1742 1268 1773 in
1289 1752 1363 1774 casu
1383 1742 1661 1775 contraventionis
1679 1742 1726 1774 in-

988 1795 1164 1833 currenda,
1182 1795 1340 1837 publirari
1361 1800 1391 1827 et,
1409 1796 1512 1838 palam
1532 1795 1616 1838 affigi
1636 1795 1723 1829 fecit.

1031 1848 1045 1890 g*
1070 1847 1101 1879 53.
1130 1848 1205 1879 Cum
1229 1853 1353 1887 autem,
1380 1848 1464 1880 sicut
1489 1849 1600 1881 eadem
1627 1859 1726 1892 expo-

987 1899 1059 1932 sitio
1086 1900 1325 1942 subiungebat,
1359 1902 1470 1934 fratres
1504 1901 1659 1944 praedicti
1687 1902 1725 1934 ad

987 1953 1183 1985 elmlendum
1211 1953 1350 1985 edictum
1377 1954 1558 1996 praefatum
1581 1955 1619 1987 ad
1641 1955 1726 1987 varia

987 2006 1185 2048 subterfugia
1210 2006 1428 2048 confugerint,
1451 2018 1485 2039 ae
1505 2006 1635 2040 illorum
1654 2008 1727 2051 plu-

987 2058 1058 2090 rimi
1097 2059 1342 2092 commissiones
1376 2070 1392 2092 a
1424 2059 1506 2092 Sede
1539 2060 1727 2102 Apostolica

986 2121 1082 2154 super
1101 2112 1344 2144 manutentione
1366 2111 1395 2143 in
1414 2122 1526 2144 eornm
1544 2112 1726 2155 praetensis

985 2165 1244 2207 exemptionibus
1262 2164 1394 2197 nulliter
1411 2170 1441 2197 et
1458 2165 1650 2208 subreptitie
1669 2165 1726 2198 im-

984 2216 1199 2258 petraverint,
1226 2227 1360 2259 quarum
1388 2217 1522 2249 obtentu
1549 2228 1583 2250 se
1608 2218 1639 2250 in
1663 2218 1726 2251 eis-

985 2269 1056 2301 dem
1097 2270 1355 2313 exemptionibus
1393 2281 1455 2303 non
1494 2271 1562 2303 sine
1601 2271 1723 2314 ingenti

984 2322 1079 2354 etiam
1119 2323 1272 2355 laicorum
1310 2323 1462 2355 scandalo
1503 2324 1598 2356 etiam
1639 2336 1724 2358 nune

983 2374 1156 2407 confovere
1174 2380 1405 2417 praesumunt:
1434 2375 1526 2408 nobis
1548 2383 1721 2420 propterea

983 2427 1087 2458 dictus
1103 2427 1243 2468 Igu-atius
1263 2428 1428 2460 humiliter
1449 2430 1627 2472 supplicari
1647 2431 1724 2463 t'ecit

982 2486 1015 2511 ut
1053 2479 1082 2511 in
1122 2471 1308 2522 praemissis
1333 2488 1515 2523 opportune
1551 2483 1722 2525 providere

983 2532 1021 2564 de
1048 2532 1250 2574 benignitate
1284 2534 1461 2575 apostolica
1496 2535 1718 2577 dignaremur.

1020 2596 1028 2620 l
1053 2594 1133 2621 Deest
1155 2594 1266 2621 verbum
1288 2596 1422 2630 exposuit
1441 2600 1486 2623 aut
1507 2596 1595 2623 simile
1617 2597 1656 2631 (R.
1672 2598 1721 2635 τ.).

1622 204 1685 238 495
1735 213 1787 240 An.
1804 212 1833 240 c.
1852 212 1920 240 1727

1807 1860 1920 1885 Abrossatu)

1751 1887 1906 1912 prandi-'torum

1750 1919 1768 1938 pi
1776 1920 1790 1933 ii
1798 1915 1915 1938 itegtortnn.
