2139 3142
212 258 258 283 An.
280 257 306 282 c.
333 256 399 283 1730
446 247 510 280 864

406 305 600 348 provinciae,
619 315 657 337 ne
684 310 817 348 propter
843 303 1039 347 paucitatem
1062 300 1148 334 illius

406 359 575 398 vocalium,
597 368 632 390 ac
657 357 848 390 divisionem
872 361 899 389 et
924 354 1148 388 alternativam

407 413 437 445 in
465 415 499 445 ea
533 413 692 454 vigentem
731 410 911 443 officiorum
950 408 1036 441 inter
1072 408 1150 440 duas

408 466 555 499 nationes
581 464 809 508 llis-paniarum
836 469 867 496 et
893 462 1056 501 ludit-am,
1081 461 1150 504 qui-

407 519 467 550 bus
494 518 607 550 eadem
646 515 813 560 provincia
840 519 987 554 constat,
1015 513 1150 547 libertas

409 573 439 604 in
467 570 681 604 electionibus
716 574 874 603 coarctata
909 568 1011 607 soret,
1039 567 1150 609 vigore

409 624 566 657 facultatis
592 622 755 656 condendi
788 621 922 665 propria
953 626 983 653 et
1008 618 1151 663 particu-

408 677 487 710 laria
510 682 625 709 statuta
655 675 807 708 fratribus
833 673 997 717 praefatae
1023 671 1152 716 provin-

409 731 475 763 ciae
501 741 517 763 a
543 730 624 763 Sede
659 728 844 773 Apostolica
876 726 1070 765 attributae,
1095 734 1154 768 per

409 783 578 827 quamdam
613 781 881 815 constitutionem
907 779 1054 813 eiusdem
1079 788 1154 821 pro-

409 837 533 869 vinciae
559 846 628 878 cap.
658 845 696 874 tx,
722 835 737 878 ἓ
762 834 814 873 ll,
833 844 920 866 num.
949 832 985 864 ι11
1015 831 1150 865 ordina-

412 897 476 923 tum
503 890 618 929 fuerat,
639 888 727 932 quod
747 887 777 920 in
798 886 947 930 capitulis
973 885 1154 928 provincia-

413 943 508 982 libus,
535 947 666 986 praeter
690 946 722 974 et
747 941 831 973 ultra
855 940 984 972 vocales
1009 937 1154 971 delinito·

411 997 450 1029 rii
478 1002 506 1029 et
523 995 726 1038 guardianos,
745 999 854 1027 votum
874 993 940 1026 sire
962 991 1153 1034 suffragium

411 1050 573 1083 baberent
610 1049 663 1092 qui
698 1048 802 1081 suerat
834 1052 943 1080 custos
983 1046 1015 1079 in
1041 1046 1154 1079 ultimo

414 1104 557 1148 capitulo
584 1101 729 1145 generali
756 1100 832 1134 dicti
851 1099 980 1133 Ordinis
1009 1110 1044 1132 ac
1061 1109 1155 1142 prae-

414 1158 559 1190 sidentes
584 1153 821 1189 conventuum¹
848 1153 877 1187 S.
902 1152 1178 1186 Didacittloxica„

410 1213 462 1254 ni,
495 1211 524 1244 S.
548 1210 708 1244 Barbarae
742 1208 781 1241 de
808 1208 837 1241 la
863 1207 981 1240 Puebla
1001 1233 1008 1246 ,
1036 1206 1066 1239 S.
1094 1205 1156 1238 Ma-

412 1266 478 1297 riae
506 1265 544 1297 de
570 1263 813 1306 choloposco‚
834 1260 1030 1293 secretarius
1056 1259 1155 1302 ipsius

411 1317 622 1362 provinciae,
658 1315 682 1347 si
720 1314 935 1358 guardianatu
967 1312 1157 1356 perfunctus

413 1371 534 1410 suisset,
551 1370 802 1403 concionatores
820 1366 1054 1401 conventuales
1067 1375 1158 1409 prae-

412 1425 552 1457 fatorum
580 1422 731 1456 Mexicani
754 1427 786 1454 et
811 1421 849 1454 de
876 1422 906 1454 la
926 1419 1047 1453 Pueble
1081 1419 1159 1452 alio-

412 1488 549 1522 rumque
586 1478 691 1510 dictae
717 1474 901 1519 provinciae
927 1478 1158 1513 conventuum,

412 1532 443 1565 S.
462 1530 623 1565 Francisci
643 1531 681 1563 de
699 1529 832 1569 (laxam,
851 1528 995 1561 ciusdem
1014 1526 1045 1559 S.
1065 1526 1158 1558 Fran-

413 1585 487 1618 cisci
515 1584 554 1617 de
581 1583 750 1623 Pac-buca,
777 1587 808 1614 et
832 1581 861 1613 S.
888 1579 1020 1612 Antonii
1045 1578 1158 1622 oppidi
1180 1589 1181 1596 ¹

413 1637 548 1671 civitatis
564 1641 768 1679 nuncupatae
787 1634 826 1668 de
847 1634 1036 1673 Queretaro,
1054 1643 1090 1665 ac
1104 1632 1159 1664 de-

414 1702 499 1724 mum
535 1692 662 1729 lector,
691 1688 745 1732 qui
780 1688 935 1720 lecturam
973 1685 1158 1729 quindecim

414 1754 573 1777 annorum
590 1744 620 1775 in
640 1742 781 1785 capitulo
796 1740 987 1784 provinciali
1007 1749 1065 1782 pro
1086 1744 1160 1771 tem-

415 1808 494 1841 pore
529 1796 728 1830 celebrando
766 1793 1070 1837 explevisset,pro
1105 1792 1158 1824 itta

415 1851 483 1884 vice
510 1855 645 1889 tantum,
666 1855 697 1881 et
715 1848 794 1880 alias
812 1852 911 1891 prout
931 1846 963 1878 in
983 1845 1066 1878 dicta
1085 1855 1160 1877 con-

415 1905 584 1937 stitutione
609 1902 742 1935 uberius
773 1901 944 1934 dicebatur
975 1898 1157 1932 contineri:

416 1964 447 1991 et
464 1959 494 1991 in
514 1958 625 1990 eadem
647 1954 849 1999 expositione
871 1954 1053 1994 sulmmoto,
1072 1952 1158 1995 quod

417 2013 530 2045 fratres
564 2009 751 2053 provinciae
783 2007 950 2051 praefatae
977 2012 1038 2038 tarn
1066 2016 1160 2038 enar·-

417 2071 519 2098 ratam
547 2062 822 2101 constitutionem,
844 2071 938 2103 quam
966 2060 1159 2099 facultatem,

417 2128 513 2163 quarn
540 2116 720 2155 habebant,
747 2125 895 2158 quaeque
922 2114 953 2146 in
980 2113 1073 2146 viridi
1105 2113 1160 2145 ob-

418 2171 580 2206 servantia
602 2174 683 2209 erat,
703 2167 904 2201 concedendi
935 2177 970 2200 ac
996 2166 1158 2199 tribuendi

418 2231 527 2259 votum
561 2234 616 2256 seu
651 2221 839 2264 sutl'ragium
871 2220 1060 2253 huiusmodi
1097 2220 1160 2263 qui-

417 2278 553 2311 busdam
592 2276 691 2319 ipsius
727 2275 915 2318 provinciae
950 2274 1080 2315 officiis,
1106 2274 1159 2306 ubi

419 2331 450 2364 id
477 2331 652 2363 necessitas
681 2334 734 2362 aut
754 2328 878 2361 utilitas
905 2328 1007 2361 dictae
1034 2328 1162 2370 provin-

419 2384 486 2417 ciae
501 2383 654 2426 exigeret,
671 2382 816 2425 illudque
833 2380 1004 2414 revocandi
1034 2381 1161 2423 quoties

420 2443 514 2469 aucto
548 2436 801 2478 guardianorum
835 2434 1076 2478 praedictorum
1102 2444 1161 2466 nu-

420 2499 510 2522 mero
541 2494 683 2521 cessaret
720 2488 801 2520 ratio
833 2488 904 2520 talis
940 2486 1159 2520 concessionis

421 2543 485 2575 voti
519 2552 573 2573 seu
601 2542 751 2584 suffragii,
779 2552 836 2584 per
861 2541 976 2574 Sedem
1003 2541 1161 2584 Apostoli-

423 2606 490 2628 cam
507 2594 692 2626 confirmari
710 2599 879 2637 cuperent3
897 2593 1161 2637 quandoquidem

461 2660 469 2684 1
481 2656 529 2684 Ed.
539 2656 570 2683 ll.
580 2656 641 2693 legit
650 2659 819 2684 conventum
827 2664 875 2692 pro
884 2657 1159 2691 conventurammff).

990 251 1174 276 BULLARIUM
1200 251 1359 276 ROMANUM

1192 310 1285 333 causa
1304 299 1408 333 finalis
1426 301 1587 343 augmenti
1614 302 1771 335 vocalium
1789 311 1852 334 non
1873 300 1935 334 alia

1195 354 1278 386 l'oret
1321 364 1417 397 quam
1452 354 1586 387 libertas
1621 355 1815 395 electionis,
1850 365 1935 398 quae

1172 407 1321 460 ¹deesset
1367 406 1391 438 si
1419 406 1537 440 electio
1575 407 1612 439 ad
1651 418 1771 450 paucos
1807 407 1935 441 vocales

1194 459 1468 502 restringeretur,
1495 471 1566 492 cum
1601 460 1688 493 iuxta
1717 461 1796 494 alias
1831 460 1935 493 dietae

1195 513 1378 556 provinciae
1393 513 1646 546 constitutiones
1663 513 1852 546 definitores
1868 524 1936 556 pro-

1196 565 1349 597 vinciales
1368 565 1510 607 eligendi
1532 565 1596 597 sint
1620 575 1657 598 ex
1683 565 1806 607 gremio
1832 565 1936 609 ipsius

1194 617 1326 660 capituli
1364 617 1598 660 provmcialis,
1628 629 1665 651 eo
1700 618 1787 661 quod
1821 619 1936 652 electio

1196 670 1264 703 lieri
1291 670 1410 704 debeat
1434 671 1628 704 alternative
1654 671 1738 704 inter
1762 671 1839 704 duas
1873 682 1938 705 me-

1197 729 1336 757 moratas
1363 723 1520 763 nationes,
1547 723 1634 756 inter
1660 735 1739 767 quas
1765 724 1869 757 officia
1905 735 1941 758 ac

1199 784 1280 819 vota,
1307 780 1431 810 servata
1457 777 1564 811 debita
1589 777 1813 821 proportione,
1840 778 1941 811 divisa

1198 830 1427 874 reperiuntur,
1454 831 1497 863 ita
1520 836 1565 869 ut,
1598 842 1662 874 quo
1688 831 1827 875 amplior
1854 836 1942 864 esset

1198 895 1350 917 numerus
1375 884 1615 928 capitularium,
1644 895 1680 918 ex
1707 895 1846 928 quorum
1873 895 1941 927 gre-

1198 938 1262 971 mio
1299 948 1355 971 seu
1392 948 1531 981 corpore
1569 938 1747 971 electiones
1772 937 1941 971 faciendae

1198 991 1389 1031 veniebant,
1415 1001 1454 1024 eo
1479 991 1581 1024 maior
1607 991 1689 1025 foret
1713 991 1849 1024 libertas
1876 992 1941 1024 ele-

1198 1045 1364 1084 ctionum,
1390 1054 1494 1088 eoque
1531 1044 1655 1077 facilius
1681 1043 1748 1088 apti
1775 1049 1806 1077 et
1830 1043 1941 1077 idonei

1199 1097 1354 1130 officiales
1373 1097 1472 1140 deligi
1494 1102 1526 1130 et
1544 1097 1662 1130 assumi
1681 1098 1840 1130 valerent:
1859 1107 1943 1130 ema-

1199 1151 1287 1183 navit
1311 1151 1351 1184 ab
1377 1150 1488 1183 eadem
1510 1149 1770 1193 Congregatione
1797 1149 1943 1184 cardina-

1200 1204 1277 1236 lium
1304 1203 1471 1237 decretum
1497 1203 1616 1237 tenoris
1643 1203 1698 1247 qui
1716 1203 1874 1247 sequitur,
1894 1203 1940 1236 vi-

1200 1257 1331 1290 delicet:

1239 1325 1327 1356 Saera
1355 1326 1547 1365 Congregatio
1580 1326 1882 1356 eminentissimorum
1911 1331 1940 1357 et
1951 1327 2130 1379 ssfjgeffl‘atr‘ggj

1200 1375 1514 1405 reverendissimorum
1531 1375 1559 1405 S.
1574 1375 1609 1405 R.
1627 1375 1658 1405 E.
1680 1375 1874 1405 cardinalium
1891 1380 2022 1406 ne-tionis-

1200 1424 1286 1462 gotiis
1319 1428 1347 1454 et
1379 1423 1644 1454 consultationibus
1677 1424 1882 1464 episcoporum
1913 1429 1941 1455 et

1201 1473 1380 1512 regularium
1414 1473 1591 1512 praeposita,
1622 1473 1657 1503 ad
1682 1482 1768 1512 quam
1791 1473 1942 1505 sanctissi-

1202 1531 1265 1552 mus
1300 1522 1436 1552 dominus
1472 1525 1571 1552 noster
1610 1522 1780 1552 instantiam
1817 1523 1941 1560 remisit,

1201 1571 1301 1601 audita
1316 1571 1457 1600 relatione
1472 1570 1561 1610 patris
1574 1570 1771 1610 procuratoris
1784 1571 1941 1609 generalis,

1201 1624 1230 1650 et
1252 1623 1364 1650 attento
1392 1619 1531 1657 suffragio
1567 1619 1793 1649 eminentissimi
1829 1619 1943 1650 Corsini

1180 1692 1181 1695 ,
1202 1669 1333 1699 eiusdem
1357 1668 1475 1698 tudinis
1497 1668 1621 1698 oratoris
1643 1668 1719 1707 apud
1736 1668 1874 1699 Sanctam
1890 1669 1941 1700 Se-

1201 1718 1266 1748 dem
1303 1718 1489 1758 protectoris,
1527 1718 1673 1747 referente
1708 1718 1943 1748 eminentissimo

1202 1767 1319 1805 Belluga
1334 1771 1469 1805 ponente,
1487 1766 1599 1796 censuit
1612 1765 1846 1805 rescribendum,
1858 1770 1944 1806 prout

1203 1816 1366 1854 praesentis
1388 1815 1497 1845 decreti
1521 1815 1618 1853 vigore
1641 1814 1777 1844 rescribit
1799 1819 1827 1844 et
1844 1815 1945 1845 decer-

1202 1865 1256 1900 nit,
1280 1868 1311 1894 ut
1329 1864 1520 1902 imposterum
1539 1864 1569 1892 in
1592 1862 1730 1902 capitulis
1753 1863 1943 1902 provinciali-

1203 1913 1256 1943 bus
1279 1912 1446 1952 provinciae
1468 1911 1617 1949 matricis,
1642 1911 1725 1941 iuxta
1758 1912 1944 1942 constitutio-

1202 1971 1254 1991 nes
1277 1961 1457 2001 provinciae‚
1481 1960 1558 1990 ultra
1585 1960 1784 1990 delinitorium
1807 1964 1835 1990 et
1857 1970 1944 1999 guar-

1202 2010 1314 2044 dianos,
1340 2009 1465 2039 habeant
1481 2009 1526 2038 ius
1548 2008 1765 2038 interveniendi
1787 2018 1820 2038 ac
1842 2009 1946 2039 suffra-

1201 2060 1281 2098 gium
1306 2058 1419 2088 serendi
1443 2062 1551 2094 custos,
1576 2058 1625 2097 qui
1648 2058 1704 2088 fuit
1726 2058 1756 2088 in
1775 2058 1944 2089 immediato

1202 2108 1329 2148 capitulo
1352 2106 1492 2146 generali,
1516 2106 1716 2146 praesidentes
1747 2110 1944 2138 conventuum

1201 2157 1231 2187 S.
1256 2156 1355 2187 Didaci
1378 2156 1492 2193 Mexici,
1515 2155 1545 2185 S.
1566 2155 1711 2185 Barbarae
1730 2155 1764 2185 de
1783 2155 1809 2185 la
1826 2156 1945 2194 Puebla,

1202 2207 1230 2237 S.
1255 2206 1361 2236 Mariae
1379 2206 1414 2235 de
1437 2205 1648 2244 Ocholaposco,
1681 2204 1859 2235 secretarius
1882 2214 1947 2245 pro-

1203 2256 1316 2286 vinciae
1344 2256 1393 2295 qui
1423 2255 1551 2294 aliquam
1574 2254 1778 2293 guardianiam
1800 2255 1944 2293 exercuit,

1203 2314 1318 2335 necnon
1354 2304 1545 2334 concionator
1580 2303 1783 2334 conventualis
1818 2303 1921 2333 Mexici
1937 2327 1945 2341 ‚

1203 2354 1237 2383 de
1249 2352 1403 2390 laPuebla,
1423 2354 1452 2382 S.
1469 2351 1616 2382 Francisci
1628 2352 1663 2381 de
1677 2351 1800 2389 Oaxaca,
1812 2353 1843 2380 S.
1857 2351 1945 2381 Fran-

1204 2402 1274 2432 cisci
1303 2403 1337 2432 de
1371 2401 1516 2437 l'achuca,
1549 2400 1578 2431 S.
1613 2401 1733 2430 Antonii
1767 2400 1943 2438 Gueretatis,

1204 2461 1317 2481 necnon
1340 2451 1431 2481 lector
1467 2449 1563 2489 quiin
1582 2458 1616 2480 eo
1639 2449 1766 2488 capitulo
1788 2448 1946 2488 complevit

1204 2499 1372 2539 quindecim
1396 2507 1488 2528 annos
1511 2498 1654 2536 lecturae,
1679 2497 1728 2528 sed
1752 2506 1803 2537 pro
1826 2498 1862 2527 ef).
1884 2497 1946 2527 vice

1204 2551 1329 2585 tanturm
1354 2548 1392 2577 ita
1417 2552 1514 2577 tamen
1537 2550 1569 2576 ut
1593 2546 1744 2586 provincia
1768 2547 1868 2575 hunc¹
1893 2555 1946 2575 nu-

1203 2606 1316 2627 merum
1342 2597 1488 2627 vocalium
1516 2595 1570 2626 sub
1603 2598 1756 2635 praetextu
1788 2594 1945 2624 cuiuslibet

1240 2658 1249 2683 1
1274 2655 1346 2683 Edit.
1367 2654 1451 2683 Main.
1472 2654 1538 2690 legit
1557 2654 1632 2682 hanc
1651 2661 1700 2689 pro
1719 2653 1795 2681 hunc
1815 2652 1855 2687 (n.
1875 2652 1924 2687 τ.).

1937 253 1984 277 An.
2007 252 2035 277 C.
2062 252 2125 281 ¹730
