2170 3147
247 254 296 279 An.
313 253 340 280 c.
368 252 434 279 172ss
480 241 544 276 378

272 315 380 338 Quaeuaui
391 314 401 333 st
410 314 429 333 ui

246 342 340 362 debeant
382 347 429 359 cuu-

246 373 312 394 ῌΓΠᾹ,
328 373 383 392 qtt‘tt‘
400 374 429 386 Ul>

245 396 377 420 adsignatur.

486 298 593 332 Tertio
619 299 690 331 loco
730 298 915 342 portionem
949 302 981 331 et
1006 308 1184 340 congruam

443 351 718 384 sustentationem
739 350 1015 394 subsequentibus
1039 350 1186 383 ecclesiis

442 404 690 447 parochialibus
730 403 965 446 adsignandam
1003 413 1072 436 esse
1113 413 1186 446 per-

442 457 629 499 spexiuiiiS‚
663 461 694 488 et
723 456 784 488 hac
816 458 928 488 nostra
956 456 1188 489 constitutione

443 510 666 551 adsignamus.
707 509 773 542 Ilae
810 519 887 541 vero
913 514 1007 541 sunt:
1036 519 1058 542 1.
1092 520 1189 552 paro-

443 562 545 594 clialis
571 562 709 594 ecclesia
742 562 777 594 Β.
816 561 980 594 Francisci
1012 562 1045 594 in
1077 568 1188 595 monte

444 615 556 653 Mario,
570 625 652 657 quae
670 615 818 658 pertinet
835 615 875 647 ad
893 614 1187 658 Congrcgationem

445 668 659 699 cremitarum
695 668 730 700 B.
770 667 855 700 Petri
894 667 933 700 de
965 668 1071 708 Pisis;
1114 668 1190 701 huic

446 721 626 763 parochiali
647 720 805 753 eeclesiae
824 721 959 764 eiusque
979 721 1099 754 rectori
1119 731 1190 754 cen-

447 780 512 807 tum
538 785 644 807 annua
670 780 761 807 scuta
786 780 943 817 argentea
967 780 1117 808 monetae
1139 785 1191 808 ro-

446 838 560 860 manae
588 838 646 870 pro
673 830 816 870 congrua
843 828 1004 870 adsignari
1041 829 1190 861 volumus

447 885 479 912 et
503 880 714 913 mandamus:
753 891 789 914 11.
823 881 1023 924 parochialis
1050 881 1191 914 ecclesia

447 933 482 965 B.
522 933 656 975 Agnetis
693 933 725 965 in
762 934 811 966 via
846 933 1070 974 Nomentana,
1108 945 1189 977 quae

448 988 593 1031 pertinet
614 987 651 1019 ad
672 988 846 1020 canonicos
864 989 1032 1030 regulares
1049 988 1102 1021 SS.
1123 988 1190 1021 Sal-

449 1042 588 1082 vatoris,
621 1052 762 1074 annuam
796 1042 978 1084 portionem
1012 1052 1190 1084 congruam

449 1096 618 1138 sexaginta
651 1100 819 1127 scutorum
857 1100 1085 1137 argenteorum
1121 1105 1191 1127 mo-

447 1154 541 1181 netae
569 1157 725 1180 romanae
763 1147 898 1180 omnino
934 1147 1064 1180 habeat.
1103 1147 1192 1180 Licet

447 1212 547 1242 vero,
586 1212 659 1233 cum
695 1201 779 1233 dieta
815 1200 1016 1243 parochialis
1053 1201 1192 1233 ccclesia

448 1255 483 1288 B.
511 1254 675 1287 Francisti
714 1254 745 1286 in
780 1259 890 1286 monte
917 1253 1016 1286 Mario
1043 1264 1102 1297 pro
1127 1264 1192 1286 ma-

447 1307 508 1341 iori
533 1313 627 1351 parte
654 1306 885 1340 dismembrata
915 1307 1011 1339 suerit
1036 1317 1073 1339 ex
1099 1317 1193 1350 paro-

448 1361 545 1394 chiali
585 1360 724 1393 ecclesia
762 1360 797 1392 B.
838 1359 959 1392 Mariae
993 1360 1031 1392 de
1066 1359 1191 1403 Populo

448 1415 487 1447 ad
513 1419 641 1458 portam
668 1412 859 1446 Flaminiam
892 1422 975 1455 quae
1006 1413 1044 1445 ad
1077 1413 1191 1446 fratres

449 1467 600 1501 eremitas
635 1466 893 1509 Augustinianos
921 1465 1192 1508 Congregationis

448 1521 664 1555 Lombardiae
705 1525 912 1563 nuncupatos
952 1520 1118 1562 pertinet,
1155 1530 1192 1552 ex

449 1585 513 1618 qua
535 1574 675 1607 ecclesia
701 1575 801 1606 altera
832 1583 964 1616 quoque
995 1573 1028 1605 B.
1059 1573 1193 1615 Agnetis

449 1629 482 1661 in
516 1628 564 1660 via
600 1627 802 1659 Nomentana
837 1626 897 1658 suit
933 1626 1192 1667 dismembrata,

450 1682 536 1715 unde
574 1681 700 1714 censeri
738 1685 867 1724 posset,
893 1680 1063 1724 utriusque
1099 1691 1194 1724 paro-

450 1735 566 1768 chialis
592 1734 751 1767 ecclesiae
779 1733 897 1766 rectori
921 1743 1099 1775 congruam
1119 1743 1194 1776 por-

451 1789 572 1821 tionem
610 1799 645 1820 ex
679 1787 837 1819 fructibus
864 1786 1020 1819 ecclesiae
1053 1786 1195 1818 matricis

451 1841 572 1874 debere
599 1840 780 1883 adsignari;
807 1839 1035 1879 nihilominus,
1056 1839 1142 1883 quia,
1161 1850 1194 1872 re

451 1900 601 1928 accurate
627 1895 809 1937 perpensa,
846 1893 1065 1936 comperimus
1091 1893 1195 1925 eccle-

451 1948 530 1981 siam
557 1949 590 1980 B.
619 1947 737 1980 Mariae
772 1947 810 1979 ad
844 1953 969 1989 portam
1003 1946 1194 1979 Flaminiam

451 2002 635 2034 redditibus
670 2011 734 2033 non
767 2001 1053 2043 superabundare,
1080 2011 1140 2033 nec
1166 2000 1194 2033 ei

451 2060 498 2087 tot
524 2056 647 2086 fructus
679 2060 867 2097 suppetere,
908 2060 986 2097 quot
1018 2053 1194 2085 necessarii

452 2114 525 2141 sunt
551 2119 609 2150 pro
643 2108 813 2139 commoda
847 2107 996 2150 primarii
1025 2112 1057 2139 et
1082 2117 1196 2139 secun-

453 2162 534 2194 darii
554 2162 600 2192 sui
621 2161 756 2193 rectoris
783 2160 947 2199 alimonia,
975 2160 1019 2192 ita
1046 2166 1095 2199 ut,
1123 2161 1197 2192 abs-

453 2225 517 2258 que
552 2215 751 2247 detrimento
789 2224 898 2245 rerum
936 2213 1197 2245 necessariarum

453 2280 513 2313 pro
530 2268 657 2301 decenti
681 2278 811 2300 suorum
831 2267 1055 2300 ministrorum
1075 2268 1127 2311 qui
1149 2277 1198 2299 cu-

453 2332 521 2354 ram
549 2322 729 2353 animarum
756 2326 911 2353 exercent
936 2321 1170 2353 sustentatione
1188 2348 1196 2361 ‚

455 2386 633 2417 congruam
667 2375 851 2417 portionem
889 2375 980 2407 novis
1015 2375 1197 2407 rectoribus

455 2429 491 2461 B.
518 2428 679 2460 Francisci
708 2429 739 2460 in
766 2434 876 2461 monte
917 2428 1016 2460 Mario
1043 2434 1073 2461 et
1103 2428 1136 2460 B.
1158 2429 1198 2460 Α-

455 2482 560 2523 gnetis
594 2481 624 2512 iu
662 2481 709 2512 via
746 2481 948 2514 Nomentana
975 2482 1013 2514 de
1039 2492 1097 2514 suo
1122 2482 1198 2514 dare

411 2578 419 2587 θ
456 2545 519 2567 non
557 2534 679 2576 possit:
708 2534 805 2573 ideo,
835 2546 1003 2568 sacrorum
1037 2545 1197 2567 canonum

457 2587 663 2630 dispositioni
692 2587 927 2626 inhaerentes,
955 2589 1009 2631 qui
1038 2589 1100 2622 hoc
1122 2599 1197 2621 casu

457 2641 626 2674 matricem
653 2640 823 2674 ecclesiam
851 2652 867 2672 a
893 2652 1095 2686 quacumque
1121 2651 1199 2674 con-

1028 249 1210 274 BULLARIUM
1236 249 1392 275 ROMANUM

1228 298 1407 332 tributione
1432 298 1587 339 eximunt,
1614 303 1647 332 et
1673 298 1890 342 parochianos
1916 297 1972 331 ob-

1228 351 1330 393 ligant
1367 356 1403 384 ut
1439 362 1616 394 congruam
1653 351 1838 394 portionem
1878 351 1970 385 novis

1230 404 1414 437 rectoribus
1452 404 1490 437 de
1524 415 1582 438 suo
1616 404 1885 446 subministrent,
1912 414 1972 437 nos

1230 457 1458 500 praesentibus
1483 456 1601 490 litteris
1629 456 1758 496 nostris,
1777 462 1973 499 perpetuum

1231 511 1333 544 robur
1358 511 1573 554 imposterum
1599 510 1775 549 habituris,
1801 510 1973 543 statuimus

1232 569 1263 597 et
1288 564 1508 604 declaramus,
1535 569 1569 596 ut
1594 568 1726 597 centum
1751 573 1859 596 annua
1883 569 1975 596 scuta

1232 623 1387 660 argentea
1423 623 1573 650 monetae
1613 627 1767 649 romanae
1793 616 1974 659 parochiali

1233 670 1393 703 ecclesiae
1434 676 1466 703 et
1501 670 1620 703 rectori
1661 669 1697 702 Β.
1737 669 1899 702 Francisci
1942 668 1974 701 in

1233 728 1344 756 monte
1380 723 1490 763 Mario,
1517 727 1548 755 et
1573 722 1724 755 similiter
1759 727 1849 754 scuta
1885 732 1975 755 sexa-

1233 776 1323 818 ginta
1348 776 1482 809 alterius
1518 776 1716 819 parochialis
1741 775 1899 808 ecclesiae
1925 785 1976 807 re-

1233 829 1314 862 ctori
1356 829 1391 861 B.
1433 829 1567 871 Agnetis
1607 829 1639 861 in
1683 828 1733 860 via
1772 827 1976 860 Nomentana

1233 882 1448 925 adsignentur
1473 892 1510 915 ex
1537 880 1708 921 divisione,
1734 880 1913 924 partitione
1945 885 1976 913 et

1233 937 1304 968 taxa
1338 934 1482 978 praediis
1520 934 1742 978 imponenda,
1773 943 1857 977 quae
1891 933 1976 966 intra

1233 987 1352 1020 limites
1379 988 1550 1030 utriusque
1576 986 1735 1020 ecclesiae
1760 986 1976 1030 comprehen-

1234 1041 1376 1080 duntur,
1413 1041 1500 1084 quod
1536 1040 1630 1073 dictis
1659 1039 1807 1073 ecclesiis
1832 1044 1888 1072 aut
1911 1049 1977 1072 ma-

1234 1094 1306 1127 trici
1332 1094 1437 1127 nullas
1463 1093 1608 1126 decimas
1634 1093 1772 1126 solvant..

1277 1148 1293 1191 §
1328 1147 1361 1181 4.
1398 1147 1553 1180 Volumus
1590 1151 1696 1180 autem
1730 1151 1766 1179 ut
1795 1155 1854 1189 per
1890 1145 1977 1179 dire-

1234 1206 1302 1234 ctos
1339 1201 1487 1234 dominos
1532 1201 1720 1234 eorumdem
1763 1199 1974 1243 praediorum

1236 1259 1303 1287 tota
1342 1255 1456 1287 eadem
1498 1259 1568 1286 taxa
1608 1253 1755 1287 ecclesiis
1794 1253 1976 1297 respective

1981 249 2030 276 An.
2046 249 2074 278 C.
2097 250 2162 279 ¹72⁶

2013 1156 2120 1177 Statuitur
2134 1156 2170 1183 qui

1988 1182 2080 1204 debeant
2103 1183 2170 1205 solvo-

1987 1215 2009 1230 re
2040 1210 2170 1236 praedictam

1987 1241 2170 1284 tzitfflztetttffi

1941 1301 1957 1312 -.
1987 1290 2155 1316 parochialibus.

1234 1308 1402 1347 solvatur3
1441 1307 1468 1339 si
1505 1317 1582 1339 vero
1618 1306 1755 1350 praedia
1791 1317 1809 1339 a
1845 1306 1977 1340 directis

1236 1360 1376 1393 dominis
1401 1360 1433 1392 in
1455 1359 1683 1403 emphyteusin
1706 1359 1824 1392 tradita
1845 1359 1976 1400 suerint,

1237 1420 1312 1448 tunc
1338 1414 1566 1453 decernimus,
1591 1419 1626 1446 ut
1651 1423 1709 1456 per
1734 1413 1980 1456 emphyteutam

1235 1474 1337 1501 ratam
1363 1467 1509 1501 eiusdem
1545 1473 1637 1500 taxae
1673 1467 1718 1500 ita
1754 1467 1920 1507 solvatur,
1945 1471 1981 1499 ut

1237 1521 1387 1554 dominus
1415 1521 1567 1560 directus,
1595 1519 1650 1563 qui
1677 1523 1775 1553 totam
1801 1524 1904 1552 taxam
1931 1529 1981 1553 ec-

1237 1574 1353 1607 clesiae
1390 1573 1566 1616 persolvit,
1592 1583 1652 1616 pro
1677 1575 1748 1606 rata
1784 1583 1867 1616 quae
1903 1583 1981 1606 con-

1238 1626 1333 1669 tingit
1358 1626 1621 1670 emphyteutam,
1646 1625 1685 1658 ab
1723 1626 1786 1659 hoc
1811 1625 1900 1659 refici
1926 1626 1982 1660 de—

1236 1680 1326 1712 beat:
1354 1690 1436 1723 quae
1462 1679 1598 1712 resectio
1632 1684 1666 1711 ut
1699 1679 1827 1713 facilior
1851 1680 1980 1720 evadat,

1238 1734 1427 1772 statuimus,
1452 1738 1507 1772 ut,
1535 1733 1610 1766 dum
1646 1733 1782 1776 praedia
1819 1738 1981 1774 taxantur,

1238 1792 1422 1830 empyteuta
1442 1786 1623 1818 distinctim
1641 1796 1701 1829 pro
1723 1788 1780 1819 sua
1797 1788 1864 1818 rata
1883 1786 1980 1819 etiarn

1239 1845 1375 1872 taxetur.
1415 1839 1577 1882 Pauperes
1615 1844 1724 1871 tamen
1757 1839 1917 1881 agricolas
1950 1844 1982 1872 et

1239 1894 1404 1926 vinearum
1430 1894 1571 1925 cultores
1609 1903 1718 1925 rerum
1754 1892 1865 1936 inopia
1890 1893 1982 1926 iabo-

1239 1953 1357 1986 rantes,
1376 1946 1431 1990 qui
1451 1945 1594 1989 propriis
1609 1945 1759 1978 manibus
1780 1951 1812 1979 et
1832 1946 1980 1989 corporis

1239 2000 1368 2033 assiduo
1396 2000 1506 2032 labore
1533 1998 1594 2031 sibi
1620 1999 1738 2031 victum
1764 1998 1980 2040 conquirunt,

1239 2065 1255 2086 a
1281 2063 1485 2096 quacumque
1522 2052 1681 2085 eiusmodi
1715 2062 1884 2094 congruae
1910 2063 1982 2096 por-

1238 2106 1336 2139 tionis
1363 2107 1528 2139 solutione
1555 2105 1718 2138 immunes
1736 2115 1809 2138 esse
1835 2110 1866 2138 et
1893 2105 1981 2145 fore,

1237 2159 1418 2203 apostolica
1458 2158 1649 2192 auctoritate
1690 2158 1909 2199 declaramus,
1943 2167 1979 2192 ac

1238 2213 1370 2257 penitus
1396 2223 1450 2246 eos
1476 2213 1657 2246 eximimus.

1284 2268 1298 2311 g
1324 2267 1354 2300 5.
1380 2267 1570 2300 praesentes
1596 2276 1673 2299 vero
1706 2266 1848 2306 litteras,
1878 2276 1913 2299 ex
1940 2276 1980 2300 eo

1241 2321 1336 2354 etiam
1374 2321 1460 2363 quod
1494 2319 1690 2363 quicumque
1727 2319 1760 2352 in
1795 2319 1980 2362 praemissis

1241 2375 1401 2407 interesse
1426 2379 1459 2405 et
1484 2383 1550 2405 ren]
1578 2373 1752 2412 habente&
1778 2377 1831 2405 aut
1857 2373 1980 2406 habere

1241 2428 1501 2472 praetendentes¹
1517 2426 1581 2460 illis
1603 2437 1667 2459 non
1692 2425 1930 2465 consenserint,
1950 2430 1982 2459 et

1241 2482 1280 2514 ad
1299 2492 1335 2514 ea
1354 2480 1454 2513 vocati
1474 2491 1537 2513 non
1561 2480 1691 2517 suerint,
1709 2484 1742 2511 et
1762 2489 1888 2515 causae.
1908 2489 1982 2522 pro-

1242 2541 1315 2578 pter
1341 2545 1418 2577 quas
1446 2533 1502 2566 illa
1527 2533 1604 2565 siant
1628 2533 1675 2565 vel
1703 2532 1786 2564 sacta
1811 2531 1884 2571 sint,
1906 2531 1983 2565 alias

1243 2587 1465 2625 examinatae,
1497 2585 1681 2619 verisicatae
1722 2589 1754 2617 et
1793 2583 1984 2628 iustificatae

1243 2651 1308 2673 non
1335 2640 1478 2680 ruet-int,
1507 2649 1561 2671 seu
1588 2638 1666 2671 alias
1703 2648 1740 2670 ex
1777 2647 1984 2682 quocumque

2063 2244 2076 2253 x

2018 2271 2138 2294 ciaueutu.
