2170 3147
199 179 247 204 An.
264 177 293 204 C.
318 177 384 204 1724

242 1892 292 1913 Eius
314 1893 388 1915 ortu«,

201 1919 268 1939 cultus
284 1919 302 1939 ei
321 1919 388 1939 int-u-

202 1948 242 1968 tu„
257 1951 302 1969 arn,
318 1948 387 1972 pietas

202 1974 224 1993 et
238 1973 304 2002 sigua.

430 169 451 201 2
949 170 952 171 ⁷
982 177 1163 202 cunamen
1190 178 1345 202 nor-mxcii

393 226 540 271 patelieri
566 228 650 271 apud
683 228 769 260 hanc
795 232 941 260 sanctam
972 226 1136 270 Apostoli-

394 292 463 314 cam
482 281 599 313 Sedcm
624 281 757 313 beatum
783 280 940 313 Isidorum
960 279 1135 322 agricolam

393 335 478 366 inter
491 335 644 366 mortales
656 334 828 376 degentem
843 333 967 376 magnis
978 332 1060 365 vitae
1075 343 1136 365 me-

394 387 464 420 ritis
486 392 517 420 et
541 387 713 420 virtutibus
731 386 935 425 excelluisse,
961 397 998 419 ac
1023 392 1136 429 postea

393 440 555 473 viventem
583 440 615 473 in
641 441 730 473 caelo
755 439 868 473 multis
894 439 1059 472 miraculis
1084 449 1136 471 co-

394 503 558 534 ruscasse,
585 493 679 534 inde,
708 504 744 527 ex
770 492 963 526 venerandis
988 492 1020 525 S.
1041 492 1078 524 R.
1098 491 1133 524 E.

393 546 680 580 constitutionibus
706 551 735 581 et
759 547 895 590 regulis,
917 551 1041 580 certum
1066 545 1136 578 cius

395 601 576 634 sanctitatis
613 606 836 644 argumentum
869 605 1049 644 propterea
1079 599 1136 632 du-

393 659 524 695 xerunt,
549 665 620 688 cum
647 660 679 688 et
703 655 819 688 merita
845 665 919 688 vera
945 653 1136 697 praecessis-

393 714 476 749 sent,
497 715 528 742 et
548 708 702 742 miracula
726 710 814 742 clara
834 713 991 742 consueta
1017 712 1134 747 essent,

393 762 481 795 unde
502 762 647 795 Romana
671 762 815 796 Ecclesia
840 762 879 795 ad
909 762 978 795 cius
1003 770 1137 793 venera-

395 816 515 849 tionem
540 815 761 855 induceretur,
787 826 882 859 quem
908 815 991 848 Deus
1011 813 1135 847 meritis

394 868 669 912 praecedentibus
694 874 725 901 et
756 867 968 911 subsequutis
1002 867 1137 900 miracu-

395 923 436 956 lis
450 922 671 956 venerandum
686 922 889 956 ostenderat.
907 921 1010 960 Quare
1035 920 1137 954 felicis

394 975 572 1009 memoriae
597 981 784 1009 antecessor
817 980 929 1008 noster
962 974 1136 1017 Gregorius

395 1030 480 1073 Papa
506 1029 556 1062 XV
582 1029 620 1061 ad
646 1028 840 1061 universalis
865 1027 1028 1061 Ecclesiae
1054 1027 1137 1069 regi-

394 1093 469 1116 men
496 1088 650 1123 evectus,
687 1087 859 1125 postquam
897 1092 933 1114 ex
972 1080 1136 1124 frequenti

395 1137 499 1170 relatu
524 1146 632 1169 coram
658 1147 692 1169 sc
712 1136 823 1168 habito
845 1135 977 1168 eximias
1003 1135 1137 1167 virtutes

395 1195 427 1223 ct
443 1190 535 1232 signa
553 1189 794 1232 quamplurima
812 1188 958 1222 eiusdem
973 1188 1007 1220 Β.
1024 1187 1137 1220 Isidori

395 1242 557 1276 intellexit
579 1242 702 1285 (quem,
721 1241 763 1274 ob
786 1241 926 1283 longam,
948 1241 1137 1283 generalem

396 1301 428 1328 ot
452 1294 612 1328 assiduam
630 1293 810 1327 sanctitatis
830 1294 946 1327 samam
965 1298 996 1326 et
1017 1293 1138 1326 cultum

394 1347 464 1381 viro
488 1347 544 1381 Dei
582 1358 642 1391 per
665 1347 766 1380 multa
790 1347 919 1380 saecula
953 1350 1139 1379 constanter

396 1400 594 1442 exhibitum,
620 1399 770 1443 Gregorii
795 1400 967 1443 nostrique
993 1404 1139 1432 anteces-

395 1465 450 1488 sor
475 1454 592 1488 Paulus
613 1454 699 1497 Papa
722 1453 755 1495 V,
775 1463 852 1497 rege
877 1453 1042 1486 catholico
1070 1452 1139 1485 Phi-

395 1508 486 1552 lippo
507 1507 545 1541 lll
570 1518 629 1551 per
653 1512 799 1541 oratores
825 1517 900 1540 suos
924 1506 1140 1540 vehementis—

396 1561 475 1594 sime
500 1561 677 1604 flagitante,
695 1560 799 1594 beatis
819 1560 897 1593 viris
923 1560 1140 1593 adnumeran-

396 1615 472 1648 dum
502 1615 562 1648 rite
587 1614 805 1657 sanciverat),
833 1615 874 1647 de
909 1614 1041 1654 codem,
1066 1620 1141 1658 post

397 1674 558 1702 maturam
584 1668 856 1702 deliberationem
882 1678 940 1712 per
970 1669 1085 1712 longas
1110 1674 1141 1701 et

397 1723 583 1766 complures
610 1721 832 1755 discussiones
857 1721 918 1755 hac
949 1722 988 1755 de
1023 1731 1058 1755 re
1084 1722 1140 1755 ha-

398 1776 521 1817 bitam,
556 1777 588 1809 in
626 1776 820 1809 Sanctorum
858 1786 1014 1808 canonem
1051 1786 1140 1809 more

398 1829 558 1863 maiorum
583 1829 718 1873 provide
743 1829 915 1862 referendo
941 1828 1106 1872 cogitavit.

443 1884 458 1927 §
483 1883 515 1916 ⁶2.
542 1882 688 1916 Mantuae
707 1881 974 1926 Carpetanorum,
995 1882 1073 1915 sede
1091 1892 1142 1915 re-

399 1946 476 1979 gum
513 1935 712 1980 Hispaniae,
739 1946 822 1979 quae
859 1934 937 1969 alias
972 1935 1142 1969 Metritum

399 1994 540 2031 vocatur,
567 1990 598 2023 in
618 1989 761 2023 dioecesi
781 1989 947 2030 Toletana,
964 1989 1142 2023 humilibus

398 2043 541 2087 quidem,
567 2043 625 2077 sed
649 2043 712 2087 piis
738 2042 975 2087 catholicisque
1001 2043 1143 2086 parenti-

397 2097 459 2131 bus
477 2102 580 2138 natus‚
598 2097 707 2131 lloruit
720 2096 862 2130 Isidorus
876 2097 1006 2130 saeculo
1021 2107 1078 2138 κω
1094 2107 1142 2130 cu-

398 2151 446 2185 ius
464 2161 594 2190 nomen,
614 2155 777 2194 tamquam
795 2149 1020 2193 probatissimi
1040 2150 1142 2184 homi-

398 2205 458 2245 nis,
485 2204 639 2247 vitaeque
664 2203 747 2236 mira
771 2203 962 2236 innocentia
987 2209 1018 2236 et
1035 2203 1142 2247 signo-

399 2269 469 2291 rum
491 2256 596 2300 gloria
616 2256 767 2297 illustris,
790 2256 866 2290 inde
884 2267 988 2300 usquc
1014 2256 1052 2290 ad
1071 2267 1142 2290 sae-

399 2312 505 2345 culum
522 2319 589 2344 xvn
607 2320 672 2343 uno
687 2309 832 2343 omnium
848 2309 1066 2353 Hispanorum
1084 2320 1141 2344 ore

399 2364 601 2398 celebratum
623 2369 688 2404 est,
708 2363 866 2397 universis
892 2363 1073 2397 honoribus
1092 2363 1140 2397 ei¹

399 2418 504 2461 palam
517 2416 656 2457 tributis,
671 2427 754 2460 quae
772 2416 805 2449 in
819 2416 964 2450 Ecclesia
974 2416 1141 2451 Catholici}

399 2470 470 2503 unis
495 2470 598 2504 beatis
631 2475 663 2503 ct
696 2470 816 2503 sanctis
841 2469 918 2503 viris
944 2470 1139 2503 tribuuntur.

399 2523 597 2558 Christianas
612 2523 748 2557 virtutes
770 2533 787 2556 a
813 2523 1028 2557 tenerioribus
1046 2524 1139 2558 annis

435 2588 446 2614 1
470 2585 540 2614 Edit.
562 2585 641 2614 lllain.
663 2585 729 2621 legit
749 2593 780 2613 eo
801 2592 848 2621 pro
869 2585 896 2614 ei
914 2586 953 2618 (a.
970 2585 1019 2621 in).

1179 226 1223 258 ita
1240 227 1343 259 coluit
1359 227 1511 267 Isidorus,
1527 232 1569 268 ut,
1583 227 1726 261 adultior
1743 227 1853 267 sactus,
1869 238 1921 260 cc-

1181 280 1256 312 tcris
1282 280 1415 320 artibus,
1442 280 1561 323 quibus
1587 281 1682 314 vitani
1709 282 1822 322 aleret,
1844 291 1921 324 pro-

1179 337 1291 375 pterea
1327 333 1559 376 agriculturam
1584 334 1799 378 praetulerit,
1833 334 1920 378 quod

1180 385 1345 426 humilior,
1372 387 1580 428 laboriosior,
1606 387 1801 430 animaeque
1823 387 1920 420 saluti

1179 440 1419 482 comparandae
1445 440 1552 483 aptior
1578 445 1610 474 et
1632 441 1731 473 tutior
1749 440 1778 473 ei
1800 440 1923 473 videre-

1180 497 1242 526 tur.
1269 493 1360 526 Hanc
1385 498 1451 526 toto
1477 493 1559 526 vitae
1585 503 1662 526 suae
1694 497 1842 536 tempore
1878 492 1923 526 ita

1179 545 1331 587 exercuit,
1356 551 1391 578 ut
1415 547 1464 580 vel
1497 545 1629 579 minima
1661 545 1790 589 pictatis
1816 551 1846 578 et
1872 556 1922 579 re-

1179 597 1310 641 ligionis
1337 599 1449 640 officia,
1477 609 1559 642 quac
1585 599 1685 631 semel
1722 603 1922 642 susceperat,

1179 652 1267 684 nulla
1293 662 1437 695 unquam
1463 652 1515 685 die
1552 652 1647 684 causa
1680 651 1749 685 eius
1775 656 1923 695 praeter-

1179 704 1332 738 mitteret.
1363 706 1410 738 Ad
1428 716 1541 748 agrurn
1560 705 1734 738 colendum
1753 715 1922 749 nunquam

1179 758 1328 798 accessit,
1347 758 1424 801 quin
1450 758 1548 801 prius,
1567 758 1678 791 audito
1699 764 1924 792 sacrosanctae

1181 811 1297 844 missae
1323 811 1495 852 sacrificio,
1521 811 1740 855 precibusque
1765 812 1804 845 ad
1822 812 1923 845 Deum

1180 874 1216 897 ac
1240 864 1367 897 beatam
1401 864 1566 908 Virginem
1605 875 1641 897 ex
1683 865 1747 897 imo
1786 871 1923 908 pectore

1181 917 1266 958 susis,
1283 917 1424 950 divinum
1438 918 1591 952 auxilium
1607 919 1826 961 implorasset,
1837 919 1924 961 quod

1181 971 1226 1004 illi
1267 982 1366 1015 saepe
1410 982 1547 1005 numero
1586 977 1718 1015 praesto
1760 972 1836 1013 suit,
1867 973 1923 1006 ubi

1180 1025 1374 1067 praesertim
1411 1026 1497 1068 apud
1523 1025 1659 1065 herum,
1686 1025 1777 1058 cuius
1810 1036 1924 1069 agrum

1181 1078 1327 1118 curabat,
1354 1084 1530 1121 propterca
1555 1084 1727 1111 accusatus
1747 1084 1796 1112 est
1821 1080 1922 1122 quod,

1180 1130 1309 1173 pietatis
1335 1130 1491 1174 operibus
1516 1132 1590 1175 plus
1609 1142 1713 1176 aequo
1735 1138 1923 1176 occupatus,

1181 1184 1247 1226 agri
1285 1194 1366 1227 opus
1400 1185 1570 1228 negligere
1603 1185 1782 1219 videretur.
1820 1186 1925 1220 Ilerus

1182 1237 1268 1270 enim
1292 1238 1411 1270 irarum
1433 1239 1559 1282 plenus,
1578 1244 1612 1271 ut
1632 1239 1671 1272 dc
1696 1239 1822 1273 Isidoro
1847 1250 1925 1283 poe-

1181 1300 1238 1323 nas
1255 1296 1420 1331 sumeret,
1438 1291 1471 1323 in
1491 1302 1616 1334 agrum,
1644 1302 1741 1335 quem
1765 1291 1926 1326 incultum

1182 1345 1332 1387 putabat,
1363 1346 1544 1389 prosectuS,
1574 1346 1657 1380 trino
1687 1347 1779 1380 illum
1806 1347 1925 1382 bovum

1182 1397 1259 1441 iugo
1286 1399 1369 1431 arari
1395 1400 1582 1443 conspexit,
1608 1410 1708 1433 unum
1733 1405 1765 1434 et
1788 1401 1927 1435 alter-um

1183 1451 1303 1494 gemini
1331 1451 1464 1485 iuvenes
1497 1452 1579 1486 albis
1612 1453 1716 1486 induti
1747 1453 1926 1496 regebant,

1184 1504 1314 1538 tertium
1334 1516 1410 1539 vero
1428 1506 1590 1547 Isidorus;
1612 1507 1677 1540 duo
1698 1506 1759 1547 illi,
1775 1507 1856 1541 hero
1875 1517 1928 1542 ac-

1183 1558 1331 1599 cedente,
1347 1558 1596 1602 disparucrunt;
1617 1565 1714 1603 atque
1732 1559 1776 1593 ita
1793 1560 1926 1601 sactum,

1183 1617 1218 1643 ut
1243 1611 1341 1644 herus
1367 1622 1443 1645 vera
1469 1623 1541 1646 esse
1567 1612 1778 1656 intelligeret,
1799 1623 1880 1657 quae
1898 1625 1928 1648 ei

1183 1675 1281 1709 saepe
1307 1666 1520 1699 affirmaverat
1538 1666 1688 1708 Isidorus,
1715 1667 1813 1700 horas
1838 1667 1939 1713 nimi·

1185 1729 1264 1760 rum,
1292 1730 1370 1763 quas
1397 1719 1504 1754 divino
1523 1720 1683 1764 obsequio
1702 1721 1925 1764 impendisset,

1184 1782 1389 1816 nequaquam
1416 1773 1535 1816 perire.
1564 1774 1683 1807 llursus
1709 1774 1831 1808 Isidoro
1853 1774 1929 1808 divi-

1185 1836 1244 1860 nae
1270 1827 1408 1861 orationi
1434 1828 1466 1860 in
1485 1830 1576 1862 sacra
1597 1828 1679 1861 aede
1697 1829 1820 1862 vacanti
1846 1839 1928 1862 nun-

1185 1880 1290 1913 ciatur
1315 1881 1382 1914 eius
1407 1880 1586 1915 iumentum
1607 1892 1625 1914 a
1645 1883 1733 1925 lupo,
1758 1881 1821 1915 nisi
1847 1882 1928 1916 citus

1185 1940 1384 1975 accurreret,
1414 1935 1476 1968 iam
1503 1934 1566 1968 iam
1587 1935 1830 1976 devorandum3
1855 1935 1928 1980 ipso

1187 1994 1294 2021 tamen
1317 1988 1358 2021 ob
1384 1988 1416 2021 id
1441 1998 1475 2021 sc
1502 1988 1541 2022 ab
1568 1989 1716 2022 oratione
1742 1988 1837 2022 evelli
1862 1998 1929 2022 non

1186 2052 1304 2084 passo,
1340 2043 1553 2086 absolutaque
1589 2042 1736 2075 oratione
1773 2052 1811 2075 ex
1846 2042 1928 2075 aede

1186 2105 1331 2138 egresso,
1350 2097 1532 2129 iumentum
1554 2095 1716 2129 incolume
1743 2094 1926 2138 reperitur;

1185 2150 1279 2193 lupus
1306 2160 1382 2183 vero
1408 2160 1511 2193 prope
1536 2149 1644 2192 ipsum
1671 2149 1838 2191 exanimis,
1860 2149 1927 2183 Deo

1185 2213 1244 2246 pro
1270 2203 1387 2237 Isidori
1424 2202 1576 2246 precibus
1610 2202 1760 2236 vicariam
1793 2212 1927 2247 operam

1186 2256 1213 2289 ei
1239 2257 1455 2300 rependente.

1228 2311 1242 2354 ἕ
1267 2310 1300 2344 3.
1327 2311 1426 2344 Tanta
1452 2310 1510 2343 suit
1541 2310 1658 2344 Isidori
1684 2309 1822 2343 charitas
1848 2320 1927 2354 erga

1184 2416 1384 2460 pauperibus
1416 2416 1616 2460 profuturus,
1646 2415 1829 2449 necessaria
1853 2415 1928 2449 sub-

1186 2470 1344 2503 traheret.
1372 2469 1477 2508 Quum
1503 2469 1611 2503 omnia
1629 2469 1661 2502 in
1680 2479 1735 2503 eos
1754 2469 1928 2513 aliquando

1185 2529 1364 2566 erogasset,
1391 2523 1474 2556 alius
1504 2523 1637 2566 quidem
1662 2523 1781 2566 stipem
1813 2523 1929 2567 depre-

1184 2581 1315 2610 caturus
1333 2576 1481 2617 advenit;
1500 2575 1625 2609 Isidoro
1650 2580 1820 2610 moerente
1839 2576 1928 2629 quqd

1931 178 2022 206 And).
2048 178 2114 206 1724
2166 212 2170 216 η

2167 944 2170 950 .
2169 921 2170 924 Α
2160 847 2170 910 --.n-
2161 719 2170 838 anfi-ns..—
2164 690 2170 713 »-
2161 606 2170 684 han-

1950 2313 2032 2334 Eximia
2041 2312 2060 2333 in
2072 2317 2122 2338 pau·

1937 2346 2000 2367 peres
2028 2339 2122 2360 charita!

1185 2364 1378 2406 proximum,
1410 2369 1444 2396 ut
1473 2363 1534 2396 sibi
1567 2362 1715 2407 pauperi,
1750 2362 1862 2406 egenis
1895 2367 2063 2415 etffjt-'ussffl‘mu
2107 2371 2121 2388 ὃ

1957 2401 1982 2415 cu
1998 2395 2109 2420 palnatum.
