2170 3147
239 222 289 248 An.
307 220 337 247 C.
362 219 429 247 1728

263 652 387 675 Exordium.

256 1179 336 1205 Corpus·
348 1180 370 1201 S.
381 1181 421 1200 Au-

236 1210 312 1230 gzustiui
325 1208 420 1232 Hippone

237 1239 256 1252 in
284 1234 421 1257 Sardiniam,

236 1262 300 1284 atqua
322 1260 369 1280 binc
386 1262 420 1280 Τι-

236 1292 305 1306 mitum
332 1287 419 1307 transla-

236 1342 283 1364 post
294 1314 420 1360 'mssssfflffif
431 1329 651 1362 sanctissimos
678 1329 806 1362 illarum
832 1329 972 1372 partium
1001 1329 1175 1372 episcopos

237 1369 317 1391 {testum
333 1369 372 1387 est.

478 211 541 244 710

707 268 890 301 ccxxxix.

434 349 652 391 Confirmatio=
677 348 837 381 iudicium
865 347 1043 391 episcopale
1068 347 1176 381 Ticini

477 402 628 434 habitam
653 401 691 433 de
715 411 844 444 corpore
868 400 898 433 S.
926 400 1143 443 Auyustffli'.

616 480 799 507 Benedictus
820 480 993 514 episcopus,

615 532 722 552 servus
753 532 910 552 servorum
935 525 998 557 Dei,

551 571 587 597 ad
606 573 786 604 perpetuam
806 570 852 597 rei
873 570 1059 597 memoriam.

477 641 525 674 Ad
546 641 665 673 summi
688 640 743 674 Dei
763 641 898 683 gloriam
916 640 948 673 in
967 640 1088 673 sanctis
1107 640 1176 673 eius

432 693 692 737 amplificandam
707 693 854 727 mirabile
868 703 973 736 nuper
992 694 1109 726 sactum
1129 698 1177 726 est

431 746 463 779 in
490 746 591 779 oculis
612 746 747 786 nostris,
766 746 842 778 dun]
861 745 993 779 exuviae
1016 745 1048 778 S.
1069 745 1176 788 Augu-

431 799 522 839 stini,
551 799 771 842 Hipponensis
790 799 934 842 episcopi
955 805 986 831 ct
1007 804 1176 842 praestan-

432 852 546 885 tissimi
566 852 743 886 >Ecclesiae
773 852 931 892 doctoris,
961 863 1097 895 quarum
1126 863 1177 885 ve-

431 905 634 938 nerationem
661 905 814 948 antiquus
842 905 896 938 Dei
935 911 966 938 et
990 910 1175 938 sanctoruni

432 958 534 991 bostis
553 959 741 1001 aliquandiu
769 959 960 1001 perturbare
981 963 1173 997 tentaverat,

432 1011 562 1044 tandem
599 1011 744 1044 omnium
780 1011 1042 1044 christifidelium
1076 1011 1174 1044 cultui

431 1063 655 1107 pristinaeque
693 1063 986 1103 honorificentiae,
1022 1064 1176 1096 universa

432 1116 574 1149 Ecclesia
598 1117 798 1160 plaudente,
823 1117 991 1150 restitutae
1017 1118 1157 1150 suerunt.

477 1170 491 1212 g
517 1169 549 1202 1.
577 1169 819 1202 Probatissimis
856 1169 1037 1202 litterarum
1064 1180 1177 1202 monu-

433 1222 550 1256 mentis
583 1228 729 1263 constat,
767 1223 984 1256 vandalorum
1022 1233 1176 1266 perseeu-

434 1275 522 1309 tione
550 1276 580 1308 in
607 1275 789 1308 Africanam
815 1276 990 1309 Ecclesiam
1024 1276 1174 1317 excitata,

432 1388 464 1415 et
488 1381 564 1416 fidei
590 1383 770 1416 catholicae
797 1384 1022 1423 consessores,
1048 1384 1079 1415 in
1106 1383 1176 1416 Sar-

432 1436 553 1470 diniam
580 1437 677 1470 exilio
704 1437 891 1477 damnatos,
921 1448 1039 1480 corpus
1066 1437 1176 1470 eximii

432 1490 576 1523 doctoris
601 1491 660 1523 sub
686 1490 783 1524 finem
817 1491 935 1524 saeculi
963 1502 980 1523 v
1007 1501 1116 1524 secum
1143 1491 1174 1524 in

432 1544 580 1576 camdem
617 1544 759 1576 insulam
798 1544 1028 1583 transtulisse,
1064 1545 1175 1587 ibique

433 1608 535 1640 usque
562 1598 600 1630 ad
621 1597 750 1630 initium
771 1598 893 1631 saeculi
912 1608 969 1631 vrit
988 1598 1176 1637 christiana,

433 1651 518 1683 idest
532 1651 671 1683 maxima
686 1651 843 1694 religione
864 1652 1070 1684 custoditum.
1088 1651 1176 1685 Tunc

433 1703 542 1743 enirn,
567 1703 755 1744 Saracenis,
783 1705 836 1747 qui
864 1705 896 1737 in
923 1704 1104 1737 Sardiniam
1134 1705 1177 1737 ir—

434 1762 586 1796 ruerant,
613 1759 683 1791 loca
709 1767 799 1790 saera
824 1758 922 1801 impie
949 1757 1173 1797 l‘oedantilms,

433 1809 652 1853 Liutprandus
677 1811 970 1851 Longobardorum
995 1821 1069 1849 rex,
1105 1821 1176 1843 san-

434 1867 557 1895 ctarum
601 1863 773 1906 Augustini
810 1864 1020 1907 reliquiarum
1056 1864 1176 1907 pietate

434 1921 558 1957 motus,
596 1927 656 1959 per
693 1918 818 1959 legatos
851 1917 890 1950 ab
916 1927 948 1949 sc
973 1917 1049 1950 illuc
1075 1922 1177 1950 trans-

434 1968 569 2009 missos,
597 1980 714 2013 magno
741 1980 795 2003 eas
821 1970 927 2013 pretio
954 1970 1173 2010 redimendas,

435 2027 465 2055 et
490 2022 659 2063 Ticinum,
697 2034 780 2067 quae
818 2024 897 2056 alias
924 2023 1021 2067 Papia
1046 2023 1175 2064 dieitur,
1198 2044 1200 2062 ἱ

434 2077 523 2108 sacra
547 2079 666 2119 pompa
692 2077 936 2110 transferendas
959 2077 1101 2110 curavit:
1123 2077 1176 2109 nbi

435 2128 642 2162 consessione
668 2129 758 2162 aedis
783 2130 814 2162 S.
843 2129 925 2163 Petri
952 2130 983 2162 in
1011 2131 1100 2163 caelo
1123 2139 1177 2161 au-
1199 2149 1200 2155 Γ

436 2190 492 2213 reo
527 2186 601 2213 tunc
627 2182 768 2224 primum
801 2183 839 2215 ad
865 2183 929 2216 hoc
953 2193 1053 2215 unuin
1090 2182 1177 2215 iussu

435 2233 542 2274 regis²
568 2237 748 2274 exstructa,
775 2235 1001 2278 Augustiniani
1029 2236 1177 2278 corporis

436 2285 610 2318 thesaurus
650 2287 757 2321 debito
798 2293 886 2321 tanto
926 2288 1007 2331 patri
1050 2288 1177 2321 bonore

436 2337 600 2380 depositus
638 2339 718 2380 suit,
757 2341 952 2384 populisque
994 2341 1176 2374 devotionis

473 2435 482 2459 t
507 2434 680 2469 Constitutio,
701 2444 754 2470 qua
773 2437 985 2463 controversiam
1011 2437 1043 2464 de
1065 2445 1177 2472 corpore

435 2478 463 2503 S.
485 2478 622 2512 Augustini
644 2480 742 2507 iudicio
763 2482 909 2516 episcopali
935 2482 1024 2508 dirimi
1044 2482 1087 2508 bic
1109 2482 1177 2509 Pon-

438 2522 501 2547 tifex
523 2523 617 2555 iussit,
640 2524 710 2550 edita
739 2530 777 2552 est
806 2533 974 2561 rtuccxxvin,
996 2528 1039 2554 die
1060 2534 1120 2554 xxut
1140 2528 1178 2555 ia-

437 2567 534 2598 nuarii,
556 2568 652 2600 pontif.
671 2575 707 2594 tv.

472 2610 487 2636 2
504 2610 572 2638 Male
589 2611 630 2638 etl.
648 2612 731 2639 Maia.
750 2614 811 2647 tegit
825 2616 903 2648 rivio
918 2624 965 2649 pru
980 2617 1057 2649 reglis
1074 2624 1111 2651 με.
1126 2617 1175 2651 s)

1018 220 1200 243 BULLARIUM
1224 219 1380 244 ROMANUM

1972 219 2022 247 An.
2038 219 2066 248 C.
2087 221 2152 251 1728

1219 270 1313 301 causa
1338 279 1441 311 usque
1474 268 1511 301 ad
1548 274 1693 302 nostram
1719 274 1857 302 aetatem
1882 267 1960 302 illuc

1219 321 1362 364 undique
1388 321 1634 362 confluentibus,
1661 322 1693 354 in
1719 322 1865 356 eiusdem
1885 331 1961 355 con—

1221 374 1371 407 sessionis
1396 376 1516 417 crypta,
1542 375 1627 407 inter
1647 379 1780 417 puteum
1810 376 1892 418 aqua
1913 385 1961 407 sa-

1220 427 1314 459 lutari
1335 433 1533 466 manantem,
1552 432 1583 460 et
1599 428 1701 460 altare
1719 427 1864 467 inferius,
1883 426 1962 470 piis-

1220 480 1303 513 simo
1328 480 1434 513 studio
1459 485 1603 513 servatus
1636 485 1692 512 est.
1718 480 1859 513 Tandem
1883 490 1961 513 vero

1221 534 1272 566 die
1304 534 1484 567 Ioctobris
1517 533 1590 566 anni
1628 533 1781 566 dominici
1817 542 1960 573 iuncxcv,

1220 587 1312 619 albus
1331 597 1533 619 marmoreus
1551 586 1771 629 sarcophagus
1792 587 1851 619 sub
1869 597 1960 619 mau-

1220 641 1310 673 soleo
1348 640 1490 673 lateritio
1528 639 1648 672 ibidem
1685 639 1747 672 loci
1786 639 1959 680 detectus,

1221 693 1320 736 inque
1340 703 1377 726 eo
1396 692 1617 726 sanctissimae
1639 691 1807 735 Augustini
1830 691 1961 725 exuviae

1221 746 1252 778 in
1279 748 1350 779 arca
1376 747 1531 789 argentea
1556 746 1683 778 clausae
1719 750 1867 788 repertae
1894 745 1962 778 sue-

1221 805 1313 832 runt:
1341 810 1424 842 quae
1451 798 1560 832 omnia
1597 809 1704 832 coram
1738 797 1888 841 plurimis
1915 802 1964 831 te·-

1221 852 1323 885 stibus
1350 852 1504 885 canonice
1531 851 1744 894 comprobata
1769 861 1828 894 per
1853 850 1963 884 curiae

1222 906 1414 949 episcopalis
1455 905 1622 938 ministros
1663 911 1693 937 et.
1733 904 1894 938 actuarios
1929 904 1960 937 in

1221 970 1391 1002 processus
1417 964 1448 991 et
1473 958 1737 997 commentarios,
1758 957 1891 1001 publica
1908 967 1963 990 au-

1221 1013 1369 1045 ctoritate
1396 1011 1555 1051 munitos,
1582 1013 1706 1044 summa
1731 1010 1794 1043 side
1820 1010 1962 1043 conscri-

1221 1071 1304 1108 ptos,
1330 1072 1404 1098 tunc
1430 1066 1573 1107 digesta,
1599 1075 1724 1108 perque
1751 1069 1851 1097 toturn
1873 1063 1963 1107 quin-

1221 1119 1398 1162 quennium
1425 1119 1580 1151 adversus
1607 1118 1821 1161 quorumdam
1836 1117 1963 1150 dubita-

1222 1173 1337 1212 tiones,
1365 1182 1428 1205 non
1449 1171 1594 1214 segniter
1616 1171 1786 1214 agentibus
1809 1170 1962 1203 fratribus

1222 1225 1367 1259 eremitis
1405 1225 1533 1258 Ordinis
1563 1224 1594 1257 S.
1626 1224 1818 1267 Augustini,
1844 1223 1899 1267 qui
1931 1223 1962 1256 in

1222 1279 1333 1312 eadem
1366 1279 1397 1311 S,
1429 1278 1515 1311 Petri
1552 1277 1686 1310 basilica
1719 1287 1821 1320 aeque
1854 1287 1890 1309 ae
1915 1287 1964 1309 ea-

1221 1332 1330 1365 nonici
1353 1332 1518 1374 regulares
1543 1330 1814 1373 Congregationis
1839 1330 1963 1362 Latera·

1221 1386 1329 1419 nensis
1362 1386 1494 1419 alternis
1520 1385 1689 1418 mensibus
1719 1384 1827 1417 divina
1856 1383 1963 1416 officia

1222 1440 1433 1482 persolvunt,
1470 1438 1646 1481 disceptata
1678 1438 1831 1477 suerunt,
1858 1437 1963 1470 donec

1220 1503 1304 1525 unus
1331 1498 1362 1525 ct
1389 1492 1520 1535 triginta
1551 1502 1660 1525 sacrae
1693 1491 1831 1534 paginae
1857 1496 1888 1523 et
1913 1490 1964 1523 de·

1221 1551 1387 1578 cretorum
1411 1546 1560 1578 doctores
1577 1555 1636 1588 pro
1654 1544 1768 1577 iisdem
1789 1543 1961 1587 Augustini

1221 1599 1368 1641 reliquiis
1384 1598 1577 1631 sententiam
1601 1607 1705 1638 suam,
1727 1597 1809 1630 mira
1826 1606 1963 1630 consen-

1221 1652 1309 1684 sione
1335 1651 1511 1690 firmatam,
1538 1651 1659 1694 scripto
1685 1651 1866 1683 ediderunt.

1265 1705 1280 1748 g
1304 1704 1336 1737 ⁶2.
1363 1704 1466 1742 Quum
1501 1715 1577 1737 vero
1611 1705 1649 1737 ad
1679 1704 1879 1737 audientiam
1908 1712 1964 1736 no-
1985 1712 2155 1744 ⁴Sanun-usiam-

1221 1764 1321 1791 stram
1348 1759 1566 1801 pervenisset,
1593 1759 1634 1791 ob
1660 1769 1726 1791 non
1752 1757 1910 1790 extinctas
1932 1740 2155 1813 etiiisu'ilss‘cotifflmii'i

1221 1812 1356 1845 abolitas
1382 1812 1503 1846 iudicio
1530 1812 1707 1856 episcopali
1743 1811 1964 1844 Ticinensium
1976 1797 2154 1847 ἶῖἓῖἑῗμῗιῖᾞῗω

1222 1866 1407 1909 praesulum
1433 1865 1591 1898 eiusmodi
1618 1864 1849 1904 dubitationes,
1868 1874 1966 1897 vene-

1222 1920 1341 1953 randos
1381 1918 1459 1952 tanti
1501 1918 1643 1952 doctoris
1684 1918 1835 1958 cineres,
1875 1917 1967 1960 quasi

1222 1973 1387 2012 incertos,
1423 1972 1493 2005 sine
1526 1971 1635 2005 debito
1661 1972 1788 2004 bonore
1814 1969 1965 2004 habitos:

1222 2036 1292 2066 nos,
1320 2025 1367 2058 rei
1394 2025 1550 2067 gravitate
1576 2024 1738 2067 perculsi,
1757 2023 1881 2056 litteras
1907 2033 1967 2056 no-

1222 2084 1304 2111 stras
1343 2077 1403 2110 sul)
1440 2079 1559 2111 annulo
1597 2077 1772 2110 piscatoris
1805 2077 1969 2110 die‘xxui

1222 2131 1358 2164 ianuarii
1392 2131 1529 2163 huiusce
1566 2131 1642 2163 anni
1675 2131 1713 2163 ad
1746 2129 1967 2163 venerabilem

1223 2185 1356 2217 fratrem
1372 2184 1563 2227 episcopum
1578 2183 1788 2216 Ticinensem
1807 2182 1968 2222 dedimus,

1222 2237 1249 2270 ei
1276 2237 1364 2271 serio
1390 2237 1610 2279 iniungentes‚
1636 2241 1670 2268 ut
1688 2236 1844 2268 iudicium
1864 2236 1903 2268 de
1922 2235 1970 2268 in-

1222 2297 1316 2324 vento
1335 2291 1400 2323 illic
1413 2290 1444 2322 S.
1464 2289 1633 2332 Augustini
1650 2299 1800 2332 corpore,
1818 2288 1968 2321 ulteriori

1223 2344 1380 2377 dilatione
1414 2344 1558 2383 sublata,
1593 2342 1772 2375 secundum
1804 2341 1970 2374 Deunset

1222 2397 1408 2437 veritatem,
1436 2396 1551 2429 ceteris
1577 2395 1824 2439 quaestionibus
1847 2394 1968 2427 de'alio

1222 2460 1360 2493 corpore
1387 2448 1582 2482 inveniendo
1609 2448 1762 2488 remotis,
1798 2447 1837 2480 ad
1869 2446 1968 2479 finem

1223 2502 1439 2545 perducere¹;
1468 2502 1511 2535 illi
1538 2507 1706 2545 praeterea
1724 2501 1917 2534 mandantes
1933 2504 1969 2532 ut

1223 2556 1483 2589 cavillationibus
1510 2566 1640 2595 eorum,
1671 2554 1725 2597 qui
1760 2554 1964 2587 decisionem

1262 2621 1267 2645 l
1294 2619 1393 2646 Forsan
1416 2618 1558 2653 legendum
1576 2618 1746 2652 perduceret
1766 2617 1804 2650 (R.
1823 2616 1869 2652 L).
