2170 3147
220 228 255 251 Ᾱη
289 226 305 249 ¹3
342 225 405 251 27?ss

244 503 295 523 Eius
311 502 350 521 usti«
361 503 386 522 ia.

452 217 515 249 21ss

414 275 597 308 cessorilius
624 275 744 308 nostris
770 276 933 319 vulgatae,
961 277 1156 319 praesertim

412 340 488 362 vero
514 340 736 373 ‹piaeeumque
774 330 859 363 idem
892 330 1066 363 cardinalis
1097 330 1159 363 Ma-

414 383 568 415 riscottus
606 383 637 414 in
675 383 737 415 iam
775 383 860 416 dicta
885 383 1072 417 visitatione
1099 386 1157 416 sua

414 437 615 469 observanda
643 437 816 471 mandavit.

458 491 472 532 g
498 490 528 522 5.
559 491 604 522 Ad
630 491 781 523 eumdem
808 491 930 534 pariter
955 492 1156 525 cardinalem

413 543 609 576 visitatorem
631 572 638 583 ,
666 554 753 576 nunc
779 550 810 576 et
835 545 867 577 in
895 551 1063 588 posterum
1100 546 1157 579 de-

413 597 606 640 putandum,
633 597 812 640 pertinebit
833 598 1095 632 extraiudiciates
1112 599 1158 632 in-

415 651 629 683 sot·mati‹1›nes
647 678 654 690 ,
680 651 797 694 quibus
823 658 933 685 exacte
959 652 1155 693 instruatur,

413 704 572 746 accipere,
601 709 631 736 et
657 715 818 747 quaerere
845 705 949 745 etiam,
976 711 1082 738 utrum
1109 717 1158 740 re-

414 768 527 791 cursus
554 758 593 790 ad
620 769 678 791 nos
703 758 785 799 sacti,
805 759 978 802 eidemque
998 760 1156 793 cardinali

413 812 701 852 communicandi,
729 813 776 846 vel
815 813 869 847 alii
906 814 1044 847 durante
1084 814 1156 847 visi-

415 867 535 899 tatione
558 866 709 907 Faciendi,
728 867 813 900 circa
832 878 1059 911 quoscumque
1081 868 1158 900 abu-

413 931 467 953 sus
493 924 525 952 et
551 920 695 953 desectus
722 920 754 952 in
781 921 911 954 easdem
932 921 1038 953 curias
1057 921 1158 954 intro-

413 973 527 1006 ductos
553 974 603 1006 vel
630 973 910 1014 introducendos,
944 973 1088 1007 iustitiae
1126 979 1158 1006 et

414 1026 638 1059 terminationi
665 1037 835 1059 causarum
863 1027 1054 1070 praesertim
1080 1037 1157 1072 pan-

415 1091 530 1123 perum
557 1080 754 1123 litigantium
780 1081 973 1121 obfuturos,
999 1091 1071 1114 vere
1110 1080 1157 1114 in-

413 1134 560 1166 olescere
599 1138 630 1166 et
666 1133 807 1166 existere
848 1134 1041 1178 comperiat.
1073 1134 1157 1173 Quos

412 1186 438 1219 si
465 1186 638 1220 cardinalis
666 1186 809 1219 visitator
836 1198 929 1220 veros
950 1198 1021 1221 esse
1040 1188 1157 1231 depre-

413 1241 593 1281 henderit,
619 1242 669 1273 vel
696 1241 832 1273 sortasse
858 1241 941 1274 alios
968 1241 1065 1274 etiam
1088 1242 1156 1275 sine

412 1294 648 1337 cuiuscumque
676 1304 808 1327 recursu
835 1294 867 1327 in
894 1294 992 1327 rebus
1027 1294 1157 1328 iudicia·

412 1348 467 1380 riis
494 1348 603 1390 vigere
631 1347 871 1387 observaverit,
899 1347 1005 1381 eidem
1032 1347 1156 1382 incum-

411 1401 490 1433 bere
517 1402 675 1441 volumus,
703 1406 746 1441 ut,
769 1401 806 1434 de
832 1401 984 1445 personis
1011 1402 1155 1446 actisque

413 1460 540 1488 secreto
566 1455 709 1495 edoctus,
736 1455 822 1488 unde
842 1455 1001 1489 eiusmodi
1020 1456 1154 1496 abusus,

413 1507 556 1540 debitum
582 1508 726 1541 iustitiae
753 1518 882 1541 cursum
911 1519 971 1553 pro
1004 1510 1156 1554 pauperi-

413 1563 470 1595 bus
496 1562 696 1605 litigantibus
722 1562 940 1606 impedientes
958 1590 965 1603 ,
992 1564 1152 1605 oriantur,

412 1627 468 1649 eos
494 1616 627 1649 omnino
653 1617 770 1649 tollere
795 1617 923 1656 valeat,
951 1617 1155 1662 decretisque

413 1676 444 1703 et
476 1670 602 1703 statutis
634 1670 700 1703 suis
735 1670 930 1714 opportunis
963 1672 1155 1715 prospicere

413 1735 453 1757 ne
479 1724 618 1768 amplius
637 1724 896 1765 introducantur,
916 1726 1060 1759 notarios
1078 1736 1156 1769 quo-

413 1788 488 1821 que,
517 1777 720 1817 substitutos,
739 1787 888 1811 cursores
910 1784 940 1811 ct
958 1778 1152 1819 causidicos,

412 1837 606 1874 ceterosque
633 1831 665 1863 in
687 1831 763 1864 dolo
785 1837 949 1874 repertos,
965 1832 1005 1865 ad
1029 1837 1156 1876 tempus

412 1886 451 1918 ab
478 1885 585 1918 officio
611 1885 680 1917 sine
707 1885 820 1918 ordine
848 1884 1016 1919 iudiciario
1052 1891 1084 1919 et
1118 1897 1153 1919 cx

412 1939 612 1972 conscientia
639 1938 812 1972 informata
846 1939 1047 1982 suspendere
1084 1950 1157 1983 pos-

413 1993 475 2031 sit,
505 1992 596 2035 sique
623 1995 781 2035 perpetua
814 1993 1033 2036 suspensione
1072 2004 1154 2037 opus

414 2046 523 2085 fuerit,
551 2046 589 2078 de
616 2046 678 2078 boc
704 2056 762 2079 nos
786 2047 836 2079 vel
862 2057 1072 2080 successores
1097 2058 1155 2080 no-

412 2105 496 2133 stros
527 2100 686 2133 [Romanos
713 2100 885 2134 Pontifices
911 2102 1054 2134 monitos
1082 2103 1155 2135 red-

412 2154 474 2186 dat.
491 2153 579 2191 Quod
607 2154 702 2186 etiam
731 2155 849 2187 factum
876 2155 1023 2188 volumus
1040 2183 1047 2194 ‚
1076 2166 1154 2199 quo-

413 2207 614 2249 tiescumque
652 2207 824 2248 crimina,
868 2208 985 2252 quibus
1026 2209 1155 2251 gravior

412 2270 517 2302 poena
542 2260 724 2299 debeatur,
752 2261 784 2293 in
815 2262 930 2294 cadem
968 2261 1154 2295 visitatione

412 2314 614 2354 detegentur.
630 2314 775 2358 Denique
790 2315 965 2348 cardinalis
981 2316 1154 2349 visitatoris

413 2369 540 2399 oculata
565 2368 708 2408 cognitio
743 2374 773 2401 et
807 2369 1042 2412 circumspecta
1080 2380 1154 2412 pru-

413 2419 522 2451 dentia
559 2420 652 2452 nobis
691 2421 881 2465 nostrisque
907 2422 1153 2456 successoribus

412 2483 586 2515 suggerere
629 2474 763 2506 debebit
811 2475 970 2518 quidquid
1015 2477 1153 2519 amplius

413 2532 501 2559 tanta
526 2538 576 2559 res
604 2538 663 2569 pro
691 2529 777 2560 bono
805 2529 1007 2571 reipublicae
1034 2535 1066 2563 et
1099 2541 1155 2574 po-

411 2580 480 2624 puli
508 2580 601 2612 nobis
627 2581 789 2613 commissi
824 2583 1061 2625 tranquillitate
1098 2594 1156 2626 po-

413 2635 534 2668 stulare
561 2634 734 2667 videbitur.

999 227 1179 252 ntttttsttntmt
1204 228 1221 251 R
1228 228 1360 252 Oititxttit

1246 277 1260 320 ‘g'
1285 277 1315 310 6.
1347 277 1384 311 Ut
1409 282 1514 311 autem
1536 279 1676 312 celerius
1700 283 1730 312 et
1750 278 1945 322 expeditius,

1203 342 1267 374 quo
1295 331 1364 364 lieri
1392 337 1519 376 potest,
1544 339 1615 365 vota
1642 338 1754 366 nostra
1789 332 1945 366 iustitiam

1202 392 1230 417 et
1250 385 1446 429 aequitatem
1473 386 1682 430 respicientia
1706 397 1797 419 suum
1824 387 1945 420 exitum

1202 445 1456 482 consequantur,
1476 439 1632 472 cardinali
1659 440 1817 473 visitatori
1846 441 1945 473 sacul-

1203 498 1298 526 tatem
1317 494 1523 537 impertimur
1541 494 1691 527 mandata
1709 505 1943 538 quaecumque,

1202 547 1297 579 etiam
1323 547 1411 580 vivae
1438 547 1524 580 vocis
1551 549 1682 580 oraculo
1709 558 1745 580 ex
1771 548 1865 582 nobis
1895 549 1946 582 acss

1201 606 1294 644 cepta
1313 628 1320 641 ,
1345 601 1431 641 illis,
1455 601 1495 634 ad
1522 611 1602 644 quos
1628 600 1829 644 pertinebit,
1863 603 1945 636 rose-

1202 654 1317 693 rendi,
1343 659 1375 686 et
1407 659 1560 686 oretenus
1597 665 1655 697 per
1692 665 1750 688 nos
1787 655 1945 699 imperata

1202 706 1382 740 executioni
1410 707 1608 740 mandandi:
1636 707 1752 751 quibus
1789 709 1943 742 relationi

1202 766 1233 793 et
1257 761 1419 793 mandatis
1445 761 1531 793 iussu
1557 766 1670 794 nostro
1697 761 1788 795 sactis
1813 763 1944 806 plenam

1201 820 1232 847 et
1257 815 1424 848 indubiam
1453 814 1548 848 tinem
1566 815 1606 848 ab
1625 816 1777 849 omnibus
1794 817 1943 850 adhiberi

1201 873 1232 900 et
1257 867 1396 902 firmiter
1420 869 1655 912 obtemperari,
1675 874 1836 913 tamquam
1856 881 1945 904 man-

1202 921 1283 954 datis
1299 921 1418 954 nostris
1433 922 1629 965 apostolicis,
1648 922 1781 956 omnino
1797 925 1945 958 volumus

1202 980 1234 1008 et
1259 975 1420 1008 iubemus.
1450 975 1621 1009 Praeterea
1647 976 1750 1009 eidem
1777 977 1943 1018 cardinali,

1202 1028 1348 1062 omnium
1373 1029 1537 1062 curiarum
1563 1029 1733 1070 visitatori,
1758 1029 1944 1064 facultatem

1202 1082 1253 1115 his
1277 1083 1394 1116 litteris
1420 1083 1539 1116 nostris
1566 1084 1774 1117 concedimus
1800 1084 1943 1127 eligendi

1202 1146 1262 1179 pro
1288 1136 1400 1169 eadem
1428 1136 1611 1170 visitatione
1638 1136 1797 1170 materiali
1825 1143 1856 1170 et
1882 1137 1943 1170 l'or-

1201 1188 1275 1222 mali
1302 1189 1383 1222 alios
1409 1190 1654 1223 convisitatores
1679 1201 1788 1224 rerum
1808 1191 1942 1234 peritos,

1201 1253 1258 1275 seu
1295 1244 1458 1287 praelatos
1494 1254 1550 1276 seu
1577 1243 1723 1277 forenses
1750 1250 1782 1277 et
1806 1245 1945 1278 curiales

1201 1295 1303 1337 viros,
1330 1307 1385 1329 suo
1411 1296 1562 1337 arbitrio,
1589 1308 1649 1341 pro
1675 1297 1864 1331 diversitate
1889 1309 1944 1331 cu-

1202 1350 1322 1383 riarum
1357 1350 1613 1391 visitandarum,
1648 1352 1849 1392 mutandos;
1888 1352 1944 1396 qui

1951 231 2002 257 An.
2023 231 2052 258 C.
2072 232 2138 260 ¹726

1957 322 1962 338 ι
1982 292 2035 313 Item
2052 293 2140 315 tacuna-

1966 325 1996 340 cs.

1201 1403 1449 1437 convisitatores
1467 1404 1620 1447 suffragio
1639 1405 1833 1445 consultivo,
1846 1404 1878 1438 in
1895 1415 1945 1439 re·
1995 1432 1997 1434 >

1200 1457 1259 1490 bus
1296 1462 1327 1491 ct
1363 1458 1492 1491 casibus
1528 1469 1564 1491 ex
1599 1458 1733 1492 arbitrio
1768 1458 1944 1492 visitatoris

1201 1512 1431 1555 pendentibus,
1460 1512 1640 1556 potiantur.
1657 1513 1745 1546 idem
1763 1512 1862 1546 etiam
1880 1523 1945 1546 car-

1201 1565 1316 1598 dinalis
1333 1564 1482 1599 visitator
1498 1566 1559 1599 sibi
1577 1566 1741 1599 notarium
1759 1565 1790 1599 in
1809 1576 1944 1599 munere

1200 1617 1389 1652 cancellarii
1426 1624 1531 1651 sumat
1565 1624 1596 1652 et
1633 1630 1826 1659 cursorem,
1862 1630 1944 1663 quos

1201 1684 1237 1706 ex
1264 1683 1470 1716 quacumque
1496 1673 1586 1707 curia
1611 1673 1671 1706 sibi
1698 1674 1875 1707 sumendos
1903 1674 1945 1707 iu-

1201 1725 1365 1766 dicaverit,
1386 1737 1567 1770 eorumque
1589 1728 1691 1771 opera
1708 1727 1741 1760 in
1760 1727 1944 1761 visitatione

1199 1785 1310 1812 utatur
1334 1780 1373 1812 ad
1400 1780 1639 1813 conscribenda
1660 1786 1692 1813 et
1717 1780 1836 1824 quibus
1860 1791 1943 1826 opus

1201 1833 1296 1866 suerit
1321 1834 1506 1867 nuncianda
1533 1835 1662 1868 decreta
1687 1840 1718 1868 et
1742 1840 1838 1868 acta:
1872 1846 1945 1869 eos-

1200 1887 1342 1930 demque
1368 1888 1530 1920 notarium
1558 1893 1589 1921 et
1615 1899 1782 1922 cursorem
1808 1900 1869 1932 pro
1895 1900 1943 1922 ar-

1200 1940 1319 1973 bitratu
1345 1951 1402 1974 suo
1428 1940 1564 1973 mutabit
1584 1942 1764 1975 secundum
1782 1941 1944 1975 curiarum

1200 1993 1432 2027 diversitatem.
1472 1994 1551 2027 ltem
1588 2006 1688 2038 porro
1728 1996 1876 2029 notarius
1914 2001 1944 2029 et

1200 2058 1325 2086 cursor,
1345 2059 1363 2081 a
1381 2047 1539 2081 cardinali
1567 2048 1735 2082 visitatore
1761 2060 1869 2082 secum
1897 2060 1944 2083 as-

1200 2101 1330 2144 sumpti,
1355 2107 1465 2134 exacte
1492 2107 1522 2134 et
1549 2101 1689 2135 fideliter
1710 2113 1800 2135 suum
1827 2113 1943 2136 munus

1200 2156 1232 2188 in
1257 2155 1442 2189 visitatione
1469 2155 1676 2199 exequattu·¹‚
1698 2167 1756 2199 pro
1775 2156 1944 2190 laboribus

1199 2210 1266 2243 suis
1293 2209 1436 2243 debitam
1463 2210 1648 2242 mercedem
1667 2209 1846 2254 accepturi.
1865 2210 1943 2244 Tota

1200 2269 1308 2297 autem
1326 2263 1466 2296 visitatio
1489 2264 1572 2296 intra
1593 2274 1714 2297 annum
1739 2265 1945 2308 compleatur

1199 2318 1238 2350 ab
1266 2316 1360 2349 initio
1386 2316 1456 2350 eius
1482 2317 1751 2360 computandum,
1778 2317 1870 2350 nobis
1895 2327 1944 2350 re-
1965 2340 1973 2348 .

1199 2372 1323 2402 servata
1349 2370 1499 2402 facultate
1525 2380 1594 2402 eam
1613 2369 1816 2413 prorogandi
1837 2375 1871 2402 ut
1892 2379 1943 2403 res

1199 2424 1368 2466 postulare
1396 2422 1568 2455 videbitur.

1243 2476 1257 2518 g
1283 2475 1314 2508 7.
1342 2475 1406 2508 Iam
1432 2486 1507 2508 vero
1532 2476 1672 2519 primum
1700 2475 1883 2508 huiusmodi
1903 2476 1943 2508 vi-

1199 2529 1365 2562 sitatorem
1379 2529 1567 2573 praemissis
1586 2529 1795 2562 facultatibus
1815 2529 1941 2562 muneri

1199 2583 1392 2626 opportunis
1434 2583 1642 2623 instructum,
1669 2586 1745 2626 post
1782 2587 1939 2616 maturam

1238 2647 1245 2673 l
1270 2646 1366 2681 Aptius
1386 2650 1569 2681 emequantur
1588 2648 1625 2680 (u.
1643 2646 1690 2680 T.).

2018 2478 2138 2500 eat-dinam

1954 2507 2016 2526 Petra
2045 2508 2138 2532 optimus

1954 2539 2046 2554 nmmum
2056 2533 2085 2554 ad
2096 2533 2137 2554 hoc

1953 2566 2028 2582 munna
2043 2559 2137 2587 eligitur.
