2139 3142
429 173 495 207 920

477 235 574 269 Tertii
595 234 721 268 Ordinis
746 233 886 266 eiusdem
913 233 943 265 in
968 232 1132 276 provincia

482 288 636 322 Fluminis
672 286 827 326 Ianuarii,
853 286 1032 319 inconsulto
1063 286 1133 330 ipso

476 340 636 384 generali,
664 339 821 372 removeri
846 339 961 382 possit,
986 337 1060 371 380.

386 393 543 429 CXXXVI.
585 393 769 436 Indulgetur
804 392 968 425 monachis
1007 391 1133 425 Ordinis

473 448 506 481 S.
535 447 717 491 Hieronymi
752 446 932 490 provinciae
968 445 1133 488 Portugal-

476 500 536 532 liae
573 510 648 531 usus
679 499 837 538 cucullae,
864 508 901 531 eo
938 498 1032 530 modo
1068 508 1132 542 quo

476 553 622 586 monachi
648 552 788 585 eiusdem
815 551 940 585 Ordinis
957 551 1132 594 congrega-

477 606 571 640 tionis
592 606 800 639 Lombardiae
825 610 964 648 gestant,
989 604 1066 637 5382.

385 654 557 693 CXXXVII.
575 659 812 692 Confirmantur
832 658 958 690 decreta
976 657 1131 701 quaedam

475 713 603 757 capituli
630 712 785 755 generalis
819 712 1047 745 monachorum
1080 710 1132 743 Or-

475 766 557 799 dinis
590 765 619 799 S.
651 765 835 809 Hieronymi
870 764 1132 808 Congregationis

474 819 703 861 Portugalline,
729 818 805 851 383.

385 872 567 906 CXXXVIII.
589 872 802 906 Confirmatur
827 872 946 904 erectio
964 881 1131 904 conserva-

475 926 546 959 torii
584 936 761 970 pauperum
803 926 981 969 puellarum
1022 924 1130 968 oppidi

475 980 701 1019 Guimarensis,
715 979 939 1012 Braeharensis
967 978 1131 1018 dioecesis,

475 1033 505 1065 in
531 1032 758 1066 monasterium
784 1032 881 1065 Tertii
906 1031 1032 1065 Ordinis
1058 1031 1132 1064 Car-

478 1086 656 1118 melitarum
669 1112 676 1125 ‚
696 1084 772 1118 385.

386 1139 543 1173 CXXXIX.
571 1138 770 1172 Adscribitur
795 1139 960 1171 beatorum
987 1137 1131 1180 catalogo

476 1202 566 1224 serva
584 1192 638 1224 Dei
664 1191 839 1235 Hyacintha
863 1191 902 1223 de
926 1191 1131 1231 Marescottis,

476 1244 621 1278 monialis
644 1244 739 1278 Tertii
761 1243 887 1277 Ordinis
912 1244 1009 1277 sancti
1035 1244 1132 1276 Fran-

475 1298 570 1338 cisci‚
595 1296 671 1331 389.

387 1350 472 1385 CXL.
498 1351 696 1391 Decet-nitur,
718 1356 751 1382 ut
774 1351 923 1394 deinceps
947 1351 1036 1383 locus
1061 1360 1132 1383 con-

475 1404 603 1436 sultoris
628 1414 736 1436 sacrae
755 1403 882 1436 Rituum
909 1403 1133 1446 Congregatio-

474 1457 522 1490 nis
545 1457 598 1490 uni
629 1467 665 1490 ex
695 1457 845 1490 fratribus
870 1457 994 1490 Ordinis
1019 1456 1130 1489 Servo-

474 1521 545 1543 rum
571 1510 683 1543 Beatae
707 1510 822 1542 Mariae
848 1509 985 1553 Virginis
1020 1520 1130 1542 conce-

475 1564 587 1603 datur,
613 1563 688 1596 391.

383 1617 481 1651 CXLI.
518 1616 704 1650 Extenditur
737 1617 918 1649 constitutio
955 1617 1036 1649 edita
1072 1627 1130 1660 pro

471 1670 634 1702 Tertiariis
670 1669 796 1702 OrdInis
835 1670 933 1702 sancti
971 1670 1128 1702 Francisci
1157 1693 1159 1716 Q

473 1724 511 1756 nd
532 1724 702 1757 TertIarias
716 1723 842 1756 Ordinis
867 1723 1037 1756 Servorum
1056 1723 1131 1755 Bea-

472 1783 519 1809 tae
543 1777 659 1810 Mariae
684 1777 839 1820 Virginis,
866 1776 943 1809 3922.

381 1831 493 1864 CXLII.
518 1831 704 1865 Statuuntur
729 1831 883 1864 nonnulla
900 1841 958 1874 pro
979 1836 1066 1864 recto
1087 1841 1132 1864 re·

471 1885 589 1928 gimine
615 1885 820 1928 hospitalium
847 1890 877 1917 et
901 1884 1014 1917 Montis
1035 1885 1133 1917 pieta-

472 1939 510 1969 tis
535 1938 668 1970 civitatis
690 1937 862 1978 Caesenae,
889 1937 965 1971 393.

381 1990 508 2024 CXLIII.
536 1991 720 2033 Indulgetur
755 1991 918 2023 monachis
952 1991 1133 2034 Congrega-

473 2044 566 2076 tionis
598 2043 838 2076 Vallisoletanae
871 2043 996 2077 Ordinis
1032 2045 1131 2077 sancti

472 2096 643 2137 Benedicti,
661 2102 694 2129 ut
717 2097 858 2140 ipsorum
884 2096 980 2129 abbas
1005 2107 1133 2139 genera-

472 2150 510 2181 lis
528 2150 625 2182 semel
652 2155 770 2181 tantum
789 2149 871 2182 infra
888 2149 1130 2192 quadriennium

473 2203 520 2234 sui
548 2203 642 2235 officii
674 2202 885 2235 visitationem
911 2213 1064 2246 peragere
1089 2209 1129 2235 te-

474 2262 604 2296 neatur,
630 2254 707 2288 396,

383 2308 504 2342 CXLIV.
530 2308 696 2346 Statuitur,
724 2313 756 2342 ut
781 2309 893 2341 electio
918 2309 1039 2341 abbatis
1069 2320 1140 2353 mos

983 181 1155 204 tirttntuuit

475 2361 601 2393 nasterii
624 2361 663 2393 de
684 2361 785 2394 Monte
810 2362 938 2394 Set-rato
965 2362 1133 2394 monacho-

475 2425 543 2446 rum
565 2414 690 2446 Ordinis
716 2414 812 2447 sancti
839 2415 1020 2457 Benedicti,
1046 2415 1129 2448 Cou-

474 2467 667 2509 gregationis
693 2467 948 2507 Vallisolctanae,
978 2468 1007 2500 in
1033 2475 1133 2512 poste-

476 2530 546 2551 rum
573 2526 743 2563 peragatur
763 2521 793 2552 in
818 2521 958 2563 capitulo
992 2522 1131 2562 generali

477 2572 616 2604 eiusdem
642 2572 923 2616 Congregationis,
948 2573 1025 2608 398.

1184 182 1331 203 nummula

1183 231 1293 265 CXLV.
1318 231 1553 265 Confirmantur
1571 233 1736 276 privilegia
1752 244 1770 267 a
1790 234 1937 268 Summis·

1273 284 1478 317 Pontificibus
1513 284 1757 329 Congregationi
1796 288 1929 321 clerieo-

1273 347 1343 370 rum
1369 337 1574 379 regularium,
1592 338 1645 380 qui
1661 339 1805 372 Theatini
1822 340 1938 374 dicun-⁷

1273 394 1334 430 tur,
1360 400 1527 432 concessa,
1552 390 1629 423 40¹1.

1183 443 1309 476 CXLVI.
1343 443 1529 477 Restituitur
1556 443 1707 487 pristinae
1741 455 1816 477 suae
1845 456 1925 489 pro-

1273 496 1394 529 vinciae
1429 496 1591 529 Calabriae
1626 497 1854 530 monasterium
1890 498 1929 531 de

1272 549 1460 593 Sagittario,
1486 550 1694 594 Anglonensis
1718 551 1873 584 dioecesis
1898 552 1931 585 in

1272 604 1436 647 provincia
1461 604 1644 637 Basilicatae
1665 603 1790 638 Ordinis
1815 604 1932 639 Cister-

1273 657 1404 697 ciensis,
1431 656 1508 690 4027.

1183 708 1326 742 CLXVII.
1353 710 1493 754 Erigitur
1510 710 1643 743 ecclesia
1663 710 1851 744 cathedralis
1869 710 1930 744 Lu-

1273 773 1350 795 cana
1369 762 1399 796 in
1416 762 1522 796 sedem
1540 763 1834 807 arciepiscopalem,
1849 764 1927 798 430.

1183 815 1336 850 CXLVIII.
1354 817 1541 850 Statuuntur
1558 817 1708 849 nonnulla
1726 828 1786 861 pro
1806 817 1931 851 civitate

1272 870 1449 909 Ravennae,
1464 870 1652 913 praesertim
1673 880 1768 914 super
1785 870 1869 903 illius
1887 871 1932 904 ci-

1273 922 1377 956 vitatis
1401 922 1536 966 collegio
1556 922 1865 965 iurisconsultorum,
1885 924 1929 958 lo·

1272 980 1472 1008 cumtenente
1497 976 1665 1018 legationis
1689 977 1930 1019 Romandiolae‚

1272 1039 1395 1062 necnon
1419 1034 1532 1071 agente
1557 1028 1587 1061 in
1612 1029 1695 1062 Urbe
1719 1029 1853 1064 civitatis
1871 1031 1932 1064 Ra·

1272 1082 1430 1122 vennatis,
1455 1081 1531 1115 433.

1183 1134 1310 1170 CXLIX.
1335 1136 1525 1169 Conceditur
1549 1136 1744 1180 indulgentia
1768 1137 1931 1181 plenaria,

1274 1191 1372 1222 semel
1391 1190 1421 1222 in
1440 1200 1522 1223 anno
1540 1190 1776 1233 tucrisacienda,
1793 1194 1931 1237 peregri-

1273 1243 1422 1276 nantibus
1445 1244 1483 1276 ad
1510 1244 1662 1287 capellam
1681 1244 1715 1277 B.
1735 1245 1774 1278 M.
1796 1246 1829 1278 V.
1850 1246 1929 1279 Lau-

1273 1301 1411 1337 retanae‚
1440 1296 1532 1329 sitam
1558 1296 1589 1329 in
1609 1297 1745 1341 collegio
1765 1298 1795 1331 S.
1816 1298 1933 1343 Grego-

1274 1349 1312 1382 rii
1338 1350 1528 1383 clericornm
1555 1351 1749 1393 regularium
1768 1351 1932 1385 Societatis

1275 1402 1345 1435 Iesu
1359 1403 1494 1435 civitatis
1509 1403 1687 1436 Mexicanae
1699 1404 1728 1436 in
1740 1405 1845 1447 Indus,
1856 1404 1930 1438 439.

1184 1455 1242 1489 CL.
1270 1455 1408 1499 Erigitur
1433 1457 1588 1500 hospitale
1606 1467 1665 1501 pro
1691 1458 1838 1490 curandis
1855 1470 1933 1502 pau—

1273 1510 1403 1554 peribus
1429 1510 1510 1544 tinea
1536 1516 1566 1543 et
1590 1511 1694 1544 scabie
1714 1512 1933 1546 laborantibus

1273 1563 1331 1596 sub
1348 1564 1438 1597 titulo
1450 1564 1601 1608 Deiparae
1616 1564 1753 1607 Virginis
1769 1571 1799 1598 et
1812 1565 1846 1598 B.
1863 1566 1932 1600 Gal-

1273 1617 1389 1657 licani,
1422 1618 1512 1661 eique
1546 1617 1602 1650 dos
1632 1623 1662 1650 et
1687 1618 1824 1652 ministri
1849 1619 1932 1653 adsi-

1275 1670 1451 1712 signantur,
1472 1671 1637 1714 privilegia
1662 1677 1692 1704 et
1716 1672 1933 1715 indulgentiae

1274 1723 1510 1764 conceduntur,
1535 1735 1606 1757 eum
1632 1724 1700 1757 aliis
1726 1725 1933 1760 ordinationi-

1276 1775 1353 1817 bus,
1378 1777 1455 1810 440.

1282 1830 1466 1863 Declaratur
1491 1831 1603 1864 iterum
1622 1841 1657 1864 ac
1678 1832 1846 1875 ampliatur
1861 1843 1932 1866 con-

1276 1883 1397 1916 stitutio
1412 1883 1586 1916 Innocentii
1605 1884 1659 1917 ΧΠ
1677 1884 1715 1917 de
1733 1886 1931 1929 exemptione

1276 1936 1457 1980 praesulum
1495 1936 1583 1978 regni
1609 1937 1755 1980 Neapolis
1780 1948 1795 1970 a
1821 1939 1932 1981 spoliis

1275 1989 1426 2023 Camenae
1452 1989 1648 2032 Apostolicac
1672 1990 1806 2032 debitis,
1834 1991 1911 2024 455.

1186 2042 1271 2077 CLII.
1299 2042 1485 2076 Statuuntur
1508 2043 1659 2075 nonnulla
1682 2054 1741 2087 pro
1768 2044 1932 2078 monachis

1275 2097 1409 2140 provisis
1435 2096 1472 2128 de
1490 2096 1682 2139 prioratibus
1706 2097 1932 2140 Congregatio-

1274 2151 1322 2182 nis
1347 2150 1394 2183 Ss.
1423 2150 1524 2182 Vitoni
1559 2156 1588 2182 et
1620 2151 1770 2194 Hidulphi
1806 2150 1932 2185 Ordinis

1275 2203 1372 2235 sancti
1400 2202 1579 2244 Benedicti,
1607 2202 1683 2236 458.

1186 1830 1256 1864 CLI.

1159 2283 1160 2288 ,
1186 2254 1284 2288 CLIII.
1305 2256 1528 2297 Proimilgatur
1544 2256 1739 2289 canonizatio
1757 2256 1836 2290 lieati
1853 2257 1934 2290 Thu-

1275 2309 1344 2341 ribii
1371 2308 1600 2353 archiepiscopi
1627 2310 1759 2352 Liuiani,
1784 2308 1860 2342 460.

1186 2362 1282 2396 CLIV.
1313 2362 1535 2405 Prouuilgatur
1559 2363 1754 2396 canonizatio
1775 2363 1808 2395 B.
1826 2362 1930 2396 iacobi

1276 2427 1292 2447 a
1317 2416 1454 2448 Marcbiz‘i
1480 2415 1605 2449 Ordinis
1630 2416 1786 2449 Minorum
1806 2416 1845 2448 de
1861 2415 1928 2450 Ob-

1276 2469 1433 2501 servantia
1467 2469 1548 2501 inter
1573 2475 1696 2502 sanctos
1721 2469 1829 2508 relati,
1853 2468 1929 2501 464.

1186 2521 1271 2556 CLV.
1298 2522 1522 2564 promulgatur
1537 2522 1733 2555 canonizatio
1751 2522 1785 2555 B.
1802 2521 1931 2564 Agnetis

1276 2586 1311 2607 ex
1337 2575 1441 2608 Monte
1474 2575 1627 2609 Politiano
1656 2575 1781 2608 Ordinis
1807 2573 1932 2608 Praedi-
