2170 3147
28 206 76 232 An.
94 204 122 230 C.
144 202 214 231 1725

73 2008 209 2037 Confirmatio

25 2036 86 2056 relati
100 2036 189 2055 decreti.

799 205 994 229 BENEDICTUS
1021 206 1037 229 Χ
1046 207 1077 229 ΠΙ
1104 207 1151 230 PP-

218 255 293 281 stres
315 251 490 282 alternativa
513 252 541 282 in
565 257 715 291 posterum
749 252 960 283 inviolabiliter

218 304 351 330 servetur
372 300 401 329 in
425 300 648 339 provincialatn,
673 300 836 330 custodiatu
862 305 889 330 et
912 301 960 330 de-

219 348 427 379 finitoriatibus
450 353 478 379 et
500 348 754 387 guardianatibus,
775 348 879 378 adeout
901 350 960 378 una.

219 396 281 426 vice
303 406 336 426 ex
361 401 441 436 parte
464 401 669 427 montanorum
686 397 811 435 eligatur
828 397 962 425 minister
981 411 982 426 t

219 445 407 484 provincialis
429 450 457 475 et
479 446 537 475 duo
559 445 740 481 definitores,
771 449 798 474 et
821 454 854 474 ex
879 448 960 483 parte

217 494 452 533 campesinorum
469 498 588 524 creetur
606 499 705 523 custos
727 498 755 523 et
773 493 829 522 duo
846 493 894 522 alii
914 493 961 522 de·
981 497 983 511 ²

218 542 372 579 finitores;
406 543 511 573 deinde
543 553 576 572 ex
607 543 743 572 undecim
767 541 961 571 conventibus

219 639 424 670 adscribantur
447 640 522 679 parti
555 649 589 670 ex
623 649 678 679 qua
702 639 895 668 assumendus
917 642 961 668 est

218 689 417 726 provincialis,
441 693 469 718 et
490 688 596 727 reliqui
619 697 668 718 sex
691 687 764 726 parti
787 696 822 716 ex
838 696 893 726 qua
909 687 962 716 eli-

217 737 330 775 gendus
345 742 388 767 est
410 742 526 773 cust0s3
544 737 613 767 item
636 736 831 766 confessarius
854 735 962 765 sancti-

218 786 387 816 monialium
410 786 439 816 S.
463 786 568 816 Luciae
600 785 788 825 deputabitur
821 795 854 814 ex
880 789 960 824 parte

218 834 422 873 provincialis;
445 844 479 864 ac
502 834 618 864 tandem
642 834 765 863 lectores
789 838 846 863 tam
870 833 961 872 philo-

218 983 275 1009 tem
299 980 451 1019 utriusque
480 980 586 1019 partis;
611 983 639 1009 et
667 979 695 1009 in
719 988 787 1008 casu
812 978 960 1008 vacantiae

217 1029 304 1058 unius
327 1028 370 1058 vel
394 1028 531 1065 alterius,
559 1027 726 1057 substitutio
751 1027 813 1056 sieri
843 1027 960 1057 debebit

218 1085 252 1106 ex
275 1077 327 1105 illa
351 1082 432 1115 parte
455 1077 483 1105 in
507 1078 565 1115 qua
587 1076 719 1106 vacantia
739 1076 912 1113 contigerit,
931 1076 959 1104 in
981 1097 983 1106 i

218 1125 340 1164 reliquis
362 1130 458 1154 autem
487 1125 591 1154 osticiis
617 1129 646 1154 et
672 1124 864 1160 ministeriis,
885 1125 960 1153 sicut

218 1173 248 1202 in
270 1174 437 1211 receptione
460 1173 638 1202 novitiorum
654 1172 696 1207 ,ad
720 1172 862 1206 habitum,
882 1172 959 1202 nulla

218 1221 390 1251 alternativa
414 1221 593 1259 servabitur,
610 1221 659 1250 sed
683 1221 779 1251 omnia
802 1221 881 1250 iuxta
905 1226 961 1250 stu·
981 1241 982 1251 t

219 1274 278 1299 tuta
302 1270 448 1308 generalia
464 1269 595 1306 Ordinis,
613 1274 699 1308 atque
718 1270 830 1308 praxim
854 1269 961 1299 hucus-

219 1328 275 1357 que
299 1323 443 1348 servatam
460 1317 684 1347 distribuentur.
704 1317 960 1357 Praecipimusque

219 1376 272 1406 per
283 1371 412 1396 sanctam
427 1366 636 1404 obedientiam,
651 1366 704 1395 suh
719 1367 812 1405 poena
825 1367 960 1405 privatio-

219 1513 357 1543 sratribns
370 1513 516 1552 praefatae
529 1517 645 1542 nostrae
659 1512 875 1551 provinciae‚ut
887 1513 960 1542 hane

218 1561 416 1599 concordiam,
433 1570 482 1590 seu
499 1561 718 1598 alternativam,
743 1570 757 1589 a
784 1561 880 1599 nobis,
910 1571 961 1591 au-

219 1611 350 1641 ctoritate
371 1610 540 1649 apostolica,
561 1610 765 1649 approbatam,
783 1610 959 1640 declaratam

218 1665 246 1690 et
262 1661 476 1693 confirmatam,
491 1660 659 1697 admittere,
683 1660 787 1699 exequi
807 1664 834 1689 et
849 1660 959 1689 servari
981 1688 983 1691 .

220 1714 384 1739 teneantur.
421 1710 521 1739 Datum
548 1709 667 1744 Romae,
691 1709 737 1738 die
760 1717 776 1737 v
799 1709 868 1738 maii
890 1709 959 1738 anni

218 1767 366 1789 nincexxv.
385 1777 419 1780 ——
442 1759 475 1787 G.
497 1759 682 1788 Lai-anxius
706 1768 721 1787 Α
744 1758 773 1787 S.
793 1758 960 1787 Larnmrio
982 1778 983 1787 t
1315 1789 1320 1793 ,
1451 1789 1456 1793 ,
1505 1789 1509 1794 ,
1721 1790 1726 1794 ,

982 1807 983 1811 =
1005 1793 1162 1830 quatenns
1190 1798 1270 1830 opus
1296 1794 1347 1828 sit,
1366 1799 1551 1831 provinciae
1571 1795 1601 1822 et
1618 1789 1746 1822 Ordinis

982 1841 1236 1884 'praefatorum
1271 1841 1366 1874 etiam
1403 1841 1596 1882 iuramento,
1622 1842 1742 1875 confir<

219 1808 354 1838 minister
376 1808 533 1845 generalis.
562 1807 599 1836 De
622 1807 757 1836 mandato
779 1816 847 1836 suae
867 1811 962 1845 pater-

219 1856 319 1885 nitatis
355 1855 636 1893 reverendissimae,
674 1856 763 1885 frater
799 1855 960 1885 EMMANUEL

220 1905 395 1936 Fam-mm
418 1913 472 1933 nec
495 1905 560 1942 ltro,
578 1908 682 1934 secret.
707 1913 807 1942 gener.
831 1903 959 1934 Ordinis.

219 1954 288 1984 Loco
309 1956 326 1990 †
347 1953 598 1992 stante-Regius.
624 1953 668 1983 tit.
693 1953 870 1992 provinciae.

263 2001 325 2046 §2
345 2002 421 2035 Cum
441 2009 557 2041 autem,
579 2002 661 2034 sicut
681 2002 783 2034 dictus
803 2001 960 2035 Antonius

219 2055 314 2089 nobis
339 2055 476 2088 subinde
503 2056 619 2098 exponi
645 2055 728 2095 fecit,
763 2055 832 2098 ipse
870 2066 962 2099 prae-

219 2108 326 2148 missa,
346 2119 408 2151 quo
434 2107 557 2140 firmius
575 2108 753 2141 subsistant
778 2113 809 2140 et
832 2119 961 2141 serven-

221 2167 270 2194 tur
295 2161 447 2200 exactius‚
474 2155 672 2204 apostolicae
705 2160 961 2194 confirmationis

218 2219 348 2247 nostrae
368 2213 548 2257 patrocinio
567 2213 760 2245 conununiri
787 2213 962 2256 plurimum

220 2267 407 2300 desideret:
428 2278 498 2306 nos,
517 2267 621 2310 ipsum
642 2267 814 2299 Antonium
841 2266 963 2310 specia-

220 2319 305 2353 libus
345 2320 504 2353 favoribus
530 2326 561 2352 et
587 2319 698 2362 gratiis
724 2319 876 2363 prosequi
914 2330 963 2351 vo-

219 2373 337 2413 lentes,
365 2378 397 2405 et
417 2384 433 2405 a
459 2372 625 2416 quibusvis
655 2371 963 2405 excommunicatio-

220 2426 270 2459 nis
302 2425 524 2469 suspensionis
561 2431 592 2458 et
625 2425 799 2464 interdicti,
825 2425 962 2468 aliisque

220 2479 446 2512 ecclesiasticis
465 2478 646 2518 sententiis,
666 2478 811 2510 censuris
838 2483 868 2510 et
889 2488 963 2520 poe-

220 2532 279 2572 nis,
304 2543 321 2564 a
346 2532 415 2564 inre
436 2533 484 2564 vel
509 2532 548 2564 ab
575 2531 716 2570 bomine,
737 2530 847 2573 quavis
873 2541 962 2562 occa-

220 2585 311 2620 sione
338 2585 387 2618 vel
413 2587 508 2618 causa
533 2584 614 2626 latis,
633 2584 656 2615 si
683 2583 801 2627 quibus
828 2593 962 2627 quomo-

1629 195 1693 229 205

1004 254 1127 287 dolibet
1163 254 1335 287 innodatus
1371 254 1496 295 existit,
1530 255 1570 287 ad
1597 253 1744 287 ellectum

1003 307 1223 349 praesentium
1261 307 1424 340 dumtaxat
1463 307 1741 350 consequendum,

1005 359 1118 392 barum
1156 360 1239 393 serie
1277 360 1480 393 absolventes
1506 365 1538 393 et
1563 360 1743 393 absolutum

1005 412 1073 444 sore
1114 418 1300 452 censentes,
1341 413 1634 456 supplicationibus
1674 412 1743 445 eius

1004 464 1134 496 nomine
1161 465 1253 497 nobis
1280 475 1376 507 super
1402 466 1463 498 lioc
1489 466 1654 499 humiliter
1672 477 1746 509 por-

1004 516 1102 549 rectis
1128 516 1282 556 inclinati‚
1304 517 1469 550 decretum
1497 519 1745 561 praeinsernun,

218 590 325 629 quibus
348 596 462 621 constat
485 592 614 630 praefata
638 591 801 630 provincia,
831 590 960 629 <iainque
981 584 983 602 ³
1004 574 1196 601 ‘wemmam
1229 571 1417 612 aposml'ca’
1446 576 1558 604 “³¹¹⁰OE
1591 583 1744 614 psaesen'

981 641 982 648 t
1005 621 1095 661 tium,
1123 622 1350 655 confirmamus
1376 628 1407 655 et
1431 624 1664 666 approbamus,
1684 625 1746 657 illi-

1005 685 1067 717 que
1107 674 1304 708 inviolabilis
1351 676 1547 719 apostolicae
1588 676 1744 710 firmitatis

1005 727 1103 760 robur
1128 727 1309 767 adiicimus,
1333 738 1368 760 ac
1393 739 1507 762 omnes
1540 735 1571 762 et
1601 729 1744 772 singulos

1005 779 1084 813 iuris
1122 786 1152 813 et
1189 780 1261 814 sacti
1288 781 1444 821 desectus,
1471 782 1495 814 si
1526 782 1579 825 qui
1605 783 1746 826 desuper

982 854 983 866 ι
1005 833 1254 876 quomodolibet
1277 834 1518 874 intervenerint,
1541 835 1743 878 supplemus.

217 883 337 922 sophiae
360 893 446 922 qnam
472 883 646 921 theologiae,
670 883 756 912 sicuti
781 882 960 922 praedicato·
981 894 982 898 ¹

218 941 265 961 res
286 932 507 969 conventuales,
526 932 722 961 instituantur
744 931 778 960 ad
802 930 961 969 aequalita-
981 930 982 955 ἶ

1048 887 1062 929 ξ
1087 886 1118 919 3.
1138 887 1367 926 Decernentes,
1388 887 1471 930 ipsas
1488 896 1673 931 praesentes
1696 889 1746 921 lit-

1007 945 1090 972 teras
1116 939 1232 979 firmas
1251 940 1372 973 validas
1395 946 1426 973 et
1444 941 1589 973 efficaces
1607 942 1745 976 existere

1005 998 1036 1025 et
1062 993 1142 1033 sore,
1170 1004 1310 1036 suosque
1337 995 1500 1036 plenarios
1534 1000 1566 1027 ct
1601 995 1746 1038 integros

1005 1045 1136 1078 ell'ectus
1162 1046 1271 1079 sortiri
1297 1052 1329 1079 et
1354 1047 1514 1087 obtinere,
1540 1059 1576 1080 ac
1605 1048 1682 1088 illis,
1707 1049 1745 1081 ad

1005 1109 1085 1142 quos
1112 1105 1238 1142 spectat
1263 1105 1293 1132 et
1318 1110 1376 1142 pro
1404 1106 1548 1143 tempore
1575 1102 1746 1143 spectabit,

981 1151 1035 1184 2in
1070 1152 1219 1184 omnibus
1258 1158 1290 1184 et
1321 1163 1381 1195 per
1416 1153 1520 1185 omnia
1557 1153 1747 1196 plenissime

1005 1204 1188 1247 suflragari,
1215 1210 1246 1237 et
1272 1204 1309 1237 ab
1336 1205 1381 1237 eis
1407 1207 1582 1248 respective
1615 1206 1747 1239 inviola-

1004 1257 1114 1290 biliter
1140 1257 1324 1297 observari,
1360 1258 1467 1301 sicque
1500 1258 1531 1290 in
1562 1259 1746 1302 praemissis

981 1320 1063 1352 iper
1084 1321 1304 1353 quoscumque
1341 1311 1464 1344 indices
1500 1312 1683 1345 ordinarios
1717 1318 1745 1345 et

981 1378 983 1407 j
1005 1364 1181 1406 delegatos
1219 1364 1314 1397 etiam
1341 1375 1510 1397 causarum
1542 1365 1650 1408 palatii
1676 1375 1747 1408 apo-

219 1416 264 1446 nis
286 1416 450 1445 officiorum
473 1425 505 1444 ac
528 1419 688 1454 perpetuae
710 1415 904 1445 inhabilitatis
926 1416 959 1445 ad
981 1418 983 1423 ’

218 1464 280 1503 illa,
304 1464 438 1494 omnibus
456 1468 483 1493 et
500 1464 623 1502 singulis
646 1468 703 1493 tani
721 1463 851 1503 patribus
874 1474 960 1503 quam
981 1463 983 1487 l

1004 1417 1108 1450 stolici
1126 1416 1307 1457 auditores,
1327 1417 1460 1450 iudicari
1487 1423 1519 1450 et
1544 1417 1670 1450 definiri
1697 1419 1747 1451 de-

1004 1470 1104 1510 bere,
1135 1481 1171 1503 ac
1195 1470 1323 1502 irritum
1349 1476 1379 1503 et
1405 1470 1500 1504 inane
1525 1471 1549 1504 si
1576 1482 1667 1504 secus
1694 1483 1745 1504 su-

1005 1534 1063 1566 per
1089 1523 1139 1556 liis
1164 1534 1180 1555 a
1201 1533 1377 1566 quoquam,
1405 1524 1515 1567 quavis
1541 1524 1743 1565 anctoritate,

1005 1576 1146 1609 scienter
1183 1577 1230 1609 vel
1267 1576 1465 1618 ignoranter,
1493 1578 1667 1620 contigerit
1702 1584 1746 1610 at-

1007 1630 1136 1662 tentari.

1049 1682 1064 1725 g
1089 1682 1120 1714 4.
1140 1682 1207 1715 Νοῐ]
1230 1681 1432 1715 obstantibus
1458 1683 1744 1717 constitutionibus

1005 1741 1036 1767 et
1075 1735 1335 1767 ordinationibus
1363 1736 1568 1778 apostolicis,
1594 1747 1743 1775 necnon,

1005 1893 1146 1926 litatione
1175 1893 1360 1937 apostolica,
1385 1895 1432 1927 rel
1460 1895 1571 1937 ‹piavis
1597 1895 1745 1928 firmitate

1005 1946 1065 1978 alia
1081 1946 1247 1986 roboratis,
1262 1947 1387 1979 statutis
1402 1953 1432 1979 et
1445 1948 1745 1987 consuetudinilms,

982 1993 1185 2042 'privilegiis
1223 2010 1364 2042 quoque,
1394 2001 1525 2033 indultis
1562 2007 1594 2033 et
1630 2001 1744 2034 litteris

1006 2052 1192 2094 apostolicis
1217 2052 1248 2084 iu
1274 2053 1470 2085 contrarium
1496 2054 1745 2096 praemissorum

1006 2104 1256 2148 quomodolibet
1281 2106 1454 2146 concessis,
1480 2106 1678 2139 confirmatis
1716 2113 1747 2139 et

1006 2157 1191 2197 innovatis;
1219 2158 1339 2200 quibus
1377 2159 1524 2191 omnibns
1546 2164 1576 2191 et
1601 2159 1745 2202 singulis,

1007 2214 1136 2246 illorum
1164 2219 1292 2245 tenores
1315 2212 1539 2254 praesentibus
1565 2222 1623 2255 pro
1649 2213 1746 2255 plene

1007 2272 1037 2299 et
1063 2266 1262 2298 sufficienter
1280 2265 1439 2307 expressis
1467 2276 1502 2297 ac
1529 2265 1566 2297 de
1593 2265 1689 2298 verbo
1707 2266 1745 2298 ad

1006 2319 1139 2352 verbum
1173 2317 1301 2350 insertis
1328 2318 1495 2357 babentes,
1521 2318 1582 2350 illis
1609 2318 1687 2351 alias
1715 2319 1746 2350 in

1006 2382 1062 2404 suo
1089 2372 1207 2404 robore
1233 2370 1462 2413 permansuris,
1488 2372 1527 2404 ad
1554 2372 1747 2414 praemisso-

1007 2435 1077 2456 rum
1104 2423 1263 2462 eil‘eetnm‚
1292 2423 1350 2455 bac
1377 2423 1443 2456 vice
1477 2424 1647 2464 dumtaxat,
1674 2435 1746 2467 spe-

1007 2475 1133 2508 cialiter
1159 2481 1188 2507 et
1213 2485 1365 2517 expresse
1384 2475 1599 2518 ‹lerogamus;
1616 2476 1745 2508 ceteris-

1007 2540 1070 2572 que
1096 2528 1269 2561 contrariis
1296 2528 1567 2571 quibuscumque.

1052 2582 1163 2615 Datum
1189 2581 1320 2622 Romae,
1351 2582 1435 2626 apud
1467 2581 1498 2615 S.
1520 2582 1659 2625 Petrum,
1686 2582 1743 2617 sub

1749 206 1797 231 An.
1817 205 1844 231 C.
1868 205 1937 232 1725

1782 900 1903 922 tsstauuilite.

1826 1690 1940 1714 Uarogaiio

1754 1719 1918 1736 contrariorum.
