2170 3147
7 216 191 244 An.C.1725

10 2288 120 2309 Praedicta
131 2296 180 2311 rou·

0 2317 98 2336 lroverxia
121 2317 180 2342 peni-

0 2344 29 2362 tus
47 2342 151 2363 aboletur.

787 219 980 243 Bfixfintc'rt's
1008 221 1062 243 xm
1088 221 1136 244 PP.

196 264 346 298 videlieet
387 265 495 298 dilecti
531 265 587 298 filii
625 266 726 298 nostri
764 267 934 300 Annibalis
955 268 957 313 ζ

197 319 278 352 tituli
304 318 334 351 S.
363 318 536 351 Clementis
560 318 743 362 presbyteri
777 319 807 352 S.
833 319 869 351 R.
897 319 930 352 E.
955 355 957 361 Ι

195 370 368 405 cardinalis
393 370 508 404 Albani
544 370 575 404 S.
604 371 777 404 Clementis
810 363 958 412 nuncu-j*v

195 424 270 467 pati,
297 424 506 467 eiusdemque
532 423 563 456 S.
583 423 620 456 R.
641 423 673 456 E.
692 423 872 464 camerarii,
904 431 934 457 et
955 429 957 470 ᾗ

196 477 302 510 dilecti
348 476 470 520 pariter
513 475 569 509 filii
615 476 715 509 nostri
761 477 932 509 Alexandri

195 531 226 565 S.
245 529 362 564 Mariae
383 530 414 562 in
437 529 618 569 Cosmedin,
644 529 769 562 diaconi
795 529 825 562 S.
847 529 884 562 R.
901 530 933 562 E.
955 526 956 541 ³

195 583 305 617 itidem
331 582 503 616 cardinalis
528 582 640 615 Albani
666 582 855 625 nuncupati,
878 582 933 625 qui
955 603 956 611 1

196 637 322 670 fidelem
349 636 560 678 sedulamque
587 646 721 679 operam
748 635 779 667 in
804 635 933 678 regimi-
955 631 956 644 ¹

195 700 235 723 ne
272 688 462 722 universalis
487 688 647 721 Ecclesiae
684 687 777 721 nobis
814 682 956 730 iugiter¹

194 742 384 787 impendere
410 752 473 774 non
500 741 669 782 desistunt,
688 741 817 784 suisque
842 751 933 784 prae-
954 750 955 755 ¹

194 795 289 828 claris
305 794 476 826 virtutibus
493 793 654 827 communi
678 804 790 826 eorum
810 793 931 836 patriae
954 788 955 840 J

194 859 258 881 non
283 847 444 881 modicum
469 847 675 890 splendorem
702 857 737 879 ac
758 856 931 879 ornamen-
953 843 955 862 *

195 907 260 934 tum
285 900 439 934 adiiciunt
461 899 600 943 (quibus
626 900 720 942 plane
746 898 932 942 conspicuis
953 911 954 938 j

194 954 335 988 eiusdem
373 953 510 985 civitatis
547 958 674 985 nostrae
708 951 954 990 t'rhinatensis,

194 1006 426 1051 praerogativis
464 1005 601 1045 adducti,
629 1016 693 1038 non
728 1005 769 1037 ita
803 1005 929 1049 pridem

194 1060 279 1093 illius
304 1059 572 1102 metropolitanae
599 1058 755 1091 ecclesiae
792 1063 931 1101 quatuor
952 1063 954 1086 ί

193 1112 402 1155 dignitatibus
420 1116 450 1144 et
466 1111 650 1154 quindecim
669 1109 830 1143 canonicis
845 1120 930 1153 prae-
952 1095 954 1149 i

192 1165 336 1199 sentibus
361 1171 392 1198 et
417 1164 542 1204 suturis,
568 1169 603 1195 ut
636 1170 696 1196 tam
730 1164 760 1195 in
788 1163 928 1203 civitate,
952 1156 953 1197 i

191 1229 286 1262 quam
319 1217 355 1250 in*
384 1217 523 1250 dioecesi
554 1216 769 1256 tsi-binatcnsi‚
795 1216 953 1249 absente*

194 1272 242 1305 vel
268 1277 437 1315 praesente
464 1269 721 1313 archiepiscopo,
746 1270 810 1302 sive.
837 1254 953 1305 interi

191 1326 342 1359 veniente
369 1324 500 1357 ditionis
520 1323 746 1356 Urbinateusis
770 1323 801 1355 S.
830 1323 864 1355 R.
894 1323 926 1355 E.
951 1336 953 1368 3

191 1377 376 1422 praedictae
404 1377 441 1410 de
479 1377 578 1409 latere
606 1377 727 1418 legato,
754 1376 784 1407 in
813 1376 928 1416 missis,

193 1431 333 1475 vesperis
360 1435 392 1464 et
416 1429 566 1463 laudibus
593 1429 783 1462 solemniter
816 1426 953 1478 decan-J

193 1483 308 1524 tandis,
334 1494 369 1515 ac
400 1483 493 1515 etiam
527 1483 558 1514 in
591 1482 855 1526 processionibus
881 1492 930 1514 ee-

192 1537 331 1581 terisque
357 1537 506 1570 omnibus
531 1536 760 1569 ecclesiasticis
794 1536 930 1569 functio·
951 1531 953 1552 ³

192 1591 297 1632 nibus,
325 1590 355 1623 in
381 1590 497 1634 quibus
523 1600 614 1622 saera
651 1590 851 1622 adhibentur
875 1600 952 1633 pas

192 1649 345 1684 ramenta,
371 1643 475 1683 mitra,
504 1642 642 1686 aliisque
674 1643 871 1675 indumentis
900 1647 931 1675 ct

192 1696 386 1741 paramentis
413 1702 535 1728 tantum
572 1696 610 1729 ad
647 1697 747 1728 instar
777 1697 928 1728 abbatum

191 1761 285 1783 usum
303 1750 418 1783 mitrae
446 1749 633 1782 habentium
657 1750 701 1782 uti
722 1749 822 1783 libere
842 1760 877 1782 ac
896 1749 929 1783 li-

191 1804 252 1837 cite
267 1803 401 1847 possint,
418 1809 576 1847 perpetuo
600 1803 821 1836 concessimus
838 1808 865 1836 et
885 1804 929 1835 in*

192 1857 365 1897 dulsimus·‚
385 1857 494 1900 eisque
517 1862 697 1900 practerea,
716 1862 748 1888 ut
768 1857 928 1890 incorum

191 1910 288 1944 armis
303 1917 396 1954 atque
424 1910 572 1953 insIgniis
595 1910 722 1943 mitram
749 1910 868 1954 apponi
890 1911 930 1944 sa-

191 1974 263 1997 ccrc
282 1969 313 1996 et
330 1964 448 1997 addere
468 1963 608 2004 valeant,
628 1963 789 1997 licentiam
810 1964 931 2007 pariter

191 2022 224 2050 ct
248 2017 431 2050 facultatem
457 2017 597 2060 benigne
624 2017 777 2060 impertiti
805 2027 926 2057 snmus,

192 2069 463 2113 quemadmodum
487 2070 519 2103 in
542 2069 658 2103 litteris
674 2070 860 2113 apostolicis
875 2081 930 2103 an-

191 2133 232 2156 no
251 2122 484 2156 incarnationis
503 2123 683 2156 dominicae
701 2133 872 2164 MDCCXXIV,
894 2134 929 2157 111

191 2176 262 2209 idus
284 2176 423 2219 augusti,
445 2187 460 2208 a
483 2176 576 2209 nobis
603 2176 741 2220 desuper
759 2177 929 2220 expeditis,

190 2228 317 2272 plenius
339 2240 374 2262 ac
399 2229 527 2262 uberius
549 2229 747 2272 continetur)
766 2240 771 2262 :

234 2282 249 2325 ἓ
274 2281 326 2314 Η.
349 2282 427 2315 llinc
451 2281 548 2325 igitur
566 2288 613 2314 est.
639 2283 724 2326 quod
753 2292 928 2326 nos,pr.‘1e-

191 2335 305 2368 divtsun
334 2335 418 2368 inter
443 2335 646 2368 venerabiles
681 2336 794 2369 fraires
825 2335 928 2368 archi-

189 2388 377 2432 episcopum
404 2387 649 2421 Urbinaiensem
684 2393 714 2421 et
740 2388 926 2431 episcopum

187 2441 390 2484 Eugubinum
418 2441 577 2483 vigentem
599 2442 848 2474 controversiam
867 2452 927 2485 pro

188 2500 343 2537 paternae
363 2501 490 2527 nostrae
508 2494 692 2535 vigilantiae
710 2494 818 2527 debito
837 2504 929 2537 proi·-

188 2557 240 2579 sus
267 2547 406 2580 evellere
434 2553 464 2580 et
490 2547 691 2587 submovere,
710 2557 745 2579 ac
770 2553 803 2579 ut
828 2547 926 2580 nullis

188 2610 329 2644 unquam
346 2599 459 2632 suturis
475 2599 674 2644 temporibus
692 2599 840 2633 suscitari
859 2610 928 2643 pos·

1616 212 1673 246 191

979 268 1019 300 sit
1044 274 1226 312 opportune
1263 270 1434 313 providere
1467 270 1656 314 cupientes,
1681 271 1717 304 il-

977 322 1102 364 liusque
1125 322 1391 363 circumstantias,
1409 328 1524 357 statum
1545 330 1575 357 et
1593 324 1714 362 merita,

978 384 1103 406 necnon
1130 375 1287 407 dictorum
1313 377 1497 418 praesulum
1518 382 1547 409 et
1565 387 1717 419 quorum-

977 436 1116 469 cumque
1157 427 1295 460 aliorum
1332 428 1491 461 interesse
1526 429 1715 462 habentium

955 519 956 522 Ἴ
977 477 1054 517 iura,
1082 478 1234 518 actiones,
1253 480 1394 512 rationes
1412 486 1443 513 et.
1460 482 1714 524 p1·aetensi0neS‚

978 532 1228 575 earumdemque
1248 533 1456 566 ecclesiarum
1475 534 1655 577 qualitates,
1674 536 1714 568 si-

978 583 1136 617 tuationes
1163 590 1193 617 et
1218 584 1367 626 confinia,
1403 592 1573 630 ceteraque
1607 589 1715 622 omnia

977 643 1008 670 et
1044 637 1171 680 singula
1207 639 1237 670 iu
1273 639 1461 682 praemissis
1494 645 1523 672 et
1561 640 1643 673 circa
1679 653 1715 675 ea

978 691 1161 723 necessario
1207 691 1444 734 exprimenda,
1489 694 1714 735 praesentibus

976 753 1035 786 pro
1060 744 1157 786 plene
1189 749 1219 776 et
1250 744 1450 777 sufficienter
1475 746 1632 788 expressis
1662 747 1716 778 lia-

975 795 1099 836 bentes,
1122 797 1266 828 eamdem
1293 797 1546 830 controversiam
1573 798 1604 830 in
1630 804 1714 831 statu

953 854 1007 892 vet
1033 849 1191 889 terminis,
1219 850 1250 882 in
1276 850 1394 893 quibus
1420 851 1516 883 modo
1544 851 1714 894 reperitur,

975 913 992 935 a
1017 904 1193 935 memorata
1218 902 1475 946 Congregatione
1501 903 1628 937 S.R.E.
1648 915 1716 938 car-

976 955 1134 988 dinalium
1165 955 1298 988 Concilii
1336 955 1515 988 Tridentini
1556 957 1716 1000 interpre-

953 1019 954 1056 ᾖ
975 1012 1051 1049 tum,
1067 1018 1194 1041 necnon
1210 1009 1248 1041 ab
1264 1009 1417 1042 auditoris
1433 1010 1595 1051 generalis
1610 1020 1715 1043 causa-

974 1072 1045 1093 rum
1063 1060 1213 1094 Gamerae
1233 1068 1360 1094 nostrae
1380 1062 1584 1105 Apostolicae
1606 1069 1636 1096 et
1653 1063 1716 1107 qui-

974 1115 1174 1158 buscumque
1202 1114 1272 1147 aliis
1300 1114 1525 1155 tribunalibus,
1544 1116 1575 1148 in
1601 1116 1716 1159 quibus

975 1178 1043 1201 eam
1071 1168 1177 1201 forsan
1204 1168 1316 1209 agitari
1343 1169 1554 1211 contingeret,
1582 1180 1653 1202 cum
1683 1181 1717 1204 0-

974 1221 1102 1253 mnibus
1139 1226 1170 1253 et
1207 1220 1341 1263 singulis
1378 1220 1447 1253 eius
1484 1221 1712 1264 incidentibus,

975 1274 1247 1317 dependentibus,
1287 1275 1545 1317 emergentibus,
1581 1277 1714 1310 annexis

974 1332 1005 1360 et
1030 1327 1194 1367 connexis,
1221 1332 1351 1370 totoque
1379 1327 1514 1370 negocio
1531 1328 1715 1372 principali,

951 1380 1149 1424 ,apostolica
1185 1379 1383 1420 auctoritate,
1417 1385 1528 1413 tenore
1563 1391 1715 1424 praesen-

976 1434 1064 1473 tium,
1084 1434 1121 1466 ad
1145 1444 1202 1466 nos
1219 1443 1401 1473 avocamus,
1415 1434 1568 1477 illamque
1587 1435 1714 1478 penitus

974 1500 1009 1521 ae
1045 1487 1179 1520 omnino
1217 1487 1460 1530 supprimimus,
1493 1488 1714 1531 extinguimus

974 1547 1005 1574 et
1030 1541 1209 1581 abolemus,
1231 1541 1448 1583 praestitisque
1466 1541 1714 1586 archiepiscopo

973 1594 1176 1627 l'rbinatensi
1203 1600 1232 1626 et
1255 1595 1409 1637 episcopo
1434 1594 1613 1637 Eugubino,
1641 1607 1715 1630 nec-

975 1659 1040 1681 non
1078 1648 1225 1691 capitulis
1263 1654 1292 1680 et
1328 1648 1490 1681 canonicis
1526 1650 1712 1684 earumdem

975 1701 1193 1741 ecclesiarum,
1220 1700 1432 1744 omnibusque
1458 1701 1527 1734 aliis
1552 1707 1582 1734 et
1607 1702 1713 1746 singu-

975 1754 1013 1787 lis
1039 1754 1187 1798 personis
1214 1755 1245 1786 in
1271 1754 1327 1787 lite
1355 1760 1387 1787 et
1418 1756 1512 1787 causa
1538 1756 1712 1798 praedietis

974 1808 1129 1840 interesse
1156 1807 1363 1847 habentibus,
1390 1817 1444 1840 seu
1469 1808 1713 1850 quomodolibet

975 1861 1096 1893 habere
1124 1860 1424 1903 praetendentibus,
1452 1865 1644 1904 perpetuum
1676 1873 1712 1895 ac

974 1913 1160 1947 inviolabile
1187 1912 1349 1946 silentium
1376 1913 1585 1956 imponimus.

1018 1966 1097 2010 gii).
1115 1966 1295 2005 Praeterea,
1314 1971 1401 1998 motu
1416 1967 1560 2009 proprio,
1573 1978 1608 2000 ex
1626 1970 1712 2002 certa

974 2019 1109 2052 seientia
1135 2029 1170 2052 ac
1188 2021 1309 2051 matura
1329 2018 1565 2053 deliberatione
1582 2022 1710 2063 nostris,

974 2073 1076 2116 deque
1096 2072 1291 2116 apostolieae
1310 2071 1479 2115 potestatis
1496 2073 1710 2115 plenitudine,

973 2127 1034 2159 hac
1060 2127 1170 2158 nostra
1201 2130 1361 2169 perpetuo
1396 2125 1531 2158 valitura
1560 2127 1712 2160 eonstitu-

973 2179 1058 2211 tione
1078 2178 1294 2221 praeinsertas
1312 2177 1355 2209 Pii
1383 2178 1642 2221 praedecessoris
1665 2180 1712 2213 lit·

974 2238 1067 2272 teras,
1096 2242 1131 2264 ac
1155 2230 1261 2264 onmia
1287 2236 1318 2263 et
1343 2230 1468 2273 singula
1501 2230 1532 2263 in
1562 2231 1607 2265 eis
1632 2244 1710 2266 con-

974 2291 1058 2318 tenta
1077 2290 1170 2327 alque
1189 2283 1354 2326 disposita,
1376 2284 1572 2327 amplissime
1598 2288 1713 2319 contir-

973 2348 1105 2377 mamus,
1134 2336 1352 2379 approbamus
1379 2346 1413 2369 ac
1439 2337 1642 2379 innovamus,
1674 2339 1711 2372 il-

972 2390 1076 2432 lisque
1100 2388 1296 2422 iuviolabilis
1323 2389 1521 2431 apostolicae
1555 2390 1711 2424 firmitatis

976 2447 1102 2474 nostrae
1122 2441 1194 2479 vim,
1214 2440 1314 2473 robur
1331 2446 1426 2484 atque
1444 2442 1607 2476 munimen
1633 2444 1711 2476 adii-

973 2495 1086 2533 cimus‚
1122 2497 1350 2536 :1‹·,quatenus
1386 2505 1465 2537 opus
1502 2496 1552 2535 sit,
1579 2497 1708 2529 easdem

973 2547 1095 2579 litteras
1111 2547 1260 2578 adversus
1276 2557 1516 2591 quemcumque
1533 2558 1598 2580 non
1617 2559 1706 2581 usum

972 2611 1026 2634 seu
1049 2599 1245 2634 contrarium
1265 2611 1367 2641 usum,
1386 2600 1438 2644 qui
1461 2611 1590 2645 quoquo
1611 2602 1707 2636 modo

1726 222 1911 250 An.c.i725

1768 1974 1906 1996 continuatur

1724 2002 1789 2021 inlata
1820 2002 1849 2021 Ριι
1879 2002 1904 2023 lV

1723 2030 1853 2048 cnudilutio.
