2170 3147
0 245 47 272 An.
63 243 90 270 C.
112 243 177 271 ¹721

12 983 165 1004 Contrariorum

0 1013 100 1035 erogatio.

179 290 419 334 quamprimum
450 296 638 334 praesentes
670 297 799 324 nostrae
829 292 915 323 litte-

179 354 232 376 rae
271 344 310 376 ad
347 354 459 376 eorum
503 344 654 376 notitiam
695 344 914 386 pervenerint,

178 405 290 428 omnes
316 402 348 428 et
372 397 517 439 singulos
543 401 651 439 patres
669 401 700 428 et
725 397 840 428 fratres
860 396 915 428 Or-

178 448 261 481 dinis
279 448 475 488 huiusmodi,
495 449 613 481 similia
630 449 755 481 indulta
777 459 833 481 seu
852 449 915 491 pri-

176 501 293 543 vilegia
314 501 486 540 habentes,
511 501 574 534 illis
600 512 638 534 eo
664 501 735 544 ipso
771 501 914 544 privatos

177 559 210 586 et
233 554 389 597 spoliatos
416 564 488 587 esse
514 554 693 593 declarent,
719 564 779 587 nee
804 565 916 597 quem-

177 617 272 649 quam
309 607 372 640 illis
404 607 449 639 uti
487 607 593 639 sinant
625 608 674 639 vel
708 607 915 648 permittant,

177 659 405 692 inobedientes
444 660 608 702 quoslibet
634 665 666 692 et
690 660 832 692 rebelles
859 670 916 702 op-

177 711 324 754 portunis
358 712 437 744 iuris
469 717 499 744 et
529 711 602 744 sacti
628 711 801 751 remediis,
830 712 916 745 iuxta

175 764 338 806 regularia
363 765 508 797 eiusdem
532 764 662 797 Ordinis
688 769 806 797 statuta
838 775 914 806 apo-

177 817 292 850 stolica
316 818 510 850 auctoritate
536 817 737 857 confirmata,
772 817 858 850 omni
885 823 916 850 et

177 879 379 912 quacumque
412 870 643 913 appellatione,
682 870 914 903 reclamatione

177 926 209 954 et
232 932 367 954 recursu
391 923 536 962 remotis,
564 922 816 965 compescendo.

220 975 234 1018 ἓ
258 974 288 1008 3.
314 974 383 1007 Νοῐ]
414 975 620 1008 obstantibus
644 975 853 1018 praemissis,
880 986 916 1008 ac

177 1027 341 1070 quibusvis
367 1028 484 1060 litteris
509 1028 698 1071 apostolicis
718 1039 816 1072 super
841 1039 916 1061 con-

177 1080 323 1113 cessione
348 1091 403 1113 seu
422 1081 668 1114 confirmatione
694 1081 916 1114 concessionis

178 1133 424 1175 privilegiorum
442 1133 628 1166 huiusmodi
647 1134 812 1173 emanatis,
831 1133 916 1166 aliis-

177 1196 239 1229 que
265 1187 557 1220 constitutionibus
588 1192 619 1220 et
648 1187 915 1219 ordinationibus

177 1239 386 1281 apostolicis,
407 1250 535 1273 necnon
553 1239 628 1273 dieti
654 1240 792 1278 Ordinis,
819 1240 914 1272 etiam

177 1292 372 1333 iuramento,
391 1293 636 1326 confirmatione
655 1293 845 1336 apostolica,
866 1294 914 1325 vel

177 1347 288 1388 quavis
314 1346 466 1379 firmitate
491 1347 554 1379 alia
583 1347 756 1387 roboratis,
787 1347 914 1379 statutis

177 1405 208 1431 et
232 1399 536 1439 consuetudinibus,
556 1399 737 1442 privilegiis
769 1410 911 1443 quoque,

177 1451 309 1485 indultis
335 1457 365 1484 et
389 1451 506 1485 litteris
532 1452 732 1495 apostolicis,
759 1454 818 1485 sub
845 1453 915 1496 qui-

176 1505 374 1548 buscumque
398 1506 573 1538 verborum
601 1505 768 1538 tenoribus
794 1510 824 1539 et
850 1506 914 1538 sor-

176 1558 243 1597 mis,
271 1568 307 1590 ac
333 1568 403 1590 cum
429 1559 594 1600 quibusvis
620 1558 715 1591 etiam
742 1559 914 1600 derogato-

177 1610 295 1643 riarum
322 1610 553 1653 derogatoriis,
591 1611 728 1653 aliisque
754 1611 915 1644 efficacio-

177 1663 276 1702 ribus,
292 1663 521 1696 efficacissimis
540 1669 571 1696 et
589 1664 729 1697 insolitis
747 1665 912 1705 clausulis,

176 1715 445 1760 irritantibusque
471 1722 502 1749 et
527 1717 599 1749 aliis
627 1718 785 1757 decretis,
818 1719 914 1751 etiam

177 1773 274 1808 motu,
300 1769 435 1802 seientia
460 1774 492 1802 et
516 1771 688 1812 potestatis
709 1770 913 1813 plenitudine

177 1821 331 1864 paribus,
361 1822 391 1854 in
419 1832 539 1864 genere
572 1824 621 1855 vel
648 1823 680 1854 in
707 1823 837 1866 specie,
862 1829 916 1856 aut

178 1873 256 1906 alias
283 1875 530 1917 quomodolibet
555 1875 586 1907 in
609 1877 805 1909 contrarium
823 1887 915 1919 prae-

179 1926 350 1959 missorum
387 1928 561 1969 concessis,
588 1929 785 1962 confirmatis
812 1935 842 1963 et
867 1931 915 1962 in-

180 1980 325 2021 novatis,
352 1982 471 2023 quibus
508 1983 658 2015 omnibus
695 1989 726 2015 et
761 1983 913 2026 singulis,

182 2032 306 2064 etiamsi
332 2043 391 2075 pro
417 2034 545 2066 illorum
583 2035 751 2068 sufficienti
779 2036 915 2078 deroga-

183 2084 268 2117 tione
294 2085 333 2117 de
358 2085 422 2118 illis
448 2097 625 2130 eorumque
653 2088 725 2120 totis
747 2089 914 2121 tenoribus

182 2136 342 2178 specialis,
368 2137 527 2180 specifica,
556 2149 705 2182 expressa
738 2146 768 2172 et
802 2141 915 2173 indivi-

182 2187 255 2228 dua,
283 2199 318 2220 ac
344 2189 383 2221 de
409 2191 508 2223 verbo
535 2192 573 2223 ad
598 2192 741 2232 verbum,
768 2203 831 2226 non
858 2204 914 2225 au-

183 2245 245 2273 tern
271 2251 330 2283 per
353 2243 512 2275 clausulas
544 2245 710 2285 generales
742 2245 826 2279 idom
858 2247 915 2278 im-

180 2298 366 2335 portantes,
391 2295 512 2327 mentio
539 2306 594 2328 seu
629 2297 757 2339 quaevis
784 2299 846 2330 alia
866 2309 915 2332 ex·

180 2346 304 2389 pressio
337 2347 487 2381 habenda
513 2354 566 2381 aut
590 2350 696 2393 aliqua
722 2350 783 2382 alia
809 2351 916 2394 exqui-

181 2399 242 2432 sita
283 2399 383 2433 forma
421 2401 458 2433 ad
500 2401 562 2435 hoc
604 2403 761 2436 servanda
806 2404 912 2446 soret,

180 2451 311 2485 illorum
337 2453 482 2486 omnium
501 2459 531 2487 et
552 2454 754 2498 singulorum
774 2460 914 2497 tenores,

180 2515 216 2538 ac
239 2505 264 2537 si
291 2506 329 2538 de
348 2507 449 2539 verbo
467 2507 506 2540 ad
525 2508 658 2540 verbnm
677 2508 759 2541 nibil
784 2509 915 2552 penitus

179 2557 298 2591 omisso
325 2564 357 2591 et
382 2559 484 2592 forma
509 2560 540 2592 in
567 2560 631 2593 illis
660 2561 777 2594 tradita
800 2562 914 2594 obser-

179 2613 250 2644 vata
291 2612 552 2655 exprimerentur
592 2619 623 2646 et
668 2613 911 2656 insererentur,

763 244 916 267 timenter
924 243 958 266 ὓς
983 243 1038 266 {ui
1064 244 1111 266 PF.

957 292 1186 334 praesentibus
1222 302 1282 335 pro
1315 292 1410 334 plene
1437 297 1468 325 et
1500 291 1698 325 sufficienter

957 344 1120 387 expressis
1145 350 1176 377 et
1199 345 1330 377 insertis
1346 345 1515 384 habentes,
1536 345 1600 377 illis
1619 344 1697 377 alias

957 396 989 427 in
1014 407 1071 429 suo
1098 397 1216 429 robore
1238 397 1469 440 permansuris,
1488 397 1526 429 ad
1545 396 1699 440 praemis-

957 458 1068 480 sorum
1092 448 1252 489 effectum,
1272 450 1333 482 hac
1350 449 1417 482 vice
1436 450 1609 490 dumtaxat,
1626 460 1699 492 spe-

958 499 1081 531 cialiter
1107 506 1137 532 et
1166 510 1318 543 expresse
1356 502 1575 543 derogamus,
1613 507 1700 534 cete-

958 552 1065 594 risque
1091 553 1263 586 contrariis
1289 554 1557 596 quibusmimque.

1003 605 1017 647 ξ
1045 605 1076 637 4.
1107 605 1260 638 Volumus
1290 611 1417 646 autem,
1445 612 1481 639 ut
1509 607 1697 639 earumdem

958 658 1179 700 praesentium
1196 659 1378 691 litterarum
1394 659 1614 702 transumptis,
1627 665 1686 692 etc.

1001 710 1115 742 Datum
1142 710 1274 750 Romae,
1293 712 1378 754 apud
1397 711 1428 744 S.
1448 711 1577 744 Mariam
1604 712 1699 745 Maio-

960 772 1039 802 rem,
1056 763 1115 795 sul)
1132 765 1254 796 annulo
1278 764 1461 804 piscatoris,
1486 765 1538 797 die
1557 774 1591 797 111
1610 770 1699 797 octo-

958 815 1024 848 bris
1042 826 1212 857 nncexxiv‚
1231 817 1439 860 pontificatus
1458 818 1559 851 nostri
1575 827 1660 850 anno
1676 828 1697 850 1.

996 877 1054 904 Dat.
1071 877 1116 905 die
1136 878 1152 904 3
1172 878 1290 905 octobris
1312 878 1388 912 1722,
1411 878 1512 914 pontif.
1529 886 1603 905 anno
1621 885 1638 904 1.

1238 1019 1397 1052 XXXVIII.

963 1098 1155 1131 Vimli'calm·
1171 1109 1191 1131 α
1208 1099 1383 1131 calunmiis
1398 1099 1547 1132 doctrina
1564 1100 1611 1133 Ss.
1632 1100 1702 1133 Au-

1001 1151 1130 1193 quslim‘
1153 1156 1182 1184 e!
1211 1152 1362 1191 Tliomae,
1391 1162 1491 1196 eaque
1510 1153 1605 1185 miris
1631 1153 1701 1185 Iau-

1002 1203 1097 1236 (Iz'bns
1121 1205 1286 1247 effertur?

1142 1286 1322 1313 Benedictus
1340 1287 1419 1320 Papa
1436 1287 1516 1318 xnt,

1051 1339 1176 1366 Dilectis
1195 1339 1268 1365 filiis
1288 1339 1440 1366 universis
1460 1340 1606 1367 fratribus

1002 1382 1121 1409 Ordinis
1142 1383 1386 1410 Praedicatorum
1406 1384 1628 1417 professoribus
1643 1387 1663 1410 ³.

1225 1443 1334 1471 Dilecti
1354 1444 1426 1477 filii,

991 1488 1123 1516 salutem
1143 1491 1174 1515 et
1194 1488 1392 1521 apostolicam
1410 1489 1664 1517 benedictionem.

1002 1557 1164 1590 Demissas
1189 1569 1305 1601 preces
1332 1564 1363 1591 et
1389 1559 1600 1602 aequissimas
1626 1570 1700 1592 con-

957 1664 1154 1707 Augustinus
1177 1665 1267 1707 Pipia
1285 1664 1382 1697 totius
1398 1665 1526 1697 Ordinis
1543 1666 1698 1708 magister

958 1718 1141 1759 generalis,
1168 1717 1343 1760 religiosae
1368 1717 1452 1750 vitae
1478 1719 1635 1761 exemplis
1660 1729 1695 1751 ac

957 1770 1102 1803 doctrina
1138 1771 1378 1814 prudentiaque
1414 1772 1698 1804 commendatissi-

958 1834 1037 1862 mas,
1063 1823 1203 1866 supplici
1229 1824 1342 1856 libello
1368 1824 1406 1856 ad
1432 1834 1491 1856 nos
1513 1825 1641 1865 detulit,
1661 1827 1698 1857 ea

957 1876 1159 1918 benignitate
1194 1877 1355 1919 complexi
1389 1887 1510 1916 sumuS,
1543 1888 1638 1921 quam
1668 1883 1699 1910 et

958 1936 1063 1962 vestra
1087 1929 1117 1961 in
1137 1930 1330 1962 catholicam
1351 1930 1543 1973 religionem
1568 1932 1699 1973 amplis-

958 1982 1037 2015 sima
1070 1983 1206 2020 merita,
1232 1988 1264 2015 et
1296 1988 1424 2022 nostra,
1451 1994 1546 2026 quam
1573 1985 1697 2016 dudum

958 2036 1094 2078 professi
1121 2046 1253 2076 sumus,
1279 2046 1355 2078 erga
1386 2036 1541 2069 Ordinem
1567 2037 1699 2070 Praedi-

958 2094 1101 2121 catorum
1128 2090 1338 2122 observantia
1356 2089 1473 2130 filialis,
1499 2095 1698 2133 nostraeque

958 2142 1088 2174 demum
1121 2142 1296 2174 humilitati
1330 2142 1516 2186 impositum
1542 2148 1697 2185 paternae

958 2193 1125 2226 charitatis
1150 2200 1181 2227 et
1206 2194 1437 2227 sollicitudinis
1473 2195 1614 2228 officium
1639 2206 1698 2238 po-

958 2247 1134 2279 stillabant.

995 2361 1005 2386 1
1029 2359 1141 2394 [leliqua
1161 2364 1189 2386 ut
1208 2368 1289 2396 supra
1310 2368 1371 2395 pag.
1394 2361 1427 2387 tif}
1446 2371 1463 2388 a
1485 2363 1521 2396 (R.
1542 2363 1589 2393 Τ.).

993 2403 1008 2429 Ξ
1030 2404 1065 2430 lte
1085 2404 1208 2430 laudibus
1224 2404 1362 2431 doctrinae
1376 2406 1414 2432 Ss·
1431 2406 1568 2441 Augustini
1585 2411 1611 2433 et
1625 2406 1698 2433 Tho-

958 2455 1016 2474 mae
1038 2448 1163 2481 legantur
1190 2450 1399 2476 constitutiones
1429 2450 1465 2476 Pii
1488 2451 1508 2477 V
1528 2455 1554 2477 ct
1574 2451 1696 2478 Clemen-

958 2491 990 2517 tis
1012 2491 1079 2523 t'llt,
1101 2500 1170 2526 quae
1187 2493 1230 2518 hic
1250 2493 1377 2519 citantur.

991 2535 1007 2561 3
1029 2535 1235 2570 inscriptionem
1256 2536 1324 2562 hanc
1345 2537 1512 2564 desumimus
1528 2547 1557 2564 ex
1581 2538 1695 2565 Bullario

956 2578 1062 2604 Ordinis
1082 2579 1194 2605 fratrum
1216 2580 1455 2613 Praedicatornm,
1476 2582 1520 2607 uhi
1543 2581 1624 2608 Breve
1645 2581 1695 2608 hoc

956 2623 1090 2658 reperitur
1110 2623 1135 2649 in
1157 2626 1220 2650 tom.
1242 2630 1284 2657 vi,
1304 2632 1365 2659 pag.
1386 2625 1438 2652 545
1456 2627 1495 2659 (a.
1512 2626 1561 2658 τ.).

1591 234 1655 267 toa
1703 244 1754 269 An.
1776 244 1793 268 c
1825 243 1891 270 ιτς-ἐ

1751 619 1813 639 Fidi-s
1837 622 1895 639 irath

1690 659 1698 675 ί
1710 650 1798 672 sttuiplavt
1807 653 1847 666 uui.

1773 1567 1892 1592 [induuntur

1709 1594 1792 1614 lium-ae
1817 1596 1891 1614 Oriliui

958 1610 1144 1653 questiones
1169 1616 1301 1651 vestras,
1329 1622 1409 1654 quas
1446 1612 1583 1645 dilectus
1610 1612 1891 1645 filius121.=·-·1·1·n¹0ru·u.
