<?xml version="1.0" encoding="UTF-8"?>
<!DOCTYPE html PUBLIC "-//W3C//DTD XHTML 1.0 Transitional//EN"
    "http://www.w3.org/TR/xhtml1/DTD/xhtml1-transitional.dtd">
<html xmlns="http://www.w3.org/1999/xhtml" xml:lang="en" lang="en">
 <head>
  <title>
</title>
<meta http-equiv="Content-Type" content="text/html;charset=utf-8" />
  <meta name='ocr-system' content='tesseract 3.04.00' />
  <meta name='ocr-capabilities' content='ocr_page ocr_carea ocr_par ocr_line ocrx_word'/>
</head>
<body>
  <div class='ocr_page' id='page_1' title='image "./bullarumdiplomat22cath_0170.png"; bbox 0 0 2170 3147; ppageno 0'>
   <div class='ocr_carea' id='block_1_1' title="bbox 235 201 534 239">
    <p class='ocr_par' dir='ltr' id='par_1_1' title="bbox 235 201 534 239">
     <span class='ocr_line' id='line_1_1' title="bbox 235 201 534 239; baseline -0.013 -2"><span class='ocrx_word' id='word_1_1' title='bbox 235 212 285 239; x_wconf 77' lang='grc' dir='ltr'>Αη.</span> <span class='ocrx_word' id='word_1_2' title='bbox 304 211 332 237; x_wconf 75' lang='lat' dir='ltr'>e.</span> <span class='ocrx_word' id='word_1_3' title='bbox 359 210 424 236; x_wconf 65' lang='lat'>17-25</span> <span class='ocrx_word' id='word_1_4' title='bbox 472 201 534 234; x_wconf 39' lang='lat' dir='ltr'>*ta-2</span> 
     </span>
    </p>
   </div>
   <div class='ocr_carea' id='block_1_2' title="bbox 231 1115 413 1168">
    <p class='ocr_par' dir='ltr' id='par_1_2' title="bbox 231 1115 413 1168">
     <span class='ocr_line' id='line_1_2' title="bbox 263 1115 413 1136; baseline 0 -1"><span class='ocrx_word' id='word_1_5' title='bbox 263 1115 413 1136; x_wconf 55' lang='lat' dir='ltr'>harumna-ma</span> 
     </span>
     <span class='ocr_line' id='line_1_3' title="bbox 231 1144 356 1168; baseline 0 -6"><span class='ocrx_word' id='word_1_6' title='bbox 231 1144 356 1168; x_wconf 55' lang='lat' dir='ltr'>[emiliam-s.</span> 
     </span>
    </p>
   </div>
   <div class='ocr_carea' id='block_1_3' title="bbox 425 253 1172 2640">
    <p class='ocr_par' dir='ltr' id='par_1_3' title="bbox 425 253 1169 1095">
     <span class='ocr_line' id='line_1_4' title="bbox 426 253 1167 301; baseline -0.005 -12"><span class='ocrx_word' id='word_1_7' title='bbox 426 263 491 291; x_wconf 73' lang='lat' dir='ltr'>etat</span> <span class='ocrx_word' id='word_1_8' title='bbox 515 263 545 291; x_wconf 87' lang='lat' dir='ltr'>et</span> <span class='ocrx_word' id='word_1_9' title='bbox 571 268 630 301; x_wconf 89' lang='lat' dir='ltr'>pro</span> <span class='ocrx_word' id='word_1_10' title='bbox 657 261 803 299; x_wconf 86' lang='lat' dir='ltr'>tempore</span> <span class='ocrx_word' id='word_1_11' title='bbox 841 253 1001 298; x_wconf 72' lang='lat' dir='ltr'>spectabit</span> <span class='ocrx_word' id='word_1_12' title='bbox 1031 263 1167 297; x_wconf 88' lang='lat' dir='ltr'>quomo-</span> 
     </span>
     <span class='ocr_line' id='line_1_5' title="bbox 426 307 1166 348; baseline -0.008 -4"><span class='ocrx_word' id='word_1_13' title='bbox 426 312 550 344; x_wconf 84' lang='lat' dir='ltr'>dolibet</span> <span class='ocrx_word' id='word_1_14' title='bbox 575 311 605 343; x_wconf 90' lang='lat' dir='ltr'>iu</span> <span class='ocrx_word' id='word_1_15' title='bbox 633 311 784 348; x_wconf 82' lang='lat' dir='ltr'>futurum,</span> <span class='ocrx_word' id='word_1_16' title='bbox 809 308 1043 341; x_wconf 87' lang='lat' dir='ltr'>inviolabiliter</span> <span class='ocrx_word' id='word_1_17' title='bbox 1067 312 1099 340; x_wconf 90' lang='lat' dir='ltr'>et</span> <span class='ocrx_word' id='word_1_18' title='bbox 1117 307 1166 338; x_wconf 90' lang='lat' dir='ltr'>iu-</span> 
     </span>
     <span class='ocr_line' id='line_1_6' title="bbox 425 360 1167 404; baseline -0.007 -8"><span class='ocrx_word' id='word_1_19' title='bbox 425 374 580 396; x_wconf 82' lang='lat' dir='ltr'>coneusse</span> <span class='ocrx_word' id='word_1_20' title='bbox 606 362 793 401; x_wconf 86' lang='lat' dir='ltr'>observari,</span> <span class='ocrx_word' id='word_1_21' title='bbox 814 361 924 404; x_wconf 84' lang='lat' dir='ltr'>sicque</span> <span class='ocrx_word' id='word_1_22' title='bbox 942 365 973 393; x_wconf 91' lang='lat' dir='ltr'>et</span> <span class='ocrx_word' id='word_1_23' title='bbox 991 370 1054 392; x_wconf 88' lang='lat' dir='ltr'>non</span> <span class='ocrx_word' id='word_1_24' title='bbox 1073 360 1167 392; x_wconf 86' lang='lat' dir='ltr'>aliter</span> 
     </span>
     <span class='ocr_line' id='line_1_7' title="bbox 425 413 1166 459; baseline -0.005 -10"><span class='ocrx_word' id='word_1_25' title='bbox 425 417 457 450; x_wconf 88' lang='lat' dir='ltr'>in</span> <span class='ocrx_word' id='word_1_26' title='bbox 483 416 672 459; x_wconf 73' lang='lat' dir='ltr'>praemissis</span> <span class='ocrx_word' id='word_1_27' title='bbox 698 426 757 458; x_wconf 89' lang='lat' dir='ltr'>per</span> <span class='ocrx_word' id='word_1_28' title='bbox 783 424 1010 458; x_wconf 83' lang='lat' dir='ltr'>quoscumque</span> <span class='ocrx_word' id='word_1_29' title='bbox 1041 413 1166 445; x_wconf 85' lang='lat' dir='ltr'>iudices</span> 
     </span>
     <span class='ocr_line' id='line_1_8' title="bbox 426 467 1166 510; baseline -0.005 -8"><span class='ocrx_word' id='word_1_30' title='bbox 426 469 608 502; x_wconf 83' lang='lat' dir='ltr'>ordinarios</span> <span class='ocrx_word' id='word_1_31' title='bbox 634 474 665 501; x_wconf 89' lang='lat' dir='ltr'>et</span> <span class='ocrx_word' id='word_1_32' title='bbox 684 469 861 510; x_wconf 79' lang='lat' dir='ltr'>delegatos,</span> <span class='ocrx_word' id='word_1_33' title='bbox 880 467 977 500; x_wconf 86' lang='lat' dir='ltr'>etiam</span> <span class='ocrx_word' id='word_1_34' title='bbox 995 476 1166 499; x_wconf 85' lang='lat' dir='ltr'>causarum</span> 
     </span>
     <span class='ocr_line' id='line_1_9' title="bbox 425 519 1164 565; baseline -0.004 -11"><span class='ocrx_word' id='word_1_35' title='bbox 425 522 538 565; x_wconf 87' lang='lat' dir='ltr'>palatii</span> <span class='ocrx_word' id='word_1_36' title='bbox 564 521 737 564; x_wconf 87' lang='lat' dir='ltr'>apostolici</span> <span class='ocrx_word' id='word_1_37' title='bbox 763 521 939 559; x_wconf 77' lang='lat' dir='ltr'>auditores,</span> <span class='ocrx_word' id='word_1_38' title='bbox 967 531 1003 552; x_wconf 83' lang='lat' dir='ltr'>ae</span> <span class='ocrx_word' id='word_1_39' title='bbox 1024 519 1055 551; x_wconf 85' lang='lat' dir='ltr'>S.</span> <span class='ocrx_word' id='word_1_40' title='bbox 1077 519 1113 551; x_wconf 82' lang='lat' dir='ltr'>R.</span> <span class='ocrx_word' id='word_1_41' title='bbox 1130 519 1164 551; x_wconf 88' lang='lat' dir='ltr'>E.</span> 
     </span>
     <span class='ocr_line' id='line_1_10' title="bbox 428 573 1165 615; baseline -0.005 -7"><span class='ocrx_word' id='word_1_42' title='bbox 428 575 622 613; x_wconf 77' lang='lat' dir='ltr'>cardinales,</span> <span class='ocrx_word' id='word_1_43' title='bbox 648 574 743 606; x_wconf 88' lang='lat' dir='ltr'>etiam</span> <span class='ocrx_word' id='word_1_44' title='bbox 770 574 808 606; x_wconf 91' lang='lat' dir='ltr'>de</span> <span class='ocrx_word' id='word_1_45' title='bbox 846 574 945 606; x_wconf 83' lang='lat' dir='ltr'>latere</span> <span class='ocrx_word' id='word_1_46' title='bbox 979 573 1103 615; x_wconf 87' lang='lat' dir='ltr'>legatos</span> <span class='ocrx_word' id='word_1_47' title='bbox 1138 578 1165 604; x_wconf 89' lang='lat' dir='ltr'>et</span> 
     </span>
     <span class='ocr_line' id='line_1_11' title="bbox 428 625 1169 671; baseline -0.004 -11"><span class='ocrx_word' id='word_1_48' title='bbox 428 627 634 671; x_wconf 75' lang='lat' dir='ltr'>Apostolicae</span> <span class='ocrx_word' id='word_1_49' title='bbox 660 627 750 659; x_wconf 86' lang='lat' dir='ltr'>Sedis</span> <span class='ocrx_word' id='word_1_50' title='bbox 769 626 916 665; x_wconf 83' lang='lat' dir='ltr'>nuncios,</span> <span class='ocrx_word' id='word_1_51' title='bbox 934 625 1053 658; x_wconf 86' lang='lat' dir='ltr'>aliosve</span> <span class='ocrx_word' id='word_1_52' title='bbox 1072 636 1169 669; x_wconf 89' lang='lat' dir='ltr'>quos-</span> 
     </span>
     <span class='ocr_line' id='line_1_12' title="bbox 427 678 1167 723; baseline -0.001 -11"><span class='ocrx_word' id='word_1_53' title='bbox 427 680 507 713; x_wconf 87' lang='lat' dir='ltr'>libet</span> <span class='ocrx_word' id='word_1_54' title='bbox 532 680 643 723; x_wconf 87' lang='lat' dir='ltr'>quavis</span> <span class='ocrx_word' id='word_1_55' title='bbox 665 678 922 722; x_wconf 77' lang='lat' dir='ltr'>praeeminentia</span> <span class='ocrx_word' id='word_1_56' title='bbox 949 684 980 711; x_wconf 87' lang='lat' dir='ltr'>et</span> <span class='ocrx_word' id='word_1_57' title='bbox 1005 683 1167 722; x_wconf 73' lang='lat' dir='ltr'>potestate</span> 
     </span>
     <span class='ocr_line' id='line_1_13' title="bbox 427 731 1169 776; baseline -0.003 -11"><span class='ocrx_word' id='word_1_58' title='bbox 427 734 600 776; x_wconf 75' lang='lat' dir='ltr'>fungentes</span> <span class='ocrx_word' id='word_1_59' title='bbox 627 738 657 765; x_wconf 85' lang='lat' dir='ltr'>et</span> <span class='ocrx_word' id='word_1_60' title='bbox 684 733 861 771; x_wconf 85' lang='lat' dir='ltr'>snncturos,</span> <span class='ocrx_word' id='word_1_61' title='bbox 899 731 1026 765; x_wconf 81' lang='lat' dir='ltr'>sublata</span> <span class='ocrx_word' id='word_1_62' title='bbox 1058 731 1105 763; x_wconf 87' lang='lat' dir='ltr'>eis</span> <span class='ocrx_word' id='word_1_63' title='bbox 1138 736 1169 763; x_wconf 85' lang='lat' dir='ltr'>et</span> 
     </span>
     <span class='ocr_line' id='line_1_14' title="bbox 426 784 1167 828; baseline -0.004 -9"><span class='ocrx_word' id='word_1_64' title='bbox 426 797 537 820; x_wconf 86' lang='lat' dir='ltr'>eorum</span> <span class='ocrx_word' id='word_1_65' title='bbox 563 786 696 819; x_wconf 81' lang='lat' dir='ltr'>cuilibet</span> <span class='ocrx_word' id='word_1_66' title='bbox 732 785 842 828; x_wconf 79' lang='lat' dir='ltr'>quavis</span> <span class='ocrx_word' id='word_1_67' title='bbox 875 784 969 817; x_wconf 85' lang='lat' dir='ltr'>aliter</span> <span class='ocrx_word' id='word_1_68' title='bbox 1005 784 1167 817; x_wconf 88' lang='lat' dir='ltr'>iudicandi</span> 
     </span>
     <span class='ocr_line' id='line_1_15' title="bbox 427 838 1166 882; baseline -0.003 -10"><span class='ocrx_word' id='word_1_69' title='bbox 427 845 457 872; x_wconf 89' lang='lat' dir='ltr'>et</span> <span class='ocrx_word' id='word_1_70' title='bbox 475 838 712 882; x_wconf 87' lang='lat' dir='ltr'>interpretandi</span> <span class='ocrx_word' id='word_1_71' title='bbox 732 838 882 871; x_wconf 82' lang='lat' dir='ltr'>facultate</span> <span class='ocrx_word' id='word_1_72' title='bbox 903 848 940 871; x_wconf 90' lang='lat' dir='ltr'>ae</span> <span class='ocrx_word' id='word_1_73' title='bbox 965 838 1166 878; x_wconf 87' lang='lat' dir='ltr'>auctoritate,</span> 
     </span>
     <span class='ocr_line' id='line_1_16' title="bbox 426 891 1167 932; baseline -0.001 -8"><span class='ocrx_word' id='word_1_74' title='bbox 426 892 561 926; x_wconf 88' lang='lat' dir='ltr'>iudicari</span> <span class='ocrx_word' id='word_1_75' title='bbox 588 896 618 926; x_wconf 89' lang='lat' dir='ltr'>et</span> <span class='ocrx_word' id='word_1_76' title='bbox 643 891 771 925; x_wconf 81' lang='lat' dir='ltr'>deliniri</span> <span class='ocrx_word' id='word_1_77' title='bbox 805 891 940 932; x_wconf 89' lang='lat' dir='ltr'>debere,</span> <span class='ocrx_word' id='word_1_78' title='bbox 969 902 1006 925; x_wconf 83' lang='lat' dir='ltr'>ac</span> <span class='ocrx_word' id='word_1_79' title='bbox 1041 891 1167 924; x_wconf 89' lang='lat' dir='ltr'>irritum</span> 
     </span>
     <span class='ocr_line' id='line_1_17' title="bbox 426 944 1167 988; baseline -0.003 -10"><span class='ocrx_word' id='word_1_80' title='bbox 426 951 456 978; x_wconf 91' lang='lat' dir='ltr'>et</span> <span class='ocrx_word' id='word_1_81' title='bbox 489 946 584 978; x_wconf 88' lang='lat' dir='ltr'>inane</span> <span class='ocrx_word' id='word_1_82' title='bbox 618 945 644 978; x_wconf 88' lang='lat' dir='ltr'>si</span> <span class='ocrx_word' id='word_1_83' title='bbox 681 944 758 988; x_wconf 89' lang='lat' dir='ltr'>quid</span> <span class='ocrx_word' id='word_1_84' title='bbox 795 955 887 977; x_wconf 89' lang='lat' dir='ltr'>secus</span> <span class='ocrx_word' id='word_1_85' title='bbox 924 955 1022 988; x_wconf 89' lang='lat' dir='ltr'>super</span> <span class='ocrx_word' id='word_1_86' title='bbox 1059 944 1110 977; x_wconf 89' lang='lat' dir='ltr'>his</span> <span class='ocrx_word' id='word_1_87' title='bbox 1151 955 1167 976; x_wconf 88' lang='lat' dir='ltr'>a</span> 
     </span>
     <span class='ocr_line' id='line_1_18' title="bbox 425 997 1168 1042; baseline -0.001 -12"><span class='ocrx_word' id='word_1_88' title='bbox 425 1009 602 1042; x_wconf 86' lang='lat' dir='ltr'>quoquam,</span> <span class='ocrx_word' id='word_1_89' title='bbox 631 998 741 1041; x_wconf 85' lang='lat' dir='ltr'>quavis</span> <span class='ocrx_word' id='word_1_90' title='bbox 781 998 986 1037; x_wconf 85' lang='lat' dir='ltr'>auctoritate,</span> <span class='ocrx_word' id='word_1_91' title='bbox 1027 997 1168 1030; x_wconf 78' lang='lat' dir='ltr'>scienter</span> 
     </span>
     <span class='ocr_line' id='line_1_19' title="bbox 426 1050 1091 1095; baseline -0.005 -10"><span class='ocrx_word' id='word_1_92' title='bbox 426 1053 475 1085; x_wconf 82' lang='lat' dir='ltr'>vel</span> <span class='ocrx_word' id='word_1_93' title='bbox 501 1052 701 1095; x_wconf 78' lang='lat' dir='ltr'>ignoranter,</span> <span class='ocrx_word' id='word_1_94' title='bbox 727 1051 901 1094; x_wconf 87' lang='lat' dir='ltr'>eontigerit</span> <span class='ocrx_word' id='word_1_95' title='bbox 925 1050 1091 1084; x_wconf 87' lang='lat' dir='ltr'>attentari.</span> 
     </span>
    </p>

    <p class='ocr_par' dir='ltr' id='par_1_4' title="bbox 425 1103 1172 2640">
     <span class='ocr_line' id='line_1_20' title="bbox 469 1103 1168 1148; baseline -0.003 -10"><span class='ocrx_word' id='word_1_96' title='bbox 469 1106 483 1148; x_wconf 65' lang='lat' dir='ltr'>g</span> <span class='ocrx_word' id='word_1_97' title='bbox 509 1104 539 1138; x_wconf 83' lang='lat'>8.</span> <span class='ocrx_word' id='word_1_98' title='bbox 567 1104 636 1138; x_wconf 90' lang='lat' dir='ltr'>Non</span> <span class='ocrx_word' id='word_1_99' title='bbox 661 1104 865 1137; x_wconf 71' lang='lat' dir='ltr'>obstantibus</span> <span class='ocrx_word' id='word_1_100' title='bbox 891 1104 1106 1148; x_wconf 78' lang='lat' dir='ltr'>praeinsertis</span> <span class='ocrx_word' id='word_1_101' title='bbox 1128 1103 1168 1136; x_wconf 75' lang='lat' dir='ltr'>A·</span> 
     </span>
     <span class='ocr_line' id='line_1_21' title="bbox 426 1156 1168 1200; baseline -0.003 -9"><span class='ocrx_word' id='word_1_102' title='bbox 426 1158 572 1191; x_wconf 83' lang='lat' dir='ltr'>lexandri</span> <span class='ocrx_word' id='word_1_103' title='bbox 587 1158 623 1190; x_wconf 83' lang='lat' dir='ltr'>IV</span> <span class='ocrx_word' id='word_1_104' title='bbox 645 1164 676 1191; x_wconf 90' lang='lat' dir='ltr'>et</span> <span class='ocrx_word' id='word_1_105' title='bbox 695 1157 870 1191; x_wconf 86' lang='lat' dir='ltr'>Clementis</span> <span class='ocrx_word' id='word_1_106' title='bbox 894 1157 1005 1190; x_wconf 90' lang='lat' dir='ltr'>itidem</span> <span class='ocrx_word' id='word_1_107' title='bbox 1026 1156 1063 1189; x_wconf 94' lang='lat' dir='ltr'>lV</span> <span class='ocrx_word' id='word_1_108' title='bbox 1082 1167 1168 1200; x_wconf 88' lang='lat' dir='ltr'>prae-</span> 
     </span>
     <span class='ocr_line' id='line_1_22' title="bbox 426 1210 1167 1254; baseline 0 -10"><span class='ocrx_word' id='word_1_109' title='bbox 426 1212 635 1245; x_wconf 86' lang='lat' dir='ltr'>decessorum</span> <span class='ocrx_word' id='word_1_110' title='bbox 660 1211 790 1251; x_wconf 91' lang='lat' dir='ltr'>litteris,</span> <span class='ocrx_word' id='word_1_111' title='bbox 810 1216 842 1243; x_wconf 85' lang='lat' dir='ltr'>et</span> <span class='ocrx_word' id='word_1_112' title='bbox 861 1211 899 1244; x_wconf 90' lang='lat' dir='ltr'>de</span> <span class='ocrx_word' id='word_1_113' title='bbox 924 1210 994 1243; x_wconf 89' lang='lat' dir='ltr'>iure</span> <span class='ocrx_word' id='word_1_114' title='bbox 1019 1210 1167 1254; x_wconf 83' lang='lat' dir='ltr'>quaesito</span> 
     </span>
     <span class='ocr_line' id='line_1_23' title="bbox 425 1263 1168 1305; baseline -0.001 -8"><span class='ocrx_word' id='word_1_115' title='bbox 425 1274 492 1297; x_wconf 91' lang='lat' dir='ltr'>non</span> <span class='ocrx_word' id='word_1_116' title='bbox 519 1263 674 1305; x_wconf 88' lang='lat' dir='ltr'>tollendo,</span> <span class='ocrx_word' id='word_1_117' title='bbox 701 1274 737 1296; x_wconf 87' lang='lat' dir='ltr'>ae</span> <span class='ocrx_word' id='word_1_118' title='bbox 762 1264 858 1297; x_wconf 81' lang='lat' dir='ltr'>certis</span> <span class='ocrx_word' id='word_1_119' title='bbox 889 1263 1012 1297; x_wconf 88' lang='lat' dir='ltr'>nostris</span> <span class='ocrx_word' id='word_1_120' title='bbox 1038 1268 1068 1296; x_wconf 90' lang='lat' dir='ltr'>et</span> <span class='ocrx_word' id='word_1_121' title='bbox 1089 1263 1168 1296; x_wconf 88' lang='lat' dir='ltr'>Can-</span> 
     </span>
     <span class='ocr_line' id='line_1_24' title="bbox 425 1317 1168 1361; baseline -0.001 -10"><span class='ocrx_word' id='word_1_122' title='bbox 425 1318 575 1351; x_wconf 84' lang='lat' dir='ltr'>cellariae</span> <span class='ocrx_word' id='word_1_123' title='bbox 613 1317 820 1361; x_wconf 86' lang='lat' dir='ltr'>Apostolicae</span> <span class='ocrx_word' id='word_1_124' title='bbox 858 1318 991 1361; x_wconf 83' lang='lat' dir='ltr'>regulis,</span> <span class='ocrx_word' id='word_1_125' title='bbox 1029 1317 1168 1360; x_wconf 88' lang='lat' dir='ltr'>aliisque</span> 
     </span>
     <span class='ocr_line' id='line_1_25' title="bbox 428 1370 1168 1415; baseline 0 -12"><span class='ocrx_word' id='word_1_126' title='bbox 428 1370 615 1415; x_wconf 86' lang='lat' dir='ltr'>apostolicis</span> <span class='ocrx_word' id='word_1_127' title='bbox 640 1381 676 1404; x_wconf 86' lang='lat' dir='ltr'>ac</span> <span class='ocrx_word' id='word_1_128' title='bbox 710 1372 742 1404; x_wconf 95' lang='lat' dir='ltr'>in</span> <span class='ocrx_word' id='word_1_129' title='bbox 772 1371 1012 1405; x_wconf 86' lang='lat' dir='ltr'>universalibus</span> <span class='ocrx_word' id='word_1_130' title='bbox 1038 1371 1168 1414; x_wconf 92' lang='lat' dir='ltr'>provin-</span> 
     </span>
     <span class='ocr_line' id='line_1_26' title="bbox 427 1424 1169 1468; baseline 0 -13"><span class='ocrx_word' id='word_1_131' title='bbox 427 1424 628 1468; x_wconf 71' lang='lat' dir='ltr'>cialibusque</span> <span class='ocrx_word' id='word_1_132' title='bbox 654 1430 684 1457; x_wconf 91' lang='lat' dir='ltr'>et</span> <span class='ocrx_word' id='word_1_133' title='bbox 708 1424 921 1468; x_wconf 76' lang='lat' dir='ltr'>synodalibus</span> <span class='ocrx_word' id='word_1_134' title='bbox 940 1424 1088 1457; x_wconf 88' lang='lat' dir='ltr'>conciliis</span> <span class='ocrx_word' id='word_1_135' title='bbox 1107 1424 1169 1456; x_wconf 85' lang='lat' dir='ltr'>edi-</span> 
     </span>
     <span class='ocr_line' id='line_1_27' title="bbox 428 1477 1169 1521; baseline -0.001 -11"><span class='ocrx_word' id='word_1_136' title='bbox 428 1478 465 1510; x_wconf 87' lang='lat' dir='ltr'>tis</span> <span class='ocrx_word' id='word_1_137' title='bbox 483 1505 490 1518; x_wconf 97' lang='lat'>,</span> <span class='ocrx_word' id='word_1_138' title='bbox 518 1477 729 1520; x_wconf 79' lang='lat' dir='ltr'>generalibus</span> <span class='ocrx_word' id='word_1_139' title='bbox 763 1478 811 1510; x_wconf 91' lang='lat' dir='ltr'>vel</span> <span class='ocrx_word' id='word_1_140' title='bbox 848 1477 1068 1521; x_wconf 86' lang='lat' dir='ltr'>specialibus,</span> <span class='ocrx_word' id='word_1_141' title='bbox 1095 1487 1169 1509; x_wconf 88' lang='lat' dir='ltr'>con-</span> 
     </span>
     <span class='ocr_line' id='line_1_28' title="bbox 427 1530 1169 1571; baseline 0 -8"><span class='ocrx_word' id='word_1_142' title='bbox 427 1531 650 1564; x_wconf 85' lang='lat' dir='ltr'>stitutionibus</span> <span class='ocrx_word' id='word_1_143' title='bbox 676 1538 707 1564; x_wconf 91' lang='lat' dir='ltr'>et</span> <span class='ocrx_word' id='word_1_144' title='bbox 734 1530 1014 1571; x_wconf 81' lang='lat' dir='ltr'>ordinationibus,</span> <span class='ocrx_word' id='word_1_145' title='bbox 1040 1541 1169 1563; x_wconf 84' lang='lat' dir='ltr'>necnon</span> 
     </span>
     <span class='ocr_line' id='line_1_29' title="bbox 428 1585 1169 1629; baseline 0 -12"><span class='ocrx_word' id='word_1_146' title='bbox 428 1585 614 1628; x_wconf 68' lang='lat' dir='ltr'>‹piorumvis</span> <span class='ocrx_word' id='word_1_147' title='bbox 628 1585 783 1619; x_wconf 89' lang='lat' dir='ltr'>Ordinum</span> <span class='ocrx_word' id='word_1_148' title='bbox 798 1585 1051 1629; x_wconf 87' lang='lat' dir='ltr'>praedictorum,</span> <span class='ocrx_word' id='word_1_149' title='bbox 1072 1585 1169 1618; x_wconf 88' lang='lat' dir='ltr'>etiam</span> 
     </span>
     <span class='ocr_line' id='line_1_30' title="bbox 428 1638 1171 1682; baseline 0.001 -12"><span class='ocrx_word' id='word_1_150' title='bbox 428 1640 617 1678; x_wconf 87' lang='lat' dir='ltr'>iuramento,</span> <span class='ocrx_word' id='word_1_151' title='bbox 637 1638 886 1672; x_wconf 78' lang='lat' dir='ltr'>confirmatione</span> <span class='ocrx_word' id='word_1_152' title='bbox 905 1639 1094 1682; x_wconf 75' lang='lat' dir='ltr'>apostolica,</span> <span class='ocrx_word' id='word_1_153' title='bbox 1116 1644 1171 1671; x_wconf 89' lang='lat' dir='ltr'>aut</span> 
     </span>
     <span class='ocr_line' id='line_1_31' title="bbox 428 1692 1169 1735; baseline 0.003 -12"><span class='ocrx_word' id='word_1_154' title='bbox 428 1693 537 1735; x_wconf 84' lang='lat' dir='ltr'>quavis</span> <span class='ocrx_word' id='word_1_155' title='bbox 563 1692 713 1726; x_wconf 78' lang='lat' dir='ltr'>firmitate</span> <span class='ocrx_word' id='word_1_156' title='bbox 739 1693 801 1726; x_wconf 72' lang='lat' dir='ltr'>alia</span> <span class='ocrx_word' id='word_1_157' title='bbox 835 1693 1009 1733; x_wconf 87' lang='lat' dir='ltr'>roboratis,</span> <span class='ocrx_word' id='word_1_158' title='bbox 1043 1692 1169 1725; x_wconf 85' lang='lat' dir='ltr'>statutis</span> 
     </span>
     <span class='ocr_line' id='line_1_32' title="bbox 428 1746 1170 1786; baseline 0.001 -10"><span class='ocrx_word' id='word_1_159' title='bbox 428 1752 459 1778; x_wconf 86' lang='lat' dir='ltr'>et</span> <span class='ocrx_word' id='word_1_160' title='bbox 483 1746 782 1786; x_wconf 89' lang='lat' dir='ltr'>consuetudinibus,</span> <span class='ocrx_word' id='word_1_161' title='bbox 810 1747 907 1779; x_wconf 87' lang='lat' dir='ltr'>etiam</span> <span class='ocrx_word' id='word_1_162' title='bbox 933 1746 1170 1779; x_wconf 85' lang='lat' dir='ltr'>immemorabi-</span> 
     </span>
     <span class='ocr_line' id='line_1_33' title="bbox 430 1799 1171 1843; baseline 0.001 -12"><span class='ocrx_word' id='word_1_163' title='bbox 430 1799 521 1838; x_wconf 83' lang='lat' dir='ltr'>libus,</span> <span class='ocrx_word' id='word_1_164' title='bbox 548 1800 726 1842; x_wconf 75' lang='lat' dir='ltr'>privilegiis</span> <span class='ocrx_word' id='word_1_165' title='bbox 751 1810 892 1843; x_wconf 81' lang='lat' dir='ltr'>quoque,</span> <span class='ocrx_word' id='word_1_166' title='bbox 915 1800 1048 1832; x_wconf 86' lang='lat' dir='ltr'>indultis</span> <span class='ocrx_word' id='word_1_167' title='bbox 1074 1805 1104 1832; x_wconf 90' lang='lat' dir='ltr'>et</span> <span class='ocrx_word' id='word_1_168' title='bbox 1122 1799 1171 1833; x_wconf 88' lang='lat' dir='ltr'>lit-</span> 
     </span>
     <span class='ocr_line' id='line_1_34' title="bbox 430 1852 1170 1895; baseline 0.001 -11"><span class='ocrx_word' id='word_1_169' title='bbox 430 1852 505 1885; x_wconf 87' lang='lat' dir='ltr'>teris</span> <span class='ocrx_word' id='word_1_170' title='bbox 532 1853 734 1895; x_wconf 80' lang='lat' dir='ltr'>apostolicis,</span> <span class='ocrx_word' id='word_1_171' title='bbox 753 1853 874 1886; x_wconf 88' lang='lat' dir='ltr'>eisdem</span> <span class='ocrx_word' id='word_1_172' title='bbox 894 1852 1079 1889; x_wconf 84' lang='lat' dir='ltr'>Ordinibus.</span> <span class='ocrx_word' id='word_1_173' title='bbox 1097 1853 1170 1885; x_wconf 89' lang='lat' dir='ltr'>illo-</span> 
     </span>
     <span class='ocr_line' id='line_1_35' title="bbox 431 1906 1171 1949; baseline 0.001 -12"><span class='ocrx_word' id='word_1_174' title='bbox 431 1916 565 1948; x_wconf 88' lang='lat' dir='ltr'>rumque</span> <span class='ocrx_word' id='word_1_175' title='bbox 605 1906 829 1948; x_wconf 83' lang='lat' dir='ltr'>superioribus</span> <span class='ocrx_word' id='word_1_176' title='bbox 865 1910 895 1939; x_wconf 89' lang='lat' dir='ltr'>et</span> <span class='ocrx_word' id='word_1_177' title='bbox 930 1906 1171 1949; x_wconf 79' lang='lat' dir='ltr'>prosessoribus</span> 
     </span>
     <span class='ocr_line' id='line_1_36' title="bbox 430 1958 1172 2003; baseline 0.004 -14"><span class='ocrx_word' id='word_1_178' title='bbox 430 1958 700 2002; x_wconf 87' lang='lat' dir='ltr'>quibuscumque,</span> <span class='ocrx_word' id='word_1_179' title='bbox 726 1960 785 1992; x_wconf 85' lang='lat' dir='ltr'>sub</span> <span class='ocrx_word' id='word_1_180' title='bbox 811 1959 977 2003; x_wconf 83' lang='lat' dir='ltr'>quibusvis</span> <span class='ocrx_word' id='word_1_181' title='bbox 998 1960 1172 1992; x_wconf 90' lang='lat' dir='ltr'>verborum</span> 
     </span>
     <span class='ocr_line' id='line_1_37' title="bbox 431 2012 1172 2056; baseline 0.003 -13"><span class='ocrx_word' id='word_1_182' title='bbox 431 2012 597 2045; x_wconf 89' lang='lat' dir='ltr'>tenoribus</span> <span class='ocrx_word' id='word_1_183' title='bbox 623 2018 654 2045; x_wconf 86' lang='lat' dir='ltr'>et</span> <span class='ocrx_word' id='word_1_184' title='bbox 681 2013 803 2052; x_wconf 76' lang='lat' dir='ltr'>formis,</span> <span class='ocrx_word' id='word_1_185' title='bbox 825 2024 860 2045; x_wconf 87' lang='lat' dir='ltr'>ac</span> <span class='ocrx_word' id='word_1_186' title='bbox 879 2023 951 2045; x_wconf 89' lang='lat' dir='ltr'>cum</span> <span class='ocrx_word' id='word_1_187' title='bbox 970 2012 1172 2056; x_wconf 83' lang='lat' dir='ltr'>quibuscum-</span> 
     </span>
     <span class='ocr_line' id='line_1_38' title="bbox 431 2065 1171 2108; baseline 0.001 -12"><span class='ocrx_word' id='word_1_188' title='bbox 431 2075 492 2107; x_wconf 87' lang='lat' dir='ltr'>que</span> <span class='ocrx_word' id='word_1_189' title='bbox 519 2066 612 2098; x_wconf 85' lang='lat' dir='ltr'>etiam</span> <span class='ocrx_word' id='word_1_190' title='bbox 641 2065 918 2108; x_wconf 79' lang='lat' dir='ltr'>derogatoriarum</span> <span class='ocrx_word' id='word_1_191' title='bbox 945 2066 1171 2108; x_wconf 87' lang='lat' dir='ltr'>derogatoriis,</span> 
     </span>
     <span class='ocr_line' id='line_1_39' title="bbox 431 2118 1172 2151; baseline 0.001 -3"><span class='ocrx_word' id='word_1_192' title='bbox 431 2123 461 2149; x_wconf 93' lang='lat' dir='ltr'>et</span> <span class='ocrx_word' id='word_1_193' title='bbox 486 2118 556 2150; x_wconf 89' lang='lat' dir='ltr'>aliis</span> <span class='ocrx_word' id='word_1_194' title='bbox 582 2118 818 2151; x_wconf 83' lang='lat' dir='ltr'>efficacioribus</span> <span class='ocrx_word' id='word_1_195' title='bbox 851 2124 881 2150; x_wconf 89' lang='lat' dir='ltr'>et</span> <span class='ocrx_word' id='word_1_196' title='bbox 912 2118 1054 2151; x_wconf 89' lang='lat' dir='ltr'>insolitis</span> <span class='ocrx_word' id='word_1_197' title='bbox 1087 2119 1172 2151; x_wconf 85' lang='lat' dir='ltr'>clau-</span> 
     </span>
     <span class='ocr_line' id='line_1_40' title="bbox 430 2171 1171 2212; baseline 0.004 -11"><span class='ocrx_word' id='word_1_198' title='bbox 430 2171 507 2203; x_wconf 82' lang='lat' dir='ltr'>sulis</span> <span class='ocrx_word' id='word_1_199' title='bbox 523 2177 553 2204; x_wconf 92' lang='lat' dir='ltr'>et</span> <span class='ocrx_word' id='word_1_200' title='bbox 567 2171 716 2212; x_wconf 77' lang='lat' dir='ltr'>decretis,</span> <span class='ocrx_word' id='word_1_201' title='bbox 732 2172 828 2205; x_wconf 80' lang='lat' dir='ltr'>etiarn</span> <span class='ocrx_word' id='word_1_202' title='bbox 847 2171 1060 2212; x_wconf 76' lang='lat' dir='ltr'>irritantilnis,</span> <span class='ocrx_word' id='word_1_203' title='bbox 1076 2171 1171 2204; x_wconf 87' lang='lat' dir='ltr'>etiam</span> 
     </span>
     <span class='ocr_line' id='line_1_41' title="bbox 430 2223 1171 2265; baseline 0.001 -10"><span class='ocrx_word' id='word_1_204' title='bbox 430 2228 518 2256; x_wconf 88' lang='lat' dir='ltr'>motu</span> <span class='ocrx_word' id='word_1_205' title='bbox 544 2223 639 2256; x_wconf 85' lang='lat' dir='ltr'>simili</span> <span class='ocrx_word' id='word_1_206' title='bbox 666 2230 696 2257; x_wconf 86' lang='lat' dir='ltr'>et</span> <span class='ocrx_word' id='word_1_207' title='bbox 722 2225 1004 2265; x_wconf 82' lang='lat' dir='ltr'>consistorialiter,</span> <span class='ocrx_word' id='word_1_208' title='bbox 1030 2236 1065 2257; x_wconf 86' lang='lat' dir='ltr'>ac</span> <span class='ocrx_word' id='word_1_209' title='bbox 1091 2224 1171 2257; x_wconf 71' lang='lat' dir='ltr'>alias</span> 
     </span>
     <span class='ocr_line' id='line_1_42' title="bbox 431 2276 1172 2321; baseline 0.007 -15"><span class='ocrx_word' id='word_1_210' title='bbox 431 2276 676 2318; x_wconf 83' lang='lat' dir='ltr'>quomodolibet</span> <span class='ocrx_word' id='word_1_211' title='bbox 700 2277 732 2310; x_wconf 91' lang='lat' dir='ltr'>in</span> <span class='ocrx_word' id='word_1_212' title='bbox 758 2278 957 2311; x_wconf 86' lang='lat' dir='ltr'>contrarium</span> <span class='ocrx_word' id='word_1_213' title='bbox 983 2277 1172 2321; x_wconf 68' lang='lat' dir='ltr'>praemisso-</span> 
     </span>
     <span class='ocr_line' id='line_1_43' title="bbox 431 2330 1169 2371; baseline 0.003 -10"><span class='ocrx_word' id='word_1_214' title='bbox 431 2339 501 2361; x_wconf 86' lang='lat' dir='ltr'>rum</span> <span class='ocrx_word' id='word_1_215' title='bbox 528 2330 700 2370; x_wconf 75' lang='lat' dir='ltr'>concessis,</span> <span class='ocrx_word' id='word_1_216' title='bbox 726 2330 924 2363; x_wconf 76' lang='lat' dir='ltr'>confirmatis</span> <span class='ocrx_word' id='word_1_217' title='bbox 938 2336 969 2363; x_wconf 89' lang='lat' dir='ltr'>et</span> <span class='ocrx_word' id='word_1_218' title='bbox 989 2331 1169 2371; x_wconf 76' lang='lat' dir='ltr'>innovatis,</span> 
     </span>
     <span class='ocr_line' id='line_1_44' title="bbox 431 2382 1170 2426; baseline 0.004 -14"><span class='ocrx_word' id='word_1_219' title='bbox 431 2382 549 2424; x_wconf 83' lang='lat' dir='ltr'>quibus</span> <span class='ocrx_word' id='word_1_220' title='bbox 574 2383 721 2415; x_wconf 85' lang='lat' dir='ltr'>omnibus</span> <span class='ocrx_word' id='word_1_221' title='bbox 744 2388 775 2415; x_wconf 89' lang='lat' dir='ltr'>et</span> <span class='ocrx_word' id='word_1_222' title='bbox 792 2383 942 2426; x_wconf 81' lang='lat' dir='ltr'>singulis,</span> <span class='ocrx_word' id='word_1_223' title='bbox 967 2383 1090 2415; x_wconf 64' lang='lat' dir='ltr'>etiamsi</span> <span class='ocrx_word' id='word_1_224' title='bbox 1111 2395 1170 2426; x_wconf 85' lang='lat' dir='ltr'>pro</span> 
     </span>
     <span class='ocr_line' id='line_1_45' title="bbox 431 2434 1171 2478; baseline 0.005 -13"><span class='ocrx_word' id='word_1_225' title='bbox 431 2434 602 2466; x_wconf 79' lang='lat' dir='ltr'>sufficienti</span> <span class='ocrx_word' id='word_1_226' title='bbox 627 2435 757 2467; x_wconf 85' lang='lat' dir='ltr'>illorum</span> <span class='ocrx_word' id='word_1_227' title='bbox 784 2436 997 2478; x_wconf 79' lang='lat' dir='ltr'>derogatione</span> <span class='ocrx_word' id='word_1_228' title='bbox 1033 2438 1071 2469; x_wconf 85' lang='lat' dir='ltr'>de</span> <span class='ocrx_word' id='word_1_229' title='bbox 1109 2436 1171 2469; x_wconf 86' lang='lat' dir='ltr'>illis</span> 
     </span>
     <span class='ocr_line' id='line_1_46' title="bbox 431 2489 1168 2532; baseline 0.004 -13"><span class='ocrx_word' id='word_1_230' title='bbox 431 2498 607 2530; x_wconf 86' lang='lat' dir='ltr'>eorumque</span> <span class='ocrx_word' id='word_1_231' title='bbox 634 2490 798 2521; x_wconf 83' lang='lat' dir='ltr'>tenoribus</span> <span class='ocrx_word' id='word_1_232' title='bbox 823 2490 984 2532; x_wconf 76' lang='lat' dir='ltr'>specialis,</span> <span class='ocrx_word' id='word_1_233' title='bbox 1004 2489 1168 2532; x_wconf 66' lang='lat' dir='ltr'>specifica,</span> 
     </span>
     <span class='ocr_line' id='line_1_47' title="bbox 431 2543 1168 2585; baseline 0.001 -12"><span class='ocrx_word' id='word_1_234' title='bbox 431 2552 583 2585; x_wconf 67' lang='lat' dir='ltr'>expressa</span> <span class='ocrx_word' id='word_1_235' title='bbox 610 2549 638 2574; x_wconf 88' lang='lat' dir='ltr'>et</span> <span class='ocrx_word' id='word_1_236' title='bbox 668 2543 843 2581; x_wconf 85' lang='lat' dir='ltr'>individua,</span> <span class='ocrx_word' id='word_1_237' title='bbox 872 2554 907 2575; x_wconf 88' lang='lat' dir='ltr'>ac</span> <span class='ocrx_word' id='word_1_238' title='bbox 934 2546 971 2575; x_wconf 80' lang='lat' dir='ltr'>de</span> <span class='ocrx_word' id='word_1_239' title='bbox 1007 2544 1105 2576; x_wconf 78' lang='lat' dir='ltr'>verbo</span> <span class='ocrx_word' id='word_1_240' title='bbox 1132 2544 1168 2575; x_wconf 68' lang='lat' dir='ltr'>acl</span> 
     </span>
     <span class='ocr_line' id='line_1_48' title="bbox 430 2596 1171 2640; baseline -0.003 -10"><span class='ocrx_word' id='word_1_241' title='bbox 430 2596 577 2637; x_wconf 77' lang='lat' dir='ltr'>verbum,</span> <span class='ocrx_word' id='word_1_242' title='bbox 604 2606 666 2627; x_wconf 77' lang='lat' dir='ltr'>nou</span> <span class='ocrx_word' id='word_1_243' title='bbox 695 2601 797 2628; x_wconf 73' lang='lat' dir='ltr'>autem</span> <span class='ocrx_word' id='word_1_244' title='bbox 817 2606 876 2640; x_wconf 78' lang='lat' dir='ltr'>per</span> <span class='ocrx_word' id='word_1_245' title='bbox 897 2597 1055 2630; x_wconf 72' lang='lat' dir='ltr'>clausulas</span> <span class='ocrx_word' id='word_1_246' title='bbox 1078 2607 1171 2638; x_wconf 83' lang='lat' dir='ltr'>geue-</span> 
     </span>
    </p>
   </div>
   <div class='ocr_carea' id='block_1_4' title="bbox 1188 256 1192 1399">
    <p class='ocr_par' dir='ltr' id='par_1_5' title="bbox 1188 256 1192 1399">
     <span class='ocr_line' id='line_1_49' title="bbox 1188 256 1192 1399; baseline 0 0"><span class='ocrx_word' id='word_1_247' title='bbox 1188 256 1192 1399; x_wconf 95' lang='lat' dir='ltr'> </span> 
     </span>
    </p>
   </div>
   <div class='ocr_carea' id='block_1_5' title="bbox 1189 256 1195 2631">
    <p class='ocr_par' dir='ltr' id='par_1_6' title="bbox 1189 256 1195 2631">
     <span class='ocr_line' id='line_1_50' title="bbox 1189 256 1195 2631; baseline 0 0"><span class='ocrx_word' id='word_1_248' title='bbox 1189 256 1195 2631; x_wconf 95' lang='lat' dir='ltr'> </span> 
     </span>
    </p>
   </div>
   <div class='ocr_carea' id='block_1_6' title="bbox 1014 203 1377 229">
    <p class='ocr_par' dir='ltr' id='par_1_7' title="bbox 1014 203 1377 229">
     <span class='ocr_line' id='line_1_51' title="bbox 1014 203 1377 229; baseline -0.006 0"><span class='ocrx_word' id='word_1_249' title='bbox 1014 204 1195 229; x_wconf 71' lang='lat' dir='ltr'>Bt&#39;LLARIt&#39;M</span> <span class='ocrx_word' id='word_1_250' title='bbox 1221 203 1377 227; x_wconf 70' lang='lat' dir='ltr'>ROMAM&#39;M</span> 
     </span>
    </p>
   </div>
   <div class='ocr_carea' id='block_1_7' title="bbox 1210 250 1957 988">
    <p class='ocr_par' dir='ltr' id='par_1_8' title="bbox 1210 250 1957 988">
     <span class='ocr_line' id='line_1_52' title="bbox 1211 250 1954 296; baseline -0.004 -10"><span class='ocrx_word' id='word_1_251' title='bbox 1211 254 1293 286; x_wconf 88' lang='lat' dir='ltr'>rales</span> <span class='ocrx_word' id='word_1_252' title='bbox 1332 252 1418 285; x_wconf 89' lang='lat' dir='ltr'>idem</span> <span class='ocrx_word' id='word_1_253' title='bbox 1460 251 1690 296; x_wconf 85' lang='lat' dir='ltr'>importantes‚</span> <span class='ocrx_word' id='word_1_254' title='bbox 1730 250 1854 285; x_wconf 86' lang='lat' dir='ltr'>mentio</span> <span class='ocrx_word' id='word_1_255' title='bbox 1898 261 1954 284; x_wconf 89' lang='lat' dir='ltr'>seu</span> 
     </span>
     <span class='ocr_line' id='line_1_53' title="bbox 1211 305 1954 350; baseline 0 -12"><span class='ocrx_word' id='word_1_256' title='bbox 1211 306 1341 350; x_wconf 81' lang='lat' dir='ltr'>quaevis</span> <span class='ocrx_word' id='word_1_257' title='bbox 1367 306 1429 339; x_wconf 85' lang='lat' dir='ltr'>alia</span> <span class='ocrx_word' id='word_1_258' title='bbox 1455 307 1624 350; x_wconf 69' lang='lat' dir='ltr'>expressio</span> <span class='ocrx_word' id='word_1_259' title='bbox 1647 306 1792 338; x_wconf 81' lang='lat' dir='ltr'>facienda</span> <span class='ocrx_word' id='word_1_260' title='bbox 1813 311 1867 338; x_wconf 88' lang='lat' dir='ltr'>aut</span> <span class='ocrx_word' id='word_1_261' title='bbox 1896 305 1954 338; x_wconf 88' lang='lat' dir='ltr'>ali-</span> 
     </span>
     <span class='ocr_line' id='line_1_54' title="bbox 1211 359 1954 403; baseline -0.001 -11"><span class='ocrx_word' id='word_1_262' title='bbox 1211 371 1274 403; x_wconf 85' lang='lat' dir='ltr'>qua</span> <span class='ocrx_word' id='word_1_263' title='bbox 1299 360 1361 393; x_wconf 88' lang='lat' dir='ltr'>alia</span> <span class='ocrx_word' id='word_1_264' title='bbox 1386 359 1546 403; x_wconf 74' lang='lat' dir='ltr'>exquisita</span> <span class='ocrx_word' id='word_1_265' title='bbox 1582 360 1681 392; x_wconf 77' lang='lat' dir='ltr'>forma</span> <span class='ocrx_word' id='word_1_266' title='bbox 1718 359 1756 392; x_wconf 88' lang='lat' dir='ltr'>ad</span> <span class='ocrx_word' id='word_1_267' title='bbox 1790 360 1852 392; x_wconf 89' lang='lat' dir='ltr'>boe</span> <span class='ocrx_word' id='word_1_268' title='bbox 1888 369 1954 391; x_wconf 89' lang='lat' dir='ltr'>ser-</span> 
     </span>
     <span class='ocr_line' id='line_1_55' title="bbox 1210 411 1954 454; baseline -0.003 -9"><span class='ocrx_word' id='word_1_269' title='bbox 1210 413 1312 445; x_wconf 86' lang='lat' dir='ltr'>vanda</span> <span class='ocrx_word' id='word_1_270' title='bbox 1338 413 1433 452; x_wconf 86' lang='lat' dir='ltr'>soret,</span> <span class='ocrx_word' id='word_1_271' title='bbox 1462 413 1592 445; x_wconf 88' lang='lat' dir='ltr'>illorum</span> <span class='ocrx_word' id='word_1_272' title='bbox 1619 411 1764 445; x_wconf 89' lang='lat' dir='ltr'>omnium</span> <span class='ocrx_word' id='word_1_273' title='bbox 1792 417 1822 445; x_wconf 90' lang='lat' dir='ltr'>et</span> <span class='ocrx_word' id='word_1_274' title='bbox 1848 412 1954 454; x_wconf 84' lang='lat' dir='ltr'>singu-</span> 
     </span>
     <span class='ocr_line' id='line_1_56' title="bbox 1211 465 1954 506; baseline -0.003 -8"><span class='ocrx_word' id='word_1_275' title='bbox 1211 466 1318 498; x_wconf 88' lang='lat' dir='ltr'>lorum</span> <span class='ocrx_word' id='word_1_276' title='bbox 1345 471 1484 506; x_wconf 53' lang='lat' dir='ltr'>tenores</span> <span class='ocrx_word' id='word_1_277' title='bbox 1511 465 1630 498; x_wconf 80' lang='lat' dir='ltr'>formas</span> <span class='ocrx_word' id='word_1_278' title='bbox 1655 466 1899 504; x_wconf 80' lang='lat' dir='ltr'>etoecasiones,</span> <span class='ocrx_word' id='word_1_279' title='bbox 1920 475 1954 496; x_wconf 83' lang='lat' dir='ltr'>ac</span> 
     </span>
     <span class='ocr_line' id='line_1_57' title="bbox 1212 518 1955 562; baseline -0.001 -11"><span class='ocrx_word' id='word_1_280' title='bbox 1212 519 1274 551; x_wconf 81' lang='lat' dir='ltr'>alia</span> <span class='ocrx_word' id='word_1_281' title='bbox 1300 519 1395 551; x_wconf 87' lang='lat' dir='ltr'>etiam</span> <span class='ocrx_word' id='word_1_282' title='bbox 1431 519 1564 562; x_wconf 89' lang='lat' dir='ltr'>speciali</span> <span class='ocrx_word' id='word_1_283' title='bbox 1606 518 1820 562; x_wconf 73' lang='lat' dir='ltr'>expressione</span> <span class='ocrx_word' id='word_1_284' title='bbox 1847 518 1955 560; x_wconf 82' lang='lat' dir='ltr'>digna,</span> 
     </span>
     <span class='ocr_line' id='line_1_58' title="bbox 1211 571 1956 616; baseline -0.001 -13"><span class='ocrx_word' id='word_1_285' title='bbox 1211 572 1442 615; x_wconf 86' lang='lat' dir='ltr'>praesentibus</span> <span class='ocrx_word' id='word_1_286' title='bbox 1469 582 1529 616; x_wconf 90' lang='lat' dir='ltr'>pro</span> <span class='ocrx_word' id='word_1_287' title='bbox 1563 573 1659 615; x_wconf 88' lang='lat' dir='ltr'>plene</span> <span class='ocrx_word' id='word_1_288' title='bbox 1693 577 1724 604; x_wconf 90' lang='lat' dir='ltr'>et</span> <span class='ocrx_word' id='word_1_289' title='bbox 1756 571 1956 604; x_wconf 84' lang='lat' dir='ltr'>sufficienter</span> 
     </span>
     <span class='ocr_line' id='line_1_59' title="bbox 1212 624 1955 668; baseline -0.001 -11"><span class='ocrx_word' id='word_1_290' title='bbox 1212 626 1388 668; x_wconf 75' lang='lat' dir='ltr'>expressis,</span> <span class='ocrx_word' id='word_1_291' title='bbox 1407 625 1539 658; x_wconf 89' lang='lat' dir='ltr'>insertis</span> <span class='ocrx_word' id='word_1_292' title='bbox 1558 636 1594 658; x_wconf 89' lang='lat' dir='ltr'>ac</span> <span class='ocrx_word' id='word_1_293' title='bbox 1620 624 1751 658; x_wconf 85' lang='lat' dir='ltr'>servatis</span> <span class='ocrx_word' id='word_1_294' title='bbox 1776 624 1955 667; x_wconf 84' lang='lat' dir='ltr'>respective</span> 
     </span>
     <span class='ocr_line' id='line_1_60' title="bbox 1212 677 1956 718; baseline 0 -8"><span class='ocrx_word' id='word_1_295' title='bbox 1212 679 1385 718; x_wconf 87' lang='lat' dir='ltr'>habentes,</span> <span class='ocrx_word' id='word_1_296' title='bbox 1414 679 1475 711; x_wconf 84' lang='lat' dir='ltr'>hac</span> <span class='ocrx_word' id='word_1_297' title='bbox 1498 678 1568 711; x_wconf 89' lang='lat' dir='ltr'>vice</span> <span class='ocrx_word' id='word_1_298' title='bbox 1595 679 1769 717; x_wconf 80' lang='lat' dir='ltr'>dumtaxat,</span> <span class='ocrx_word' id='word_1_299' title='bbox 1790 677 1854 710; x_wconf 92' lang='lat' dir='ltr'>illis</span> <span class='ocrx_word' id='word_1_300' title='bbox 1876 677 1956 710; x_wconf 71' lang='lat' dir='ltr'>alias</span> 
     </span>
     <span class='ocr_line' id='line_1_61' title="bbox 1211 730 1956 775; baseline 0 -11"><span class='ocrx_word' id='word_1_301' title='bbox 1211 733 1243 764; x_wconf 88' lang='lat' dir='ltr'>in</span> <span class='ocrx_word' id='word_1_302' title='bbox 1277 742 1333 764; x_wconf 89' lang='lat' dir='ltr'>suo</span> <span class='ocrx_word' id='word_1_303' title='bbox 1371 731 1490 765; x_wconf 86' lang='lat' dir='ltr'>robore</span> <span class='ocrx_word' id='word_1_304' title='bbox 1516 731 1750 775; x_wconf 86' lang='lat' dir='ltr'>permansuris,</span> <span class='ocrx_word' id='word_1_305' title='bbox 1786 730 1825 763; x_wconf 90' lang='lat' dir='ltr'>ad</span> <span class='ocrx_word' id='word_1_306' title='bbox 1862 741 1956 774; x_wconf 86' lang='lat' dir='ltr'>prae-</span> 
     </span>
     <span class='ocr_line' id='line_1_62' title="bbox 1212 784 1957 828; baseline -0.001 -11"><span class='ocrx_word' id='word_1_307' title='bbox 1212 785 1383 818; x_wconf 84' lang='lat' dir='ltr'>missorum</span> <span class='ocrx_word' id='word_1_308' title='bbox 1422 784 1572 818; x_wconf 69' lang='lat' dir='ltr'>ellectum</span> <span class='ocrx_word' id='word_1_309' title='bbox 1613 784 1799 828; x_wconf 84' lang='lat' dir='ltr'>specialiter</span> <span class='ocrx_word' id='word_1_310' title='bbox 1840 788 1872 816; x_wconf 88' lang='lat' dir='ltr'>et</span> <span class='ocrx_word' id='word_1_311' title='bbox 1907 793 1957 817; x_wconf 86' lang='lat' dir='ltr'>ex-</span> 
     </span>
     <span class='ocr_line' id='line_1_63' title="bbox 1212 837 1956 881; baseline -0.001 -10"><span class='ocrx_word' id='word_1_312' title='bbox 1212 848 1324 881; x_wconf 86' lang='lat' dir='ltr'>presse</span> <span class='ocrx_word' id='word_1_313' title='bbox 1351 838 1558 881; x_wconf 79' lang='lat' dir='ltr'>derogamus,</span> <span class='ocrx_word' id='word_1_314' title='bbox 1592 848 1629 870; x_wconf 84' lang='lat' dir='ltr'>ac</span> <span class='ocrx_word' id='word_1_315' title='bbox 1661 837 1852 880; x_wconf 85' lang='lat' dir='ltr'>derogatum</span> <span class='ocrx_word' id='word_1_316' title='bbox 1884 847 1956 870; x_wconf 87' lang='lat' dir='ltr'>esse</span> 
     </span>
     <span class='ocr_line' id='line_1_64' title="bbox 1211 889 1955 935; baseline -0.001 -11"><span class='ocrx_word' id='word_1_317' title='bbox 1211 892 1382 932; x_wconf 89' lang='lat' dir='ltr'>volumus;</span> <span class='ocrx_word' id='word_1_318' title='bbox 1409 891 1592 935; x_wconf 85' lang='lat' dir='ltr'>ceterisque</span> <span class='ocrx_word' id='word_1_319' title='bbox 1626 890 1798 923; x_wconf 86' lang='lat' dir='ltr'>contrariis</span> <span class='ocrx_word' id='word_1_320' title='bbox 1837 889 1955 934; x_wconf 87' lang='lat' dir='ltr'>quibu-</span> 
     </span>
     <span class='ocr_line' id='line_1_65' title="bbox 1211 955 1378 988; baseline 0 -11"><span class='ocrx_word' id='word_1_321' title='bbox 1211 955 1378 988; x_wconf 87' lang='lat' dir='ltr'>scumque.</span> 
     </span>
    </p>
   </div>
   <div class='ocr_carea' id='block_1_8' title="bbox 1968 201 2148 232">
    <p class='ocr_par' dir='ltr' id='par_1_9' title="bbox 1968 201 2148 232">
     <span class='ocr_line' id='line_1_66' title="bbox 1968 201 2148 232; baseline 0.022 -4"><span class='ocrx_word' id='word_1_322' title='bbox 1968 202 2016 230; x_wconf 66' lang='lat' dir='ltr'>An.</span> <span class='ocrx_word' id='word_1_323' title='bbox 2032 201 2061 230; x_wconf 88' lang='lat' dir='ltr'>C.</span> <span class='ocrx_word' id='word_1_324' title='bbox 2081 203 2148 232; x_wconf 72' lang='lat'>1725</span> 
     </span>
    </p>
   </div>
   <div class='ocr_carea' id='block_1_9' title="bbox 1255 996 2148 1041">
    <p class='ocr_par' dir='ltr' id='par_1_10' title="bbox 1255 996 2148 1041">
     <span class='ocr_line' id='line_1_67' title="bbox 1255 996 2148 1041; baseline -0.001 -11"><span class='ocrx_word' id='word_1_325' title='bbox 1255 998 1269 1041; x_wconf 63' lang='grc' dir='ltr'><strong>ἓ</strong></span> <span class='ocrx_word' id='word_1_326' title='bbox 1294 997 1325 1030; x_wconf 84' lang='lat'>9.</span> <span class='ocrx_word' id='word_1_327' title='bbox 1354 997 1393 1030; x_wconf 90' lang='lat' dir='ltr'>Ut</span> <span class='ocrx_word' id='word_1_328' title='bbox 1419 1003 1525 1030; x_wconf 83' lang='lat' dir='ltr'>autem</span> <span class='ocrx_word' id='word_1_329' title='bbox 1552 1002 1743 1040; x_wconf 87' lang='lat' dir='ltr'>praesentes</span> <span class='ocrx_word' id='word_1_330' title='bbox 1769 997 1894 1029; x_wconf 89' lang='lat' dir='ltr'>litterae</span> <span class='ocrx_word' id='word_1_331' title='bbox 1915 996 1954 1029; x_wconf 84' lang='lat' dir='ltr'>ad</span> <span class='ocrx_word' id='word_1_332' title='bbox 1967 1005 2148 1030; x_wconf 66' lang='lat' dir='ltr'>Atiam-lausulau.</span> 
     </span>
    </p>
   </div>
   <div class='ocr_carea' id='block_1_10' title="bbox 1212 1049 1959 2428">
    <p class='ocr_par' dir='ltr' id='par_1_11' title="bbox 1212 1049 1959 2205">
     <span class='ocr_line' id='line_1_68' title="bbox 1212 1049 1957 1084; baseline -0.003 0"><span class='ocrx_word' id='word_1_333' title='bbox 1212 1050 1357 1084; x_wconf 87' lang='lat' dir='ltr'>omnium</span> <span class='ocrx_word' id='word_1_334' title='bbox 1395 1050 1543 1083; x_wconf 88' lang='lat' dir='ltr'>notitiam</span> <span class='ocrx_word' id='word_1_335' title='bbox 1569 1050 1694 1083; x_wconf 78' lang='lat' dir='ltr'>facilius</span> <span class='ocrx_word' id='word_1_336' title='bbox 1726 1049 1901 1082; x_wconf 85' lang='lat' dir='ltr'>deveniant</span> <span class='ocrx_word' id='word_1_337' title='bbox 1926 1055 1957 1082; x_wconf 90' lang='lat' dir='ltr'>et</span> 
     </span>
     <span class='ocr_line' id='line_1_69' title="bbox 1212 1103 1956 1146; baseline -0.003 -9"><span class='ocrx_word' id='word_1_338' title='bbox 1212 1115 1308 1137; x_wconf 86' lang='lat' dir='ltr'>nemo</span> <span class='ocrx_word' id='word_1_339' title='bbox 1336 1104 1465 1137; x_wconf 88' lang='lat' dir='ltr'>illarum</span> <span class='ocrx_word' id='word_1_340' title='bbox 1492 1103 1709 1146; x_wconf 80' lang='lat' dir='ltr'>ignorantiam</span> <span class='ocrx_word' id='word_1_341' title='bbox 1739 1105 1881 1146; x_wconf 78' lang='lat' dir='ltr'>allegare</span> <span class='ocrx_word' id='word_1_342' title='bbox 1906 1113 1956 1135; x_wconf 90' lang='lat' dir='ltr'>va-</span> 
     </span>
     <span class='ocr_line' id='line_1_70' title="bbox 1212 1157 1956 1200; baseline -0.001 -10"><span class='ocrx_word' id='word_1_343' title='bbox 1212 1158 1288 1198; x_wconf 83' lang='lat' dir='ltr'>leat,</span> <span class='ocrx_word' id='word_1_344' title='bbox 1316 1158 1463 1190; x_wconf 86' lang='lat' dir='ltr'>volumus</span> <span class='ocrx_word' id='word_1_345' title='bbox 1490 1157 1559 1190; x_wconf 87' lang='lat' dir='ltr'>illas</span> <span class='ocrx_word' id='word_1_346' title='bbox 1585 1167 1642 1189; x_wconf 90' lang='lat' dir='ltr'>seu</span> <span class='ocrx_word' id='word_1_347' title='bbox 1669 1166 1778 1189; x_wconf 89' lang='lat' dir='ltr'>earum</span> <span class='ocrx_word' id='word_1_348' title='bbox 1805 1157 1956 1200; x_wconf 76' lang='lat' dir='ltr'>exempla</span> 
     </span>
     <span class='ocr_line' id='line_1_71' title="bbox 1212 1210 1956 1243; baseline 0 0"><span class='ocrx_word' id='word_1_349' title='bbox 1212 1211 1250 1243; x_wconf 90' lang='lat' dir='ltr'>ad</span> <span class='ocrx_word' id='word_1_350' title='bbox 1277 1210 1382 1243; x_wconf 87' lang='lat' dir='ltr'>valvas</span> <span class='ocrx_word' id='word_1_351' title='bbox 1408 1210 1568 1243; x_wconf 87' lang='lat' dir='ltr'>ecelesiae</span> <span class='ocrx_word' id='word_1_352' title='bbox 1594 1210 1822 1243; x_wconf 87' lang='lat' dir='ltr'>Lateranensis</span> <span class='ocrx_word' id='word_1_353' title='bbox 1848 1215 1880 1243; x_wconf 91' lang='lat' dir='ltr'>et</span> <span class='ocrx_word' id='word_1_354' title='bbox 1904 1210 1956 1243; x_wconf 86' lang='lat' dir='ltr'>ba-</span> 
     </span>
     <span class='ocr_line' id='line_1_72' title="bbox 1212 1264 1957 1307; baseline -0.001 -10"><span class='ocrx_word' id='word_1_355' title='bbox 1212 1264 1322 1297; x_wconf 87' lang='lat' dir='ltr'>silicae</span> <span class='ocrx_word' id='word_1_356' title='bbox 1349 1264 1508 1307; x_wconf 81' lang='lat' dir='ltr'>Principis</span> <span class='ocrx_word' id='word_1_357' title='bbox 1536 1264 1777 1307; x_wconf 83' lang='lat' dir='ltr'>Apostolorum,</span> <span class='ocrx_word' id='word_1_358' title='bbox 1804 1274 1865 1297; x_wconf 87' lang='lat' dir='ltr'>nee</span> <span class='ocrx_word' id='word_1_359' title='bbox 1890 1273 1957 1296; x_wconf 91' lang='lat' dir='ltr'>non</span> 
     </span>
     <span class='ocr_line' id='line_1_73' title="bbox 1212 1317 1957 1360; baseline 0 -10"><span class='ocrx_word' id='word_1_360' title='bbox 1212 1317 1429 1351; x_wconf 87' lang='lat' dir='ltr'>Cancellariae</span> <span class='ocrx_word' id='word_1_361' title='bbox 1457 1317 1662 1360; x_wconf 82' lang='lat' dir='ltr'>Apostolicae</span> <span class='ocrx_word' id='word_1_362' title='bbox 1699 1317 1877 1360; x_wconf 73' lang='lat' dir='ltr'>Cariaeque</span> <span class='ocrx_word' id='word_1_363' title='bbox 1903 1327 1957 1359; x_wconf 82' lang='lat' dir='ltr'>ge-</span> 
     </span>
     <span class='ocr_line' id='line_1_74' title="bbox 1212 1370 1955 1410; baseline -0.001 -7"><span class='ocrx_word' id='word_1_364' title='bbox 1212 1371 1316 1404; x_wconf 86' lang='lat' dir='ltr'>nerali</span> <span class='ocrx_word' id='word_1_365' title='bbox 1348 1371 1379 1403; x_wconf 89' lang='lat' dir='ltr'>in</span> <span class='ocrx_word' id='word_1_366' title='bbox 1412 1371 1518 1404; x_wconf 80' lang='lat' dir='ltr'>Monte</span> <span class='ocrx_word' id='word_1_367' title='bbox 1553 1371 1719 1410; x_wconf 88' lang='lat' dir='ltr'>Citatorio‚</span> <span class='ocrx_word' id='word_1_368' title='bbox 1746 1381 1781 1403; x_wconf 89' lang='lat' dir='ltr'>ac</span> <span class='ocrx_word' id='word_1_369' title='bbox 1818 1370 1850 1403; x_wconf 90' lang='lat' dir='ltr'>in</span> <span class='ocrx_word' id='word_1_370' title='bbox 1887 1370 1955 1403; x_wconf 84' lang='lat' dir='ltr'>acie</span> 
     </span>
     <span class='ocr_line' id='line_1_75' title="bbox 1213 1423 1957 1468; baseline -0.001 -12"><span class='ocrx_word' id='word_1_371' title='bbox 1213 1424 1426 1468; x_wconf 82' lang='lat' dir='ltr'>Campissorae</span> <span class='ocrx_word' id='word_1_372' title='bbox 1453 1425 1492 1457; x_wconf 88' lang='lat' dir='ltr'>de</span> <span class='ocrx_word' id='word_1_373' title='bbox 1519 1424 1614 1463; x_wconf 88' lang='lat' dir='ltr'>Urbe,</span> <span class='ocrx_word' id='word_1_374' title='bbox 1640 1429 1676 1456; x_wconf 88' lang='lat' dir='ltr'>nt</span> <span class='ocrx_word' id='word_1_375' title='bbox 1701 1423 1799 1456; x_wconf 85' lang='lat' dir='ltr'>moris</span> <span class='ocrx_word' id='word_1_376' title='bbox 1825 1428 1884 1463; x_wconf 84' lang='lat' dir='ltr'>est,</span> <span class='ocrx_word' id='word_1_377' title='bbox 1912 1423 1957 1456; x_wconf 78' lang='lat' dir='ltr'>af-</span> 
     </span>
     <span class='ocr_line' id='line_1_76' title="bbox 1214 1475 1958 1522; baseline -0.001 -12"><span class='ocrx_word' id='word_1_378' title='bbox 1214 1478 1266 1520; x_wconf 69' lang='lat' dir='ltr'>sigi</span> <span class='ocrx_word' id='word_1_379' title='bbox 1293 1483 1325 1511; x_wconf 88' lang='lat' dir='ltr'>et</span> <span class='ocrx_word' id='word_1_380' title='bbox 1361 1478 1541 1522; x_wconf 86' lang='lat' dir='ltr'>publicari;</span> <span class='ocrx_word' id='word_1_381' title='bbox 1576 1477 1690 1521; x_wconf 89' lang='lat' dir='ltr'>sicque</span> <span class='ocrx_word' id='word_1_382' title='bbox 1716 1475 1899 1521; x_wconf 86' lang='lat' dir='ltr'>publicatas</span> <span class='ocrx_word' id='word_1_383' title='bbox 1926 1481 1958 1510; x_wconf 86' lang='lat' dir='ltr'>et</span> 
     </span>
     <span class='ocr_line' id='line_1_77' title="bbox 1214 1530 1956 1574; baseline -0.001 -10"><span class='ocrx_word' id='word_1_384' title='bbox 1214 1532 1332 1571; x_wconf 84' lang='lat' dir='ltr'>affixas,</span> <span class='ocrx_word' id='word_1_385' title='bbox 1370 1542 1484 1565; x_wconf 87' lang='lat' dir='ltr'>omncs</span> <span class='ocrx_word' id='word_1_386' title='bbox 1511 1538 1542 1564; x_wconf 87' lang='lat' dir='ltr'>et</span> <span class='ocrx_word' id='word_1_387' title='bbox 1567 1531 1726 1574; x_wconf 84' lang='lat' dir='ltr'>singulos,</span> <span class='ocrx_word' id='word_1_388' title='bbox 1766 1541 1847 1574; x_wconf 86' lang='lat' dir='ltr'>quos</span> <span class='ocrx_word' id='word_1_389' title='bbox 1883 1530 1956 1563; x_wconf 82' lang='lat' dir='ltr'>illae</span> 
     </span>
     <span class='ocr_line' id='line_1_78' title="bbox 1213 1583 1957 1629; baseline -0.004 -10"><span class='ocrx_word' id='word_1_390' title='bbox 1213 1593 1429 1626; x_wconf 80' lang='lat' dir='ltr'>concernunt,</span> <span class='ocrx_word' id='word_1_391' title='bbox 1457 1586 1594 1629; x_wconf 90' lang='lat' dir='ltr'>perinde</span> <span class='ocrx_word' id='word_1_392' title='bbox 1620 1589 1745 1617; x_wconf 88' lang='lat' dir='ltr'>arctare</span> <span class='ocrx_word' id='word_1_393' title='bbox 1773 1589 1803 1617; x_wconf 85' lang='lat' dir='ltr'>et</span> <span class='ocrx_word' id='word_1_394' title='bbox 1829 1583 1957 1617; x_wconf 82' lang='lat' dir='ltr'>afficere</span> 
     </span>
     <span class='ocr_line' id='line_1_79' title="bbox 1214 1638 1958 1682; baseline -0.003 -9"><span class='ocrx_word' id='word_1_395' title='bbox 1214 1651 1250 1673; x_wconf 89' lang='lat' dir='ltr'>ac</span> <span class='ocrx_word' id='word_1_396' title='bbox 1276 1640 1300 1673; x_wconf 89' lang='lat' dir='ltr'>si</span> <span class='ocrx_word' id='word_1_397' title='bbox 1335 1639 1514 1682; x_wconf 83' lang='lat' dir='ltr'>unicuique</span> <span class='ocrx_word' id='word_1_398' title='bbox 1552 1650 1666 1672; x_wconf 88' lang='lat' dir='ltr'>eorum</span> <span class='ocrx_word' id='word_1_399' title='bbox 1699 1638 1891 1671; x_wconf 86' lang='lat' dir='ltr'>nominatim</span> <span class='ocrx_word' id='word_1_400' title='bbox 1928 1641 1958 1671; x_wconf 85' lang='lat' dir='ltr'>et</span> 
     </span>
     <span class='ocr_line' id='line_1_80' title="bbox 1215 1692 1955 1736; baseline -0.003 -10"><span class='ocrx_word' id='word_1_401' title='bbox 1215 1694 1434 1736; x_wconf 85' lang='lat' dir='ltr'>personaliter</span> <span class='ocrx_word' id='word_1_402' title='bbox 1466 1693 1634 1726; x_wconf 87' lang='lat' dir='ltr'>intimatae</span> <span class='ocrx_word' id='word_1_403' title='bbox 1668 1692 1823 1732; x_wconf 73' lang='lat' dir='ltr'>suissent;</span> <span class='ocrx_word' id='word_1_404' title='bbox 1855 1696 1955 1736; x_wconf 87' lang='lat' dir='ltr'>utque</span> 
     </span>
     <span class='ocr_line' id='line_1_81' title="bbox 1214 1745 1958 1790; baseline -0.003 -12"><span class='ocrx_word' id='word_1_405' title='bbox 1214 1746 1358 1790; x_wconf 87' lang='lat' dir='ltr'>ipsarum</span> <span class='ocrx_word' id='word_1_406' title='bbox 1397 1745 1617 1788; x_wconf 85' lang='lat' dir='ltr'>praesentium</span> <span class='ocrx_word' id='word_1_407' title='bbox 1657 1745 1836 1778; x_wconf 86' lang='lat' dir='ltr'>litterarum</span> <span class='ocrx_word' id='word_1_408' title='bbox 1872 1749 1958 1776; x_wconf 85' lang='lat' dir='ltr'>tran-</span> 
     </span>
     <span class='ocr_line' id='line_1_82' title="bbox 1215 1797 1956 1843; baseline -0.003 -11"><span class='ocrx_word' id='word_1_409' title='bbox 1215 1800 1364 1843; x_wconf 83' lang='lat' dir='ltr'>sumptis,</span> <span class='ocrx_word' id='word_1_410' title='bbox 1387 1810 1441 1832; x_wconf 88' lang='lat' dir='ltr'>seu</span> <span class='ocrx_word' id='word_1_411' title='bbox 1469 1799 1639 1842; x_wconf 80' lang='lat' dir='ltr'>exemplis,</span> <span class='ocrx_word' id='word_1_412' title='bbox 1662 1798 1757 1832; x_wconf 83' lang='lat' dir='ltr'>etiam</span> <span class='ocrx_word' id='word_1_413' title='bbox 1778 1797 1956 1841; x_wconf 86' lang='lat' dir='ltr'>impressis,</span> 
     </span>
     <span class='ocr_line' id='line_1_83' title="bbox 1214 1851 1957 1895; baseline -0.003 -9"><span class='ocrx_word' id='word_1_414' title='bbox 1214 1853 1458 1886; x_wconf 83' lang='lat' dir='ltr'>manualieuius</span> <span class='ocrx_word' id='word_1_415' title='bbox 1477 1852 1594 1886; x_wconf 88' lang='lat' dir='ltr'>notarii</span> <span class='ocrx_word' id='word_1_416' title='bbox 1613 1852 1734 1895; x_wconf 82' lang='lat' dir='ltr'>publici</span> <span class='ocrx_word' id='word_1_417' title='bbox 1752 1851 1957 1895; x_wconf 82' lang='lat' dir='ltr'>subscriptis,</span> 
     </span>
     <span class='ocr_line' id='line_1_84' title="bbox 1215 1903 1958 1949; baseline -0.004 -10"><span class='ocrx_word' id='word_1_418' title='bbox 1215 1911 1247 1939; x_wconf 89' lang='lat' dir='ltr'>et</span> <span class='ocrx_word' id='word_1_419' title='bbox 1261 1906 1369 1949; x_wconf 77' lang='lat' dir='ltr'>sigillo</span> <span class='ocrx_word' id='word_1_420' title='bbox 1378 1906 1512 1938; x_wconf 89' lang='lat' dir='ltr'>alieuius</span> <span class='ocrx_word' id='word_1_421' title='bbox 1524 1916 1684 1949; x_wconf 85' lang='lat' dir='ltr'>personae</span> <span class='ocrx_word' id='word_1_422' title='bbox 1697 1904 1726 1937; x_wconf 90' lang='lat' dir='ltr'>in</span> <span class='ocrx_word' id='word_1_423' title='bbox 1737 1903 1958 1937; x_wconf 73' lang='lat' dir='ltr'>ecclesiastica</span> 
     </span>
     <span class='ocr_line' id='line_1_85' title="bbox 1216 1958 1958 2002; baseline -0.001 -10"><span class='ocrx_word' id='word_1_424' title='bbox 1216 1960 1375 2002; x_wconf 83' lang='lat' dir='ltr'>dignitate</span> <span class='ocrx_word' id='word_1_425' title='bbox 1410 1960 1606 1993; x_wconf 79' lang='lat' dir='ltr'>constitutae</span> <span class='ocrx_word' id='word_1_426' title='bbox 1646 1959 1798 1998; x_wconf 83' lang='lat' dir='ltr'>munitis,</span> <span class='ocrx_word' id='word_1_427' title='bbox 1844 1958 1958 1991; x_wconf 89' lang='lat' dir='ltr'>eadem</span> 
     </span>
     <span class='ocr_line' id='line_1_86' title="bbox 1216 2012 1959 2056; baseline -0.001 -12"><span class='ocrx_word' id='word_1_428' title='bbox 1216 2023 1350 2056; x_wconf 88' lang='lat' dir='ltr'>prorsus</span> <span class='ocrx_word' id='word_1_429' title='bbox 1378 2012 1458 2045; x_wconf 74' lang='lat' dir='ltr'>fides</span> <span class='ocrx_word' id='word_1_430' title='bbox 1485 2018 1546 2045; x_wconf 86' lang='lat' dir='ltr'>tam</span> <span class='ocrx_word' id='word_1_431' title='bbox 1567 2013 1599 2045; x_wconf 91' lang='lat' dir='ltr'>in</span> <span class='ocrx_word' id='word_1_432' title='bbox 1615 2012 1736 2045; x_wconf 89' lang='lat' dir='ltr'>iudicio</span> <span class='ocrx_word' id='word_1_433' title='bbox 1759 2022 1853 2055; x_wconf 83' lang='lat' dir='ltr'>quam</span> <span class='ocrx_word' id='word_1_434' title='bbox 1869 2016 1959 2044; x_wconf 79' lang='lat' dir='ltr'>extra</span> 
     </span>
     <span class='ocr_line' id='line_1_87' title="bbox 1216 2064 1959 2110; baseline -0.003 -12"><span class='ocrx_word' id='word_1_435' title='bbox 1216 2066 1294 2099; x_wconf 89' lang='lat' dir='ltr'>illud</span> <span class='ocrx_word' id='word_1_436' title='bbox 1313 2066 1435 2110; x_wconf 87' lang='lat' dir='ltr'>ubique</span> <span class='ocrx_word' id='word_1_437' title='bbox 1447 2066 1655 2105; x_wconf 85' lang='lat' dir='ltr'>adhibeatur,</span> <span class='ocrx_word' id='word_1_438' title='bbox 1676 2076 1757 2109; x_wconf 86' lang='lat' dir='ltr'>quae</span> <span class='ocrx_word' id='word_1_439' title='bbox 1774 2064 1852 2108; x_wconf 86' lang='lat' dir='ltr'>ipsis</span> <span class='ocrx_word' id='word_1_440' title='bbox 1866 2074 1959 2107; x_wconf 83' lang='lat' dir='ltr'>prae-</span> 
     </span>
     <span class='ocr_line' id='line_1_88' title="bbox 1215 2117 1958 2152; baseline -0.001 -1"><span class='ocrx_word' id='word_1_441' title='bbox 1215 2119 1360 2152; x_wconf 82' lang='lat' dir='ltr'>sentibus</span> <span class='ocrx_word' id='word_1_442' title='bbox 1387 2119 1599 2152; x_wconf 82' lang='lat' dir='ltr'>adhiberetur</span> <span class='ocrx_word' id='word_1_443' title='bbox 1620 2119 1645 2150; x_wconf 86' lang='lat' dir='ltr'>si</span> <span class='ocrx_word' id='word_1_444' title='bbox 1670 2118 1774 2151; x_wconf 79' lang='lat' dir='ltr'>forent</span> <span class='ocrx_word' id='word_1_445' title='bbox 1794 2117 1958 2150; x_wconf 64' lang='lat' dir='ltr'>exhibitae</span> 
     </span>
     <span class='ocr_line' id='line_1_89' title="bbox 1216 2173 1458 2205; baseline -0.004 0"><span class='ocrx_word' id='word_1_446' title='bbox 1216 2173 1264 2205; x_wconf 82' lang='lat' dir='ltr'>vel</span> <span class='ocrx_word' id='word_1_447' title='bbox 1292 2179 1458 2205; x_wconf 66' lang='lat' dir='ltr'>ostensae.</span> 
     </span>
    </p>

    <p class='ocr_par' dir='ltr' id='par_1_12' title="bbox 1215 2224 1958 2428">
     <span class='ocr_line' id='line_1_90' title="bbox 1260 2224 1957 2271; baseline -0.001 -12"><span class='ocrx_word' id='word_1_448' title='bbox 1260 2228 1274 2271; x_wconf 62' lang='lat' dir='ltr'>g</span> <span class='ocrx_word' id='word_1_449' title='bbox 1301 2226 1353 2259; x_wconf 85' lang='lat'>10.</span> <span class='ocrx_word' id='word_1_450' title='bbox 1383 2226 1467 2259; x_wconf 82' lang='lat' dir='ltr'>Nulli</span> <span class='ocrx_word' id='word_1_451' title='bbox 1499 2237 1579 2268; x_wconf 78' lang='lat' dir='ltr'>ergo</span> <span class='ocrx_word' id='word_1_452' title='bbox 1616 2225 1748 2258; x_wconf 86' lang='lat' dir='ltr'>omnino</span> <span class='ocrx_word' id='word_1_453' title='bbox 1787 2224 1957 2258; x_wconf 86' lang='lat' dir='ltr'>hominum</span> 
     </span>
     <span class='ocr_line' id='line_1_91' title="bbox 1216 2277 1957 2323; baseline -0.001 -10"><span class='ocrx_word' id='word_1_454' title='bbox 1216 2280 1313 2313; x_wconf 88' lang='lat' dir='ltr'>liceat</span> <span class='ocrx_word' id='word_1_455' title='bbox 1340 2279 1490 2323; x_wconf 83' lang='lat' dir='ltr'>pagiuam</span> <span class='ocrx_word' id='word_1_456' title='bbox 1519 2280 1600 2311; x_wconf 66' lang='lat' dir='ltr'>lianc</span> <span class='ocrx_word' id='word_1_457' title='bbox 1627 2284 1758 2311; x_wconf 77' lang='lat' dir='ltr'>nostrae</span> <span class='ocrx_word' id='word_1_458' title='bbox 1784 2277 1957 2312; x_wconf 83' lang='lat' dir='ltr'>confirma-</span> 
     </span>
     <span class='ocr_line' id='line_1_92' title="bbox 1217 2331 1958 2376; baseline -0.003 -11"><span class='ocrx_word' id='word_1_459' title='bbox 1217 2334 1325 2373; x_wconf 83' lang='lat' dir='ltr'>tionis,</span> <span class='ocrx_word' id='word_1_460' title='bbox 1358 2332 1622 2376; x_wconf 82' lang='lat' dir='ltr'>approbationis,</span> <span class='ocrx_word' id='word_1_461' title='bbox 1650 2331 1881 2372; x_wconf 86' lang='lat' dir='ltr'>innovationis,</span> <span class='ocrx_word' id='word_1_462' title='bbox 1909 2342 1958 2364; x_wconf 83' lang='lat' dir='ltr'>re-</span> 
     </span>
     <span class='ocr_line' id='line_1_93' title="bbox 1215 2385 1958 2428; baseline -0.003 -10"><span class='ocrx_word' id='word_1_463' title='bbox 1215 2386 1456 2428; x_wconf 82' lang='lat' dir='ltr'>integrationis,</span> <span class='ocrx_word' id='word_1_464' title='bbox 1482 2386 1612 2424; x_wconf 76' lang='lat' dir='ltr'>decreti,</span> <span class='ocrx_word' id='word_1_465' title='bbox 1632 2385 1872 2426; x_wconf 87' lang='lat' dir='ltr'>declarationis,</span> <span class='ocrx_word' id='word_1_466' title='bbox 1899 2389 1958 2417; x_wconf 86' lang='lat' dir='ltr'>sta-</span> 
     </span>
    </p>
   </div>
   <div class='ocr_carea' id='block_1_11' title="bbox 1191 2440 1958 2481">
    <p class='ocr_par' dir='ltr' id='par_1_13' title="bbox 1191 2440 1958 2481">
     <span class='ocr_line' id='line_1_94' title="bbox 1191 2440 1958 2481; baseline 0.001 -10"><span class='ocrx_word' id='word_1_467' title='bbox 1191 2468 1193 2481; x_wconf 75' lang='lat'>,</span> <span class='ocrx_word' id='word_1_468' title='bbox 1215 2445 1367 2479; x_wconf 88' lang='lat' dir='ltr'>tutorum,</span> <span class='ocrx_word' id='word_1_469' title='bbox 1394 2440 1604 2480; x_wconf 82' lang='lat' dir='ltr'>voluntatum,</span> <span class='ocrx_word' id='word_1_470' title='bbox 1628 2440 1863 2480; x_wconf 84' lang='lat' dir='ltr'>mandatorum,</span> <span class='ocrx_word' id='word_1_471' title='bbox 1883 2450 1958 2473; x_wconf 86' lang='lat' dir='ltr'>con-</span> 
     </span>
    </p>
   </div>
   <div class='ocr_carea' id='block_1_12' title="bbox 1213 2491 1958 2641">
    <p class='ocr_par' dir='ltr' id='par_1_14' title="bbox 1213 2491 1958 2641">
     <span class='ocr_line' id='line_1_95' title="bbox 1213 2491 1958 2534; baseline 0 -11"><span class='ocrx_word' id='word_1_472' title='bbox 1213 2492 1402 2531; x_wconf 80' lang='lat' dir='ltr'>stitutionis,</span> <span class='ocrx_word' id='word_1_473' title='bbox 1441 2492 1686 2534; x_wconf 84' lang='lat' dir='ltr'>assignationis,</span> <span class='ocrx_word' id='word_1_474' title='bbox 1721 2491 1891 2534; x_wconf 87' lang='lat' dir='ltr'>praecepti</span> <span class='ocrx_word' id='word_1_475' title='bbox 1926 2496 1958 2524; x_wconf 88' lang='lat' dir='ltr'>et</span> 
     </span>
     <span class='ocr_line' id='line_1_96' title="bbox 1213 2545 1957 2588; baseline -0.001 -11"><span class='ocrx_word' id='word_1_476' title='bbox 1213 2546 1438 2588; x_wconf 81' lang='lat' dir='ltr'>derogationis</span> <span class='ocrx_word' id='word_1_477' title='bbox 1464 2546 1658 2588; x_wconf 74' lang='lat' dir='ltr'>iufringere,</span> <span class='ocrx_word' id='word_1_478' title='bbox 1683 2546 1731 2577; x_wconf 91' lang='lat' dir='ltr'>vel</span> <span class='ocrx_word' id='word_1_479' title='bbox 1750 2545 1778 2578; x_wconf 90' lang='lat' dir='ltr'>ei</span> <span class='ocrx_word' id='word_1_480' title='bbox 1807 2555 1886 2577; x_wconf 88' lang='lat' dir='ltr'>ausu</span> <span class='ocrx_word' id='word_1_481' title='bbox 1913 2550 1957 2577; x_wconf 86' lang='lat' dir='ltr'>te-</span> 
     </span>
     <span class='ocr_line' id='line_1_97' title="bbox 1213 2598 1956 2641; baseline 0.001 -11"><span class='ocrx_word' id='word_1_482' title='bbox 1213 2598 1350 2630; x_wconf 81' lang='lat' dir='ltr'>merario</span> <span class='ocrx_word' id='word_1_483' title='bbox 1378 2599 1565 2639; x_wconf 75' lang='lat' dir='ltr'>contraire,</span> <span class='ocrx_word' id='word_1_484' title='bbox 1594 2598 1617 2631; x_wconf 84' lang='lat' dir='ltr'>si</span> <span class='ocrx_word' id='word_1_485' title='bbox 1645 2598 1716 2641; x_wconf 86' lang='lat' dir='ltr'>quis</span> <span class='ocrx_word' id='word_1_486' title='bbox 1751 2603 1859 2632; x_wconf 75' lang='lat' dir='ltr'>autem</span> <span class='ocrx_word' id='word_1_487' title='bbox 1893 2598 1956 2631; x_wconf 84' lang='lat' dir='ltr'>hoc</span> 
     </span>
    </p>
   </div>
   <div class='ocr_carea' id='block_1_13' title="bbox 1996 2229 2147 2255">
    <p class='ocr_par' dir='ltr' id='par_1_15' title="bbox 1996 2229 2147 2255">
     <span class='ocr_line' id='line_1_98' title="bbox 1996 2229 2147 2255; baseline -0.013 -5"><span class='ocrx_word' id='word_1_488' title='bbox 1996 2229 2082 2250; x_wconf 80' lang='lat' dir='ltr'>Sanctio</span> <span class='ocrx_word' id='word_1_489' title='bbox 2099 2232 2147 2255; x_wconf 77' lang='lat' dir='ltr'>pou-</span> 
     </span>
    </p>
   </div>
   <div class='ocr_carea' id='block_1_14' title="bbox 1968 2256 2032 2278">
    <p class='ocr_par' dir='ltr' id='par_1_16' title="bbox 1968 2256 2032 2278">
     <span class='ocr_line' id='line_1_99' title="bbox 1968 2256 2032 2278; baseline 0.031 -2"><span class='ocrx_word' id='word_1_490' title='bbox 1968 2256 2032 2278; x_wconf 72' lang='lat' dir='ltr'>nans.</span> 
     </span>
    </p>
   </div>
  </div>
 </body>
</html>
