2170 3147
247 205 294 227 Αῃ,
316 201 342 225 t'..
364 200 427 225 l'i'J'rQ
474 189 537 221 (1]ἶί

441 248 592 279 dci-esser
618 252 727 278 noster
754 246 925 278 nonnullas
961 244 1179 286 indulgentias

441 301 527 332 iuxta
552 311 661 332 earum
695 299 856 331 diversum
890 297 1016 330 v1vendi
1050 298 1179 330 niodum

441 353 621 393 concessit,
650 358 683 383 ut
709 352 740 384 in
766 351 883 384 litteris
909 350 1097 394 apostolicis
1130 350 1180 383 die

441 417 496 439 viu
533 405 662 447 augusti
694 414 850 438 nnetxxxt
885 409 916 436 et
952 404 984 436 in
1021 404 1092 437 aliis
1130 404 1181 437 die

441 469 503 491 xxn
530 459 674 491 eiusdem
701 457 823 490 mensis
849 462 880 490 et
904 457 978 489 anni
1001 457 1181 500 respective

442 512 601 554 expeditis
627 512 758 554 plenius
784 511 904 544 dicitur
929 511 1101 544 contineri.

486 567 499 607 ,ξ
526 565 555 597 82.
582 565 658 597 Cum
684 570 801 605 autem,
826 564 910 597 sicut
936 564 1049 597 eadem
1086 575 1182 608 expo-

280 615 298 652 ,’
318 641 322 653 1
344 612 516 651 5¹‘'ii‘'⁵sitio
544 618 778 660 subiungebat,
805 629 864 661 pro
893 617 1006 651 maiori
1033 618 1087 650 Dei
1115 628 1183 651 ser-

442 671 528 710 vitio,
556 670 773 710 observantia,
792 676 824 703 et
848 670 993 703 eiusdem
1011 670 1110 703 Tertii
1127 670 1184 703 Or-

442 724 524 757 dinis
548 730 734 767 augmento,
758 724 813 756 illa
838 723 1067 767 praescriptio,
1087 724 1183 766 privi-

442 777 667 820 legiorumque
703 777 891 816 concessio,
928 788 1010 820 quae
1047 778 1085 809 ab
1123 777 1183 809 bac

441 830 555 863 Sancta
596 830 677 864 Sede
720 830 873 863 tertiariis
913 830 1042 863 Ordinis
1081 830 1182 862 sancti

443 884 605 917 Francisei
646 884 810 927 impertita
850 884 1006 923 suerunt,
1047 883 1183 916 maxime

442 944 663 971 consentanea
696 939 754 979 sit,
780 938 818 971 ad
845 938 907 970 boc
934 942 969 969 ut
993 937 1095 979 magis
1119 936 1181 969 ani-

442 1004 568 1026 marum
596 992 726 1026 devotio
759 992 967 1031 accendatur,
1002 991 1184 1034 similisque

442 1046 580 1079 instituti
620 1047 754 1079 honesta
793 1045 966 1088 disciplina
1003 1050 1182 1087 augeatur,

442 1099 540 1132 iidem
567 1105 768 1142 exponentes
794 1099 963 1142 privilegia
985 1098 1183 1138 huiusmodi,

444 1153 595 1186 terti-ariis
629 1151 855 1186 secundodicti
892 1151 1021 1184 Ordinis
1055 1161 1186 1184 conces-

442 1217 496 1245 sa,
523 1207 561 1239 ad
596 1206 758 1239 tertiarios
795 1204 967 1248 utriusque
1004 1215 1099 1237 sexus
1134 1204 1185 1237 sui

443 1259 573 1292 Ordinis
592 1269 650 1303 per
669 1270 728 1293 nos
747 1258 878 1292 extendi
897 1268 1104 1301 summopere
1130 1257 1185 1290 de-

443 1313 612 1353 siderant;
640 1324 678 1346 eo
705 1312 808 1355 magis
834 1311 908 1355 quia
944 1311 1030 1344 Ordo
1062 1310 1186 1354 primo-

443 1367 557 1406 dictus‚
579 1376 640 1399 nen
655 1367 761 1399 solum
780 1376 839 1410 per
859 1365 1184 1399 communicationem

442 1425 496 1452 aut
522 1420 818 1463 participationem,
838 1419 893 1452 scd
918 1419 1014 1452 etiam
1041 1419 1082 1452 ob
1108 1419 1186 1452 indi-

443 1474 569 1506 viduam
581 1479 612 1506 et
625 1473 801 1516 specialem
816 1473 1073 1513 concessionem,
1086 1473 1186 1506 omni-

443 1528 500 1560 bus
538 1526 718 1570 privilegiis
750 1526 908 1559 Ordinum
934 1526 1184 1559 Mendicantium

443 1581 571 1621 fruitur,
591 1586 622 1614 et
649 1581 758 1623 vigore
785 1580 1005 1614 concessionis
1028 1586 1059 1613 et
1085 1580 1186 1614 decla·

444 1634 578 1668 rationis
604 1646 621 1667 a
638 1634 834 1668 recolendae
852 1634 1031 1667 memoriae
1049 1634 1186 1667 Alexan-

443 1688 501 1721 dro
542 1688 628 1731 Papa
666 1687 727 1720 VIII
768 1686 891 1730 pariter
930 1687 1184 1730 praedecessore

442 1746 554 1774 nostro
581 1741 682 1774 sactae
708 1751 744 1773 ae
769 1739 919 1783 specialis
939 1739 1041 1772 nostri
1068 1739 1183 1774 indulti

441 1805 534 1827 verns
553 1793 637 1827 Ordo
658 1793 843 1827 Mendicans
865 1793 1063 1826 declaratur.
1085 1793 1184 1827 Nobis

442 1853 619 1892 propterea
659 1847 737 1881 dicti
778 1852 978 1890 exponentes
1018 1847 1185 1880 humiliter

444 1901 624 1945 supplicari
662 1902 809 1934 fecerunt
849 1906 884 1933 ut
923 1900 955 1933 in
992 1901 1184 1944 praemissis

443 1960 627 1998 opportune
654 1954 829 1998 providere
858 1959 890 1987 et
914 1959 949 1986 ut
973 1953 1056 1986 infra
1082 1954 1186 1987 indul-

444 2018 518 2050 gere
552 2008 591 2041 de
623 2007 828 2050 benignitate
861 2007 1041 2051 apostolica
1074 2008 1185 2050 digna-

445 2071 565 2093 remur.

344 2153 354 2160 „
378 2157 379 2162 1
411 2156 419 2161 μ
487 2115 501 2157 ξ,
526 2115 556 2147 3.
578 2114 640 2147 Nos
659 2114 767 2157 igitur,
787 2115 874 2158 ipsos
893 2119 1094 2158 exponentes
1113 2125 1187 2158 spe-

249 2158 267 2193 i„
296 2156 371 2194 „7¹¹¹
412 2160 579 2200 “cialibus
617 2168 781 2201 favoribus
818 2173 848 2201 et
885 2168 997 2210 gratiis
1030 2169 1185 2211 prosequi

443 2222 597 2262 volentes,
625 2227 654 2253 et
681 2232 792 2254 corum
820 2221 1004 2264 singulares
1030 2232 1187 2265 personas

443 2286 459 2306 a
486 2274 650 2316 quibusvis
677 2274 1033 2315 excommunicationis,
1051 2285 1188 2318 suspen-

443 2327 542 2359 sionis
568 2333 598 2359 et
623 2326 799 2367 interdicti,
824 2327 962 2371 aliisque
989 2327 1188 2360 ecclesiasti-

445 2380 488 2411 cis
515 2380 696 2418 sententiis,
714 2380 860 2414 censuris
879 2387 909 2414 ct
927 2382 1053 2424 poenis,
1076 2392 1092 2414 a
1117 2381 1186 2414 iure

445 2434 492 2465 vel
531 2434 569 2465 ab
607 2433 761 2474 bomine,
789 2434 902 2478 (plavis
928 2435 1098 2468 occasione
1137 2436 1186 2468 vel

447 2489 541 2517 cans-a
567 2486 657 2524 latis,
686 2487 710 2518 si
744 2487 860 2530 quibus
893 2488 1116 2531 qomodolibet
1140 2488 1188 2520 ir.-

446 2538 585 2571 nodalae
611 2539 766 2580 existunt,
794 2540 832 2572 ad
858 2540 1007 2574 ctl'cctmn
1034 2551 1188 2584 praesen-

447 2591 522 2624 tium
558 2592 715 2624 dumtaxat
755 2594 1035 2637 consequendum,
1072 2595 1186 2627 barum

1028 196 1174 218 nstmntt
1188 196 1206 218 ll
1234 196 1389 219 ROMANUM

1973 194 2020 222 An.
2042 195 2070 223 C.
2087 197 2151 226 1728

1225 244 1310 276 serie
1336 244 1541 277 absolventes
1560 248 1591 276 et
1609 241 1788 276 absolutas¹
1808 243 1874 275 sore
1893 252 1966 276 cen-

1225 302 1343 336 sentes,
1371 297 1556 330 huiusmodi
1591 295 1887 340 supplicationibus
1919 295 1967 328 in-

1226 349 1357 390 clinati,
1385 350 1554 393 privilegia
1588 349 1740 383 tertiariis
1772 348 1968 382 secundodi-

1226 403 1267 436 cti
1295 403 1424 436 Ordinis
1450 404 1550 437 sancti
1578 403 1753 442 Francisci,
1773 407 1802 434 ut
1825 403 1968 445 praeser-

1228 463 1295 497 tur‚
1317 468 1494 497 concessa,
1523 458 1561 490 ad
1595 457 1759 489 tertiarios
1798 455 1968 499 utriusque

1227 521 1320 543 sexus
1347 510 1533 554 primodieti
1559 509 1689 543 Ordinis
1722 510 1756 542 B.
1785 509 1902 542 Mariae
1928 509 1968 542 de

1228 563 1373 596 Mercede
1401 563 1634 606 redemptionis
1661 563 1888 606 captivorum,
1912 572 1968 595 au-

1226 617 1375 650 ctoritate
1395 617 1584 660 apostolica,
1603 622 1715 649 tenore
1734 616 1968 659 praesentium,

1229 676 1386 713 perpetuo
1408 669 1610 702 extendimus
1637 675 1668 701 et
1692 669 1896 712 ampliamus.

1272 724 1286 766 ᾗ
1311 723 1342 755 li.
1370 722 1439 754 Non
1466 722 1672 755 obstantibus
1701 721 1905 765 praemissis,
1932 731 1970 755 ac

1228 776 1515 809 constitutionibus
1542 782 1573 808 et
1598 775 1860 808 ordinationibus
1892 785 1970 819 apo-

1228 830 1367 868 stolicis,
1387 840 1529 869 necnon,
1546 834 1705 872 quatenus
1728 839 1810 872 opus
1832 828 1884 869 sit,
1907 829 1971 872 pri-

1230 883 1363 916 modicti
1382 883 1528 923 Ordinis,
1556 883 1652 916 etiam
1673 883 1869 924 iuramento,
1889 882 1971 916 etc.²

1274 938 1288 980 g
1325 937 1354 969 5.
1383 937 1537 970 Volumus
1574 942 1682 969 autem
1714 941 1749 969 ut
1781 936 1969 969 earumdem
1982 947 2044 968 Fiam
2065 948 2158 971 ι,;ιι.«-ωιι

1230 990 1449 1033 praesentium
1465 990 1643 1023 litterarum
1659 989 1971 1033 transuniptis,etc.³.
1982 976 2122 1002 ¹¹'⁰¹¹⁸¹¹¹¹'¹'“⁵'

1274 1044 1387 1077 Datum
1415 1044 1548 1083 Romae,
1575 1043 1660 1086 apud
1683 1043 1714 1076 S.
1741 1043 1889 1084 Petrum,
1911 1043 1972 1076 sub

1229 1098 1351 1130 annulo
1390 1095 1588 1136 piscatoris,
1626 1096 1677 1129 die
1712 1105 1781 1129 xxvi
1817 1095 1972 1129 februarii

1229 1160 1428 1191 nnecxxvm,
1455 1149 1665 1194 pontificatus
1691 1149 1797 1183 nostri
1822 1160 1908 1183 anno
1926 1159 1970 1184 iv.

1267 1213 1323 1239 Dat.
1347 1213 1390 1240 die
1409 1211 1443 1240 2'0
1468 1212 1597 1239 februarii
1619 1211 1703 1245 1728,
1725 1212 1820 1248 pontif.
1841 1220 1911 1240 anno
1933 1219 1970 1239 νι.

2003 733 2156 760 Derogatoriae.

1539 1328 1665 1363 CCXVI.

1231 1399 1425 1433 Conceditur
1452 1400 1593 1443 fucallas
1619 1399 1763 1443 capitulo
1797 1398 1971 1443 qenerali,

1273 1457 1380 1496 etpost
1391 1463 1465 1485 eum
1478 1452 1661 1494 deliiiilorz'o
1678 1453 1826 1495 qenerali
1840 1452 1974 1496 Corcyre-

1273 1507 1416 1549 quli'om's
1451 1506 1637 1550 Hispaniae
1670 1505 1806 1540 Ordinis
1829 1507 1974 1549 fratrum

1274 1560 1549 1593 lh'scalcealornm
1571 1559 1626 1593 SS.
1650 1560 1827 1593 Trinitatis
1850 1559 1975 1592 redem-

1272 1614 1395 1657 ptionis
1416 1614 1627 1657 captivorum,
1646 1613 1772 1646 decreta
1797 1618 1825 1646 et
1849 1617 1974 1646 statuta

1273 1667 1433 1700 condendi?
1455 1667 1477 1700 ⁴.

1408 1739 1588 1766 Benedictus
1609 1739 1688 1773 Papa
1706 1739 1794 1773 xm,

1372 1784 1408 1810 ad
1431 1784 1566 1810 suturam
1588 1784 1633 1810 rei
1656 1783 1843 1810 memoriam.

1273 1847 1287 1889 g
1314 1846 1343 1878 l.
1372 1846 1494 1889 Exponi
1523 1846 1615 1879 nobis
1646 1857 1752 1890 nuper
1786 1846 1861 1879 feeit
1892 1847 1975 1880 dile·
2000 1853 2162 1875 Causae-mim-

1985 1881 2105 1908 pulli-ndum
2115 1881 2162 1902 Fon·

1229 1904 1298 1933 ctus
1326 1900 1409 1932 tilius
1436 1900 1619 1932 lldesonsus
1645 1911 1661 1932 a
1687 1899 1756 1933 lesu
1773 1899 1880 1940 Maria,
1899 1910 1975 1943 pro·
1986 1910 2070 1930 nucem.

1229 1958 1361 1987 curator
1389 1953 1550 1997 generalis
1564 1953 1834 1996 Congregationis
1860 1953 1976 1997 llispa-

1230 2007 1302 2040 niae
1342 2007 1473 2040 Ordinis
1516 2007 1652 2040 fratrum
1697 2007 1975 2041 Discalceatorum

1230 2061 1282 2095 SS.
1300 2061 1465 2094 Trinitatis
1487 2061 1734 2104 Redemptionis
1757 2061 1974 2105 Captivorum,

1231 2114 1332 2158 qnod,
1351 2125 1435 2153 cum,
1457 2114 1523 2147 Deo
1551 2114 1656 2154 dante,
1675 2113 1841 2158 praedicta
1858 2113 1975 2157 religio

1233 2168 1295 2200 iam
1322 2167 1364 2200 sit
1389 2168 1483 2201 valde
1509 2173 1656 2208 extensa,
1684 2172 1716 2201 et
1740 2167 1887 2211 quotidie
1902 2168 1975 2211 plus

1233 2231 1291 2264 per
1317 2220 1431 2254 orbem
1458 2220 1661 2262 extendatur,
1686 2222 1788 2264 eaque
1813 2220 1853 2254 de
1879 2222 1977 2253 causa

1268 2293 1278 2318 ·l
1302 2291 1373 2318 Edit.
1395 2291 1476 2318 illaiu.
1497 2291 1560 2326 legit
1579 2291 1723 2320 absolutos
1741 2293 1782 2326 (n.
1802 2290 1851 2326 T.).

1266 2336 1283 2362 2
1303 2336 1335 2363 t't
1354 2345 1436 2371 supra
1456 2344 1517 2372 pag.
1538 2337 1586 2363 471
1609 2345 1627 2363 a
1645 2337 1685 2371 (n.
1703 2339 1752 2368 T.).

1266 2381 1282 2408 3
1304 2381 1333 2408 Ut
1354 2390 1436 2417 supra
1458 2389 1518 2416 pag,
1540 2381 1575 2407 66
1594 2390 1609 2408 α
1630 2383 1668 2416 (n.
1685 2381 1734 2415 τ.).

1267 2426 1281 2452 A
1303 2425 1362 2452 Alia
1383 2425 1464 2452 buius
1486 2426 1622 2453 Pontificis
1642 2428 1719 2452 const
1739 2425 1783 2451 ed.
1813 2431 1947 2452 moccxxiv
1965 2446 1972 2459 ‚

1231 2470 1274 2496 die
1295 2470 1326 2497 Ἡ
1348 2470 1522 2505 septembris,
1544 2470 1642 2505 pontif.
1664 2477 1681 2503 1,
1702 2470 1772 2496 faeta
1792 2469 1843 2496 suit
1860 2469 1973 2496 facultas

1231 2513 1348 2548 capitulo
1367 2514 1489 2548 generali
1510 2513 1668 2541 eorumdem
1688 2513 1846 2541 nominandi
1872 2512 1975 2540 iudices

1231 2562 1437 2585 conservatores
1457 2558 1483 2584 in
1505 2558 1652 2593 provinciis
1672 2557 1814 2591 Castellae,
1835 2556 1973 2592 Legionis,

1232 2601 1364 2629 Navarrae
1380 2624 1384 2635 ‚
1406 2606 1459 2630 etc.
