2170 3147
233 159 270 183 An
308 160 335 183 ι’..
359 159 424 184 17ῑὲ
473 150 536 182 7ἳο

431 210 528 241 luerit
554 219 589 242 ex
618 209 709 241 dictis
739 208 999 252 archiepiscopis
1035 209 1084 240 vel
1111 208 1175 251 epi-

430 262 535 304 scopis
555 262 714 304 recipcre,
736 272 860 294 necnon
888 261 1100 304 primodictae
1127 273 1176 304 pa-

430 314 583 346 rochiali<
600 313 757 346 ccclesiae
780 313 892 357 illique
914 314 1177 353 inservientium,

430 379 465 399 ac
480 367 613 399 aliatum
633 367 857 406 ecelesiarum,
878 368 1088 410 capellarum,
1111 378 1176 399 ora·

431 420 606 460 torioruni,
634 419 847 462 hospitalium
874 419 1081 463 ahorumque
1109 420 1177 462 pio-

432 484 501 505 rum
528 474 698 511 locorum,
718 478 750 505 et
775 473 956 516 respective
995 474 1026 505 in
1054 474 1098 506 eis
1125 474 1177 506 be-

431 525 545 558 neficia
571 526 814 565 obtinentium,
841 537 876 559 ac
901 527 1039 560 aliorum
1066 527 1177 559 subdi-

432 586 537 613 torum
562 580 795 622 praefatormn,
817 580 1015 623 ubicumque
1037 580 1176 613 existen-

432 633 520 672 tium,
539 643 652 666 causas
671 632 889 672 beneficiales,
910 633 1177 673 matrimoniales,

431 697 466 718 ae
492 686 602 718 civiles
640 692 670 718 et
706 686 893 719 criminales
919 687 967 719 vel
994 686 1108 719 mixtas
1138 687 1175 719 ad

433 740 536 772 sorum
552 738 807 772 ecclesiasticum
824 745 1020 782 spectantes,
1035 740 1177 783 quoties-

432 803 569 836 cumque
597 798 628 825 et
653 792 852 835 ubicumque
887 803 977 826 casus
1010 794 1176 832 evenerit,

432 846 529 889 quin*
549 847 696 879 locorum
718 845 879 879 Ordinarii
899 846 996 879 ullam
1020 845 1052 878 in
1073 846 1177 879 subdi-

434 905 493 938 tos,
519 899 665 942 aliosque
691 899 877 942 praedictos
893 926 901 939 ‚
925 910 1104 942 eorumque
1131 911 1177 933 ie-

433 952 577 995 spectix'e
614 953 716 991 bona,
745 952 889 985 redditus
917 958 947 985 et
972 959 1149 995 proventus
1167 980 1174 993 ‚

433 1006 714 1046 iurisdietiOnem,
748 1006 1036 1049 superioritatem,
1068 1006 1177 1039 domi—

432 1060 521 1092 nium
546 1060 596 1092 vel
618 1064 825 1103 potestatem,
845 1059 943 1092 etiam
971 1060 1097 1092 ratione
1123 1070 1177 1092 cu-

433 1112 626 1155 iuscumque
652 1117 834 1145 contractus
851 1139 858 1151 ‚
883 1122 1012 1145 necnon
1039 1112 1176 1145 cuiusvis

433 1165 565 1207 generis
585 1165 694 1197 delicti
714 1165 810 1197 etiam
830 1165 974 1197 turbatae
997 1165 1178 1198 inridictio-

432 1218 493 1258 nis,
515 1218 563 1251 vel
583 1218 715 1250 alterius
741 1217 836 1251 etIam
863 1218 1019 1261 g1·avi01·Is
1045 1218 1175 1261 speciei,

434 1277 464 1304 ct
482 1271 658 1314 specialem
681 1271 883 1305 mentionem
903 1272 1108 1315 requirentis,
1129 1273 1176 1305 vel

433 1325 565 1357 alterius
592 1325 657 1365 rei,
692 1324 888 1368 ubicumque
922 1327 1067 1359 locorum
1102 1336 1178 1359 eon-

435 1383 554 1411 tractus
579 1377 676 1410 initus
709 1383 740 1411 et
775 1378 929 1411 delictum
968 1380 1175 1412 commissum

435 1432 533 1464 suerit
559 1437 590 1464 et
616 1442 665 1465 res
699 1431 770 1475 ipsa
805 1432 984 1471 consistat,
1021 1443 1177 1466 exercere

435 1485 583 1526 valeant,
610 1495 675 1518 non
713 1485 919 1519 obstantibus
957 1486 1109 1519 omnibus
1146 1492 1177 1520 ct

435 1538 693 1582 quibuscumque
726 1539 936 1582 processibus
967 1546 1079 1573 contra
1104 1540 1178 1573 illos

434 1593 484 1626 vel
511 1593 641 1626 illorum
661 1592 801 1636 aliquem
821 1603 879 1635 per
897 1603 1117 1636 quoscumque
1135 1595 1178 1627 lo-

435 1657 548 1679 corum
574 1646 762 1680 Ordinarios
783 1647 833 1679 vel
855 1657 966 1680 eorum
988 1647 1124 1680 vicarios
1146 1647 1176 1680 in

434 1700 661 1743 spiritualibus
686 1701 868 1742 generales,
885 1701 934 1733 vel
953 1700 1080 1743 quosvis
1098 1701 1178 1734 alios

435 1753 473 1786 ad
497 1753 527 1786 id
547 1753 586 1785 ab
613 1753 734 1786 eisdem
760 1753 904 1786 locorum
922 1753 1103 1786 Ordinariis
1125 1754 1178 1787 de-

435 1806 620 1849 putandos,
648 1806 744 1838 etiam
778 1805 810 1838 in
843 1816 917 1839 casu
956 1807 1178 1850 negligentiae

435 1859 582 1893 moderni
599 1864 630 1892 et
642 1869 702 1902 pro
718 1864 866 1903 tempore
881 1860 1048 1893 existentis
1062 1860 1180 1904 prietis

435 1913 582 1956 praefati,
601 1923 659 1956 pro
679 1918 825 1956 tempore
845 1913 946 1954 sactis,
966 1924 1095 1947 necnon
1114 1914 1179 1958 qui-

435 1966 579 1999 buslibet
620 1966 718 1999 etiam
750 1967 1094 2000 excommunicationis
1130 1969 1177 2001 vel

435 2020 660 2063 suspensionis
679 2025 710 2052 et
727 2019 800 2053 aliis
821 2020 1083 2064 quibuscumque
1109 2032 1178 2055 sen-

436 2072 545 2106 tentiis
570 2073 794 2116 promulgatis,
813 2084 892 2117 quas
913 2074 1016 2107 nullas
1035 2080 1066 2107 et
1090 2074 1180 2108 inva-

436 2124 517 2157 lidas
556 2124 742 2167 nulliusque
778 2124 907 2158 roboris
940 2126 988 2158 vel
1022 2125 1178 2159 momenti

437 2177 505 2210 sore
532 2178 693 2217 volumus,
716 2187 843 2210 necnon
864 2178 1116 2222 quomodolibet
1140 2179 1179 2212 ad

437 2230 612 2273 praemissa
631 2231 738 2264 omnia
756 2231 902 2274 praefata
928 2232 1025 2265 etiam
1045 2232 1076 2265 in
1102 2233 1180 2266 alte-

438 2284 501 2316 rius
517 2294 613 2326 quain
633 2284 710 2317 dieti
729 2284 848 2327 prieris
871 2296 931 2329 pro
950 2290 1097 2328 tempore
1117 2286 1180 2319 exi-

437 2337 550 2369 stentis
567 2336 827 2370 iurisdictionem
850 2338 1100 2381 quomodolibet
1120 2349 1181 2382 per

439 2390 585 2422 subditos
619 2390 765 2434 aliasque
802 2401 955 2434 personas
994 2392 1180 2425 huiusmodi

438 2443 596 2484 praestito
623 2454 678 2476 seu
706 2444 800 2477 etiam
826 2446 1023 2488 praestando
1049 2456 1181 2479 consen-

439 2505 485 2533 su,
498 2505 594 2538 quem
609 2505 673 2529 non
687 2498 794 2530 valere
810 2498 1015 2531 deceruimus
1033 2504 1064 2532 et
1078 2499 1181 2532 decla-

476 2559 484 2584 1
504 2556 569 2584 Male
586 2557 652 2584 edit.
670 2558 748 2585 Maia.
766 2559 829 2594 legit
845 2560 915 2594 quia
930 2568 978 2595 pre
994 2561 1065 2595 quin
1082 2561 1118 2596 (u,
1131 2561 1180 2596 T.).

1011 160 1191 183 rit'iimntrn
1218 160 1374 184 noitffit'ni

1221 218 1341 249 ramus,
1355 220 1562 251 cognoscere,
1575 211 1725 244 decidere
1742 217 1772 243 et
1788 211 1963 244 terminare

1220 261 1344 305 absque
1365 269 1437 296 voto
1465 270 1495 296 et
1520 264 1656 297 consilio
1682 264 1867 305 assessoris,
1890 276 1963 308 qua-

1223 321 1314 348 tenus
1340 316 1430 358 prior
1456 327 1514 359 pro
1542 323 1688 360 tempore
1710 318 1851 351 existens
1870 329 1962 361 prae-

1223 368 1306 400 satus
1328 369 1360 401 in
1378 368 1448 401 iure
1475 370 1632 403 canonico
1658 378 1804 403 versatus
1830 370 1962 411 existat,

1222 420 1271 452 sin
1287 420 1405 461 minus,
1421 433 1494 454 cum
1511 423 1648 456 consilio
1668 430 1699 456 et
1716 428 1788 456 voto
1805 428 1901 466 prout
1922 423 1963 456 de

1221 474 1294 507 iure
1317 476 1492 508 assessoris
1510 475 1541 508 in
1566 476 1673 519 aliqua
1695 476 1876 519 approbata
1897 476 1964 508 uni-

1225 526 1376 560 versitate
1390 528 1486 561 studii
1500 529 1663 570 generalis
1680 529 1835 562 doctorali
1851 529 1964 561 laurea

1222 579 1395 622 insigniti,
1431 582 1479 614 vel
1511 583 1624 614 saltem
1650 582 1681 614 in
1709 576 1963 615 iure‘eanonico

1222 633 1400 674 licentiati,
1437 635 1467 667 in
1494 635 1532 667 iis
1561 640 1665 668 tamen
1692 635 1798 668 causis
1832 635 1864 667 in
1895 635 1965 678 qui-

1221 687 1280 719 bus
1299 687 1337 720 de
1355 687 1424 721 tisci
1445 689 1492 721 vel
1512 689 1650 731 partium
1671 688 1827 721 interesse
1845 688 1963 730 agitur,

1221 740 1323 773 libere
1351 746 1382 774 et
1407 741 1494 774 licite
1520 742 1623 784 possit
1649 747 1681 774 et
1707 742 1823 783 valeat)
1851 741 1963 774 eadem

1222 793 1401 835 apostolica
1438 794 1628 827 auctoritate
1666 795 1763 827 etiam
1803 799 1965 837 perpetuo

1221 846 1409 880 subiicimus
1436 853 1467 881 et
1491 848 1717 891 supponimus.

1266 900 1281 942 ξ
1306 899 1337 933 8.
1365 900 1401 933 Et
1428 901 1564 944 insuper
1601 901 1699 944 priori
1736 912 1793 944 pro
1821 907 1966 944 tempore

1222 953 1372 986 existenti
1399 955 1555 997 praefato,
1575 961 1608 987 ut
1633 965 1859 998 quaecumque
1885 954 1965 988 litte·

1222 1016 1276 1038 rae
1302 1007 1520 1049 apostolicae,
1543 1007 1635 1040 etiam
1664 1008 1695 1040 in
1723 1008 1822 1040 forma
1845 1006 1964 1046 Brevis,

1223 1065 1286 1091 tam
1313 1060 1448 1102 gratiam
1468 1071 1564 1103 quain
1591 1061 1743 1094 iustitiam
1769 1070 1966 1094 concernen-

1223 1118 1278 1151 tes,
1295 1118 1326 1145 et
1341 1114 1532 1156 praesertim
1549 1124 1647 1156 super
1665 1113 1965 1157 dispensationibus

1222 1165 1525 1205 matrimonialibus‚
1540 1172 1571 1199 et
1590 1167 1621 1199 in
1638 1167 1741 1199 forma
1753 1166 1964 1210 siqui'ficaviss

1222 1228 1303 1260 quae
1328 1228 1345 1250 a
1371 1219 1466 1252 nobis
1504 1230 1539 1252 ae
1578 1220 1761 1262 Apostolica
1795 1219 1878 1253 Sede
1903 1229 1964 1263 pro

1223 1272 1370 1314 personis
1404 1273 1551 1306 eiusdem
1584 1273 1704 1316 prioris
1731 1284 1790 1316 pro
1817 1279 1964 1316 tempore

1223 1325 1389 1358 existentis
1426 1326 1641 1359 iurisdietioni
1672 1326 1849 1368 subiectis,
1876 1333 1964 1370 post-

1224 1379 1284 1411 hae
1305 1379 1545 1413 concedentur¹
1565 1385 1597 1413 et
1615 1380 1653 1413 ad
1675 1385 1783 1423 partes
1802 1381 1964 1414 transmit-

1223 1437 1361 1472 tentur,
1386 1432 1492 1466 eidem
1527 1433 1686 1466 moderno
1720 1444 1779 1476 pre
1818 1438 1964 1477 tempore

1222 1485 1372 1517 existenti
1389 1485 1500 1528 priori,
1521 1491 1680 1529 tamquam
1699 1486 1761 1519 loci
1782 1485 1965 1528 Ordinario,

1222 1548 1287 1570 non
1314 1543 1422 1571 autem
1449 1539 1710 1582 archiepiscopis
1732 1539 1781 1572 vel
1803 1539 1964 1582 episcopis

1221 1591 1444 1631 vicinioribus,
1459 1591 1644 1635 dirigantur
1659 1598 1690 1625 et
1704 1592 1963 1633 committantur3

1223 1645 1394 1688 dictusque
1431 1645 1518 1688 prior
1555 1656 1614 1689 pro
1652 1651 1799 1688 tempore
1825 1646 1965 1679 existens

1222 1699 1345 1732 litteras
1368 1699 1528 1741 praefatas
1546 1699 1673 1743 aperire
1695 1704 1727 1732 et
1744 1700 1871 1743 exequi,
1889 1710 1965 1733 nec-

1223 1762 1286 1784 non
1314 1751 1346 1784 in
1371 1752 1473 1785 causis
1499 1757 1531 1785 et
1556 1752 1712 1794 negotiis,
1746 1763 1828 1796 quae
1854 1753 1965 1785 huius-

1223 1805 1310 1838 modi
1330 1805 1457 1838 litterae
1475 1810 1684 1846 conccrnent‚
1703 1805 1896 1848 procedere;
1920 1805 1966 1839 ei-

1223 1859 1364 1901 demque
1391 1858 1491 1902 priori
1519 1869 1579 1902 pro
1611 1863 1759 1902 tempore
1795 1859 1965 1900 existentI‚

1223 1907 1414 1944 utfflitteras
1433 1910 1710 1945 Pocnitentiariae
1730 1916 1860 1946 nostrae
1881 1912 1965 1956 Apo-

1223 1963 1357 1997 stolieae
1373 1990 1380 2004 ‚
1421 1964 1529 1998 eidem
1571 1964 1672 2008 priori
1715 1975 1776 2008 pro
1817 1971 1965 2009 tempore

1223 2017 1374 2050 existenti
1408 2027 1467 2060 pro
1501 2017 1630 2050 illarum
1668 2018 1857 2051 executione
1883 2017 1967 2052 dire-

1224 2076 1306 2110 ctas,
1335 2076 1366 2103 et
1391 2070 1429 2103 ad
1455 2071 1728 2114 supplicationem
1753 2081 1966 2114 personarum

1224 2124 1344 2168 prioris
1368 2135 1429 2168 pro
1457 2130 1603 2168 tempore
1637 2125 1804 2158 existentis
1830 2125 1966 2168 praefati

1224 2177 1440 2211 iurisdictioni
1466 2178 1685 2211 subiectarum
1712 2178 1899 2221 expeditas,
1921 2183 1967 2212 et-

1226 2231 1286 2264 iam
1314 2230 1461 2274 aperire,
1492 2230 1630 2274 illasque
1657 2230 1753 2264 etiam
1779 2231 1906 2275 exequi,
1935 2231 1966 2264 in

1223 2283 1374 2317 omnibus
1400 2289 1431 2317 et
1466 2294 1525 2327 per
1549 2283 1658 2317 onmia
1693 2284 1795 2318 libere
1821 2290 1853 2317 et
1877 2283 1966 2318 licite

1225 2338 1327 2370 valeat
1349 2348 1385 2371 ae
1411 2337 1541 2378 debeat,
1560 2343 1594 2370 ut
1619 2337 1672 2370 alii
1699 2338 1897 2381 quicumque
1922 2338 1967 2371 lo—

1225 2400 1338 2424 corum
1372 2389 1533 2423 Ordinarii
1567 2390 1599 2422 in
1625 2390 1690 2423 suis
1728 2390 1910 2423 civitatibus
1935 2396 1968 2424 et

1225 2443 1430 2476 dioecesibus
1446 2444 1626 2486 procedere
1642 2449 1778 2487 possunt
1789 2449 1821 2477 et
1835 2443 1964 2483 debent,

1260 2515 1272 2541 1
1297 2514 1371 2541 Edit.
1389 2514 1470 2541 Maiu.
1488 2515 1555 2550 legit
1569 2515 1768 2543 conceduntur
1785 2516 1827 2550 (u.
1840 2515 1891 2550 T.).

1260 2560 1275 2586 ⁴2
1296 2559 1423 2595 Praepos.
1441 2560 1472 2588 in
1489 2560 1553 2587 hinc
1569 2559 1711 2588 abiicimus
1725 2560 1762 2596 (R.
1779 2559 1830 2594 T.).

1971 164 2018 189 An,
2039 164 2064 188 c.
2089 166 2151 194 5728

2012 906 2153 929 eonceduutur

1977 933 2081 959 quaedam
2114 933 2154 955 alia

1977 960 2046 990 eidem
2094 959 2152 986 priori

1977 992 1997 1006 in
2013 991 2092 1011 signum
2112 991 2153 1012 per-

1977 1013 2048 1033 fectae
2076 1013 2154 1034 iurisdi-

1977 1039 2052 1060 ctionis
2076 1039 2154 1061 ordina·

1977 1066 2029 1087 riae.
