2170 3147
0 213 24 232 n.
42 205 71 231 C.
94 205 161 232 1725

20 684 154 705 Confirmant)

0 711 53 731 ta’ae
68 711 120 731 Sixti
139 710 154 729 V

0 739 134 758 nstitutiuniss.

1 2323 125 2344 etausutao,

760 204 952 228 buxantinus
979 204 1031 227 xnt
1059 205 1107 227 rr.
1580 193 1644 227 135

170 253 338 297 expeditas
356 281 362 294 ,
399 253 521 287 tenoris
548 253 601 297 qui
628 252 794 296 sequitur,
820 252 909 286 vide-
927 251 930 286 i
950 252 1075 285 litteras
1102 262 1233 296 semper
1252 252 1374 293 firmas,
1393 252 1521 292 validas,
1540 257 1572 285 et
1588 251 1690 285 effica-

171 307 268 339 licet:
927 287 929 354 ¹,
951 317 1004 339 ees
1031 306 1171 339 existere
1198 312 1228 339 et
1253 308 1334 343 fore,
1354 317 1495 350 suosque
1522 306 1688 349 plenarios

210 358 321 392 Simius
335 359 430 401 Papa
454 358 485 398 V,
505 358 548 391 ad
564 362 754 401 perpetuam
778 358 825 389 rei
846 368 908 390 me-
928 375 930 407 L

166 412 317 444 moriam.
358 411 496 454 AEquurn
534 410 729 443 arbitramur
767 416 795 443 ct
834 420 908 443 con·
928 415 929 455 ᾗ

167 475 300 507 gruum,
328 463 407 497 etc'.
928 457 929 463 ¹

200 527 299 553 Datum
320 526 431 560 Romae,
453 525 524 560 apud
540 525 566 551 S.
589 524 712 558 Petrum,
737 524 786 550 sub
807 523 908 550 antiulo
928 549 929 555 ,

166 570 323 603 Piscatoris‚
341 570 384 596 die
400 577 407 596 1
425 570 486 596 maii
502 575 625 595 MDLxxxv
640 571 659 596 ³.
677 568 849 603 pontificatus
864 576 907 594 no-

167 614 214 640 stri
236 622 306 640 anno
327 620 344 640 i.
361 629 393 632 —
410 614 440 639 A.
460 612 640 639 maneamus.

210 676 224 718 ξ
250 675 280 708 ⁶2.
308 675 383 708 Cum
411 680 530 714 autem,
555 675 636 707 sicut
661 685 720 717 pro
747 678 835 716 parte
864 673 904 704 ‹li-

167 729 324 761 leetoruin
349 728 487 760 filiorum
505 727 611 770 magni
630 726 773 769 magistri
793 731 821 759 et
847 727 908 758 fra-

167 787 248 814 trum
272 781 408 814 rnilitum
436 780 609 824 hospitalis
636 779 792 823 praedicti
810 779 906 811 nobis

165 845 271 878 nuper
303 834 486 877 expositum
526 833 591 872 fuit,
618 832 680 876 ipsi
716 832 904 876 praemissa,

166 898 231 931 quo
257 887 380 919 firmius
401 887 580 919 subsistant
598 891 627 918 et
648 891 817 918 serventur
836 895 907 918 exa·
928 891 929 914 1

165 940 259 979 etius,
281 939 480 982 apostolicae
500 938 758 972 confirmationis
775 942 907 971 nostrae

164 993 347 1036 patrocinio
382 993 530 1025 roborari
564 992 739 1035 plurimum
774 991 904 1024 deside—

165 1052 252 1078 rent:
272 1056 344 1084 nos,
363 1046 550 1078 eorumdem
571 1044 811 1087 exponentium
829 1045 907 1077 votis

167 1100 227 1132 bac
252 1099 282 1131 in
311 1109 355 1138 re,
374 1104 529 1141 quantum
548 1108 620 1130 cum
642 1098 779 1130 Don‘iino
799 1108 907 1140 possu-

165 1163 243 1192 mus,
271 1152 488 1185 favorabiliter
513 1162 669 1191 annuere,
691 1162 812 1194 eosque
838 1162 908 1194 spe-

165 1206 301 1239 cialibus
337 1205 500 1238 favoribus
538 1212 569 1237 et
605 1205 718 1247 gratiis
752 1204 929 1247 prosequi*

163 1259 322 1298 volentes,
352 1264 383 1291 et
409 1268 521 1290 eorum
548 1259 732 1300 singulares
749 1267 906 1300 personas
928 1276 929 1303 3

164 1323 180 1345 :i
199 1312 365 1355 quibusvis
392 1311 751 1348 excommunicationis,
773 1320 908 1353 suspen-
928 1312 929 1338 i

163 1364 266 1398 sionis
291 1371 321 1398 et
341 1364 516 1404 interdicti,
544 1364 682 1407 aliisque
708 1362 929 1396 ecclesiasti-³

163 1419 209 1453 cis
234 1418 414 1457 sententiis,
442 1417 590 1450 censuris
609 1423 639 1449 et
657 1417 784 1460 poenis,
804 1427 820 1449 a
838 1417 907 1449 iure
929 1459 930 1465 ἵ

164 1473 214 1505 vel
246 1473 287 1505 ab
326 1471 474 1511 bomine,
502 1470 614 1513 quavis
654 1469 826 1502 occasione
858 1470 907 1502 vel

163 1527 260 1558 causa
281 1525 366 1565 latis,
393 1524 418 1556 si
446 1523 564 1567 quibus
583 1523 836 1566 quomodolibet
861 1523 909 1555 in-
929 1527 930 1550 t

163 1578 303 1611 nodatae
330 1577 484 1616 existunt,
518 1576 557 1609 ad
579 1576 732 1610 effectum
758 1586 910 1619 praesen-

166 1631 244 1662 tium
279 1630 442 1663 dumtaxat
479 1629 761 1672 consequendum,
793 1629 907 1661 haruin

164 1683 248 1716 serie
274 1683 482 1716 absolventes
509 1688 540 1715 et
564 1682 731 1716 absolutas
749 1682 818 1715 fore
836 1692 909 1715 cen·
929 1683 931 1720 ζ

165 1743 285 1775 sentes,
311 1735 606 1780 supplicationibus
634 1746 748 1768 eorum
775 1736 908 1768 nomine

166 1790 260 1822 nobis
301 1799 399 1832 super
439 1789 501 1822 hoc
541 1789 709 1821 humiliter
748 1789 909 1832 porrectis

168 1842 324 1884 inclinati,
351 1843 389 1875 de
423 1843 658 1876 venerabilium
692 1843 827 1875 fratrum
854 1853 910 1875 no-

167 1901 309 1928 strorum
342 1895 372 1929 S.
404 1896 439 1929 R.
471 1896 503 1928 E.
533 1896 746 1929 cardinalium
772 1896 909 1929 Concilii

167 1947 344 1981 Tridentini
382 1948 596 1992 interpretum
635 1948 781 1989 consilio,
817 1953 931 1992 prae-¹

169 2000 306 2032 insertas
346 2000 424 2033 Sixti
463 2001 725 2044 praedecessoris
765 2002 907 2042 litteras,
931 2003 932 2013 ³

171 2052 343 2095 omniaque
380 2059 411 2085 et
447 2054 572 2096 singula
608 2054 640 2087 in
677 2054 722 2087 eis
748 2047 932 2097 contentaff

171 2103 356 2137 auctoritate
389 2106 580 2148 apostolica,
613 2111 726 2139 tenore
759 2117 932 2150 praesen-,

173 2156 260 2196 tium,
279 2162 437 2199 perpetuo
455 2158 674 2200 approbamus
693 2164 725 2192 et
741 2160 910 2192 confirma-

173 2218 254 2248 nius,
276 2209 407 2252 illisque
422 2209 431 2225 ³
456 2216 633 2252 perpetuae
656 2217 688 2243 et
711 2211 911 2245 inviolabilis

172 2261 371 2304 apostolicae
397 2261 559 2295 firmitatis
585 2263 685 2295 robur
709 2264 891 2298 adiicimus.

215 2314 230 2357 ξ
255 2313 284 2347 3.
310 2314 539 2356 Deeernentes‚
567 2316 696 2349 easdem
722 2323 911 2360 praesentes

209 2412 217 2437 1
252 2409 320 2436 Sixti
341 2410 361 2436 V
383 2414 468 2438 const.
496 2411 612 2438 liabetur
632 2411 681 2439 snb
702 2411 793 2439 datum
816 2414 825 2439 1
850 2413 912 2440 maii

173 2461 318 2489 anxxxw,
334 2455 360 2481 in
383 2459 444 2482 tom.
460 2462 506 2482 vui
526 2460 632 2483 nostrae
653 2457 707 2484 edit
723 2479 728 2490 ‚
746 2466 805 2493 pag.
829 2459 879 2486 765
895 2468 912 2485 a

172 2503 198 2526 et
218 2507 264 2533 seq
284 2501 322 2534 (u.
344 2504 392 2532 T.).

207 2544 224 2570 2
243 2545 273 2570 ln
293 2544 351 2571 loco
371 2544 499 2579 parallelo
519 2545 618 2580 legitur
639 2553 772 2574 MDLxxxvt
793 2548 832 2583 (n.
856 2549 895 2583 Τ.)

208 2587 224 2615 3
239 2587 288 2616 Ed.
306 2588 388 2616 Maiu.
406 2588 472 2623 legit
488 2589 591 2625 illique
605 2592 640 2625 (R.
658 2591 707 2626 T.).

950 364 982 391 et
1007 360 1151 400 integros
1179 358 1311 391 effectus
1336 360 1443 392 sortiri
1478 366 1508 391 et
1532 359 1689 397 obtinere,

950 421 986 443 ac
1007 410 1081 450 illis,
1108 412 1145 443 ad
1173 422 1252 454 quos
1277 416 1401 454 spectat
1423 417 1454 443 et
1474 411 1633 454 spectabit
1658 411 1689 442 in

928 466 929 494 ξ
951 463 1101 502 futurum,
1128 463 1159 495 in
1187 463 1337 496 omnibus
1364 467 1395 497 et
1411 474 1471 506 per
1496 464 1602 496 omnia
1621 465 1689 507 ple-

950 515 1084 548 nissime
1110 515 1288 558 suffragari,
1314 521 1345 548 et
1370 517 1409 549 ab
1436 517 1480 548 eis
1511 517 1690 559 respective
1731 521 1733 523 '

928 590 929 595 ,
950 567 1185 600 inviolabiliter
1211 569 1373 601 observari
1390 595 1396 607 ‚
1412 569 1520 611 sicque
1548 569 1577 600 in
1605 579 1691 611 prae·

951 621 1057 653 missis
1079 631 1135 663 per
1160 632 1386 664 quoscumque
1412 621 1536 653 iudices
1562 621 1691 653 ordina-

952 673 1016 705 rios
1042 679 1072 705 et
1098 674 1275 715 delegatos,
1309 673 1406 705 etiam
1438 683 1604 705 causarum
1637 684 1691 716 pa-

951 726 1018 759 latii
1056 727 1226 769 apostolici
1264 726 1442 765 auditores,
1479 737 1515 758 ac
1547 726 1691 758 eiusdem

950 778 982 811 S.
1003 779 1039 811 R.
1061 778 1094 811 E.
1124 779 1317 819 cardinales,
1336 778 1430 811 etiam
1458 779 1496 811 de
1523 780 1622 811 latere
1648 780 1693 811 le-

951 836 1042 875 gatos
1068 832 1239 875 dictaeque
1266 831 1358 864 Sedis
1385 831 1532 872 nuncios,
1565 832 1692 864 sublata

951 885 997 918 eis
1025 890 1056 917 et
1082 895 1194 917 eorum
1220 884 1354 917 cuilibet
1380 884 1490 928 quavis
1527 885 1621 918 aliter
1645 884 1692 916 iu-

951 938 1083 971 dicandi
1110 942 1142 970 et
1165 937 1399 980 interpretandi
1422 938 1571 971 facultate
1589 943 1618 970 et
1640 947 1695 970 au-

950 991 1117 1031 ctoritate,
1155 991 1291 1023 iudicari
1329 995 1359 1023 et
1395 990 1522 1023 definiri
1548 990 1691 1030 debere,

951 1056 985 1078 ac
1010 1045 1136 1077 irritum
1165 1050 1196 1076 et
1220 1045 1315 1077 inane
1342 1044 1366 1077 si
1392 1054 1485 1077 secus
1512 1055 1611 1087 super
1643 1044 1692 1076 his

951 1110 967 1131 a
992 1108 1169 1142 quoquam,
1197 1097 1308 1140 quavis
1335 1097 1535 1138 auctoritate,
1555 1097 1694 1130 scienter

950 1153 998 1184 rel
1025 1151 1229 1193 ignoranter,
1257 1150 1434 1192 eontigerit
1459 1150 1623 1183 attentari.

994 1204 1008 1247 ξ
1032 1204 1061 1235 4.
1083 1203 1150 1235 Non
1173 1203 1377 1236 obstantibus
1402 1203 1691 1235 constitutionibus

951 1262 979 1288 et
1017 1256 1278 1289 ordinationibus
1317 1255 1523 1299 apostolicis,
1563 1266 1692 1289 necnon

952 1310 1104 1343 omnibus
1132 1315 1163 1342 et
1189 1309 1326 1352 singulis
1352 1309 1415 1342 illis
1442 1309 1573 1354 quaein
1594 1319 1691 1352 prae-

950 1363 1083 1395 insertis
1102 1362 1179 1395 Sixti
1199 1363 1466 1405 praedecessoris
1484 1363 1601 1396 litteris
1619 1373 1695 1395 con-

951 1426 1039 1448 cessa
1061 1420 1134 1448 sunt
1154 1426 1218 1449 non
1238 1416 1388 1456 obstare,
1410 1416 1594 1459 ceterisque
1620 1426 1696 1448 con-

951 1470 1058 1502 trariis
1084 1469 1355 1513 quibuscumque.

996 1522 1109 1555 Datum
1142 1522 1274 1563 Romae,
1302 1523 1385 1566 apud
1411 1522 1441 1555 S.
1470 1523 1609 1563 Petrum,
1637 1523 1695 1556 sub

953 1576 1072 1609 annulo
1085 1576 1266 1616 piscatoris,
1280 1576 1331 1609 die
1350 1587 1399 1609 xxl
1416 1576 1522 1609 martii
1537 1586 1697 1616 iiiimxxv,

951 1630 1157 1674 pontificatus
1183 1630 1286 1663 nostri
1312 1640 1397 1662 anno
1424 1640 1445 1663 1.

987 1692 1046 1719 Dat.
1065 1691 1109 1719 die
1129 1692 1158 1718 ⁹21
1184 1691 1271 1718 martii
1295 1691 1377 1726 1725,
1396 1691 1493 1727 pontif.
1516 1700 1588 1718 anno
1605 1698 1622 1718 1.

1304 1817 1337 1849 L.

953 1888 1173 1930 Confirmatio·
1197 1888 1384 1921 constitutio
1409 1887 1568 1931 quaedam
1586 1889 1644 1922 Pii
1665 1888 1697 1921 ΙΙ

996 1941 1104 1984 quoad
1125 1941 1250 1984 primos
1274 1940 1395 1973 medios
1428 1942 1554 1983 fructus
1584 1942 1698 1984 benefi-

996 1995 1122 2026 ciorum
1147 1994 1295 2027 ecelesiae
1320 1994 1577 2035 Beneventanae,
1599 1999 1626 2027 et
1653 1994 1698 2028 la-

999 2048 1063 2079 tius
1088 2046 1276 2080 declaratur
1300 2046 1322 2079 ².

1131 2117 1310 2144 Benedictus
1340 2116 1520 2151 episcopus,

1144 2168 1250 2194 servus
1273 2167 1425 2188 servorum
1445 2161 1507 2193 Dei,

1073 2206 1108 2232 ad
1128 2209 1306 2240 perpetuam
1326 2206 1370 2233 rei
1390 2206 1575 2233 memoriam.

999 2267 1162 2300 Romanus
1188 2268 1343 2307 Pontifex,
1362 2267 1455 2311 aequi
1477 2268 1621 2311 bonique
1647 2278 1697 2300 sn-

955 2330 1085 2362 preinus
1112 2326 1265 2360 assertor,
1286 2321 1371 2353 inter
1389 2321 1592 2363 gravissimas
1620 2323 1698 2355 inul-

957 2373 1148 2416 tiplicesque
1174 2373 1374 2417 apostolicae
1400 2374 1561 2408 servitutis
1587 2385 1695 2413 curas,

994 2462 1000 2486 t
1026 2459 1146 2487 Laudata
1166 2464 1255 2487 const.
1277 2461 1351 2488 edita
1371 2464 1411 2488 est
1431 2469 1501 2488 anno
1522 2468 1632 2496 iianix,
1655 2461 1698 2489 die

954 2504 970 2531 5
999 2505 1172 2539 septembris,
1203 2505 1300 2540 pontif.
1332 2513 1370 2538 11;
1402 2505 1480 2532 liuius
1509 2506 1603 2540 pontif.
1633 2513 1698 2532 vero

955 2552 1042 2575 const.
1065 2548 1131 2575 edit.
1152 2556 1288 2583 mcccxxv,
1310 2549 1353 2576 die
1373 2550 1406 2577 ⁶28
1427 2550 1531 2585 aprilis,
1559 2550 1655 2585 pontis.
1677 2558 1696 2583 1,

956 2592 1136 2621 demandatur
1156 2593 1254 2621 solutio
1275 2594 1382 2622 mediae
1407 2597 1523 2622 :innatae
1551 2593 1699 2622 beneficio-

1704 1241 1714 1259 ti
1726 1242 1822 1265 'tw-’cllo-

1693 203 1740 227 An.
1761 202 1777 226 tt
1814 203 1882 229 1725

1748 1214 1793 1230 tss'l'
1802 1211 1888 1231 trivium
