2170 3147
215 177 264 203 Αη.
286 176 315 201 c.
336 175 402 203 1727
450 166 514 200 4902

408 226 574 267 expeditas
599 225 723 258 litteras
749 223 940 257 distributus
966 222 1151 266 reperiatur

408 278 494 309 inter
510 284 571 311 tres
590 278 815 321 partialitates‚
828 282 862 309 ut
878 282 1008 315 vocant,
1025 276 1056 308 in
1072 286 1151 319 quas

408 331 463 364 illa
481 332 647 374 provincia
666 330 826 369 dividitur,
846 330 1009 372 assignata
1026 329 1153 362 unicui-

409 396 471 428 que
499 391 588 427 parte
615 385 757 427 ipsorum
784 383 1050 426 magisteriorum
1076 394 1151 416 suae

409 438 613 480 amplitudini
642 438 878 480 respondente,
898 447 1016 479 nempe
1037 436 1152 479 partia-

409 492 490 524 litati
521 489 749 534 provinciae¹‚
778 500 861 533 quae
896 489 1014 522 ceteris
1049 490 1152 522 multo

409 545 513 577 maior
539 544 656 583 existit,
672 548 755 582 octo,
781 542 968 586 partialitati
994 542 1153 575 Extrema-

411 597 510 629 durue
549 597 634 634 duo,
661 601 691 628 et
729 595 864 628 totidem
890 595 1152 638 magisteriorum

412 651 601 694 partialitati
635 650 821 692 Hispalensi
859 650 1037 692 respective
1074 660 1154 681 nun-

411 705 558 748 cupatis,
585 709 698 747 utpote
733 704 828 745 longe
860 703 1062 742 minoribus,
1089 713 1153 746 quo

411 759 443 791 in
471 758 668 800 magisteriis
693 768 728 790 ex
757 757 928 790 duodecim
958 758 996 790 ad
1023 756 1154 799 triginta

412 811 496 843 sicut
537 810 757 853 praemittitur
793 811 895 843 auctis
932 820 1037 853 aequa
1073 810 1155 842 ratio

412 864 652 897 distributionis
674 864 799 907 pariter
823 862 1010 903 servetur-2,
1033 874 1069 896 ac
1094 874 1153 906 pax

411 924 443 950 et.
470 917 688 961 tranquillitas
710 917 741 950 in
769 917 882 950 eadem
909 917 1074 960 provincia
1093 922 1154 949 sta-

410 970 555 1010 biliatur,
585 970 802 1014 praecipimus
830 971 917 1013 quod
955 981 990 1003 ex
1019 980 1154 1003 numero

412 1024 457 1055 sic
483 1030 577 1056 aucto
605 1023 779 1056 duodecim
806 1022 996 1066 partialitati
1024 1022 1155 1066 provin-

411 1077 497 1115 ciae,
525 1088 561 1109 ac
589 1077 649 1108 tria
675 1076 938 1115 Extramadmae,
966 1085 1000 1108 ac
1020 1075 1153 1108 totidem

410 1129 1056 1173 magisteriaHispalensipartialitatibus
1068 1139 1154 1172 prae-

412 1183 505 1216 dictis
532 1183 749 1225 assignentur,
775 1183 886 1226 sicque
913 1182 974 1215 ex⁸
1003 1183 1154 1215 omnibus

412 1236 606 1278 magisteriis
630 1236 818 1280 provinciae
839 1235 1018 1279 partialitas
1042 1236 1154 1278 viginti

412 1301 449 1323 ac
476 1290 643 1333 quaelibet
668 1301 684 1322 0
710 1290 846 1333 reliquis
883 1289 1009 1322 duabus
1044 1289 1156 1322 Extre-

412 1344 567 1376 madurae
603 1349 634 1375 et
667 1343 870 1386 Hispalensis
902 1343 1154 1386 partialitatibus

413 1397 558 1440 quinque
585 1397 774 1440 magisteria
799 1397 967 1430 obtineat:
991 1397 1154 1440 quodque,

414 1451 466 1482 nbi
495 1456 621 1494 tempus
647 1451 815 1484 advenerit
841 1462 905 1494 quo
932 1461 1068 1483 numero
1097 1450 1154 1482 tri-

414 1503 499 1545 ginta
526 1504 754 1545 magistrorum
783 1505 875 1537 locus
893 1515 962 1537 esse
979 1504 1107 1543 debeat,
1123 1503 1153 1536 in

414 1567 523 1589 eorum
545 1556 722 1590 collatione
740 1568 853 1590 omnes
869 1564 900 1591 ct
913 1558 1058 1601 singulae
1078 1567 1156 1590 con-

415 1610 554 1643 ditiones
581 1622 616 1643 ac
641 1611 887 1652 solemnitates,
917 1622 998 1654 quae
1025 1610 1056 1643 in
1091 1611 1155 1643 cot-

414 1665 534 1697 latione
562 1665 827 1706 magisteriorum
866 1664 990 1707 antiqui
1029 1664 1154 1697 numeri

415 1718 606 1750 duodenarii
624 1718 710 1750 iuxta
725 1719 857 1751 decreta
867 1717 1052 1760 provinciae
1069 1727 1157 1760 prae-

415 1771 496 1802 fatae
523 1772 560 1803 ab
593 1771 706 1803 eodem
740 1770 931 1803 Innocentio
968 1770 1158 1813 praedeces-

415 1834 488 1856 sore
515 1834 572 1866 per
599 1830 791 1857 memoratas
818 1834 891 1856 suas
918 1824 1043 1856 litteras
1081 1833 1157 1855 con-

414 1876 558 1909 firmatae
584 1884 761 1917 servantur,
789 1878 913 1921 pariter
938 1878 1158 1910 observentur

417 1936 447 1962 et
472 1931 723 1973 adimpleantur.
756 1931 1017 1963 Prohibitionem
1051 1935 1157 1962 autem

416 1982 454 2014 de
482 1994 546 2015 non
573 1985 720 2016 creandis
747 1984 837 2016 novis
870 1983 1057 2026 magistris,
1094 1982 1157 2015 nisi

415 2042 600 2078 postquam,
627 2036 817 2069 vacantibus
844 2036 982 2069 subinde
1009 2036 1158 2078 magiste-

416 2089 473 2121 riis
500 2090 559 2121 iam
587 2090 733 2129 collatis,
760 2090 871 2132 viginti
898 2100 1014 2122 novem
1032 2089 1065 2121 in
1083 2099 1160 2132 pro·

415 2141 519 2174 vincia
545 2143 712 2185 praedicta
728 2143 918 2186 superstites
933 2142 1157 2183 remanserint,

418 2205 435 2227 a
471 2195 563 2228 nobis
601 2197 742 2237 tactam,
778 2202 811 2229 ut
846 2196 1056 2240 praefertur,
1088 2195 1158 2228 sine

418 2249 619 2291 praeiudicio
647 2250 770 2293 antiqui
804 2250 929 2282 numeri
963 2249 1157 2282 duodenarii

418 2311 503 2332 nunc
531 2303 561 2333 in
588 2303 754 2345 trigesimo
780 2302 897 2336 inclusi
912 2302 1159 2345 intelligendam

420 2355 488 2386 sore
507 2356 719 2397 declar-nnus,
737 2358 818 2390 adeo
836 2357 971 2398 scilicet,
988 2363 1031 2397 ut,
1048 2368 1160 2400 quam-

419 2408 465 2440 vis
490 2419 642 2441 numerus
668 2410 886 2443 duodenarius
924 2411 955 2443 in
994 2411 1160 2454 trigesimo

458 2490 466 2512 1
492 2486 591 2521 Nempe
612 2487 747 2515 Baeticae
767 2492 804 2522 (11.
826 2491 875 2520 Τ.).

454 2530 470 2556 2
492 2530 561 2556 Edit.
584 2531 662 2557 Main.
684 2532 750 2566 legit
768 2537 914 2561 serventur
933 2536 972 2568 (R.
995 2536 1043 2569 1.).

456 2575 470 2602 3
491 2574 626 2603 Particula
647 2584 683 2603 ex
704 2585 752 2604 nos
774 2578 899 2606 addimus
921 2582 958 2614 (R.
973 2580 1022 2612 T.).

997 172 1184 198 BULLARIUM
1207 171 1366 198 ROMANUM

1196 222 1401 264 includatur,
1436 224 1613 267 nullusque
1646 233 1747 257 novus
1783 223 1939 266 magister

1198 277 1235 309 de
1263 287 1397 310 munero
1425 277 1590 319 trigesimo
1627 277 1727 310 creari
1755 277 1857 320 possit
1881 276 1939 310 do-

1197 341 1256 363 nec
1281 331 1335 364 alii
1362 331 1506 373 magistri
1534 332 1571 364 ad
1600 331 1712 373 viginti
1739 341 1855 363 novem
1889 340 1938 363 re-

1198 385 1360 427 digantur,
1386 385 1602 417 nibilominus
1630 389 1696 417 1010
1723 394 1760 417 00
1777 389 1936 428 tempore,

1198 448 1262 481 quo
1288 439 1433 482 praefato
1471 448 1608 471 numero
1647 438 1813 480 trigesimo
1849 437 1938 470 locus

1199 492 1299 523 sactus
1324 501 1389 524 non
1417 491 1533 530 suerit,
1563 490 1745 522 creationes
1768 489 1941 532 magistro-

1197 554 1267 577 rum
1303 544 1380 576 dicti
1417 544 1542 576 1111111011
1581 542 1804 583 duodenarii,
1841 547 1941 586 prout

1197 602 1304 637 antea,
1332 596 1411 629 [iant
1445 596 1572 639 quoties
1598 596 1785 638 magisteria
1810 595 1849 629 de
1878 595 1941 628 hoo

1198 661 1334 683 numero
1354 661 1468 683 vacare
1495 649 1687 692 contigerit3
1714 649 1812 692 idque
1833 659 1874 682 ne
1893 659 1941 682 ac-

1198 704 1285 737 cidat
1325 703 1630 747 (quemadmodum
1675 702 1769 736 facile
1809 702 1939 736 evenire

1198 763 1308 800 posset
1345 758 1370 789 si
1418 756 1643 800 promotiones
1686 756 1725 789 ad
1768 755 1940 789 duodecim

1199 811 1385 853 magisteria
1410 811 1597 844 huiusmodi
1616 811 1741 843 interea
1758 820 1940 853 suspensae

1200 865 1326 907 forent)
1354 864 1440 907 quod
1467 863 1630 904 magistri,
1657 863 1711 907 qui
1739 863 1824 896 diem
1848 873 1940 895 suum

1175 947 1177 952 .
1200 917 1356 958 obierint,
1384 918 1447 950 sint
1472 917 1570 949 unius
1597 918 1644 950 ve]
1671 917 1805 950 alterius
1831 927 1869 949 ex
1895 916 1942 949 di-

1199 971 1259 1003 ctis
1284 970 1548 1014 partialitatibus‚
1575 974 1606 1003 et
1631 970 1677 1002 sic
1703 970 1813 1012 aliqua
1839 980 1874 1003 ex
1895 968 1942 1002 eis

1199 1023 1365 1065 magistris
1392 1023 1539 1064 referta,
1566 1023 1715 1067 reliquae
1741 1023 1788 1056 eis
1813 1022 1942 1055 destitu-

1200 1082 1251 1109 tae
1289 1083 1505 1117 remaneant,
1544 1077 1659 1120 quibus
1695 1076 1800 1110 officia
1837 1076 1941 1109 dictae

1199 1130 1388 1173 provinciae
1415 1131 1682 1169 demandentur,
1707 1140 1788 1173 quae
1826 1139 1944 1162 secun-

1200 1183 1275 1215 dum
1301 1184 1526 1216 alternativam
1561 1183 1593 1215 in
1627 1183 1740 1216 eadem
1774 1181 1941 1225 provincia

1200 1236 1361 1279 vigentem
1396 1236 1433 1269 ad
1466 1247 1728 1280 unamquamque
1765 1235 1944 1279 partialita-

1201 1296 1265 1323 tem
1291 1296 1459 1334 spectent,
1486 1296 1513 1323 et
1543 1301 1578 1324 ex
1616 1290 1719 1334 ipsius
1756 1289 1942 1333 provinciae

1200 1343 1438 1376 consuetudine
1465 1348 1563 1386 atque
1594 1343 1805 1386 congruentia
1841 1342 1943 1385 magi-

1200 1397 1274 1429 stris
1301 1406 1429 1440 semper
1455 1396 1685 1437 conferuntur;
1712 1395 1799 1439 quod
1825 1395 1851 1428 si
1873 1405 1944 1428 con-

1202 1449 1350 1491 tingeret,
1370 1459 1522 1491 magnum
1549 1449 1654 1482 dictae
1685 1448 1870 1492 provinciae
1896 1448 1944 1481 in-

1200 1503 1409 1536 commodum
1435 1514 1499 1536 non
1526 1503 1595 1535 sine
1622 1504 1713 1535 turba
1738 1512 1773 1535 ac
1794 1501 1943 1546 publicae

1201 1557 1319 1600 quietis
1346 1557 1592 1600 perturbatione
1618 1556 1748 1589 adferre
1773 1560 1897 1599 posset.

1245 1611 1259 1653 g
1274 1609 1304 1643 5.
1326 1610 1560 1651 neem-nentes,
1576 1610 1662 1654 ipsas
1680 1615 1870 1653 praesentes
1884 1608 1942 1642 111-

1201 1669 1287 1697 teras
1309 1674 1440 1708 semper
1467 1664 1583 1703 sirmas,
1603 1663 1697 1697 et‹:.¹.

1244 1717 1259 1759 g
1284 1716 1314 1749 ss.
1343 1718 1411 1750 Non
1436 1717 1641 1749 obstantibus
1659 1714 1945 1750 constitutionibus

1202 1775 1233 1803 et
1249 1770 1510 1803 ordinationilms
1526 1770 1725 1813 apostolicis,
1739 1779 1865 1803 necnon
1874 1779 1946 1813 pro-

1201 1823 1324 1856 vinciae
1351 1830 1383 1856 ct
1407 1823 1536 1856 Ordinis
1565 1823 1817 1866 praedictorum,
1847 1822 1945 1856 etiam

1202 1877 1395 1917 iuramento,
1423 1877 1519 1909 ete.’.

1247 1931 1360 1963 Datum
1381 1930 1516 1971 Romae,
1529 1930 1614 1973 apud
1626 1930 1804 1969 S.Pctrum,
1818 1930 1879 1963 sub
1894 1939 1947 1962 an-

1202 1985 1280 2016 nulo
1303 1983 1487 2023 piscatoris7
1506 1983 1557 2016 die
1574 1994 1596 2016 11
1609 1982 1747 2015 ianuarii
1762 1991 1946 2022 Moccxxvu,

1203 2035 1411 2080 pontificatus
1430 2037 1535 2070 nostri
1562 2046 1648 2069 anno
1666 2047 1714 2070 111.

1239 2099 1286 2125 Dat
1306 2098 1350 2125 die
1370 2098 1386 2126 Ξ
1407 2098 1522 2126 ianuarii
1545 2099 1623 2133 1727,
1646 2096 1744 2134 pontif.
1766 2105 1836 2125 anno
1857 2103 1895 2124 111.

1512 2303 1637 2337 CLXIV.

1205 2410 1428 2451 Confirmalur
1452 2409 1616 2442 decretum
1645 2408 1827 2451 definitorii
1855 2417 1947 2452 qene-

1247 2463 1329 2495 ralis
1342 2463 1475 2497 Ordinis
1492 2462 1525 2496 S.
1542 2462 1681 2496 Ioannis
1697 2462 1757 2495 Dei
1773 2461 1945 2505 assignans

1241 2536 1250 2560 1
1276 2533 1389 2568 Reliqua
1409 2538 1438 2560 ut
1457 2541 1538 2568 supra
1559 2541 1619 2569 pag.
1640 2533 1687 2559 471
1711 2541 1729 2559 α
1747 2534 1787 2566 (R.
1808 2533 1856 2566 Τ.).

1239 2578 1256 2604 2
1272 2577 1384 2614 Reliqua
1400 2578 1432 2605 de
1448 2586 1524 2606 more
1542 2581 1568 2605 ut
1583 2585 1664 2612 supra
1679 2584 1741 2612 pag.
1754 2576 1802 2603 471
1821 2584 1840 2604 a
1856 2576 1944 2612 (nm).

1945 173 1995 201 Α11.
2012 173 2041 201 C.
2062 173 2128 206 172¹]

1981 1612 2104 1634 ctaiusutae.

1983 1719 2140 1742 conii-ariorum

1956 1747 2074 1773 derogatio.
