2170 3147
776 201 969 226 naa-amerus
995 202 1052 225 xm
1078 203 1125 226 PP.
1602 194 1666 227 167
1713 202 1759 228 Αιι,
1778 202 1805 228 c.
1827 202 1897 229 1725

186 252 240 295 qui
278 251 310 283 in
347 250 559 283 conventibus
596 250 697 293 ipsius
734 251 921 293 provinciae
966 250 1193 291 mittantur‚ad
1209 252 1282 285 illos
1297 252 1566 293 revertantur‚ita
1581 252 1701 285 rationi

187 303 397 337 Lombardiae
423 308 515 336 antea
541 303 677 346 professi
712 304 749 335 ad
782 303 924 346 Congre-
965 303 1096 336 minime
1121 311 1375 338 consentaneum
1411 306 1470 345 sit,
1506 306 1702 349 provinciam

186 356 348 399 gationem
376 355 595 400 supradictam
630 355 777 388 translati
813 361 843 388 et
876 356 921 388 illi
966 357 1166 398 praedictam
1192 358 1229 390 ad
1248 368 1302 390 eos
1320 359 1446 397 fratres,
1466 359 1518 401 qui
1538 359 1568 390 in
1588 359 1701 391 eadem

187 409 386 453 incorporati
420 409 565 448 fuerant,
594 409 648 441 sed
675 409 769 441 etiam
804 408 857 451 qui
892 408 922 440 in
966 408 1226 451 Congregatione
1253 411 1397 443 habitum
1424 418 1639 455 susceperunt
1672 418 1703 445 et

187 463 298 495 eadem
324 462 582 505 Congregatione
608 461 753 494 habitum
774 471 924 504 suscepe-
944 449 946 482 1
967 461 1089 493 dimissi
1116 462 1254 501 suerunt,
1281 463 1486 506 recipiendos
1512 470 1543 497 et
1568 466 1704 499 alendos

188 521 271 556 rant,
297 521 329 548 et
354 515 492 548 ulterius
518 515 660 558 aliquos,
687 515 759 558 qui,
787 515 923 547 durante
944 484 946 539 i
966 513 1148 556 adstringi,
1188 525 1223 547 ac
1257 522 1432 558 propterea
1469 528 1703 561 quamcumque

186 569 450 612 incorporatione
467 567 663 608 huiusmodi,
678 569 726 600 vel
742 567 923 600 habituales
944 579 946 623 1
967 567 1135 599 dubitandi
1163 568 1371 601 occasionem
1398 570 1457 603 hac
1490 570 1521 602 in
1559 582 1593 604 re
1631 573 1705 604 sub-

187 622 331 665 eorporis
356 633 392 654 ac
423 622 519 654 etiam
555 621 673 654 mentis
709 620 797 664 passi
831 626 925 653 erant
944 625 946 671 j
967 630 1096 653 movere
1114 647 1121 659 ‚
1148 632 1183 653 ac
1209 621 1313 655 dictae
1340 623 1527 665 provinciae
1554 625 1705 657 Lonibar-

187 675 402 715 infirmitates,
427 676 476 707 vel
504 674 693 707 criminibus
709 674 840 706 obnoxii
859 684 924 705 car-
968 673 1039 705 diac
1057 700 1064 713 ‚
1092 684 1188 716 quam
1214 674 1244 706 111
1271 680 1426 718 paternae
1464 677 1631 710 charitatis
1666 677 1706 709 vi-

186 729 313 762 ceribus
340 727 512 771 mancipati
540 728 691 765 fuerant,
717 726 834 760 exinde
868 737 921 759 re-
945 729 947 759 1
968 726 1113 759 sceribus
1140 727 1290 769 gerimus,
1318 728 1527 761 levaminiet
1550 730 1707 762 indemni-

186 782 295 825 cipere
321 786 449 813 coactus
468 780 537 820 suit,
557 791 621 813 non
644 780 713 813 sine
738 780 860 822 ingenti
880 780 925 813 di·
945 762 947 792 ⁴
969 779 1023 811 tati
1049 781 1237 819 consulere,
1258 780 1408 823 illiusque
1434 792 1562 815 necnon
1588 786 1707 826 praesa-

0 208 44 232 An.
58 205 88 230 C.
112 203 180 230 1725

187 840 255 867 ctae
267 834 452 877 provinciae
467 833 650 877 dispendio,
665 833 818 877 gravique
837 833 924 866 illius
946 839 947 852 ¹

187 888 320 920 fratrum
346 887 617 930 perturbatione:
650 887 689 919 dc
725 886 841 930 quibus
878 887 948 922 in--t

110 965 126 973 -
186 941 364 973 commodis
383 951 451 979 nos,
470 945 584 983 utpote
603 940 657 983 qui
676 940 753 973 olim
772 940 804 972 in
823 940 924 973 mino-

186 994 273 1026 ribus
293 994 458 1027 constituti
477 994 597 1037 inclyto
616 993 646 1026 S.
664 993 821 1026 Dominici
841 993 927 1026 insti-

189 1053 256 1080 tuto
275 1047 305 1079 in
325 1048 436 1080 eadem
454 1047 618 1090 provincia
640 1047 850 1079 Lombardiae
870 1057 927 1079 no·

189 1102 262 1133 men
281 1100 444 1140 dedimus,
465 1100 610 1144 apprime
632 1100 777 1132 instructi
797 1100 924 1132 suimus.

234 1154 248 1197 ἓ
274 1153 304 1185 4.
331 1153 407 1185 Cum
434 1159 540 1185 autem
569 1153 600 1185 in
626 1153 813 1186 memoratis
839 1153 926 1186 Inno-
948 1154 949 1164 ¹

191 1207 288 1240 centii
314 1206 577 1249 praedecessoris
602 1207 720 1239 litteris
738 1207 855 1239 vicario
875 1218 928 1249 go·

191 1260 291 1293 nerali
317 1261 420 1293 dictae
441 1260 708 1302 Congregationis
728 1260 840 1292 fratres
859 1260 927 1303 qui·
948 1251 950 1284 1

190 1314 287 1354 dem,
326 1314 377 1357 qui
415 1314 448 1346 in
487 1313 744 1356 Cougregationc
785 1314 927 1356 praefata
949 1322 950 1337 ³

189 1366 332 1400 habitum
359 1367 579 1410 suscepissent
603 1367 668 1399 sive
694 1366 740 1398 illi
778 1366 928 1410 incorpo-

189 1420 248 1453 rati
284 1420 448 1460 fuissent,
476 1420 671 1463 aliquando,
701 1419 829 1452 tametsi
862 1430 950 1458 non,

191 1473 299 1514 facile,
319 1473 502 1506 dimittendi
523 1473 681 1506 tribuatur
707 1473 857 1513 sacultas;
877 1484 928 1506 ve-

189 1538 257 1559 rum
284 1527 349 1570 quo
377 1526 448 1567 isti,
478 1527 532 1570 qui
567 1526 713 1559 habitum
744 1527 775 1559 in
813 1526 926 1559 eadem

187 1578 448 1623 Congregatione
475 1585 713 1623 susceperunt,
747 1580 837 1614 abire
875 1580 950 1620 de-.'

189 1634 294 1673 beant,
310 1633 443 1666 minime
463 1633 664 1676 disponatur,
682 1639 777 1677 prout
795 1645 926 1677 quoque

189 1686 218 1718 in
246 1691 397 1719 enai-rato
424 1686 556 1719 decreto
573 1685 841 1729 Congregationis
860 1697 927 1719 car·
949 1676 950 1723 J

188 1738 343 1772 dinalium
359 1744 390 1771 et
406 1739 627 1782 praelatorum
642 1750 741 1782 super
759 1739 928 1783 disciplina
949 1763 951 1780 ς

188 1791 334 1835 regulari
376 1792 575 1824 decernatur
607 1792 704 1825 licere
741 1792 847 1825 eidem
885 1782 951 1840 iti-J

188 1845 274 1877 cario
300 1844 444 1887 generali
471 1845 584 1878 fratres
617 1855 632 1878 e
671 1845 754 1878 dicta
785 1845 951 1889 Congre-¹

190 1899 277 1931 tione
304 1898 476 1937 dimittere,
497 1898 553 1930 sed
582 1898 670 1931 nulla
691 1899 745 1934 ssat
767 1898 928 1932 distinctio
950 1915 952 1953 ἰ

190 1951 274 1984 inter
299 1951 425 1993 fratres,
453 1950 505 1994 qui
534 1961 549 1984 e
576 1951 744 1994 provincia
763 1952 928 1994 praedicta
950 1968 951 1998 1

189 2004 322 2048 eiusque
348 2004 563 2037 conventibus
590 2003 621 2037 in
648 2004 766 2037 dictam
791 2004 929 2048 Congre-
950 2015 952 2057 1

188 2057 351 2100 gationem
377 2058 593 2098 advenerint,
627 2057 737 2101 illique
775 2059 928 2103 incorpo-
950 2064 952 2098 ἰ,

190 2111 247 2144 rati
274 2111 403 2151 suerint,
423 2111 462 2143 ab
489 2111 556 2151 eis,
576 2111 630 2154 qui
657 2111 689 2144 in
715 2112 826 2145 eadem
849 2111 931 2145 Con·
951 2101 953 2156 ᾗ

190 2164 382 2207 gregatione
414 2164 562 2196 habitum
594 2165 780 2198 huiusmodi
818 2170 952 2198 susce-¹

190 2217 307 2260 perint,
333 2222 363 2249 et
381 2217 596 2250 nihilominus
616 2218 717 2259 priori
736 2218 929 2261 provinciali
952 2210 953 2234 3

191 2270 336 2314 praefato
373 2270 524 2303 dimissos
562 2271 846 2304 indiscriminatim
883 2266 954 2319 re-{

193 2323 336 2367 cipiendi
361 2333 441 2356 onus
467 2323 671 2366 imponatur:

63 2385 183 2415 neaman
237 2377 252 2420 g
277 2376 308 2409 5.
328 2377 402 2417 Nos,
419 2377 632 2417 attendentes,
659 2377 757 2420 quod,
778 2378 930 2420 quemad-
953 2401 955 2416 =‚

0 2411 183 2464 ffiss‘r’ig‘ism'i'ffu
194 2430 324 2463 modum
349 2440 489 2473 aequum
515 2435 546 2463 et
578 2430 720 2463 iustitiae
753 2441 931 2464 consonum

194 2488 242 2515 est
286 2487 320 2514 ut
357 2483 472 2515 fratres
509 2493 544 2515 ex
579 2483 790 2515 conventibus
827 2483 955 2523 dictae]

193 2535 382 2578 provinciae
408 2535 619 2568 Lombardiae
646 2536 682 2567 ad
703 2534 932 2577 Congregatio-
953 2551 954 2562 1

193 2597 266 2621 nem
292 2588 469 2632 praefatam
495 2589 695 2629 accedentes,
722 2587 746 2620 si
773 2588 812 2621 ab
835 2589 871 2621 ea
889 2573 954 2625 (ii-l

20 1167 103 1188 Causae
119 1173 178 1192 prae-

0 1195 58 1224 [entis
86 1194 180 1214 declam-

0 1226 62 1241 tionis.

969 838 1017 864 tae
1036 832 1306 875 Congregationis
1326 833 1356 866 S.
1377 834 1515 868 Sabinae
1535 836 1705 879 religiosae

970 887 1197 930 tranquillitati
1226 892 1412 931 opportune
1437 889 1627 932 prospicere
1656 902 1709 924 vo-

969 939 1081 985 lentes,
1101 945 1188 973 motu
1212 941 1355 984 proprio,
1372 952 1406 974 ac
1420 952 1455 974 ex
1473 943 1557 975 certa
1576 943 1709 976 scientia

970 998 1001 1026 et
1026 995 1150 1026 matura
1176 994 1412 1028 deliberatione
1441 997 1574 1035 nostris,
1602 997 1709 1040 deque

971 1047 1168 1088 apostolicae
1180 1048 1350 1090 potestatis
1362 1048 1575 1091 plenitudine,
1595 1049 1708 1082 harum

971 1099 1053 1131 serie
1079 1099 1248 1132 statuimus
1275 1106 1303 1132 et
1330 1101 1532 1141 ordinamus,
1556 1103 1659 1145 quod,
1682 1103 1707 1136 si

971 1152 1126 1195 deinceps
1151 1164 1209 1195 per
1234 1153 1388 1186 vicarium
1414 1156 1602 1197 generalem
1628 1155 1710 1189 Con-

972 1205 1171 1246 grcgationis
1190 1205 1220 1238 S.
1244 1206 1381 1239 Sabinae
1401 1207 1578 1240 dimittatur
1593 1208 1708 1252 aliquis

973 1258 1090 1298 frater,
1116 1258 1168 1301 qui
1196 1269 1211 1291 e
1238 1259 1402 1301 provincia
1434 1260 1644 1294 Lombardiae
1677 1273 1709 1295 e-

971 1311 1057 1343 insve
1083 1312 1293 1344 conventibus
1320 1313 1350 1344 111
1383 1313 1495 1346 eadem
1529 1313 1710 1357 Congrega-

973 1363 1056 1396 tione
1081 1364 1205 1397 venerit
1234 1375 1270 1396 ac
1295 1371 1462 1408 susceptus
1478 1365 1509 1398 in
1529 1365 1582 1399 illa
1602 1367 1708 1408 suerit,

973 1421 1047 1449 tunc
1068 1417 1159 1459 prior
1177 1416 1387 1460 provincialis
1402 1418 1503 1462 ipsius
1523 1419 1709 1462 provinciae

972 1469 1182 1502 Lombardiae
1209 1470 1298 1502 illum
1325 1471 1495 1514 recipere,
1522 1477 1553 1504 et
1588 1471 1619 1504 in
1646 1473 1709 1516 pri-

972 1533 1083 1556 maevo
1121 1534 1197 1556 suae
1235 1523 1443 1557 adfiliationis
1475 1525 1579 1558 aliove
1607 1526 1709 1560 dictae

971 1576 1154 1620 provinciae
1181 1583 1341 1610 conventu
1369 1578 1554 1618 collocare,
1582 1589 1709 1611 necnon

972 1630 1010 1663 de
1038 1630 1091 1662 tali
1117 1630 1328 1664 collocatione
1351 1631 1505 1664 vicarium
1523 1633 1710 1674 generalem

972 1683 1151 1725 praefatum
1177 1684 1352 1716 certiorare
1380 1689 1528 1716 teneatur
1559 1685 1638 1728 (nisi
1667 1692 1711 1718 ta-

972 1746 1044 1769 men
1083 1741 1197 1778 agatur
1235 1737 1273 1769 de
1311 1736 1500 1770 dimissione
1535 1738 1641 1770 fratris
1678 1739 1709 1770 in

972 1789 1136 1832 praedicta
1158 1789 1416 1832 Congregatione
1442 1790 1576 1834 recepti,
1597 1791 1650 1834 qui
1670 1791 1710 1824 ob

972 1843 1106 1875 crimina
1147 1843 1281 1876 durante
1319 1845 1377 1876 sua
1416 1844 1639 1886 permanentia
1677 1844 1709 1877 in

972 1896 1130 1929 eiusmodi
1156 1896 1415 1939 (longregatione
1440 1897 1611 1930 commissa
1642 1908 1711 1930 car-

973 1949 1101 1981 ceribus
1129 1950 1344 1993 mancipatus,
1372 1951 1420 1983 vel
1447 1950 1485 1982 de
1512 1949 1557 1982 eis
1579 1949 1712 1994 inquisi-

974 2007 1044 2044 tus,
1072 2008 1123 2035 aut
1148 2002 1305 2035 habituali
1332 2002 1484 2046 gravique
1510 2002 1627 2035 mentis
1660 2009 1714 2037 aut

973 2056 1118 2098 corporis
1144 2055 1329 2088 infirmitate
1354 2055 1386 2087 in
1423 2055 1536 2088 eadem
1574 2055 1713 2099 Congre-

973 2108 1102 2151 gatione
1129 2111 1291 2141 contracta
1316 2114 1487 2153 correptus
1513 2108 1710 2152 reperiatur,

974 2172 1039 2205 quo
1066 2172 1139 2194 casu
1166 2162 1346 2195 istiusmodi
1375 2162 1526 2202 fratrem,
1553 2162 1612 2194 nisi
1639 2168 1713 2206 post

974 2215 1097 2247 finitam
1116 2226 1245 2248 causam
1264 2215 1417 2247 adversus
1433 2225 1504 2247 enm
1522 2215 1711 2249 instructam

974 2279 1033 2311 per
1059 2269 1127 2301 eius
1152 2268 1387 2301 absolutionem
1419 2278 1456 2300 ex
1490 2267 1593 2311 capite
1626 2269 1714 2303 inno-

975 2321 1098 2354 centiae
1124 2322 1172 2354 rel
1198 2331 1322 2364 poenae
1350 2320 1395 2353 illi
1421 2320 1583 2354 iniunctae
1603 2321 1712 2365 imple-

975 2380 1129 2413 mentum,
1149 2380 1199 2406 aut
1221 2374 1389 2406 sanitatem
1409 2378 1586 2417 receptam,
1605 2385 1713 2418 respe-

975 2427 1055 2461 ctive
1075 2428 1189 2459 dimitti
1209 2437 1272 2460 uon
1292 2437 1386 2470 posse
1405 2427 1634 2471 decernimus);
1650 2438 1712 2470 quo

977 2491 1050 2513 vero
1076 2480 1113 2512 ad
1141 2480 1254 2512 fratres
1275 2506 1282 2519 ‚
1308 2480 1361 2522 qui
1390 2480 1535 2512 habitum
1562 2480 1592 2512 in
1630 2481 1713 2513 dicta

974 2533 1229 2574 ‹long-rogatione
1257 2533 1472 2575 susceperint,
1499 2533 1638 2565 vicarius
1661 2543 1713 2575 ge-

974 2586 1094 2618 neralis
1120 2585 1165 2618 cis
1192 2586 1230 2618 ab
1257 2585 1325 2632 ipsa
1351 2582 1613 2629 Congregatione
1649 2585 1709 2619 ab·
