2170 3147
209 208 243 229 Au
271 206 289 229 C
322 204 389 231 t7⁴25

275 1806 345 1825 Iluvlai
353 1806 395 1825 atio

211 1834 328 1858 praedi-id.

438 194 500 227 128

400 262 511 284 manae
549 251 711 283 Ecclesiae
749 249 963 282 cardinalium
999 246 1139 289 negotiis

402 304 632 347 propagandae
652 303 741 335 Fidei
760 302 964 346 praeposita,
985 302 1034 333 vel
1062 300 1140 332 alias

401 370 415 390 a
442 357 524 390 Sede
549 356 713 400 praedicta
740 356 777 388 ad
793 355 823 387 id
846 353 990 397 deputati
1010 352 1140 395 suerint,
1161 376 1163 380 .

401 418 429 443 et
456 409 645 454 praesertim
674 409 840 441 facultates
870 406 1064 440 absolvendi
1101 405 1140 437 ab

401 465 528 497 haeresi
554 464 644 504 illos,
671 463 744 506 qui,
769 460 926 495 abiuratis
953 470 1067 493 eorum
1094 464 1163 490 er-'

400 517 542 556 roribus,
559 525 690 559 capaces
706 513 862 548 eiusmodi
881 510 1141 545 absolutionibus
1162 527 1164 539 .

402 570 611 609 redduntur;
639 569 770 611 insuper
796 566 1018 609 indulgentias
1045 575 1061 596 a
1099 564 1142 596 se-

402 624 472 657 licis
497 622 730 656 recordationis
756 619 946 653 Innocentio
972 619 1010 651 xl
1037 624 1068 650 et
1085 617 1138 650 ln-

402 677 553 710 nocentio
579 676 629 708 XII
650 674 802 707 Romanis
822 672 1033 706 Pontificibus
1053 681 1144 714 prae-

403 732 630 766 decessoribus
657 729 785 768 nostris,
804 739 861 771 per
883 727 1041 770 quasdam
1069 735 1142 758 snas

404 788 545 829 desuper
571 785 601 817 in
629 783 725 817 simili
753 783 853 815 forma
879 781 989 814 Brevis
1016 780 1066 812 die
1086 789 1095 812 1
1114 789 1144 811 o-

403 839 523 873 ctobris
545 847 730 871 unchxvm
756 843 787 868 et
813 836 864 868 die
890 834 988 867 iinlii
1014 842 1144 866 uncxcv

405 892 581 935 respective
607 891 773 934 expeditas
791 889 928 926 litteras,
951 885 1145 920 christifide-

404 947 512 985 libus,
551 944 605 987 qui
642 942 883 976 sanctissimum
921 938 1143 973 Eucharistiae

404 1003 655 1037 sacramentum,
684 996 758 1028 dum
786 995 822 1027 ad
850 993 997 1026 infirmos
1024 991 1143 1025 deferri

404 1051 590 1094 eontigerit,
618 1050 732 1082 devote
759 1046 902 1080 comitati
925 1045 1072 1085 fuissent,
1091 1049 1145 1077 aut

404 1104 549 1148 legitimo
576 1102 808 1146 impedimento
835 1099 958 1132 detenti
987 1109 1144 1142 persona-

403 1159 477 1192 liter
503 1157 646 1190 comitari
673 1154 920 1198 nequivissent,
947 1153 1002 1185 sed
1036 1159 1142 1185 tamen

404 1214 512 1245 lumen
538 1222 592 1244 sen
619 1211 721 1243 facem
749 1219 808 1252 per
822 1208 901 1241 alios
920 1209 956 1240 ea
973 1206 1143 1240 occasione

404 1265 616 1298 deserendum
643 1274 698 1296 seu
725 1261 934 1295 deserendam
960 1260 1144 1299 misissent,

404 1324 501 1363 prout
526 1318 622 1350 etiam
642 1327 659 1349 a
678 1315 784 1354 nobis,
811 1325 869 1358 per
883 1319 1009 1347 nostras
1027 1313 1058 1345 in
1075 1314 1143 1356 pari

404 1374 504 1405 torma
531 1371 642 1404 Brevis
669 1371 795 1402 litteras
822 1370 872 1402 die
898 1379 947 1401 xrv
965 1368 1085 1401 mensis
1101 1377 1144 1399 se-

403 1425 560 1469 ptembris
586 1424 730 1468 proxime
756 1422 923 1466 praeteriti
957 1426 1119 1455 emanatas
1136 1446 1143 1460 ‚

404 1489 499 1511 mane
525 1484 579 1511 aut
604 1477 741 1510 meridie
763 1488 818 1509 sen
838 1486 987 1519 vespere,
1007 1475 1045 1508 ad
1072 1475 1145 1517 pul-

405 1543 477 1565 sum
503 1540 689 1574 campanae,
717 1529 807 1562 llexis
834 1529 992 1571 genibus,
1026 1528 1146 1560 saluta-

406 1586 528 1618 tionem
555 1585 735 1627 angelicam
765 1583 978 1616 recitantibus
1015 1591 1146 1614 conces-

407 1649 466 1678 sas,
492 1638 550 1671 sub
576 1637 719 1681 praefata
738 1637 954 1680 suspensione
975 1635 1147 1677 indulgen-

407 1692 523 1725 tiarum
539 1691 669 1724 minime
688 1689 934 1732 comprehendi,
956 1689 1146 1722 auctoritate

407 1745 586 1788 apostoliea
613 1743 902 1778 declaraverimus:

452 1800 465 1842 ἓ
491 1798 522 1830 ⁶2.
549 1797 640 1830 Nunc
657 1803 777 1837 autem,
800 1797 968 1830 universos
995 1797 1148 1830 christifi-

407 1852 496 1884 deles
524 1852 562 1884 de
589 1852 697 1884 nostra
723 1851 754 1883 in
774 1850 956 1893 praemissis
982 1857 1092 1883 mente
1118 1855 1149 1885 ct

405 1906 570 1937 voluntate
596 1904 751 1937 certiores
777 1903 935 1942 reddere,
968 1909 999 1936 et
1030 1904 1068 1936 ad
1102 1905 1149 1936 in-

406 1958 587 2001 dulgentias
606 1963 636 1991 et
651 1958 768 2000 gratias
786 1957 973 2000 spirituales
991 1957 1147 1990 eiusmodi

406 2012 665 2051 lucrifaciendas,
691 2021 897 2053 quacumque
923 2010 1071 2043 submota
1096 2012 1149 2044 du-

406 2065 534 2098 bietatis
561 2064 743 2101 occasione,
769 2064 908 2097 alacrius
934 2065 1074 2097 excitare
1100 2075 1150 2096 cn-

406 2119 555 2161 pientes,
591 2117 742 2150 omnibus
776 2123 807 2149 et
839 2117 974 2159 singulis
1000 2118 1149 2150 christili-

408 2171 535 2204 delibus
560 2170 736 2213 praedictis
762 2170 1016 2203 declarationem
1043 2182 1058 2203 a
1093 2182 1150 2204 no-

407 2224 469 2263 bis,
505 2224 589 2257 sicut
624 2224 858 2267 praemittitur,
897 2224 1026 2263 editam,
1063 2226 1149 2268 quod

407 2278 531 2310 scilicet
551 2283 749 2310 memoratae
776 2278 998 2320 indulgentiae
1025 2285 1056 2312 et
1080 2290 1150 2322 gra-

408 2331 471 2364 tiae
494 2331 693 2373 spirituales,
719 2331 856 2363 durante
886 2342 971 2364 anno
997 2332 1147 2373 iubilaei,

407 2383 561 2417 lucrifieri
587 2383 724 2426 possint,
744 2383 775 2416 in
794 2384 947 2417 omnibus
967 2390 998 2417 et
1024 2396 1082 2428 per
1108 2396 1146 2418 o-

407 2437 512 2476 mnia,
530 2437 668 2480 perinde
691 2447 726 2469 ac
752 2438 775 2469 si
797 2438 959 2480 generalis
977 2439 1149 2482 suspensio

407 2491 553 2534 praefata
590 2500 652 2521 non
680 2498 882 2529 emanasset,
912 2497 1026 2525 tenore
1057 2502 1150 2535 prae-

409 2543 550 2576 sentium
576 2542 804 2575 denuntiamus
831 2554 866 2576 ae
899 2544 1066 2585 edicimus,
1094 2555 1149 2588 pa-

407 2598 534 2640 lamque
562 2600 590 2629 ct
617 2601 726 2628 notam
749 2596 895 2629 tacimus.

979 198 1160 223 BULLARIUM
1187 196 1344 221 ROMANUM

1664 226 1666 229 ,
1941 201 1993 226 An.
2012 201 2038 226 C.
2058 201 2123 230 ¹725

1228 245 1242 288 ἓ
1267 245 1298 279 3.
1319 244 1501 285 Praeterea,
1520 245 1559 279 ad
1580 246 1751 280 fovendam
1770 247 1945 290 amplianp
1976 261 2123 285 emmunim·

1184 298 1321 341 damque
1347 299 1536 332 eorumdem
1570 299 1716 332 fidetium
1748 310 1824 343 erga
1856 287 2124 343 sain-333⁰252'Sssf'33illl

1184 351 1362 384 ctissimum
1384 352 1713 396 augustissimnmqne
1732 353 1878 395 eorporis
1898 343 2036 396 etQ-23:¹12
2068 343 2125 392 (ὀῗζῖ

1185 405 1351 447 sanguinis
1373 405 1497 438 domini
1523 406 1625 439 nostri
1645 406 1714 439 Iesu
1740 406 1857 439 Christi
1883 404 1989 451 sal-2¹:1¹3.
2032 397 2124 418 ”mmm

1186 463 1390 492 cramentum
1417 460 1618 502 praedictum
1648 459 1802 503 pietatem
1832 465 1930 504 atque

1186 512 1413 553 devotionem,
1449 514 1512 547 illis
1537 514 1686 547 omnibus
1727 520 1757 547 et
1792 515 1929 558 singulis

1186 565 1457 599 christifidelibus
1483 567 1683 610 ubicumque
1706 573 1794 601 extra
1811 568 1930 602 Urbem

1187 619 1403 661 degentibus,
1430 620 1588 653 confessis
1611 631 1647 653 ac
1672 623 1763 654 sacra
1788 631 1932 654 commu-

1187 671 1286 705 nione
1312 673 1454 713 resectis,
1471 674 1522 706 vel
1544 675 1658 707 saltem
1684 684 1758 707 vere
1784 674 1932 707 contritis

1188 730 1220 758 et
1244 735 1316 758 cum
1342 725 1437 759 firmo
1463 726 1630 770 proposito
1657 726 1845 767 confitendi,
1876 728 1931 770 qui

1187 777 1220 810 in
1245 778 1402 819 ecclesiis,
1421 779 1476 811 ubi
1499 779 1603 812 oratio
1621 779 1843 822 Quadraginta
1867 780 1932 813 Ho-

1187 841 1297 864 rarum
1323 831 1462 865 durante
1487 831 1653 875 praesenti
1680 842 1765 865 anno
1783 831 1930 872 iubilaei,

1187 883 1308 917 indicta
1334 884 1441 923 suerit,
1468 885 1583 918 devote
1608 896 1646 918 eo
1674 886 1832 928 temporis
1858 896 1933 929 spa-

1190 937 1253 978 tio,
1279 938 1365 981 qnod
1393 938 1457 971 illis
1482 939 1688 971 commodum
1711 938 1832 979 suerit,
1861 949 1933 972 ora-

1188 991 1301 1033 verint,
1329 991 1433 1031 toties,
1456 991 1584 1034 quoties
1601 991 1632 1023 id
1652 991 1788 1034 egerint,
1806 997 1934 1034 septem

1188 1054 1291 1077 annos
1318 1050 1349 1077 et
1367 1045 1502 1078 totidem
1521 1044 1746 1088 quadragenas
1765 1044 1804 1078 de
1829 1044 1935 1078 iniun-

1188 1100 1246 1132 ctis
1272 1100 1319 1132 eis
1344 1110 1399 1132 seu
1427 1099 1506 1131 alias
1539 1098 1790 1141 quomodolibet
1815 1098 1933 1132 debitis

1188 1153 1454 1196 poenitentiis‚in
1471 1153 1570 1186 forma
1584 1151 1747 1186 Ecclesiae
1763 1154 1933 1193 consueta,

1189 1208 1274 1240 dicta
1292 1206 1483 1239 auctoritate
1503 1207 1693 1245 relaxamus,
1711 1209 1807 1248 prout
1825 1205 1931 1238 eidem

1188 1260 1327 1294 orationi
1346 1259 1564 1301 Quadraginta
1589 1259 1748 1291 Horarum
1774 1258 1807 1290 in
1833 1259 1935 1291 eccle-

1188 1314 1244 1347 siis
1271 1314 1374 1346 almae
1392 1312 1487 1344 Urbis
1514 1316 1641 1344 nostrae
1667 1311 1834 1344 institutae
1852 1311 1934 1344 inte-

1189 1367 1392 1401 ressentibus
1418 1365 1592 1399 novissime
1618 1364 1853 1398 concessimus.

1233 1422 1247 1464 ξ
1271 1421 1303 1454 lt.
1324 1420 1393 1453 Non
1415 1418 1619 1453 obstantibus
1644 1418 1857 1462 suspensione
1878 1419 1933 1450 Iiu-

1189 1474 1329 1508 iusmodi
1347 1502 1355 1515 ,
1391 1473 1574 1516 ceterisque
1599 1472 1773 1505 contrariis
1798 1472 1932 1516 quibus-

1189 1540 1340 1573 cumque.

1233 1584 1247 1627 g
1272 1583 1302 1615 5.
1330 1582 1483 1615 Volumus
1509 1586 1615 1614 autem
1641 1586 1676 1613 ut
1708 1580 1930 1624 praesentium

1190 1637 1371 1671 litterarum
1406 1634 1636 1678 transumptis,
1670 1644 1725 1666 seu
1757 1633 1928 1677 exemplis,

2013 1429 2125 1454 Derogatio

1943 1459 2103 1477 contrariorum.

1982 1590 2044 1611 futes
2071 1592 2124 1611 tran·

1941 1620 2077 1643 sumptorum.

1167 1729 1169 1734 ,
1191 1691 1286 1724 etiam
1313 1689 1494 1732 impressis,
1520 1687 1597 1720 etc.¹

1235 1744 1347 1777 Datum
1374 1743 1505 1782 Romae,
1532 1741 1617 1785 apud
1650 1740 1682 1774 S.
1709 1740 1853 1781 Petrum,
1872 1741 1933 1774 sub

1191 1799 1313 1831 annulo
1331 1796 1517 1836 piscatoris,
1537 1795 1588 1829 die
1608 1806 1628 1828 11
1649 1795 1753 1828 martii
1773 1804 1932 1834 ninccxxv,

1192 1852 1402 1897 pontificatus
1423 1849 1526 1883 nostri
1554 1860 1637 1882 anno
1664 1860 1686 1883 1.

1227 1915 1287 1942 Dat.
1307 1915 1351 1941 die
1367 1914 1383 1940 Ξ
1399 1914 1487 1941 martii
1509 1913 1586 1947 1725,
1608 1912 1707 1947 pontif.
1731 1918 1837 1939 annot.

1505 2073 1619 2107 XLVll.

1192 2173 1410 2207 Interdicitur
1444 2171 1654 2215 reyularibus
1690 2171 1851 2209 omnibu&
1892 2169 1936 2203 ad

1236 2237 1454 2271 quascumque
1492 2225 1667 2269 diynt'lates
1707 2224 1936 2257 ecclesiasticas

1233 2280 1401 2323 promotis,
1439 2289 1479 2311 ne
1514 2289 1622 2311 secum
1658 2281 1750 2311 eccm-cc
1785 2278 1935 2310 coenobia

1235 2333 1308 2366 ulla
1334 2332 1413 2365 bona
1439 2331 1629 2375 adsporlare
1653 2329 1798 2364 audeant
1824 2329 1845 2362 ⁸.

1229 2432 1239 2456 1
1263 2429 1379 2464 Reliqua
1395 2432 1423 2455 ut
1438 2437 1500 2464 pag.
1518 2428 1552 2455 59
1568 2437 1585 2455 α
1600 2428 1640 2461 (Β.
1656 2427 1706 2462 T.).

1239 2476 1248 2501 1
1272 2473 1376 2500 Similis
1397 2472 1550 2500 interdictio
1572 2481 1619 2508 pro
1639 2470 1769 2498 fratribus
1789 2470 1936 2498 Minoribus

1192 2517 1425 2545 Conventualibus
1445 2517 1518 2544 sacta
1538 2520 1580 2543 est
1598 2516 1632 2543 ab
1652 2515 1804 2543 Alexandro
1820 2515 1851 2542 lv
1871 2524 1936 2542 con-

1191 2562 1245 2588 stit.
1267 2561 1331 2588 edit.
1353 2567 1448 2594 MCCLV,
1477 2561 1520 2588 die
1548 2562 1564 2589 5
1593 2560 1758 2594 decembris,
1788 2559 1884 2595 pontis.
1907 2566 1934 2594 13

1192 2610 1218 2634 et
1237 2613 1285 2643 pro
1304 2605 1434 2634 fratribus
1453 2605 1693 2633 Praedicatorikius
1713 2612 1728 2632 a
1748 2603 1887 2631 Clemente
1903 2603 1934 2631 lv
