2170 3147
252 221 299 245 An.
317 220 344 244 (ἶ.
370 219 437 245 Πῗίὶ

305 1021 358 1042 Hinc
377 1027 436 1041 exor-

252 1050 288 1068 tae
316 1054 433 1074 quaerunu-

251 1081 299 1095 niae
322 1075 436 1094 manavim-

251 1108 295 1122 rum
332 1102 437 1127 praedicti

275 1130 398 1148 monasterii
415 1143 419 1151 ,

258 1160 314 1179 quae
353 1155 437 1174 tandein

251 1183 351 1207 placatae
367 1183 423 1202 sunt.

485 210 549 243 *¹4th

449 267 479 299 in
509 268 648 300 futurum
669 267 699 298 in
719 266 914 299 electionem
933 266 1058 299 abbatis
1080 277 1194 310 supra-

448 320 522 353 dicti
561 319 751 352 monasterii
790 319 821 351 in
858 319 1002 362 capitulo
1043 320 1191 362 generali

449 372 746 411 1111111smotli,i11xta
761 372 913 415 expetita,
929 373 1123 405 auctoritate
1138 383 1193 406 no-

448 427 513 458 stra
539 426 719 468 apostolica
737 436 797 468 pro
824 436 883 459 suo
910 426 1048 458 arbitrio
1071 431 1103 458 et
1120 437 1192 459 con-

448 479 582 511 scientia
601 478 837 522 impertiretur,
856 481 980 511 servata
1002 479 1034 512 in
1056 480 1193 523 reliquis

450 532 550 564 forma
583 531 811 574 praecedentis
838 531 956 564 indulti
982 542 1041 575 per
1065 532 1191 565 litteras

448 585 619 617 memorati
638 584 814 617 Clementis
829 585 1098 628 praedecessoris
1120 597 1192 619 con-

448 638 553 678 cessi;
579 643 609 671 et
635 638 722 677 alias,
748 643 847 681 prout
872 638 903 670 in
930 639 1050 672 nostris
1078 639 1192 673 litteris

448 692 592 735 desuper
617 691 648 724 in
674 691 771 725 simili
811 692 913 725 forma
939 693 1047 726 Brevis
1081 694 1132 727 die
1157 704 1192 727 ut

448 745 555 778 martii
573 745 649 778 anni
664 744 812 788 proxime
833 745 1002 788 praeteriti
1023 747 1191 789 expeditis,

449 809 587 842 quarum
607 804 753 832 tenorem
771 799 999 842 praesentibus
1018 810 1077 843 pro
1096 801 1192 843 plene

449 856 482 883 et
507 851 707 884 sufficienter
743 862 899 895 expresso
933 863 969 885 ac
994 853 1031 886 ad
1058 853 1192 886 verbum

448 904 570 937 inserto
597 904 710 938 baberi
743 906 912 946 volumus,
950 906 1051 939 fusius
1090 907 1193 938 conti-

448 963 559 991 netur.

492 1011 554 1054 §2
573 1011 648 1045 Cum
668 1017 797 1052 autem,
820 1012 901 1046 sicut
919 1012 1029 1046 dilecti
1050 1012 1104 1046 tilii
1125 1024 1192 1046 mo·

450 1065 545 1097 naclii
561 1066 741 1108 supradicti
761 1066 949 1099 monasterii
970 1066 1064 1099 nobis
1083 1066 1193 1099 subin-

450 1117 489 1150 de
515 1118 631 1160 exponi
662 1118 828 1159 fecerunt,
856 1123 929 1161 post
955 1124 1080 1152 nostras
1107 1118 1192 1152 litte-

448 1180 511 1210 ras,
530 1181 613 1213 quae
640 1171 825 1204 executioni
851 1171 890 1203 ab
917 1172 1031 1204 eodem
1059 1172 1192 1205 Alexan-

450 1223 510 1255 dro
538 1224 789 1267 archiepiscopo
815 1230 847 1256 et
870 1224 989 1257 nuncio
1018 1225 1194 1257 demanda-

450 1281 500 1308 tae
518 1277 664 1317 fuerunt,
683 1277 832 1310 nonnulli
860 1277 1012 1310 monachi
1040 1279 1193 1310 reclama-

449 1330 564 1371 verint,
584 1336 626 1370 et,
646 1341 760 1363 eorum
787 1330 1004 1373 querimoniis
1031 1331 1070 1363 ad
1096 1331 1193 1363 infra-

449 1382 605 1426 scriptam
644 1383 939 1426 Congregationem
978 1384 1192 1417 cardinalium

450 1437 566 1469 delatis
601 1447 793 1480 responsum
833 1437 930 1470 fuerit
974 1438 1060 1481 quod
1095 1438 1190 1471 audi-

448 1496 572 1531 rentur,
593 1501 658 1523 non
677 1491 838 1523 retardata
859 1491 987 1523 interim
1004 1492 1193 1524 earumdem

450 1550 632 1578 nostrarum
671 1544 851 1577 litterarum
884 1545 1096 1585 executione;
1131 1545 1192 1588 ipsi

451 1608 529 1631 vero
548 1604 757 1631 recurrentes
774 1599 980 1641 postmodum
1000 1599 1195 1641 agnoverint

450 1651 669 1694 maximopere
707 1652 892 1684 conducere
926 1651 963 1683 ad
996 1658 1118 1684 rectum
1145 1662 1193 1685 re-

451 1705 561 1749 gimen
587 1705 773 1738 monasterii
810 1711 870 1737 tam
904 1706 936 1737 in
970 1705 1193 1748 spiritualibus

450 1771 544 1803 quam
571 1760 603 1792 in
631 1760 882 1803 temporalibus,
902 1764 934 1792 et
960 1760 998 1792 ad
1026 1770 1194 1792 conserva-

451 1814 573 1847 tionem
599 1819 694 1857 atque
722 1819 932 1856 augmentum
959 1814 1119 1856 regularis
1142 1814 1195 1846 ob-

449 1867 639 1906 servantiae,
662 1868 749 1910 quod
772 1867 871 1899 abbas
899 1877 1029 1909 semper
1055 1867 1195 1909 eligatur

450 1920 484 1953 in
510 1921 654 1964 capitulo
691 1921 837 1963 generali
872 1921 956 1953 iuxta
989 1920 1194 1963 supradictas

451 1973 595 2007 eiusdem
612 1974 785 2008 Clementis
806 1974 1072 2017 praedecessoris
1090 1979 1121 2006 et
1138 1984 1192 2007 no-

450 2033 531 2060 stras
557 2028 703 2068 litteras,
733 2032 830 2070 prout
864 2027 895 2059 in
921 2027 1193 2070 subsequentibus

451 2081 666 2114 electionibus
707 2080 910 2123 experientia
947 2081 1194 2123 comprobatum

451 2134 520 2173 fuit,
539 2134 678 2177 ideoque
699 2134 887 2166 mandatum
915 2143 1086 2176 procurae,
1107 2133 1192 2177 quod

451 2187 579 2220 cuidam
604 2187 808 2231 procuratori
845 2188 988 2220 fecerant
1015 2193 1048 2219 ut
1073 2197 1107 2220 se
1138 2197 1195 2231 op-

451 2247 612 2285 poneret,
639 2241 873 2280 revocaverint,
901 2248 932 2274 et
958 2241 1104 2281 ulterius,
1132 2246 1194 2274 tam

452 2294 675 2337 capitulariter
700 2305 796 2337 quam
816 2294 1013 2337 singillatim
1034 2293 1194 2337 requisiti,

453 2357 545 2379 suum
571 2358 766 2380 consensum
792 2348 1017 2391 praestiterint
1042 2353 1077 2379 ut
1099 2348 1130 2380 in
1149 2347 1195 2379 fu-

453 2405 559 2432 turum
586 2401 752 2444 perpetuis
779 2401 979 2445 temporibus
1004 2401 1121 2434 electio
1141 2401 1196 2433 ah-

452 2453 536 2486 batis
562 2454 738 2496 saepedicti
772 2454 959 2487 monasterii
993 2454 1025 2487 in
1051 2454 1195 2498 capitulo

454 2506 600 2549 generali
628 2506 719 2539 fieret
745 2508 1018 2550 quemadmodum
1045 2508 1077 2540 in
1103 2518 1196 2551 prae-

452 2559 592 2593 narratis
620 2559 738 2591 nostris
769 2560 885 2592 litteris
919 2561 1111 2604 dispositum
1147 2571 1197 2593 re-

452 2612 596 2657 peritur:
617 2612 711 2645 nobis
736 2618 914 2657 propterea
940 2613 1016 2646 dicti
1033 2623 1197 2657 exponen-

1032 218 1214 241 ammanium
1241 219 1396 244 ROMANUM

1237 273 1283 300 tes
1301 268 1469 301 humiliter
1487 269 1664 312 supplicari
1694 269 1841 302 fecerunt
1863 274 1896 301 ut
1917 268 1978 301 sibi

1236 320 1266 352 in
1286 321 1474 363 praemissis
1500 328 1683 366 opportune
1705 322 1880 366 providere
1898 327 1929 354 et
1946 325 1979 355 ut

1236 374 1319 407 infra
1345 375 1515 418 indulgere
1549 376 1588 409 de
1621 376 1823 418 benignitate
1849 381 1978 418 aposto-

1236 428 1296 461 lica
1323 428 1540 471 dignaremur.

1280 481 1294 523 ἓ
1321 481 1352 514 3.
1373 482 1436 514 Nos
1458 482 1564 524 igitur,
1582 482 1670 526 ipsos
1690 486 1891 524 exponentes
1909 491 1978 525 spe-

1236 534 1372 567 cialibus
1410 535 1573 567 favoribus
1610 541 1641 567 et
1677 535 1787 577 gratiis
1819 545 1977 579 prosequi

1237 589 1396 628 volentes,
1419 594 1451 621 et
1475 599 1586 621 eorum
1612 588 1794 631 singulares
1818 598 1976 631 personas

1236 651 1252 673 a
1270 642 1434 684 quibusvis
1465 641 1820 680 excommunicationis,
1843 652 1979 684 suspen·

1236 694 1335 727 sionis
1361 700 1391 727 et
1416 694 1590 734 interdicti,
1618 694 1755 737 aliisque
1781 693 1978 727 ecclesiasti-

1236 747 1281 779 cis
1302 747 1484 788 sententiis,
1503 747 1649 780 censuris
1668 753 1699 780 et
1719 747 1844 790 poenis,
1864 758 1881 780 a
1908 747 1978 780 iure

1237 800 1286 832 vel
1321 799 1361 832 ab
1397 799 1557 839 bomine,
1592 799 1703 842 quavis
1732 799 1904 832 occasione
1929 800 1978 832 vel

1237 855 1332 886 causa
1357 853 1441 893 latis,
1461 852 1487 885 si
1515 852 1632 896 quibus
1659 851 1909 895 quomodolibet
1932 852 1980 884 in-

1237 906 1375 938 nodatae
1402 905 1556 945 existunt,
1584 906 1623 938 ad
1650 904 1798 939 effectum
1826 912 1978 949 praesen-

1239 959 1316 991 tium
1348 959 1512 991 dumtaxat
1544 959 1833 1002 consequendum,
1862 958 1977 991 harum

1237 1011 1320 1044 serie
1340 1011 1548 1045 absolventes
1576 1018 1607 1045 et
1633 1012 1799 1049 absolutas
1818 1012 1885 1044 fore
1904 1021 1980 1044 cen-

1237 1069 1364 1105 sentes,
1394 1065 1581 1098 huiusmodi
1609 1064 1904 1109 supplicationibus
1929 1064 1979 1096 in-

1237 1118 1344 1150 clinati
1364 1144 1371 1158 ,
1410 1118 1449 1150 de
1484 1118 1721 1151 venerabilium
1754 1118 1888 1150 fratrum
1914 1128 1981 1150 no-

1236 1176 1378 1203 strorum
1408 1172 1439 1204 S.
1471 1170 1508 1204 R.
1539 1171 1573 1204 E.
1608 1171 1821 1204 cardinalium
1846 1169 1979 1204 Concilii

1236 1223 1417 1256 Tridentini
1436 1224 1652 1268 interpretum
1675 1224 1826 1265 consilio,
1847 1223 1980 1256 attentis

1237 1277 1386 1317 narratis,
1412 1287 1449 1309 ac
1475 1278 1560 1310 salva
1585 1277 1777 1310 alternativa
1802 1277 1886 1310 inter
1910 1286 1980 1310 eos-

1238 1330 1312 1362 dem
1339 1331 1567 1373 Aragonenses
1594 1336 1625 1364 et
1649 1330 1858 1370 castellanos,
1880 1330 1982 1373 impo-

1236 1388 1359 1415 sterum
1386 1384 1555 1427 perpetuis
1582 1384 1697 1416 futuris
1720 1383 1921 1426 temporibus
1941 1383 1980 1416 de

1237 1436 1275 1469 de
1297 1436 1517 1479 quadriennio
1543 1437 1575 1469 in
1602 1437 1855 1480 quadriennium
1882 1437 1980 1469 abba-

1237 1489 1277 1522 tis
1304 1490 1501 1523 electionem
1521 1489 1605 1531 fieri,
1624 1495 1656 1523 et
1675 1489 1783 1534 quod'
1802 1490 1825 1523 si
1848 1490 1888 1523 de
1911 1500 1982 1522 cur-

1237 1549 1328 1577 rente
1356 1544 1572 1587 quadriennio
1603 1545 1642 1577 ad
1680 1544 1823 1587 aliquam
1855 1543 1980 1576 abbatis

1237 1599 1431 1632 electionem
1458 1599 1611 1631 devenire
1647 1609 1780 1631 necesse
1805 1597 1868 1638 sit,
1895 1608 1982 1630 eam-

1237 1652 1308 1684 dem
1336 1652 1521 1685 duraturam
1543 1662 1645 1695 usque
1671 1652 1709 1685 ad
1735 1651 1910 1695 capitulum
1931 1661 1983 1693 ge-

1237 1705 1359 1744 nerale,
1380 1704 1419 1737 ab
1439 1705 1555 1738 abbate
1577 1705 1721 1748 generali
1744 1715 1816 1738 cum
1835 1710 1911 1738 voto
1926 1704 1981 1737 ab·

1236 1758 1320 1791 batis
1338 1758 1505 1791 vicinioris
1532 1764 1564 1791 et
1589 1759 1685 1791 trium
1704 1759 1916 1791 definitorum
1931 1759 1980 1792 vel

1237 1818 1376 1855 quatuor
1408 1812 1562 1845 abbatum
1597 1812 1789 1845 viciniorum
1822 1817 1983 1846 monaste-

1239 1866 1297 1907 rio,
1317 1866 1348 1898 in
1368 1877 1433 1909 quo
1455 1866 1555 1899 abbas
1589 1866 1751 1909 generalis
1779 1866 1979 1910 reperietur,

1238 1919 1325 1952 iuxta
1361 1919 1485 1952 sancita
1516 1919 1548 1951 in
1581 1919 1868 1952 constitutionibus
1895 1919 1982 1953 eius-

1237 1972 1325 2005 modi
1362 1971 1634 2015 Congregationis
1667 1972 1917 2006 Vallisoletanae
1950 1977 1982 2006 et

1238 2025 1270 2057 in
1290 2025 1405 2058 litteris
1424 2025 1619 2058 recolendae
1638 2025 1815 2058 memoriae
1836 2025 1981 2058 Clemen-

1238 2077 1279 2110 tis
1306 2077 1411 2121 Papae
1428 2077 1468 2109 lX
1494 2077 1606 2110 itidem
1632 2077 1897 2121 praedecessoris
1924 2088 1983 2111 no-

1238 2131 1296 2163 stri
1323 2132 1467 2174 desuper
1484 2130 1517 2163 in
1543 2131 1655 2163 eadem
1677 2131 1778 2164 forma
1799 2132 1908 2164 Brevis
1928 2132 1980 2165 die

1238 2195 1276 2218 xv
1293 2185 1480 2218 decembris
1497 2186 1571 2218 anni
1590 2194 1729 2219 iimctxvt
1743 2185 1914 2228 expeditis,
1930 2196 1983 2219 au-

1239 2239 1390 2271 ctoritate
1408 2239 1596 2281 apostolica,
1614 2242 1729 2271 tenore
1747 2238 1981 2282 praesentium,

1239 2292 1354 2335 peragi
1379 2292 1594 2332 mandamus,
1625 2302 1661 2324 ac
1693 2291 1831 2335 proinde
1857 2291 1981 2325 eisdem

1239 2346 1481 2389 exponentibus
1509 2345 1692 2378 facultatem
1718 2344 1914 2377 deveniendi
1940 2345 1979 2377 ad
2011 2350 2017 2359 ·“

1239 2398 1439 2432 electionem
1465 2398 1590 2431 abbatis
1616 2397 1793 2441 supradicti
1818 2402 1982 2431 monaste-

1239 2453 1278 2485 rii
1305 2452 1340 2485 B.
1368 2451 1487 2484 Mariae
1524 2451 1562 2484 de
1596 2451 1703 2483 Monte
1740 2450 1869 2483 Serrato
1894 2450 1981 2483 iuxta

1238 2506 1340 2550 petita
1366 2505 1534 2549 perpetuis
1556 2504 1668 2537 futuris
1695 2503 1909 2548 temporibus,
1930 2515 1980 2537 au·

1239 2559 1388 2592 ctoritate
1414 2564 1445 2592 et
1479 2564 1592 2591 tenore
1617 2557 1803 2601 praedicte,
1830 2558 1982 2591 concedi-

1277 2625 1287 2650 1
1313 2621 1450 2649 Particula
1470 2621 1546 2658 quod
1566 2620 1681 2648 delenda
1700 2621 1738 2656 (a.
1755 2619 1804 2655 T.).

1989 222 2040 248 An.
2055 221 2082 247 C.
2106 221 2170 249 1726

2030 493 2137 514 Statuitur
2151 496 2170 515 ul

1969 535 1976 540 .
1989 520 2009 541 in
2025 521 2118 541 rubrica.
