2170 3147
237 259 284 286 An.
302 258 329 284 r..
357 258 420 286 1728
467 251 531 284 ’764

252 851 413 878 ῡοτομὶιιῑί.ιο.

259 1867 399 1888 Pruocnilnrn.

431 308 554 340 meritis
579 308 757 349 refulgeat,
782 308 927 341 vocalem
954 308 1100 342 ciusdem
1126 319 1176 342 ca-

433 360 525 403 pituli
546 361 716 402 generalis,
729 371 799 393 cum
818 361 970 394 omnibus
990 367 1019 394 et
1038 362 1174 405 singulis

431 413 628 455 privilegiis,
656 414 907 456 praerogativis,
936 415 1118 448 honoribus
1144 421 1175 448 et

429 466 581 498 oneribus
607 467 725 509 quibus
751 467 803 500 alii
831 468 960 500 vocales
987 467 1173 500 huiusmodi

429 524 580 558 utuntur,
620 520 770 552 fruuntur
807 525 839 552 et
874 520 1038 563 gaudent,
1066 521 1171 553 acuti

428 571 487 603 frui
515 577 543 604 et
570 573 712 614 gaudere
749 579 905 616 possunt,
941 584 1074 614 creare,
1102 584 1174 607 con-

428 624 560 657 stituere
598 632 629 658 et
666 626 831 659 declarare
869 627 973 660 libere
1006 634 1037 660 et
1067 628 1171 661 valide

427 678 556 719 possint
582 684 610 711 et
640 680 792 720 valeant,
824 680 1016 713 auctoritate
1042 687 1172 723 aposto-

428 730 498 770 lica,
519 736 630 764 tenore
653 733 890 775 praesentium,
910 733 1119 766 concedimus
1141 739 1172 767 et

427 784 648 826 indulgemus.

470 837 485 879 ἓ
510 836 541 870 3.
569 838 637 871 Non
665 840 867 874 obstantibus
885 840 1171 874 constitutionibus

427 896 458 923 ct
494 892 755 926 ordinationibus
791 894 1004 937 apostolicis,
1040 905 1170 928 necnon

426 945 695 989 Congregationis
713 953 744 979 et
761 946 891 980 Ordinis
914 948 1167 990 praedictorum,

426 999 521 1032 etiam
548 999 747 1040 iuramento,
776 999 854 1034 etc.²

471 1052 583 1085 Datum
610 1053 746 1094 Romae,
772 1054 855 1097 apud
874 1054 906 1087 Si
933 1054 1080 1096 Petrum,
1110 1055 1169 1088 sub

426 1107 548 1139 annulo
579 1106 776 1147 piscatoris,
807 1107 859 1141 die
889 1118 954 1142 xvn
986 1109 1169 1142 decembris

425 1169 632 1200 ninccxxvni,
659 1161 871 1204 pontificatus
897 1161 998 1194 nostri
1025 1173 1110 1196 anuo
1136 1173 1166 1196 v.

460 1220 521 1247 Dat.
545 1220 588 1248 die
610 1221 641 1249 17
663 1221 815 1249 decembris
837 1223 915 1257 1728,
937 1222 1034 1258 pontif.
1056 1231 1125 1251 anno
1142 1230 1168 1252 v,

735 1365 856 1401 CCLIV.

427 1445 647 1489 Confirmcttur
671 1447 944 1491 chiroyraphum,
976 1458 1039 1491 quo
1064 1447 1169 1481 denuo

469 1501 665 1544 yubernz'um
686 1502 794 1535 Caseri
820 1501 1015 1545 Gandzilplti
1039 1503 1170 1534 unitum

467 1555 532 1597 fecit
570 1556 796 1599 praesrclurcte
833 1548 957 1599 palatii
982 1556 1168 1599 apostolici,

469 1617 536 1639 cum
565 1608 737 1641 nonnullis
768 1608 1045 1642 declarationibus
1070 1614 1097 1642 et
1121 1610 1170 1653 fa-

469 1660 647 1694 cultatebus
662 1662 682 1694 ¹.

603 1742 786 1770 Benedictus
808 1743 888 1777 Papa
907 1743 988 1776 x111,

564 1788 602 1814 ad
622 1788 759 1815 futuram
780 1789 826 1816 rei
842 1789 1027 1816 memoriam.

471 1858 643 1902 AEquitatis
669 1870 703 1892 ac
729 1860 870 1893 iustitiae
901 1861 994 1900 ratio,
1022 1871 1057 1894 ac
1078 1870 1170 1904 prae-

427 1913 514 1944 clara
539 1913 733 1946 venerabilis
751 1914 860 1946 fratris
883 1914 1005 1947 Camilli
1032 1914 1170 1957 patriar-

427 1967 508 1999 chae
549 1966 889 2010 Costantinopolitani,
916 1967 1030 2010 palatii
1066 1968 1168 2000 nostri

428 2019 598 2062 apostolici
626 2021 798 2063 praefecti,
821 2021 854 2054 in
881 2031 940 2054 nos
960 2027 991 2054 et
1010 2022 1170 2064 Apostoli-

428 2084 494 2105 cam
521 2074 637 2107 Sedem
665 2075 740 2107 fidei
767 2080 798 2107 et
823 2074 1014 2116 devotionis,
1041 2074 1169 2119 aliaque
1191 2100 1192 2111 i

428 2127 618 2170 multiplicia
651 2127 787 2168 merita,
815 2128 968 2169 assiduis,
996 2139 1078 2172 quos
1108 2139 1168 2172 pro

427 2181 523 2213 nobis
550 2187 581 2213 et
601 2182 714 2214 eadem
732 2181 814 2215 Sede
833 2182 996 2215 indefesse
1017 2182 1167 2223 sustinet,

428 2234 596 2267 laboribus
630 2235 816 2275 coniuncta,
851 2236 1020 2278 postulant
1044 2241 1079 2268 ut
1104 2246 1168 2270 non

428 2288 530 2320 solum
557 2298 603 2328 ea,
630 2298 710 2330 quae
737 2289 776 2321 ad
810 2289 877 2322 eius
912 2299 1110 2333 suorumque
1137 2290 1169 2322 in

428 2341 632 2383 praefectura
657 2341 767 2384 palatii
788 2342 959 2385 apostolici
982 2342 1168 2376 huiusmodi

428 2403 650 2427 successorum
669 2395 810 2428 favorem
827 2406 843 2428 a
856 2395 950 2428 nobis
966 2396 1168 2439 prodierunt,

463 2490 475 2516 1
500 2490 535 2517 Ut
555 2499 638 2525 supra
658 2500 718 2527 pag.
740 2492 786 2519 47¹
811 2501 828 2519 α
851 2494 888 2527 (n.
905 2493 954 2527 Τ,).

463 2534 478 2560 ‘L’
500 2534 535 2560 De
566 2535 751 2563 iurisdictione
781 2540 808 2563 et
836 2537 1011 2564 facultatibus
1040 2537 1169 2573 praefecti

428 2578 519 2613 palatii
551 2581 703 2615 apostolici,
727 2581 784 2608 vide
814 2581 893 2609 aliam
921 2582 1003 2609 huius
1033 2582 1169 2609 Pontificis

430 2626 514 2650 const.
537 2624 581 2655 ed.
602 2631 763 2659 nocexxvm,
781 2625 823 2654 die
837 2633 898 2654 xxw
913 2626 1086 2663 septembris,
1102 2635 1170 2664 pon-

427 2668 469 2697 tif.
489 2675 515 2697 v.

1013 260 1195 285 BULLARIUM
1218 260 1374 286 ROMANUM

1969 265 2018 294 An.
2035 266 2063 295 C.
2085 268 2153 298 1728

1220 321 1283 354 quo
1310 311 1503 345 inconcussa
1528 312 1615 346 iuxta
1639 318 1781 346 mentem
1808 318 1840 348 et
1856 314 1962 348 inten-

1220 363 1341 397 tionem
1367 370 1512 398 nostram
1540 365 1676 399 firmiter
1708 367 1904 408 subsistant,
1930 378 1962 401 a-

1218 417 1397 460 postolicae
1433 418 1693 452 confirmationis
1718 421 1886 463 praesidio
1911 431 1962 454 ro-

1218 471 1382 511 boremus,
1409 472 1465 504 sed
1492 472 1588 505 etiam
1624 473 1831 507 uberioribus
1867 473 1960 507 illum

1218 523 1249 555 in
1277 523 1345 557 dies
1379 524 1541 558 favoribus
1581 530 1612 558 et.
1643 526 1755 568 gratiis
1784 537 1962 570 prosequa-

1217 587 1302 611 mur.

1261 630 1275 674 ἓ
1293 630 1324 664 1.
1346 630 1422 664 Cum
1441 631 1551 675 itaque
1569 633 1661 674 alitis,
1681 638 1856 677 postquam
1883 633 1963 668 dile·
1982 647 2038 670 inas
2059 654 2097 675 per
2110 648 2154 671 em-

1216 690 1284 716 ctus
1301 685 1386 718 tilius
1403 691 1515 718 noster
1536 686 1679 719 Annibal
1697 686 1728 719 S.
1748 686 1786 720 R.
1807 687 1842 720 E.
1869 676 2154 731 p1·es-ssi‘l‚'⁸f.lt⁰„¹l².‚÷ii=.‘

1216 736 1309 780 bytcr
1344 738 1517 771 cardinalis
1551 739 1696 771 Albanus
1726 745 1933 783 nuncupatus
1952 730 2154 788 ,ξιῗῗιᾟξᾷἓῗᾶξὶ

1216 790 1363 823 eiusdem
1390 791 1506 824 S.R.E.
1528 792 1736 832 camerarius,
1761 783 2154 835 gabei-nium{1¹S1.⁹0}⁴¹³‡{‚'1?„l{.‘31

1217 848 1321 877 terrae
1347 849 1476 878 nostrae
1511 845 1606 878 castri
1642 845 1828 889 Gandulplii
1862 846 1961 880 Alba-

1215 897 1324 930 nensis
1350 897 1519 938 dioecesis,
1547 898 1630 941 quod
1657 908 1717 942 per
1742 899 1864 943 aliquot
1903 910 1960 933 an-

1215 961 1274 983 nos
1301 957 1498 991 exercuerat,
1536 957 1568 984 et
1604 944 1697 985 antea
1729 952 1959 995 praefecturae

1214 1004 1315 1047 ipsius
1338 1004 1449 1048 palatii
1488 1004 1661 1047 apostolici
1698 1015 1769 1038 eum
1810 1005 1960 1049 plenaria

1214 1057 1441 1090 iurisdictione
1475 1068 1511 1090 ac
1544 1058 1812 1101 independenter
1840 1069 1857 1092 a
1881 1069 1961 1102 quo-

1214 1121 1351 1155 cumque
1388 1112 1452 1145 alio
1491 1112 1644 1145 tribunali
1683 1122 1844 1145 annexum
1886 1123 1958 1146 esse

1214 1171 1434 1204 consueverat,
1462 1171 1578 1208 sponte
1604 1165 1636 1197 in
1661 1166 1812 1199 manibus
1837 1165 1958 1199 nostris

1214 1217 1400 1258 dimisisset,
1411 1228 1478 1257 nos,
1493 1219 1640 1251 volentes
1656 1223 1691 1250 ut
1702 1218 1890 1251 huiusmodi
1902 1228 1959 1261 gu7

1213 1271 1365 1303 bernium
1385 1271 1613 1314 praefecturae
1631 1271 1808 1314 praefatae,
1824 1271 1957 1305 eisdem¹

1213 1324 1310 1357 modo
1336 1330 1367 1357 et
1403 1324 1505 1357 forma
1531 1324 1648 1367 quibus
1674 1324 1752 1358 olim
1777 1324 1959 1368 reperieba-

1215 1383 1273 1417 tur,
1301 1378 1430 1411 tametsi
1467 1378 1530 1411 hoc
1561 1378 1669 1411 medio
1695 1383 1862 1422 tempore,
1894 1387 1958 1423 quo

1214 1432 1253 1465 ab
1279 1432 1392 1465 eadem
1414 1432 1620 1476 praefectura
1639 1437 1824 1476 separatum
1843 1432 1960 1473 fuerat,

1214 1486 1373 1530 quaedam
1415 1486 1447 1519 in
1488 1487 1544 1520 illo
1581 1487 1811 1520 innovationes
1851 1485 1958 1530 quoad

1214 1541 1402 1573 exercitium
1429 1540 1664 1573 iurisdictionis
1692 1541 1793 1574 factae
1812 1540 1958 1581 fuissent,

1215 1593 1254 1626 de
1279 1600 1387 1626 cetero
1413 1604 1544 1637 quoque
1570 1603 1732 1626 annexum
1756 1598 1956 1635 remaneret,

1215 1656 1273 1689 per
1297 1647 1556 1690 chirographum
1577 1657 1672 1680 manu
1691 1649 1802 1680 nostra
1821 1646 1960 1680 subscri-

1215 1707 1305 1744 ptum
1331 1708 1362 1733 et
1387 1701 1493 1734 eidem
1526 1701 1663 1735 Camillo
1688 1700 1896 1745 patriarchae
1928 1704 1960 1733 et

1215 1755 1383 1798 praefecto
1422 1754 1590 1796 directum,
1626 1755 1820 1798 gubernium
1854 1753 1959 1787 dictae

1216 1813 1322 1842 terrae
1338 1808 1562 1852 praefecturae
1576 1808 1758 1852 praefatae,
1774 1818 1846 1841 cum
1860 1806 1960 1840 omni-

1215 1862 1274 1895 bus
1300 1869 1332 1896 et
1356 1863 1494 1905 singulis
1519 1862 1725 1906 privilegiis,
1751 1861 1956 1903 honoribus,

1215 1916 1470 1959 praerogativis,
1509 1926 1545 1949 ac
1570 1915 1718 1959 plenaria
1744 1921 1775 1948 et
1799 1914 1959 1959 privativa

1215 1969 1442 2003 iurisdictione
1468 1969 1500 2002 in
1526 1969 1671 2011 negociis
1696 1973 1728 2002 et
1753 1968 1859 2002 causis
1885 1967 1960 2001 civi-

1214 2022 1298 2056 libus
1326 2028 1357 2056 et
1381 2022 1604 2055 criminalibus
1631 2021 1786 2066 praefecti
1811 2021 1957 2056 eiusdem

1214 2076 1323 2119 palatii
1349 2086 1409 2120 pro
1433 2081 1578 2120 tempore
1598 2075 1780 2116 existentis,
1800 2075 1958 2119 indepen-

1216 2130 1329 2163 denter
1355 2141 1371 2162 τι
1397 2140 1604 2173 quocumque
1631 2129 1694 2162 alio
1719 2128 1887 2169 tribunali,
1921 2138 1958 2161 ac

1214 2183 1345 2216 nonnisi
1370 2183 1466 2216 nobis
1503 2189 1533 2216 ct
1568 2193 1628 2226 pro
1655 2187 1804 2226 tempore
1842 2181 1957 2215 itidem

1215 2236 1364 2269 existenti
1401 2235 1547 2270 Romano
1581 2235 1728 2268 Pontifici
1771 2234 1957 2268 immediate

1215 2287 1411 2326 subiectum,
1430 2288 1538 2320 denuo
1556 2287 1717 2320 univimus
1741 2291 1773 2320 et
1798 2285 1957 2320 annexui-

1214 2352 1303 2383 mus,
1317 2346 1507 2382 statuentes,
1523 2340 1681 2385 quidquid
1701 2340 1787 2373 dicto
1806 2345 1953 2384 tempore

1214 2395 1408 2429 intermedio
1434 2395 1466 2427 in
1484 2394 1685 2427 contrarium
1703 2393 1957 2438 praemissorum

1215 2454 1320 2481 actum
1347 2449 1470 2488 fuisset,
1497 2449 1622 2481 nullum
1655 2453 1774 2481 statum
1806 2447 1840 2480 in
1863 2456 1958 2491 prae-

1214 2502 1370 2535 iudicium
1395 2502 1497 2545 ipsius
1515 2501 1742 2545 praefecturae
1768 2501 1873 2534 facere
1895 2509 1955 2533 seu

1213 2556 1341 2596 fecisse,
1366 2566 1415 2595 ac,
1436 2560 1598 2599 quatenus
1625 2565 1707 2598 opus
1737 2559 1835 2594 esset,
1861 2562 1956 2586 revo-

1213 2615 1322 2643 cantes
1347 2614 1379 2642 et
1403 2609 1611 2643 annullantes
1652 2607 1880 2652 quodcumque
1906 2605 1956 2639 in-

1250 2672 1260 2697 1
1283 2670 1354 2699 Edit.
1371 2670 1452 2699 Maia.
1469 2670 1535 2706 legit
1554 2671 1645 2700 eidem
1664 2677 1714 2706 pro
1730 2669 1838 2699 eisdem
1852 2668 1953 2706 (nstin).
