2170 3147
217 250 266 274 an.
282 249 310 275 c.
338 248 405 275 1728
451 239 515 273 766

250 891 351 911 admissio
377 892 387 910 i*

214 918 301 937 (lamnia
312 919 397 944 praeiit·

407 296 642 339 predecessori,
669 295 767 338 leggi,
790 294 910 334 statuti,
926 294 1068 333 riforme,
1091 292 1149 331 usi,

407 349 483 389 stili,
509 348 755 388 consuetudini,
781 358 797 380 e
832 346 1047 391 qualsivoglia
1071 345 1149 378 altra

407 412 480 434 cosa
506 401 568 434 che
595 402 715 433 facesse
740 411 758 433 ο
784 405 912 443 potesse
939 399 1005 432 fare
1026 398 1059 431 111
1077 408 1151 431 0011-

407 453 520 493 trario·,
547 454 610 486 alle
635 453 721 496 quali
750 458 840 491 tutte,
860 463 876 486 e
898 452 1035 495 510ςο10,
1055 461 1151 484 aven-

407 507 490 539 done
524 507 576 550 qui
607 507 628 539 il
655 512 769 540 tenore
803 516 862 550 per
892 515 1043 549 espresso
1076 515 1093 537 e
1118 504 1149 537 di

406 561 521 602 parola
557 560 588 593 in
621 561 737 603 parola
776 560 923 599 inserto,
950 569 1010 602 per
1036 562 1150 601 questa

407 614 492 646 volta
513 614 599 652 sola,
622 614 661 646 cd
687 612 857 646 all'eil'etto
883 612 1057 652 suddetto‚
1083 611 1150 654 pie-

407 672 558 700 namente
586 667 815 710 deroghiamo.
842 667 922 700 Dato
954 667 1006 699 dal
1039 670 1150 698 nostro

406 721 539 762 palazzo
564 721 747 763 apostolico
780 720 814 753 in
846 720 1001 753 Vaticano
1035 724 1150 762 questo

408 773 437 805 (11
463 783 529 807 xvii
555 774 658 817 aprile
683 783 870 808 iioeexxviil

556 828 762 861 Bexnmerrs
786 827 868 860 Psm
893 826 1000 860 XIII».

446 883 496 914 Die
512 893 549 915 xx
565 885 667 925 aprilis
683 894 854 915 MDCCxxvnt
873 884 1074 925 supradictum
1092 883 1151 914 chi-

299 953 330 970 ffl
343 934 585 974 .;‚.n.rograplmm
609 935 793 965 Sanctissimi
812 934 841 964 in
861 934 945 974 plena
959 934 1084 963 Camere,
1101 942 1151 962 ex-

260 1578 395 1603 Cannrilxaim

214 1611 274 1656 nitati
288 1611 396 1635 chirogra-

213 1643 224 1662 p
236 1644 256 1657 11.

407 982 532 1013 hibitum
549 988 577 1013 et
596 988 816 1023 praesentatum
839 983 908 1022 fuit,
926 982 1058 1022 illudque
1074 991 1151 1012 com-

407 1031 529 1061 missum
551 1032 752 1062 illustrissimo
781 1037 810 1062 et
832 1031 1078 1062 reverendissimo
1104 1030 1152 1060 do-

407 1079 487 1110 mino
504 1080 625 1111 Pamino
642 1081 801 1111 Passarino
813 1082 953 1111 Gamerae
967 1079 1150 1119 Apostolicae

407 1128 532 1168 clerico,
547 1133 574 1159 et
590 1129 619 1158 in
635 1129 758 1159 Camera
777 1128 974 1159 concistoriali
998 1128 1056 1158 diei
1079 1137 1150 1158 xxiv

406 1178 537 1208 eiusdem
561 1179 686 1217 mensis,
713 1179 748 1209 ad
771 1179 943 1209 relationem
968 1177 1091 1217 praefati
1117 1177 1151 1206 il-

406 1226 575 1257 lustrissimi
597 1232 626 1257 et
648 1228 888 1258 reverendissimi
910 1227 1022 1257 domini
1049 1226 1152 1256 Passa-

407 1277 486 1314 rini,
511 1276 600 1306 citato
623 1276 824 1306 illustrissimo
848 1280 876 1306 et
904 1275 1150 1306 reverendissimo

407 1325 526 1355 domino
549 1325 666 1355 Nicolao
690 1325 765 1355 Lana
790 1325 885 1355 dictae
908 1324 1086 1355 reverendae
1102 1323 1150 1354 Ca·

407 1383 505 1403 1110130
530 1374 733 1404 commissario
764 1373 911 1412 generali,
936 1373 1095 1404 admissum
1123 1377 1149 1403 et

407 1424 596 1462 registratum
620 1423 675 1454 fuit
693 1424 722 1453 in
746 1423 822 1453 libro
846 1424 1065 1462 signaturarum
1081 1424 1152 1454 San-

407 1472 532 1502 ctissimi
555 1471 608 1502 sub
632 1472 698 1502 folio
722 1472 790 1502 120.
810 1491 848 1495 -
868 1473 909 1502 Ila
924 1476 978 1502 est:
1002 1472 1150 1502 ANTONIUS

408 1520 593 1550 Pernuecnvs
606 1520 745 1551 Gamerae
761 1521 947 1560 Δ1005101101ιο
963 1521 1148 1551 secretarius.

452 1570 467 1612 ἓ
492 1569 523 1602 12.
550 1569 641 1603 Ν11110
667 1575 775 1603 autem
798 1581 874 1610 nos,
900 1570 1150 1604 considerantes

406 1624 563 1657 validiora
587 1629 620 1656 et
644 1623 816 1657 stabiliora
841 1634 911 1657 esse
937 1625 993 1657 illa
1017 1634 1101 1667 quae
1119 1635 1150 1656 a-

407 1677 558 1721 postolici
585 1677 775 1710 muniminis
803 1677 980 1710 fulciuntur
1010 1677 1151 1721 patroci-

407 1732 473 1771 nio,
498 1742 534 1764 ae
559 1730 699 1774 proinde
730 1731 987 1774 praemissorum
1014 1730 1149 1764 firmiori

407 1785 518 1818 robori
546 1790 578 1818 01
603 1784 767 1818 efficaciae
793 1785 994 1828 peramplius
1016 1795 1151 1828 prospe-

407 1844 492 1871 ctum
525 1848 596 1872 esse
629 1838 814 1882 cupientes,
852 1839 1018 1882 simulque
1044 1839 1151 1872 eidem

407 1892 542 1926 Camillo
582 1892 789 1936 patriarchae
823 1897 855 1926 et
891 1892 1057 1936 praefecto
1084 1902 1151 1926 rem

408 1951 532 1988 gratam
560 1946 665 1979 facere
689 1947 852 1986 volentes,
879 1956 1020 1989 eumque
1047 1957 1063 1979 a
1085 1945 1153 1989 qui-

407 1998 517 2031 busvis
554 2000 930 2041 excommunicationis,
966 2000 1152 2043 suspensio-

407 2052 457 2085 nis
489 2058 521 2085 et
551 2053 742 2094 interdicti,
782 2054 921 2097 aliisque
955 2053 1152 2086 ecelesiasti-

408 2106 455 2138 cis
481 2106 672 2146 sententiis,
707 2107 854 2140 censuris
892 2112 923 2140 01
959 2107 1097 2150 poenis,
1136 2118 1153 2140 a

408 2158 478 2191 iure
503 2160 553 2192 vel
579 2159 618 2192 ab
645 2159 800 2200 homine,
832 2161 946 2203 quavis
981 2160 1152 2194 occasione

409 2212 458 2244 vel
485 2214 581 2245 causa
599 2212 681 2253 latis,
707 2213 734 2246 si
761 2213 881 2257 quibus
903 2213 1154 2258 quomodolibet

408 2265 582 2299 innodatus
620 2267 750 2308 existit,
790 2268 829 2302 ad
871 2268 1021 2302 0110010111
1060 2279 1153 2313 prae-

409 2318 549 2352 sentium
575 2320 742 2353 dumtaxat
777 2322 1068 2365 consequendum,
1099 2322 1154 2355 ha-

410 2381 480 2404 rum
505 2373 588 2406 serie
607 2373 812 2407 absolventes
833 2380 863 2408 et
883 2376 1068 2409 absolutum
1083 2376 1152 2409 fore

410 2430 580 2459 censentes
601 2452 608 2466 ,
657 2431 746 2460 111010
795 2429 930 2472 proprio
947 2455 955 2469 ,
998 2440 1065 2463 non
1112 2429 1151 2462 ad

411 2476 514 2518 ipsius
555 2478 678 2512 Camilli
704 2481 911 2523 patriarchae
938 2489 970 2515 et
994 2482 1150 2525 praefecti

410 2530 459 2561 vel
479 2530 713 2574 cuiuscumque
739 2533 873 2567 alterius
898 2545 958 2577 pro
984 2545 1022 2568 eo
1056 2535 1151 2568 nobis

411 2593 508 2625 super
535 2583 595 2616 hoc
618 2585 743 2617 oblatae
762 2586 928 2628 petitionis
949 2587 1148 2629 instantiam,

412 2636 469 2671 sed
495 2646 532 2669 ex
557 2638 643 2671 001111
669 2637 802 2674 scicntia
829 2645 860 2674 01
884 2642 1009 2674 matura
1031 2642 1150 2677 delibe-

994 243 1179 269 BULLARIUM
1205 242 1363 268 ROMANUM

1193 291 1321 325 ratione
1342 291 1481 331 11051115,
1503 291 1607 334 deque
1628 284 1825 334 apostolicae
1846 293 1936 332 pote-

1193 345 1284 378 statis
1309 344 1531 388 plenitudine,
1562 344 1800 387 praeinsertum
1827 341 1936 375 chiro-

1194 398 1364 441 graphum,
1391 397 1567 441 omniaque
1593 402 1624 430 01
1663 397 1790 439 singula
1826 395 1859 428 in
1896 405 1934 428 eo

1194 455 1347 483 contenta
1373 456 1403 483 et
1421 450 1452 483 in
1472 450 1696 483 executionem
1720 447 1935 491 chirographi

1195 504 1379 537 huiusmodi
1405 504 1488 537 facta
1513 508 1545 536 et
1570 508 1674 546 gesta,
1702 512 1738 536 ae
1771 502 1846 535 inde
1886 511 1936 534 se-

1194 563 1266 591 cuta
1293 563 1324 590 et
1356 562 1507 590 secutura
1542 566 1785 600 quaecumque,
1822 559 1936 588 tenore

1194 611 1413 655 praesentium
1449 616 1610 653 perpetuo
1643 608 1872 643 confirmamus
1906 613 1938 641 et

1194 665 1425 708 approbamus,
1452 664 1585 707 illisque
1609 669 1788 707 perpetuae
1821 672 1858 695 ae
1889 662 1938 694 in-

1195 718 1357 750 violabilis
1395 722 1426 750 et
1462 716 1698 759 irrefragabilis
1736 714 1937 760 apostolicae

1195 771 1357 805 firmitatis
1385 770 1498 810 robur,
1523 770 1698 803 efficaciam
1730 774 1762 802 01
1790 768 1938 801 validita-

1196 831 1258 858 tem
1285 825 1510 868 adiungimus,
1537 833 1574 857 ac
1598 833 1711 857 omnes
1738 827 1771 856 et
1793 822 1938 865 singulos

1196 885 1257 911 tam
1283 878 1362 911 iuris
1388 888 1486 921 quam
1519 877 1591 910 facti
1626 882 1658 909 01
1693 875 1937 910 solemnitatum

1195 941 1492 975 spiarumcumque,
1518 929 1726 974 quantumvis
1751 927 1938 962 formalium

1195 991 1226 1018 01
1251 984 1515 1018 substantialium
1541 989 1574 1017 et
1603 984 1642 1017 de
1680 983 1769 1022 iure,
1797 986 1937 1021 statuto,

1194 1040 1275 1083 stylo
1302 1049 1358 1072 seu
1385 1037 1635 1077 consuetudine,
1664 1036 1730 1070 sive
1756 1047 1793 1068 ex
1819 1035 1938 1068 consti-

1195 1092 1356 1124 tutionum
1376 1090 1662 1124 etordinationum
1685 1088 1938 1132 apostolicarum

1195 1144 1291 1178 etiam
1317 1143 1591 1178 consistorialium
1616 1142 1821 1186 praescripto
1847 1147 1879 1175 et
1910 1151 1939 1174 a-

1194 1199 1254 1232 lias
1281 1198 1394 1241 quovis
1419 1197 1518 1230 modo
1545 1197 1643 1230 etiam
1672 1196 1712 1229 de
1741 1194 1937 1228 necessitate

1194 1252 1227 1284 in
1251 1251 1412 1284 similibus
1436 1250 1715 1283 observandarum
1741 1253 1772 1281 et
1798 1247 1938 1292 requisi-

1194 1311 1297 1338 tarum
1308 1303 1326 1344 ¹,
1353 1309 1385 1337 et
1411 1304 1493 1336 alios
1519 1311 1741 1346 quoscumque
1767 1301 1866 1335 etiam
1889 1301 1938 1334 in-

1194 1358 1393 1400 excogitatos
1425 1363 1457 1390 et
1481 1355 1751 1398 inexcogitabiles
1777 1354 1936 1393 defectus,

1193 1412 1219 1444 si
1238 1411 1293 1456 qui
1310 1411 1343 1444 in
1367 1410 1556 1454 praemissis
1581 1408 1890 1453 quomodocumque
1908 1414 1940 1441 et

1194 1465 1477 1509 qualitercumque
1502 1461 1750 1502 intervenerint,
1769 1465 1823 1495 aut
1839 1461 1939 1495 inter-

1194 1518 1321 1552 venisse
1346 1518 1421 1557 dici,
1442 1516 1582 1556 censeri,
1609 1515 1751 1558 intelligi
1768 1515 1818 1548 vel
1843 1525 1940 1558 prae-

1195 1571 1283 1605 tendi
1310 1581 1453 1614 unquam
1480 1574 1626 1613 possent,
1654 1567 1846 1612 plenissime
1864 1578 1939 1611 sup-

1193 1627 1323 1669 plemus
1337 1628 1367 1658 et
1380 1634 1545 1665 sanamus,
1560 1633 1596 1656 ac
1609 1621 1740 1666 penitus
1759 1628 1791 1655 et
1804 1621 1938 1655 omnino

1194 1678 1349 1719 tollimus,
1375 1687 1580 1710 removemus
1606 1681 1638 1709 et
1662 1676 1843 1709 abolemus.

1238 1731 1309 1775 {3-
1349 1732 1533 1770 Praeterea,
1571 1731 1695 1763 attenta
1733 1729 1938 1763 connexione

1195 1791 1228 1818 et
1252 1784 1484 1828 dependentia,
1511 1794 1590 1827 quas
1616 1783 1814 1826 gubernium
1832 1783 1939 1817 dictae

1195 1844 1302 1872 terrae
1329 1838 1430 1871 habet
1455 1848 1528 1870 eum
1554 1837 1759 1880 praefectura
1790 1836 1939 1870 eiusdem

1194 1891 1307 1936 palatii
1334 1891 1516 1934 apostolici,
1543 1900 1583 1923 ne
1620 1890 1728 1933 aliqua
1761 1900 1940 1933 progressu

1197 1945 1354 1989 temporis
1402 1943 1574 1978 dubitandi
1622 1944 1748 1977 oriatur
1789 1944 1938 1985 occasio,

1195 2000 1375 2043 praefatam
1407 1997 1589 2042 plenariam
1619 2008 1657 2031 ac
1688 1997 1877 2041 privativam
1910 2003 1942 2031 et

1195 2065 1212 2086 a
1238 2063 1443 2096 quocumque
1470 2052 1627 2085 tribunali
1660 2051 1940 2096 independentem

1195 2105 1453 2139 iurisdictionem
1478 2105 1510 2137 in
1541 2105 1647 2139 causis
1674 2109 1705 2138 et
1725 2104 1872 2148 negociis
1897 2104 1941 2137 ci-

1195 2159 1312 2193 vilibus
1352 2164 1385 2192 et
1421 2158 1649 2192 criminalibus
1689 2158 1793 2191 dietae
1833 2163 1939 2191 terrae

1196 2213 1303 2247 eidem
1328 2212 1463 2246 Camillo
1481 2212 1689 2256 patriarchae
1706 2211 1863 2245 moderno
1881 2221 1940 2244 seu

1196 2278 1256 2312 pro
1282 2272 1431 2310 tempore
1453 2266 1603 2299 existenti
1629 2264 1794 2309 praesecto
1828 2264 1938 2308 palatii

1196 2321 1377 2366 apostolici,
1399 2320 1481 2354 sicut
1497 2319 1728 2363 praemittitur,
1750 2323 1940 2362 competen-

1196 2381 1272 2416 tem,
1294 2375 1441 2408 eiusdem
1459 2374 1557 2417 plane
1574 2379 1719 2413 naturae,
1737 2371 1938 2406 extensionis

1195 2433 1226 2461 et
1251 2427 1416 2471 qualitatis
1442 2437 1514 2460 esse
1539 2432 1571 2460 et
1595 2425 1723 2460 censeri
1748 2426 1880 2465 debere,
1901 2434 1939 2457 ac

1195 2482 1296 2522 illam,
1324 2492 1421 2524 quain
1446 2480 1507 2524 ipsi
1532 2480 1699 2524 praefecto
1725 2478 1836 2523 palatii
1861 2488 1939 2522 apo-

1195 2535 1301 2568 stolici
1327 2535 1433 2578 quoad
1451 2544 1564 2568 causas
1580 2533 1791 2567 familiarium
1812 2536 1938 2566 nostro-

1231 2607 1240 2630 t
1265 2605 1335 2631 Edit.
1353 2604 1434 2632 Main.
1452 2605 1518 2640 legit
1534 2604 1742 2633 observandam
1764 2604 1791 2630 et
1810 2600 1937 2637 requisi-

1193 2652 1254 2679 lam
1270 2652 1308 2685 (11.
1324 2650 1375 2684 r).

1945 240 1994 267 An.
2011 240 2040 268 C.
2063 240 2130 269 ¹728

1974 1739 2134 1760 [inclamationes

1951 1767 2066 1794 quaedam.
