2170 3147
232 188 327 216 An.c.
353 187 420 215 {726
466 175 531 211 338
1015 185 1196 209 nummuli

427 245 486 278 per
501 233 722 277 pluralitatem
742 233 973 276 suffragiorum
989 233 1074 265 iuxta
1088 233 1173 265 eius·
1191 237 1195 261 1

428 288 500 319 ‹lem
531 286 661 320 Ordinis
695 287 947 319 constitutiones
973 286 1171 325 absolvitur,

429 340 643 382 contingebat
669 340 857 379 interdum,
885 340 971 383 quod
999 339 1174 372 resolutio-

430 404 488 426 nes
513 398 544 425 et
571 394 701 426 decreta
720 393 876 436 aequitati
894 403 1008 436 parum
1029 402 1174 425 consona

430 457 465 479 ac
498 447 584 479 bono
619 447 725 479 dietae
758 447 945 489 provinciae
977 457 1093 489 parum
1127 456 1175 478 ac-

430 500 602 532 commoda
628 499 762 539 fiebant,
781 506 808 533 et
832 501 930 543 quod,
951 500 992 533 ob
1018 499 1176 533 scissuras

431 552 687 595 partialitatum,
714 553 760 586 illi
799 553 991 596 praesertim
1030 553 1199 586 domina-i

433 605 564 646 bantur,
592 605 644 649 qui
673 606 844 649 exquisitis
866 606 990 639 artibus
1015 611 1087 639 vota
1112 607 1176 639 sive

433 658 588 701 suffragia
622 670 682 702 pro
720 670 832 693 eorum
870 660 1024 692 fratribus
1058 670 1169 693 conse-

433 712 584 755 quendis¹
600 714 766 746 cumulare
785 713 965 753 studebant,
985 714 1082 757 idque
1103 719 1178 746 tunc

433 765 640 808 potissimum
667 766 848 806 eveniebat,
871 767 1001 809 quando
1026 767 1179 809 capitulis

434 823 465 850 et
489 819 614 851 actibus
640 819 816 862 praedictis
843 819 1057 852 interfuerant
1082 826 1178 864 atque

434 870 622 912 suffragium
648 871 796 904 serebant
814 873 925 915 plures
950 873 1104 915 religiosi,
1124 874 1178 916 qui

435 924 568 957 aliunde
600 924 709 968 aliquo
742 926 1033 968 consanguinitatis
1061 932 1091 959 et
1115 927 1181 959 affi-

434 977 545 1010 nitatis
582 978 712 1011 vinculo
746 979 885 1011 invicem
925 980 1092 1012 coniuncti
1130 981 1180 1013 vel

435 1031 615 1064 attinentes
642 1036 753 1071 erant;
783 1031 815 1063 lii
843 1032 927 1064 enim
949 1039 983 1063 ut
1005 1033 1180 1075 plurimum

435 1088 504 1116 tum
544 1084 703 1126 sanguine
741 1088 807 1117 tum
845 1085 1069 1118 uniformitate
1107 1095 1182 1118 con-

434 1136 533 1169 iuncti
572 1137 654 1170 adeo
691 1139 961 1180 praepollebant,
987 1144 1020 1170 nt
1044 1145 1182 1182 propter

434 1195 557 1223 certam
585 1195 630 1222 tot
655 1189 883 1233 sull'ragiorum
901 1192 1073 1225 „unionem
1106 1192 1182 1224 reli-

434 1243 507 1287 quis
535 1243 600 1276 sere
626 1249 748 1276 metum
775 1244 994 1285 incutiebant,
1020 1245 1130 1288 sicque
1150 1245 1180 1277 in

433 1307 506 1330 suas
531 1303 639 1341 partes
666 1297 861 1337 trabebant,
887 1298 1002 1341 eoque,
1030 1298 1093 1341 quo
1120 1299 1181 1341 ipsi

434 1352 580 1391 vellent,
605 1351 651 1384 ire
686 1352 952 1394 compellebant,
980 1352 1067 1395 quod
1105 1362 1181 1384 sane

434 1405 556 1438 nedum
583 1405 761 1438 alienarum
788 1405 975 1438 libertatum
1011 1405 1180 1445 laesivum,

434 1469 547 1492 verum
567 1459 661 1492 etiam
672 1458 869 1492 bonototius
887 1459 1075 1502 provinciae
1090 1460 1182 1492 valde
1204 1464 1205 1491 l

433 1513 666 1557 praeiudiciale
711 1512 893 1545 existebat:
936 1512 1078 1556 ideoque
1122 1523 1182 1556 pro

435 1572 530 1611 parte
571 1566 761 1600 eorumdem
803 1565 1036 1609 exponentium
1078 1566 1183 1599 eidem

436 1620 690 1663 Congregationi
729 1618 941 1652 cardinalium
978 1618 1206 1662 supplicato„

437 1675 536 1718 quod,
562 1675 646 1706 mala
673 1673 859 1705 huiusmodi
879 1673 1008 1715 aliaque
1029 1683 1065 1704 cx
1088 1683 1184 1716 prac-

435 1728 543 1761 missis
570 1727 694 1760 oritura
719 1726 985 1770 praeveniendo,
1013 1726 1184 1759 mandaret

438 1781 523 1826 quod
551 1781 776 1824 imposterum,
803 1780 827 1812 si
855 1780 984 1823 quando
1011 1779 1042 1812 in
1070 1780 1183 1812 eadem

436 1835 605 1879 provincia
623 1835 733 1877 plures
752 1834 925 1876 religiosos
943 1833 1072 1866 Ordinis
1091 1844 1184 1876 prae·
1205 1837 1207 1870 ξ

439 1889 528 1927 dicti,
548 1889 601 1932 qui
620 1888 750 1921 aliunde
776 1888 807 1920 in
835 1888 940 1931 primo
959 1892 1015 1920 aut
1040 1888 1183 1920 secundo
1205 1900 1207 1915 ’-

439 1943 621 1986 respective
658 1942 815 1984 gradibus
859 1940 1095 1983 consanguinei
1134 1942 1184 1974 vel

439 1996 552 2028 affines
582 1996 702 2028 suerint
728 2000 760 2027 et
783 1994 956 2038 privilegio
990 1993 1182 2036 suffragandi

440 2056 493 2083 aut
518 2050 556 2082 ad
583 2049 819 2092 praescriptum
849 2048 1037 2082 earumdem
1064 2048 1185 2081 consti-

440 2104 601 2136 tutionum
621 2108 675 2135 aut
697 2103 792 2135 etiam
819 2112 855 2134 ex
882 2101 1053 2144 privilegio
1082 2102 1185 2134 l‘ruan-

442 2162 504 2196 tur,
526 2157 637 2189 adesse
662 2156 880 2199 contingeret,
909 2155 939 2187 in
967 2154 1005 2187 iis
1032 2154 1184 2197 capitulis
1206 2172 1207 2177 =

442 2221 497 2243 seu
524 2210 765 2252 congressibus,
793 2210 823 2242 in
850 2209 967 2252 quibus
992 2209 1045 2241 alii
1073 2209 1184 2241 affines

443 2270 498 2296 aut
530 2263 764 2305 consanguinei
800 2263 921 2305 pariter
951 2261 1183 2305 suffragantur,

443 2316 600 2349 eiusmodi
628 2316 799 2359 privilegio
822 2316 867 2348 uti
886 2322 1058 2359 nequeant,
1078 2316 1121 2348 ita
1141 2321 1185 2348 ta-

443 2380 529 2407 men,
554 2375 600 2408 ut,
630 2370 753 2401 etiamsi
774 2370 883 2412 plui-es
910 2380 946 2402 ac
971 2371 1082 2413 plures
1109 2370 1186 2407 sint,

443 2423 574 2455 nonnisi
595 2423 668 2461 duo,
688 2423 774 2466 iique
796 2423 1011 2466 antiquiores,
1032 2428 1101 2455 actu
1121 2423 1185 2455 sus-

443 2475 560 2517 sragari
581 2475 716 2517 possint,
736 2475 871 2518 reliquis
890 2487 906 2507 a
925 2482 996 2508 voto
1022 2475 1184 2508 abstinen-

444 2529 542 2568 tibus,
563 2528 678 2570 istiquc
699 2529 906 2561 solummodo
926 2539 990 2561 uno
1009 2534 1063 2561 aut
1080 2530 1184 2562 altero

481 2592 490 2618 1
505 2590 615 2617 Comma
626 2589 696 2616 istud
713 2591 805 2617 lectori
818 2591 872 2617 scio
885 2590 982 2617 dimitt.
997 2591 1093 2626 corrig.
1106 2591 1183 2626 (uxr).

1223 185 1379 210 notitANUM

1217 244 1252 265 ex
1280 234 1522 278 antiquioribus
1541 234 1723 276 deficiente,
1744 235 1830 268 iuxta
1847 244 1959 268 eorum

1218 287 1340 330 pariter
1364 288 1600 331 antiquitatem,
1620 289 1818 326 subintrent,
1836 288 1960 332 praeci-

1218 340 1340 383 piendo
1378 341 1539 375 eiusmodi
1578 342 1700 376 decreti
1737 342 1959 375 omnimodam

1219 394 1464 434 observantiam,
1496 395 1754 438 quibuscumque
1780 395 1958 438 privilegiis

1220 452 1286 478 turn
1311 453 1508 480 memoratae
1530 447 1714 490 provinciae
1735 453 1800 480 tum
1820 447 1961 490 peculia-

1220 498 1309 531 ribus
1335 499 1499 542 religiosis
1518 500 1768 543 quomodolibet
1786 500 1817 532 in
1836 505 1962 533 contra·

1221 552 1302 584 rium
1328 553 1490 585 concessis
1515 563 1719 596 nequaquam
1739 553 1958 594 obstantibus,

1222 612 1253 638 et
1277 605 1320 638 ita
1345 606 1596 649 partialitatibus
1626 611 1659 639 et
1690 606 1885 639 factionibus
1911 607 1962 640 de·

1222 659 1395 699 struendis,
1414 659 1549 702 aliisque
1577 659 1765 703 frequenter
1792 669 1964 693 occurren-

1223 713 1307 745 tibus
1334 713 1426 746 malis
1461 713 1661 753 avertendis,
1688 723 1724 745 ac
1759 712 1964 746 indemnitati

1970 186 2019 213 An.
2034 185 2063 214 C.
2087 186 2153 215 17²6

1200 766 1409 808 .praedictae
1443 765 1631 808 provinciae
1664 767 1847 799 consultum
1881 765 1963 799 erit:

1224 818 1385 851 emanavit
1399 829 1416 851 a
1435 819 1600 861 praedicta
1619 818 1879 861 Congregatione
1900 828 1966 851 car-

1225 871 1380 904 dinalium
1407 871 1573 905 decretum
1592 872 1714 905 tenoris
1734 872 1788 916 qui
1807 871 1964 916 sequitur,

1224 924 1395 957 videlicet:

2048 987 2159 1009 Decretum

1265 988 1352 1017 Sacra
1385 988 1577 1026 Congregatio
1604 987 1908 1018 eminentissimorum
1938 990 2118 1042 etpracaicium.

1225 1037 1543 1066 reverendissimorum
1566 1037 1594 1067 S.
1607 1037 1642 1067 R.
1658 1037 1690 1067 E.
1708 1037 1902 1067 cardinalium
1918 1046 1969 1067 ne-

1224 1086 1313 1124 gotiis
1343 1090 1371 1116 et
1399 1086 1664 1116 consultationibus
1699 1086 1906 1126 episcoporum
1939 1089 1968 1116 et

1225 1135 1405 1173 regularium
1430 1136 1608 1176 praeposita,
1632 1136 1694 1166 visa
1710 1136 1853 1166 relatione
1876 1135 1968 1175 patris

1226 1185 1423 1223 procuratoris
1446 1186 1601 1224 generalis,
1625 1195 1658 1215 ac
1680 1185 1801 1216 attentis
1823 1185 1966 1223 narratis,

1225 1235 1339 1265 censuit
1372 1240 1399 1265 et
1428 1236 1557 1266 decrevit
1589 1236 1667 1276 quod
1695 1236 1725 1266 in
1758 1240 1905 1275 posterum
1938 1236 1968 1266 in

1226 1284 1363 1323 capitulis
1381 1284 1611 1323 provincialibus
1628 1286 1774 1325 praefatae
1790 1285 1968 1324 provinciae,

1203 1333 1261 1369 {ad
1289 1334 1422 1372 exposita
1458 1333 1642 1364 incommoda
1672 1338 1700 1364 et
1732 1334 1971 1364 inconvenientia

1227 1382 1355 1419 vitanda,
1369 1382 1426 1412 duo
1442 1384 1545 1412 fratres
1561 1383 1762 1412 tantummodo
1778 1383 1970 1422 antiquiores,

1227 1432 1288 1460 sive
1312 1431 1458 1469 germani,
1482 1431 1543 1461 sive
1565 1432 1777 1470 consanguinei
1794 1436 1845 1462 aut
1867 1432 1971 1462 affines

1204 1499 1206 1521 4
1227 1480 1256 1510 in
1281 1480 1374 1519 primo
1396 1485 1425 1510 et
1448 1481 1575 1510 secundo
1597 1481 1690 1519 gradu
1712 1481 1785 1518 sint,
1810 1485 1838 1511 et
1861 1490 1918 1511 non
1941 1491 1972 1512 ο-

1204 1542 1205 1547 ¹
1227 1539 1320 1565 mnes,
1338 1529 1401 1558 iure
1418 1529 1598 1567 suffragandi
1614 1530 1740 1568 gaudere
1758 1530 1870 1570 possint
1882 1534 1910 1561 et
1924 1540 1972 1561 va-

1227 1579 1318 1615 leant,
1342 1583 1370 1608 et
1392 1579 1431 1608 ita
1455 1579 1632 1609 infuturum
1650 1579 1685 1609 ab
1702 1579 1838 1609 omnibus
1858 1580 1971 1610 servari

1228 1627 1389 1664 mandavit,
1413 1627 1649 1667 quibuscumque
1665 1629 1784 1659 statutis
1800 1633 1828 1658 et
1849 1638 1973 1659 consue-

1229 1677 1380 1707 tudinibus
1393 1677 1485 1716 ipsius
1503 1677 1670 1717 provinciae
1684 1682 1712 1707 et
1729 1678 1889 1717 privilegiis
1906 1687 1972 1717 par-

1229 1727 1405 1757 ticularibus
1421 1735 1476 1756 non
1495 1726 1691 1756 obstantibus.
1716 1727 1837 1765 Romae,
1856 1736 1903 1757 xv¹
1921 1736 1973 1757 no-

1228 1776 1359 1806 vembris
1372 1785 1519 1806 atnizcxxv.
1532 1795 1564 1798 —
1575 1777 1606 1806 F.
1621 1777 1779 1807 cardinalis
1792 1777 1970 1807 Pancurws.

1226 1843 1265 1848 -—
1280 1825 1311 1855 P.
1331 1826 1364 1855 A.
1379 1826 1618 1865 archiepiscopus
1636 1826 1768 1856 Larissae
1781 1826 1969 1856 secretarius.

1272 1885 1286 1928 ἓ
1312 1884 1342 1917 02.
1370 1884 1446 1917 Cum
1473 1890 1589 1925 autem,
1608 1884 1689 1917 sicut
1710 1884 1785 1918 dicti
1809 1895 1972 1928 exponen-
2030 1891 2168 1924 continuatio

1229 1943 1275 1971 tes
1302 1938 1395 1971 nobis
1421 1938 1559 1970 subinde
1586 1938 1701 1981 exponi
1728 1938 1885 1978 fecerunt,
1907 1920 2149 1981 ipsi‘mudcmu'

1229 1992 1417 2035 praemissa,
1444 2003 1507 2035 quo
1534 1991 1653 2024 firmius
1680 1992 1868 2033 subsistant,
1895 2003 1973 2036 apo-

1229 2047 1360 2079 stolicae
1388 2045 1644 2078 confirmationis
1670 2051 1798 2078 nostrae
1835 2045 1973 2089 patroci-

1229 2100 1283 2133 nio
1321 2099 1514 2132 communiri
1553 2099 1730 2142 plurimum
1768 2099 1973 2133 desiderent:

1230 2164 1298 2193 nos,
1326 2154 1413 2196 ipsos
1439 2158 1641 2196 exponentes
1666 2152 1863 2197 specialibus
1889 2153 1976 2185 savo-

1229 2207 1318 2239 ribus
1352 2212 1383 2239 et
1416 2206 1528 2249 gratiis
1558 2206 1713 2249 prosequi
1746 2207 1916 2245 volenteS,
1944 2210 1976 2239 et

1229 2271 1340 2293 eorum
1368 2259 1549 2302 singulares
1576 2269 1732 2302 personas
1759 2270 1776 2291 a
1807 2258 1976 2302 quibusvis

1230 2313 1591 2351 excommunicationis,
1622 2312 1848 2355 suspensionis
1873 2318 1904 2345 et.
1927 2311 1977 2345 in-

1230 2367 1371 2406 terdicti,
1388 2366 1527 2409 aliisque
1543 2365 1775 2398 ecclesiasticis
1794 2365 1976 2404 sententiis,

1228 2420 1378 2453 censuris
1397 2425 1429 2452 et
1448 2419 1573 2462 poenis⁷
1593 2429 1608 2450 a
1626 2418 1696 2451 iure
1711 2419 1759 2450 vel
1775 2418 1814 2450 ab
1831 2417 1975 2457 bomine,

1229 2474 1341 2517 (piaris
1357 2472 1529 2506 occasione
1545 2473 1593 2504 vel
1608 2473 1705 2504 causa
1717 2470 1798 2509 latis,
1814 2470 1839 2502 si
1856 2470 1976 2514 quibus

1228 2527 1479 2571 quomodolibet
1493 2527 1666 2559 innodatae
1682 2524 1834 2563 existunt,
1851 2524 1889 2556 ad
1904 2523 1977 2557 etl'e-

1228 2586 1316 2613 ctum
1333 2578 1558 2624 praesentium
1577 2579 1743 2612 dumtaxat
1769 2587 1977 2621 consequen-
