2170 3147
221 244 269 267 nn.
285 241 314 267 c.
335 240 400 268 1729
446 231 510 265 838

220 302 324 329 quandam

219 330 312 350 eiu-deu·
322 330 392 350 cultim
402 345 406 349 .

376 302 401 321 aa
416 290 517 323 enixis
554 288 709 322 carissimi
743 288 774 321 in
805 287 930 321 Christo
967 287 1023 320 [ilii
1056 285 1157 319 nostri

394 336 565 377 xLudoriei
595 343 791 375 Francorum
819 341 904 383 regis
931 339 1160 374 christianissi-

417 397 469 436 mi,
500 408 536 429 ac
569 396 752 428 carissimae
787 395 817 427 iu
844 394 969 427 Christo
992 393 1076 426 ntiae
1103 404 1160 425 no-

416 456 502 482 strae
529 449 644 482 Mariae
671 448 860 481 eorumdem
888 447 1086 480 Francorum
1116 457 1160 479 re-

416 505 509 547 ginae
551 503 839 536 eluistianissimae
880 502 948 534 eius
988 501 1157 543 coniugis,

415 557 620 600 pluriumque
647 556 782 589 aliorum
809 554 996 588 sublimium
1026 553 1159 586 catholi-

415 621 523 643 corum
551 610 747 653 principum,
772 619 899 642 necnon
924 607 1159 641 venerabilium

415 665 547 697 flatrum
574 664 896 706 archiepiscoporum
929 668 960 694 et
991 661 1160 705 episcopo-

416 729 497 757 rum,
521 728 557 750 ac
583 717 771 750 dilectorum
799 716 938 748 tiliorum
964 715 1040 748 cleri
1068 714 1158 757 regni

415 771 602 811 Galliarum,
625 771 790 814 totiusque
809 769 942 813 insuper
960 769 1064 802 dictae
1083 768 1161 802 Con-

415 824 614 867 gregationis
645 825 909 868 presbyterorum
946 821 1159 856 saecularium

414 877 575 910 Missionis
603 877 894 921 supplicationibus
917 876 1010 909 nobis
1036 881 1067 908 et
1086 875 1161 907 lmic

414 931 551 964 Sanctae
577 931 652 965 Sedi
678 941 776 974 super
801 931 865 963 boc
891 929 1057 963 humiliter
1086 939 1160 972 por-

414 986 511 1019 rectis
537 985 677 1027 benigne
709 984 865 1024 inclinati,
895 984 933 1017 de
966 989 1160 1017 memorato-

416 1050 487 1072 rum
524 1038 734 1071 cardinalium
772 1037 909 1070 consilio
945 1042 976 1070 et
1013 1047 1158 1077 assensu,

416 1092 606 1125 auctoritate
644 1091 833 1135 apostolica,
865 1096 977 1123 tenore
1012 1100 1161 1133 praesen-

417 1146 517 1186 tium,
543 1145 773 1188 indulgcnmS,
803 1150 834 1177 ut
861 1144 945 1177 idem
968 1154 1079 1176 servus
1104 1143 1158 1175 Dei

417 1199 601 1232 Vincentius
635 1210 651 1231 a
678 1199 775 1232 Paulo
812 1198 844 1230 in
880 1203 1045 1241 posterum
1072 1195 1159 1230 Beati

415 1252 547 1286 nomine
573 1258 798 1295 nuncupetur,
828 1252 963 1295 eiusque
988 1261 1105 1294 corpus
1131 1255 1159 1283 et

415 1306 572 1350 reliquiae
598 1306 799 1339 venerationi
826 1305 968 1338 fidelium
996 1312 1081 1347 <non
1110 1310 1158 1336 ta-

415 1370 489 1392 men
516 1359 546 1391 in
581 1358 846 1403 processionibus
877 1357 1160 1399 circumferenda)

417 1420 653 1456 exponantur,
694 1413 852 1456 imagines
893 1423 1024 1456 quoque
1063 1411 1161 1444 radiis

416 1478 471 1501 seu
497 1467 726 1510 splendoribus
753 1472 969 1506 exornentur,
997 1477 1032 1498 ac
1058 1466 1096 1498 de
1123 1476 1161 1498 eo

417 1522 593 1566 quotannis
627 1521 677 1554 die
711 1520 930 1553 anniversaria
962 1520 1063 1553 l‘clicis
1094 1519 1162 1553 eius

416 1576 525 1609 obitus
552 1574 706 1608 recitetur
734 1574 875 1607 officium
903 1580 933 1607 et
958 1573 1053 1606 missa
1078 1574 1163 1606 cele-

415 1628 527 1662 bretur
549 1628 587 1661 de
614 1628 799 1661 consessore
819 1638 882 1661 non
905 1626 1056 1670 pontifice
1076 1626 1162 1659 iuxta

416 1682 561 1715 rubricas
597 1681 750 1715 breviarii
784 1687 817 1714 et
851 1680 987 1713 missalis
1023 1679 1159 1713 romani.

417 1738 517 1771 Porro
545 1736 771 1770 recitationem
790 1735 885 1768 officii
913 1745 948 1767 ac
969 1734 1086 1767 missae
1112 1744 1162 1766 ce-

415 1790 633 1824 lebrationem
659 1789 843 1822 huiusmodi
864 1788 933 1821 fieri
953 1787 1162 1820 concedimus

416 1846 448 1878 in
468 1844 545 1878 locis
566 1844 730 1877 dumtaxat
753 1842 981 1886 infrascriptis,
1013 1840 1163 1874 videlieet

416 1897 448 1930 in
475 1908 558 1942 pago
581 1897 618 1930 de
638 1896 744 1936 podio,
768 1897 863 1939 vulgo
890 1896 963 1939 roy,
990 1895 1161 1938 Aquensis,

416 1951 604 1994 provinciae
641 1949 835 1989 Auxitanae,
868 1949 922 1982 ubi
961 1949 1066 1981 dictus
1105 1948 1160 1981 Dei

418 2015 527 2037 servus
564 2010 655 2036 natus
695 2009 755 2043 est,
785 2004 816 2035 in
851 2008 955 2035 castro
990 2002 1028 2035 de
1054 2002 1162 2045 Clicliy

418 2059 616 2097 parisiensis,
637 2059 716 2091 etin
735 2058 856 2101 oppido
876 2058 913 2090 de
931 2057 1091 2091 Citatillon
1118 2056 1163 2089 iu-

418 2119 469 2145 xta
494 2112 711 2156 sniucipatnm
744 2112 937 2145 bombat-um
968 2111 1162 2154 Lugdunen-

418 2167 462 2199 sis
501 2166 679 2209 respectire
722 2166 933 2206 dioecesum,
972 2166 1004 2198 in
1042 2165 1160 2208 quibus

418 2229 525 2253 euram
551 2220 729 2253 animarum
756 2219 866 2260 obit-ii,
899 2231 934 2252 ac
967 2219 998 2251 in
1033 2219 1161 2252 civitate

420 2273 600 2313 Parisiensi,
627 2274 712 2307 unde
746 2274 783 2306 ad
818 2273 925 2307 caelos
953 2273 1103 2315 evolavit,
1131 2278 1159 2305 et

418 2327 472 2359 ubi
505 2327 693 2360 venerabile
721 2327 788 2360 eius
815 2336 934 2370 corpus
973 2326 1161 2370 requiescit,

419 2381 459 2412 ob
481 2381 629 2413 omnibus
655 2381 822 2424 utriusque
844 2392 937 2414 sexus
961 2380 1160 2413 cliristitide-

419 2433 502 2465 libus
521 2439 583 2466 tam
602 2434 822 2467 saecularibus
837 2444 931 2477 quam
949 2434 1161 2477 regularibus,

420 2486 475 2528 qui
501 2487 539 2518 ad
566 2486 667 2519 lloras
693 2487 867 2520 canonicas
889 2492 1049 2528 tenentur,
1069 2499 1103 2520 ac
1130 2488 1161 2519 in

420 2538 570 2571 universa
595 2540 854 2581 congregatione
880 2540 1040 2573 Missionis
1073 2551 1163 2584 prae-

421 2592 495 2632 fata,
515 2597 576 2624 tam
603 2593 708 2635 quoad
734 2594 871 2627 clericos
896 2599 927 2626 et
952 2594 1161 2637 presbyteros

420 2645 563 2681 eiusdem
601 2646 891 2690 Gongregationis,
927 2658 1022 2691 quain
1056 2647 1162 2692 quoad
1193 2661 1197 2665 ·

993 236 1177 262 nULLAmUit

1203 235 1362 261 ROMANUM

1204 285 1406 318 convictores
1443 290 1473 317 et
1509 284 1668 323 alumnos,
1703 282 1756 327 qui
1794 282 1826 315 in
1864 281 1950 315 illius

1203 338 1355 372 domibus
1382 343 1651 378 commorantur,
1675 337 1801 369 demum
1829 335 1859 368 in
1885 335 1950 368 sin-

1205 392 1287 435 gulis
1314 391 1471 432 eeclesiis,
1499 392 1565 424 sire
1594 391 1728 434 capellis
1760 391 1809 423 vel
1847 396 1952 424 orato-

1205 446 1260 478 riis
1304 445 1487 489 praedictae
1527 445 1696 478 Societatis
1739 445 1923 477 Puellarum
1940 471 1948 485 ,

1205 510 1300 542 quam
1329 499 1397 542 ipse
1424 509 1534 531 servus
1558 499 1613 531 Dei
1640 499 1699 531 sub
1718 498 1851 532 nomine
1872 497 1952 531 Cha-

1205 552 1308 585 ritatis
1334 552 1486 592 instituit,
1511 563 1570 596 pro
1596 552 1820 586 sacerdotibus
1847 552 1952 585 eccle-

1205 605 1324 638 rIarum
1347 606 1414 639 sire
1439 606 1638 649 capellarum
1665 606 1712 639 vel
1732 605 1950 639 oratoriorum

1205 660 1387 693 istiusmodi
1406 659 1536 692 servitio
1554 659 1710 700 addictis,
1731 664 1773 700 et,
1792 664 1950 703 quantum

1205 713 1244 745 ad
1282 713 1397 745 missas
1435 713 1561 753 attinet,
1589 712 1685 746 etiam
1723 713 1762 745 ab
1798 713 1950 746 omnibus

1206 766 1405 810 presbyteris
1439 766 1477 798 ad
1508 766 1671 807 ccclesias,
1699 766 1730 799 in
1757 766 1876 810 quibus
1910 767 1950 799 se-

1205 824 1288 851 stum
1326 825 1525 863 peragetur,
1565 819 1816 853 continentibus.
1854 819 1951 852 Prae-

1207 878 1294 905 terea
1312 873 1417 916 primo
1435 874 1599 906 dumtaxat
1616 884 1700 906 anno
1726 884 1743 906 a
1760 872 1841 906 datis
1861 872 1950 906 bisce

1206 925 1338 966 litteris,
1359 931 1390 959 et
1414 927 1518 970 quoad
1537 926 1643 960 indias
1669 938 1686 960 a
1712 926 1763 960 die
1789 937 1852 970 quo
1879 937 1952 960 eae-

1207 979 1277 1012 dem
1305 980 1430 1013 litterae
1456 981 1532 1014 illuc
1557 981 1770 1024 pervenerint
1794 980 1952 1014 inchoan-

1206 1033 1265 1073 do,
1294 1034 1325 1066 in
1363 1035 1512 1067 eeclesiis
1550 1034 1645 1078 pagi,
1672 1035 1786 1076 castri,
1815 1035 1949 1078 oppidi,

1206 1086 1353 1127 civitatis,
1373 1088 1641 1131 Congregationis
1662 1099 1698 1121 ac
1714 1088 1882 1122 Societatis
1898 1089 1953 1121 bu-

1206 1141 1345 1175 iusmodi
1379 1143 1539 1175 solemnia
1571 1142 1822 1176 beatificationis
1850 1143 1952 1186 ipsius

1205 1195 1288 1228 servi
1314 1196 1368 1228 Dei
1391 1206 1461 1228 cum
1493 1196 1599 1229 ossicio
1626 1201 1658 1229 ct
1682 1196 1780 1229 missa
1804 1196 1863 1229 sub
1888 1196 1952 1228 ritu

1207 1249 1327 1292 duplici
1354 1249 1481 1290 maiori,
1506 1250 1557 1283 die
1582 1248 1621 1283 ab
1642 1249 1823 1283 Ordinariis
1848 1259 1954 1293 respe-

1206 1300 1288 1333 ctive
1314 1301 1499 1342 constituta,
1518 1306 1689 1345 postquam
1716 1306 1825 1334 tamen
1850 1300 1882 1334 in
1900 1301 1954 1335 ba-

1207 1354 1296 1387 silica
1330 1355 1488 1398 Principis
1520 1355 1752 1398 Apostolorum
1790 1355 1829 1388 de
1865 1354 1951 1388 Urbe

1207 1408 1369 1441 celebrata
1396 1409 1515 1441 suerint
1540 1408 1652 1442 eadem
1679 1408 1840 1442 solemnia
1872 1408 1953 1452 (pro

1207 1472 1268 1505 qua
1287 1473 1320 1496 re
1342 1462 1426 1495 diem
1453 1473 1502 1496 xm
1530 1463 1691 1495 currentis
1709 1462 1831 1495 mensis
1850 1472 1952 1505 augu-

1208 1515 1245 1547 sti
1271 1516 1507 1559 assignamus),
1522 1515 1645 1559 pariter
1664 1515 1852 1549 celebrandi
1879 1514 1952 1548 saei<

1208 1579 1277 1601 mus
1304 1574 1509 1611 potestatem.

1252 1622 1265 1665 ξ
1291 1621 1322 1654 lt.
1342 1621 1411 1654 Non
1438 1622 1642 1655 obstantibus
1664 1621 1952 1656 constitutionibus

1208 1680 1239 1708 et
1264 1675 1526 1709 ordinationibus
1545 1676 1740 1720 apostoliciS‚
1759 1686 1794 1710 ac
1812 1676 1951 1710 decretis

1209 1729 1247 1762 de
1273 1741 1337 1764 non
1363 1731 1451 1764 cultu
1479 1730 1590 1771 editis,
1617 1730 1800 1774 ceterisque
1826 1735 1953 1764 contra-

1209 1783 1265 1816 riis
1292 1784 1562 1828 spiibuscumque.

1252 1839 1265 1881 g
1291 1838 1322 1871 5.
1350 1838 1503 1872 Volumus
1522 1844 1646 1879 autem,
1672 1843 1706 1872 ut
1726 1838 1952 1883 praesentium

1183 1892 1390 1924 ilitterarmn
1429 1892 1662 1936 transumptis,
1694 1903 1751 1926 seu
1781 1892 1950 1936 exemplis,

1207 1945 1300 1978 etiam
1326 1946 1503 1989 impressIs,
1530 1956 1626 1979 manu
1652 1946 1816 1979 secretarii
1841 1956 1954 1989 supra-

1207 1999 1310 2033 dictae
1336 1999 1607 2043 Congregationis
1633 2000 1846 2033 cardinalium
1878 2000 1955 2033 sul)-

1207 2054 1348 2097 scripds,
1365 2059 1395 2087 et
1412 2054 1518 2097 sigillo
1543 2054 1696 2097 praefecti
1723 2064 1777 2087 seu
1802 2064 1956 2097 proprae-

1182 2097 1281 2140 *secti
1318 2108 1465 2141 eiusdem
1499 2107 1767 2151 congregationis
1800 2106 1950 2146 munitis,

1206 2161 1320 2194 cadem
1347 2172 1480 2205 prorsus
1505 2160 1584 2194 sides
1603 2162 1641 2194 ab
1666 2160 1818 2194 omnibus
1837 2166 1868 2193 et
1887 2158 1954 2192 ubi-

1206 2226 1279 2259 que,
1307 2220 1368 2248 tam
1401 2216 1433 2247 in
1467 2215 1588 2248 iudicio
1623 2225 1718 2259 qttam
1752 2219 1842 2248 extra
1870 2213 1952 2247 illud

1207 2269 1377 2309 habeatur,
1403 2279 1486 2313 quae
1519 2268 1598 2312 ipsis
1624 2267 1860 2312 praesentibus
1895 2268 1952 2300 ba-

1207 2324 1352 2364 beretur,
1367 2323 1393 2355 si
1413 2324 1520 2356 forent
1537 2322 1702 2356 exhibitae
1720 2323 1771 2355 vel
1790 2327 1952 2355 ostensae.

1251 2378 1365 2410 Datum
1392 2377 1526 2419 Romae,
1554 2377 1641 2420 apud
1667 2376 1698 2409 S.
1727 2376 1870 2417 Petrum,
1891 2374 1951 2408 sub

1207 2432 1328 2464 annulo
1379 2430 1571 2471 piscatoris,
1619 2430 1671 2464 die
1721 2439 1779 2464 xm
1826 2428 1954 2472 augusti

1207 2494 1377 2526 nnccxxix,
1403 2483 1608 2527 pontificatus
1634 2483 1739 2517 nostri
1763 2493 1848 2517 anno
1873 2492 1917 2516 V1.

1242 2547 1301 2575 Dat.
1323 2548 1367 2574 die
1390 2546 1421 2573 13
1441 2547 1549 2582 augusti
1574 2546 1651 2581 1729,
1669 2545 1767 2582 pontif.
1786 2553 1860 2573 anno
1881 2551 1919 2571 vi,

1958 232 2012 260 An.
2028 231 2056 261 C.
2072 233 2137 263 ¹729

1991 1624 2107 1649 Clausulas.

1964 1837 2026 1858 Fntez
2047 1830 2139 1858 imitantis

1964 1865 2104 1891 transumptis.
