2170 3147
204 241 252 267 An.
274 239 300 263 c.
327 238 392 264 1725.
439 229 503 262 104

403 286 627 326 minentibus,
654 286 756 329 quas⁴
783 297 847 319 non
874 297 988 329 parum
1014 284 1144 328 praeiu-

400 340 532 372 diciales
564 350 634 372 esse
668 344 735 371 tum
769 340 847 382 ipsis
881 339 1044 381 religiosis
1077 344 1141 370 tum

399 395 604 426 incremento
631 397 663 425 et
687 393 825 435 piissimi
852 392 992 425 instituti
1025 402 1144 435 propa-

400 446 525 489 gationi
553 445 757 489 experientia
777 446 853 478 satis
869 445 990 485 docuit,
1011 445 1142 477 tandem

400 504 603 539 occurratur,
613 499 872 542 praemissorum
887 498 1005 530 intuitu
1019 498 1142 531 eisdem

399 552 564 596 religiosis
587 552 728 584 iudicem
746 550 1032 584 conservatorem⁵z
1046 549 1144 594 impo-

401 612 521 639 sterum
540 616 600 649 pro
620 605 725 638 causis
747 604 996 638 occurrentibus
1013 609 1076 635 tam
1095 614 1144 636 ac-

402 660 473 692 tivis
493 670 588 702 quam
608 658 759 701 passivis,
775 668 840 691 non
858 658 961 690 solum
980 657 1143 689 interesse

401 712 639 756 redemptionis
665 711 857 744 eorumdem
883 710 1086 753 captivorum
1112 709 1143 741 in

400 766 494 799 dictis
514 766 673 810 partibus,
691 776 786 808 quam
807 764 892 797 aliud
911 764 1143 807 quodcumque

400 820 590 854 corumdem
616 824 836 852 conventuum
858 817 1144 857 concernentibus,

400 884 507 907 coram
534 884 599 916 quo
632 873 757 915 absque
784 877 874 904 tanto
900 871 1052 913 strepitu,
1080 871 1143 903 dis-

401 928 522 971 pendio
549 932 581 959 et
612 926 750 959 circuitu
776 924 881 958 decidi
912 924 1059 966 possint,
1092 934 1144 956 no-

401 980 547 1013 minandi
584 980 769 1012 facultatem
810 988 828 1010 a
868 977 965 1009 nobis
1005 976 1142 1009 concedi

401 1033 577 1077 plurimum
616 1030 831 1071 desiderent,
867 1029 1143 1073 quemadmodum

401 1087 483 1120 aliae
509 1086 606 1119 etiam
626 1085 805 1127 religiones
830 1094 867 1117 ex
890 1084 987 1116 huius
1006 1083 1144 1116 Sanctae

401 1139 492 1172 Sedis
516 1137 738 1181 benignitate,
768 1142 797 1169 et
824 1137 996 1178 signanter
1029 1136 1143 1168 fratres

401 1191 531 1226 Ordinis
556 1193 591 1224 B.
619 1191 736 1223 Mariae
763 1191 802 1223 de
826 1189 975 1222 Mercede
997 1188 1143 1222 eiusdem

401 1244 638 1288 redemptionis
671 1243 874 1287 captivorum
913 1253 972 1286 pro
1008 1243 1144 1275 diversis

402 1299 578 1344 provinciis
604 1297 783 1340 indulgeri,
803 1302 835 1331 et
852 1297 971 1330 deinde
992 1296 1024 1329 in
1044 1297 1145 1329 forma

403 1352 567 1386 communi
593 1352 631 1384 ad
665 1350 809 1394 reliquas
846 1359 960 1383 omnes
998 1349 1144 1382 eiusdem

402 1405 545 1439 instituti
582 1416 599 1438 a
635 1405 832 1437 recolendae
868 1403 1046 1436 memoriae
1072 1403 1145 1435 Ale-

404 1460 527 1492 xandro
564 1458 622 1491 Pr.
662 1458 711 1490 vn
747 1457 1004 1501 praedecessore
1029 1460 1145 1488 nostro

403 1514 441 1546 ad
462 1518 609 1546 tenorem
630 1511 899 1544 constitutionum
916 1509 1020 1543 felicis
1040 1519 1147 1542 recor-

405 1566 543 1600 dationis
569 1565 743 1599 Clementis
770 1564 833 1597 vill
859 1569 891 1597 et
919 1563 1066 1606 Gregorii
1096 1562 1146 1595 XV

404 1622 626 1654 Romanorum
651 1619 844 1652 Pontificum
868 1617 991 1661 pariter
1011 1617 1147 1661 praede-

405 1684 573 1708 cessorum
599 1678 786 1705 nostrorum
812 1670 977 1713 indulgeri
1003 1681 1039 1703 ac
1055 1670 1066 1686 ⁸
1099 1670 1147 1702 in-

406 1729 531 1760 dultum
571 1725 760 1759 huiusmodi
798 1724 928 1758 extendi
965 1723 1147 1767 respective

406 1781 638 1814 obtinuerunt:
666 1779 761 1812 nobis
778 1784 954 1822 propterea
972 1777 1076 1810 dictus
1094 1778 1148 1809 At—

406 1834 526 1866 tilanus
555 1838 749 1876 procurator
781 1831 946 1874 generalis
980 1830 1147 1862 humiliter

406 1886 583 1930 supplicari
606 1886 681 1919 fecit
700 1891 735 1918 ut
759 1885 791 1918 in
816 1885 1006 1929 praemissis
1027 1894 1146 1929 oppor-

407 1946 484 1973 tune
516 1939 707 1983 providere,
729 1944 761 1972 et
793 1944 828 1971 ut
859 1939 943 1971 infra
975 1939 1146 1981 indulgere

406 1994 445 2027 de
477 1992 679 2035 benignitate
712 1992 889 2036 apostolica
923 1991 1144 2034 dignaremur.

449 2048 464 2090 g
481 2046 510 2079 3.
524 2046 587 2080 Nos
606 2046 721 2088 igitur,
738 2045 860 2078 dictum
879 2045 1056 2078 Attilanum
1076 2056 1148 2088 pro-

404 2105 588 2133 curatorem
604 2099 790 2141 generalem
805 2098 950 2142 aliosque
963 2099 1148 2142 praedictos

405 2153 601 2197 specialibus
620 2153 786 2186 favoribus
806 2158 837 2186 et
855 2153 968 2196 gratiis
993 2154 1146 2196 prosequi

406 2207 565 2246 volentes,
584 2210 616 2238 et
635 2205 766 2238 illorum
789 2205 971 2247 singulares
988 2216 1146 2249 personas

405 2270 421 2292 a
440 2259 607 2303 quibusvis
633 2258 992 2299 excommunicationis,
1014 2269 1148 2302 suspen-

405 2311 506 2345 sionis
532 2317 563 2344 et
587 2311 764 2351 interdicti,
791 2311 931 2354 aliisque
950 2311 1147 2344 ecclesiasti-

405 2365 451 2398 cis
475 2364 672 2404 sententiis,
701 2364 850 2397 censuris
886 2370 917 2398 et
953 2365 1068 2407 poenis
1087 2392 1094 2405 ,
1132 2376 1149 2398 a

405 2418 475 2451 iure
501 2418 550 2450 vel
576 2417 614 2450 ab
641 2418 773 2451 homine
794 2445 801 2458 ,
828 2418 940 2461 quavis
974 2419 1148 2452 occasione

405 2473 456 2505 vel
482 2473 577 2505 causa
601 2470 688 2511 latis,
714 2471 739 2504 si
768 2471 882 2514 quibus
904 2472 1150 2515 quomodolibet

444 2553 454 2578 1
479 2551 550 2578 Edit.
573 2551 657 2578 Main.
679 2551 745 2586 legit
765 2559 835 2585 quos
855 2556 895 2585 (n.
913 2552 961 2586 T.).

441 2596 457 2623 2
478 2595 548 2622 Edit.
569 2596 654 2622 Main.
677 2596 744 2630 legit
763 2599 998 2624 conservatorum
1018 2597 1057 2630 (a.
1072 2596 1122 2632 Τ.).

443 2641 458 2670 3
478 2641 568 2669 Verba
587 2641 737 2676 indulyeri
757 2649 790 2668 ac
810 2640 963 2668 redundant
982 2642 1020 2676 (tt.
1037 2640 1086 2675 T.).

991 235 1171 261 BULLARIUM
1196 235 1352 260 ROMANUM

1188 284 1364 317 innodatae
1385 284 1534 323 existunt,
1554 284 1592 317 ad
1612 283 1763 317 effectum
1780 294 1931 328 praesen-

1189 337 1265 369 tium
1299 338 1465 370 dumtaxat
1499 338 1786 380 consequendum,
1814 338 1930 370 harum

1187 390 1274 423 serie
1299 391 1507 424 absolventes
1534 396 1565 424 et
1582 391 1749 423 absolutas
1768 390 1836 423 fore
1855 401 1931 423 cen-

1187 444 1616 487 sentes,supplicationibus
1639 444 1771 476 illorum
1796 443 1931 476 nomine

1187 497 1281 530 uobis
1306 507 1406 540 super
1432 498 1493 530 hoc
1513 497 1682 530 humiliter
1703 496 1862 539 porrectis
1882 496 1930 529 in·

1187 549 1309 591 clinati,
1330 550 1369 582 dc
1391 549 1631 583 venerabilium
1653 550 1787 581 fratrum
1805 555 1930 582 nostro-

1188 614 1258 636 rum
1282 604 1313 636 S.
1342 604 1377 636 R.
1404 604 1437 636 E.
1473 603 1689 636 cardinalium
1723 602 1865 645 negotiis
1899 608 1931 635 et

1188 657 1482 690 consultationibus
1517 657 1747 700 episcoporum
1780 660 1813 688 et
1838 666 1931 698 regu-

1187 710 1303 743 larium
1329 711 1606 753 praepositorum‚
1631 710 1685 753 qui
1708 709 1858 742 eumdem
1878 710 1932 742 At-

1189 763 1325 796 tilanum
1352 768 1598 806 procuratorem
1624 763 1808 804 generalem
1834 772 1933 805 super

1188 816 1375 859 praemissis
1402 816 1611 855 audiverunt,
1635 815 1797 855 consilio,
1824 825 1860 848 ac
1885 820 1932 848 at-

1189 869 1284 902 tentis
1311 868 1459 909 narratis,
1479 868 1603 901 eisdem
1630 868 1869 911 exponentibus
1897 874 1933 900 ut

1189 923 1408 966 imposterum
1449 922 1574 955 iudices
1610 927 1859 955 conservatores
1899 922 1932 954 in

1188 987 1287 1019 supra
1324 976 1430 1008 citatis
1466 975 1681 1009 conventibns
1720 975 1760 1007 ad
1794 975 1932 1008 formam

1188 1029 1459 1062 constitutionum
1485 1028 1673 1061 eorumdem
1699 1027 1874 1061 Clementis
1900 1033 1933 1060 et

1189 1082 1338 1124 Gregorii
1358 1081 1651 1125 praedecessorum
1663 1107 1670 1121 ,
1689 1085 1721 1113 et
1738 1090 1803 1113 non
1820 1080 1931 1120 aliter,

1189 1135 1355 1168 nominare
1381 1135 1508 1178 possint
1532 1140 1563 1167 et
1580 1134 1721 1173 valeant,
1741 1133 1932 1166 auctoritate

1189 1189 1396 1233 apostolica,
1422 1193 1536 1221 tenore
1562 1188 1794 1231 praesentium,
1826 1187 1933 1221 indul-

1189 1253 1330 1285 gemus:
1364 1243 1453 1274 salva
1485 1247 1592 1274 tamen
1625 1251 1755 1285 semper
1779 1241 1813 1273 in
1838 1252 1933 1285 prae-

1191 1295 1295 1328 missis
1313 1295 1505 1328 auctoritate
1519 1294 1789 1337 Congregationis
1804 1305 1934 1328 eorum-

1190 1350 1264 1382 dem
1291 1349 1522 1382 cardinalium.

1233 1403 1247 1446 ξ,
1272 1403 1303 1435 4.
1331 1402 1400 1435 Non
1427 1402 1633 1435 obstantibus
1663 1401 1872 1445 praemissis,
1897 1412 1933 1436 ac

1190 1455 1479 1489 constitutionibus
1506 1460 1537 1488 et
1562 1455 1827 1488 ordinationibus
1859 1466 1936 1499 apo-

1190 1509 1332 1550 stolicis,
1370 1509 1557 1552 ceterisque
1594 1509 1767 1542 contrariis
1804 1510 1937 1553 quihus-

1191 1573 1344 1606 cumque.

1234 1619 1249 1661 ξ
1274 1618 1304 1650 5.
1332 1617 1489 1650 volumus
1513 1622 1621 1650 autem
1643 1622 1677 1650 ut
1709 1617 1933 1661 praesentium

1191 1671 1374 1705 litterarum
1401 1670 1632 1713 transumptis,
1657 1670 1740 1704 etc'.

1236 1725 1351 1757 Datum
1384 1724 1526 1764 Romae,
1555 1724 1639 1766 apud
1665 1724 1697 1757 S.
1721 1724 1852 1756 Mariam
1873 1723 1937 1756 Ma-

1192 1777 1307 1818 iorem,
1335 1777 1395 1809 sub
1417 1777 1541 1809 annulo
1564 1776 1753 1816 piscatoris,
1778 1777 1830 1809 die
1853 1786 1936 1810 xxvn

1192 1830 1389 1873 septembris
1421 1839 1602 1869 Moccxxiv,
1636 1828 1846 1872 pontificatus
1879 1839 1936 1862 no-

1191 1885 1248 1917 stri
1275 1894 1360 1917 anno
1385 1895 1407 1918 1.

1227 1947 1287 1974 Dat.
1305 1947 1350 1974 die
1366 1947 1399 1973 27
1416 1945 1580 1981 septembris
1600 1945 1685 1978 1724,
1702 1945 1805 1980 pontif.
1823 1953 1897 1972 anno
1917 1952 1936 1972 ι,

1194 2150 1387 2186 Conceditur
1417 2150 1570 2183 ministro
1593 2150 1742 2193 yenerali
1766 2150 1936 2183 Minorum

1237 2203 1510 2238 Conventualium
1534 2203 1675 2246 facultas
1700 2203 1849 2246 eriyendi
1865 2213 1936 2236 con-

1235 2257 1459 2300 fraternitates
1471 2256 1719 2299 Corcliyerorum
1735 2257 1771 2289 in
1783 2256 1826 2289 iis
1839 2257 1936 2290 etiam

1238 2312 1314 2345 Iocis
1338 2312 1372 2343 in
1397 2311 1517 2354 quibus
1541 2310 1689 2344 ecclesiae
1715 2309 1851 2344 Ordinis
1867 2310 1934 2343 Mi-

1236 2375 1356 2398 norum
1380 2375 1445 2398 non
1470 2365 1614 2397 eoeisttmt
1638 2363 1659 2397 ².

1229 2463 1239 2489 1
1265 2461 1376 2497 Reliqua
1397 2465 1426 2488 ut
1445 2469 1527 2497 supra
1547 2469 1608 2496 pag.
1632 2460 1665 2487 72
1685 2460 1700 2487 b
1721 2460 1757 2496 (n.
1779 2460 1827 2493 Τ.).

1229 2508 1239 2533 1
1264 2506 1301 2533 De
1321 2507 1460 2533 erectione
1480 2505 1710 2533 confraternitatis
1725 2504 1936 2540 Cordigerorum

1192 2554 1218 2578 et
1238 2550 1366 2577 facultate
1387 2551 1511 2577 ministro
1530 2549 1652 2585 generali
1673 2557 1732 2576 eam
1752 2549 1779 2576 in
1809 2549 1935 2577 omnibus

1192 2594 1312 2623 ecclesiis
1324 2594 1434 2621 Ordinis
1448 2595 1586 2622 Minorum
1598 2594 1722 2628 erigendi
1735 2614 1741 2626 ,
1757 2594 1817 2622 vide
1833 2593 1899 2621 Sixti
1914 2593 1934 2621 V

1192 2643 1279 2668 const.
1291 2639 1335 2668 ed.
1352 2646 1489 2675 notun,
1506 2639 1549 2667 die
1564 2639 1598 2667 29
1614 2638 1785 2674 decembris,
1800 2638 1895 2675 pontif.
1912 2645 1932 2665 ι.

1936 237 1986 262 An.
2004 237 2032 262 C.
2055 237 2121 265 1724

1970 1416 2091 1437 clausulae.

1995 1629 2057 1649 Fides
2073 1630 2126 1650 tran-

1945 1658 2081 1682 sumptorum.
