2170 3147
247 192 299 219 An.
314 193 343 217 c.
367 191 434 218 1726
480 183 544 217 38⁶2

241 727 349 754 Exposiuo
366 726 424 748 tacu.

729 242 888 274 CXXXVI.

436 311 635 352 Indnlqelur
659 312 828 344 morzaclzis
850 311 986 345 Ordinis
1010 312 1041 345 S,
1064 312 1178 345 Hiero·
1199 327 1201 336 ‹

482 365 575 406 nymi
611 366 803 407 prove'nci'w‘
835 366 1066 406 Porluqulliae
1102 373 1201 400 usus}

481 417 639 455 cru-ultae,
667 428 699 449 eo
727 418 819 450 modo
844 429 904 459 quo
932 418 1081 450 monachi
1098 419 1180 450 eius-

480 469 551 502 dem
578 469 713 503 Ordines
741 472 1010 514 Conyreyationis
1028 471 1181 504 Lombar-

480 522 554 555 diae
576 523 734 566 yeslam‘.

616 604 802 632 Benedictus
823 606 904 639 Papa
920 606 1001 637 XIII,

578 648 615 675 ad
636 650 770 676 futuram
790 652 836 677 rei
852 651 1035 677 memoriam.

479 719 494 762 ἓ
519 719 550 752 t.
578 719 702 763 Exponi
725 721 820 754 nobis
839 732 945 764 nuper
963 722 1108 754 fecerunt
1131 722 1179 755 cti-

436 772 510 805 lecti
537 773 627 815 prior
645 775 817 816 generalis,
838 774 1072 815 delinitorium,
1092 775 1179 818 prio-

437 835 510 864 res,
550 826 671 869 aliique
712 827 865 859 monachi
909 827 1177 869 Conui-egatiouis

434 878 465 911 S.
497 878 685 922 Hieronymi
726 879 758 912 in
794 890 896 922 regno
937 880 1174 923 Portugalliae‚

435 932 522 975 quod
545 934 632 974 (curn
659 932 740 966 nos²
757 932 1071 972 connrnmverimus,
1097 934 1178 966 eius·

436 997 499 1030 que
526 988 718 1020 monachale
752 988 934 1021 institutum
967 988 1178 1021 declaraveri-

434 1049 527 1078 mus,
565 1040 709 1083 illudque
746 1040 788 1072 sit
825 1041 910 1073 idem
947 1042 1031 1084 quod
1074 1041 1176 1073 dictus

434 1091 464 1124 S.
482 1092 699 1136 Hieronymus
719 1094 861 1126 institnit
878 1100 909 1126 et
927 1097 989 1126 una
1015 1105 1086 1126 cum
1113 1094 1177 1126 suis

435 1144 604 1188 discipulis
629 1146 661 1177 in
688 1146 883 1179 Bethlehem
909 1147 1075 1189 professus
1102 1146 1176 1185 fuit,

433 1208 571 1240 quorum
609 1199 668 1242 ipsi
708 1199 843 1241 legitimi
882 1210 1085 1232 successores
1119 1210 1178 1242 per

433 1251 655 1284 continuatam
675 1253 916 1284 successionem
938 1253 1087 1291 existunt,
1105 1263 1177 1295 pro-

433 1308 468 1335 ut
486 1309 560 1335 sunt
582 1304 734 1337 monachi
759 1304 902 1337 eiusdem
928 1305 959 1338 S.
987 1305 1174 1348 Hieronymi

433 1356 704 1398 Congregationis
728 1357 836 1391 ltaliae
858 1370 875 1391 a
898 1359 1061 1402 quondam
1088 1359 1175 1402 Lopo

433 1409 473 1442 de
498 1410 646 1450 Olmedo,
672 1412 745 1444 dum
772 1412 860 1452 vixit,
882 1413 1042 1445 monacho
1068 1417 1099 1445 et
1124 1423 1175 1444 su-

432 1463 564 1506 periore
596 1466 741 1506 generali
768 1465 1038 1507 Congrcgationis
1064 1465 1176 1508 IIispa-

433 1517 507 1550 niae
529 1517 684 1561 instituti)
703 1518 764 1561 ipsi
785 1524 999 1561 exponentes,
1020 1529 1092 1551 cum
1109 1519 1174 1551 veri

432 1570 496 1603 sint
517 1571 668 1604 monachi
695 1577 727 1604 et
746 1583 763 1604 a
783 1572 950 1605 nonnullis
975 1583 1033 1615 pro
1059 1572 1175 1605 talibus

432 1625 473 1657 ob
512 1625 658 1657 cucullae
700 1625 861 1657 desectum
898 1626 1031 1657 minime
1068 1625 1175 1658 existi-

431 1682 571 1716 mentur,
590 1676 648 1710 ac³
678 1678 805 1709 cuculla
831 1677 1009 1720 scapularis
1035 1678 1172 1717 coloris,

432 1731 705 1773 quemadmodum
731 1731 883 1763 monachi
905 1730 1006 1763 dictae
1031 1730 1174 1773 Congre-

432 1783 570 1824 gationis
596 1783 704 1815 ltaliae
730 1788 881 1822 utuntur,
907 1788 937 1816 et
962 1793 1034 1816 cum
1060 1784 1172 1816 cadem

431 1836 568 1875 cuculla,
586 1846 666 1878 quae
687 1846 799 1868 eorum
821 1835 951 1868 habitus
974 1836 1092 1869 coloris
1114 1836 1174 1868 exi-

431 1888 494 1928 stit,
513 1888 645 1920 verbum
666 1889 719 1921 Dei
742 1888 945 1931 praedicare,
964 1894 995 1921 et
1020 1899 1092 1922 cun]
1118 1888 1173 1922 illa

430 1941 463 1973 in
482 1941 778 1984 supplicationibus
793 1947 855 1974 tam
870 1942 955 1974 intra
973 1952 1069 1984 quam
1084 1948 1173 1974 extra

430 1995 638 2035 monasteria,
658 2000 689 2027 et
706 1995 834 2038 quoties
860 1995 905 2028 eis
931 1995 963 2027 in
988 2000 1058 2027 actu
1085 2006 1173 2028 com-

430 2047 597 2080 munitatis
630 2058 701 2080 eum
737 2058 832 2081 cruce
868 2053 899 2081 et
924 2048 1131 2081 candelabris
1155 2058 1171 2080 e

430 2100 629 2133 monasterio
645 2100 756 2143 egredi
774 2110 906 2134 necesse
918 2101 989 2140 erit,
1004 2100 1171 2140 incedere,

431 2153 556 2196 illique,
575 2155 630 2196 qui
651 2164 780 2187 crucem
799 2158 831 2187 et
848 2154 1042 2186 candelabra
1065 2153 1172 2185 buius-

430 2206 517 2239 modi
540 2206 725 2249 gestabunt,
745 2207 871 2240 cuculla
895 2217 953 2250 pro
979 2207 1172 2250 superpelli-

468 2279 477 2303 l
502 2277 556 2303 Ati-:1
578 2277 658 2304 huius
680 2278 819 2304 Pontificis
841 2281 927 2304 const.
950 2277 995 2304 ed.
1024 2283 1170 2311 unccxxvt,

430 2321 473 2347 die
492 2321 526 2347 24
547 2321 623 2355 iunii,
646 2322 742 2356 pontif.
764 2328 801 2354 ιιι,
824 2321 1019 2352 confirmantur
1038 2320 1170 2356 quaedam

430 2366 540 2392 decreta
560 2367 671 2401 capituli
691 2366 826 2401 generalis
855 2366 976 2393 eiusdem
1003 2366 1169 2401 provinciae,

430 2413 456 2436 et
475 2410 620 2437 Clementis
640 2411 684 2437 ΧΙΙ
707 2415 792 2437 const.
813 2411 879 2438 edit.
908 2417 1040 2443 tttnccxxx,
1068 2410 1111 2437 die
1137 2411 1168 2436 ‘11

430 2454 559 2487 octobris,
582 2455 677 2488 pontif.
700 2462 718 2486 1,
739 2456 933 2482 confirmantur
962 2454 1171 2482 constitutiones

430 2499 652 2533 Congregationis
673 2499 816 2534 llispaniae
837 2500 959 2527 eiusdem
974 2499 1092 2527 Ordinis.

465 2543 481 2570 2
501 2543 600 2570 Forsan
622 2544 698 2571 deest
718 2552 781 2571 eam
801 2545 840 2579 (a.
862 2547 912 2578 T.).

465 2588 481 2616 3
500 2588 594 2616 Potius
615 2589 674 2624 lege
696 2592 726 2617 uc
746 2598 793 2625 pro
814 2598 846 2617 ac
867 2590 904 2626 [a.
926 2592 975 2624 T.).

1025 194 1144 217 BULLAR
1151 195 1204 217 tuat
1229 195 1246 217 n
1253 194 1383 218 OMANUM

1223 253 1280 275 ceo
1307 243 1349 274 uti
1377 242 1511 285 possint=
1533 243 1714 276 facultatem
1740 254 1755 275 a
1781 243 1873 276 nobis
1892 253 1963 276 con-

1223 295 1291 327 cedi
1312 296 1484 338 plurimum
1507 296 1715 335 desiderent;
1743 296 1821 328 itaut
1846 296 1961 329 iisdem

1223 349 1462 390 exponentibus
1489 349 1583 381 etiam
1613 350 1803 391 permissum
1831 350 1890 388 sit,
1917 359 1964 382 eo-

1224 412 1357 444 rumque
1378 402 1618 434 succvssoribus
1637 403 1688 444 qui
1708 403 1868 434 eiusmodi
1887 403 1964 435 Con·

1223 454 1448 496 gregationetn
1483 454 1729 493 ingredientur,
1757 465 1855 497 super
1880 455 1964 487 dicta

1225 508 1352 539 cuculla
1370 507 1507 549 pluviale
1527 508 1557 538 in
1577 508 1678 539 choro
1704 512 1736 539 et
1760 513 1848 539 extra
1874 507 1963 540 illum

1223 559 1254 591 in
1277 561 1376 592 altare
1395 559 1528 591 alicuius
1551 559 1729 592 festivitatis
1747 560 1961 592 solemnitatis

1223 614 1396 646 occasione
1424 613 1618 656 imponere,
1647 620 1677 645 et
1701 623 1771 646 cum
1805 613 1963 646 eiusmodi

1223 668 1347 699 cucutia
1381 672 1412 699 et
1445 667 1528 698 stola
1565 666 1688 708 absque
1724 666 1963 710 superpelliceo

1223 725 1427 752 sacramenta
1463 725 1495 752 et
1533 719 1801 752 cliuistitidelibus
1838 729 1962 752 sacram

1222 773 1487 805 communionem
1506 772 1730 805 administrare
1748 774 1887 805 valeant.
1904 771 1964 805 No-

1222 825 1271 856 bis
1292 831 1467 867 propterea
1493 825 1661 857 humiliter
1685 825 1859 868 supplicari
1886 825 1964 858 [ece-

1223 884 1298 910 runt
1335 884 1368 910 ut
1405 878 1465 910 sibi
1501 878 1531 910 in
1566 878 1752 921 praemissis
1781 883 1963 921 opportune

1222 931 1394 974 providere
1413 936 1443 963 et
1465 936 1498 963 ut
1518 930 1601 963 inst-a
1627 929 1818 973 indulgere¹
1843 931 1882 964 de
1907 931 1963 964 be-

1221 986 1379 1028 nignitate
1406 985 1584 1028 apostolica
1611 985 1831 1028 dignaremur.

1264 1039 1278 1082 ἓ
1303 1037 1334 1071 9.
1354 1038 1417 1071 Nos
1438 1038 1544 1080 igitur,
1560 1037 1648 1082 ipsos
1674 1044 1874 1082 exponentes
1892 1048 1962 1082 spe-

1221 1091 1356 1124 cialibus
1388 1092 1554 1125 savoribus
1591 1098 1622 1125 et
1658 1092 1769 1134 gratiis
1806 1091 1961 1135 prosequi

1222 1146 1377 1183 volentes,
1400 1151 1431 1178 et
1456 1156 1567 1178 eorum
1593 1145 1776 1187 singulares
1803 1156 1960 1189 personas

1221 1209 1238 1231 a
1256 1199 1423 1241 quibusvis
1451 1199 1808 1239 excommunicationis,
1829 1209 1961 1242 suspen-

1221 1251 1320 1284 sionis
1353 1258 1385 1284 et
1421 1252 1610 1292 interdicti,
1638 1253 1775 1296 aliisque
1807 1252 1959 1286 ecclesia-

1220 1305 1307 1337 sticis
1333 1306 1519 1345 sententiis,
1545 1306 1689 1338 censuris
1722 1312 1753 1338 et
1778 1306 1915 1349 poenis,
1942 1315 1960 1338 a

1220 1359 1290 1391 iure
1314 1360 1364 1391 vel
1391 1359 1428 1391 ab
1455 1359 1609 1398 bomine,
1643 1359 1754 1402 quavis
1787 1358 1958 1392 occasione

1219 1414 1268 1445 vel
1296 1414 1391 1445 causa
1415 1412 1499 1451 latis,
1521 1412 1546 1444 si
1568 1412 1686 1455 quibus
1711 1412 1959 1455 quomodolibet

1220 1466 1395 1498 innodatae
1421 1465 1582 1505 existunt,
1609 1465 1647 1498 ad
1685 1465 1831 1498 ell'ectum
1865 1475 1959 1508 prae-

1219 1520 1358 1552 sentium
1395 1519 1558 1550 dumtaxat
1583 1518 1850 1561 consequendum
1868 1546 1875 1558 ,
1903 1518 1961 1551 ha-

1220 1583 1288 1604 rum
1316 1572 1399 1604 serie
1426 1571 1629 1604 absolventes
1656 1577 1687 1604 et
1711 1571 1874 1604 absolutas
1891 1571 1960 1604 sore

1219 1630 1409 1664 censentes,
1442 1624 1626 1657 huiusmodi
1665 1624 1960 1668 supplicationibus

1219 1678 1384 1718 inclinati,
1412 1678 1450 1711 dc
1478 1678 1713 1711 venerabilium
1744 1679 1875 1711 Fratrum
1901 1688 1954 1711 no-

1218 1738 1359 1765 strorum
1388 1731 1419 1764 S.
1452 1731 1488 1763 R.
1517 1732 1551 1764 E.
1575 1731 1785 1763 cardinalium
1818 1730 1959 1774 negotiis

1218 1791 1250 1818 et
1273 1785 1571 1817 consultationibus
1597 1784 1827 1827 episcoporum
1854 1789 1886 1817 et
1909 1794 1960 1817 re-

1217 1837 1378 1880 gularium
1393 1837 1666 1880 praepositorum,
1690 1837 1743 1880 qui
1766 1836 1960 1869 relationem

1216 1890 1414 1923 venerabilis
1440 1890 1546 1923 sratris
1576 1890 1677 1924 nostri
1703 1890 1787 1923 Petri
1814 1889 1958 1932 episcopi

1216 1943 1405 1976 sabinensis
1431 1944 1576 1976 eiusdem
1603 1943 1632 1976 S.
1655 1943 1691 1975 R.
1723 1942 1757 1975 E.
1785 1941 1958 1975 cardinalis

1216 1996 1366 2029 Ottoboni
1401 1996 1602 2040 nuncupati,
1634 1995 1794 2040 praedicti
1826 1995 1956 2028 Ordinis

1216 2051 1301 2094 apud
1327 2061 1386 2083 nos
1412 2055 1442 2083 et
1467 2050 1584 2083 Sedem
1604 2049 1825 2092 Apostolicam
1850 2052 1958 2092 prote-

1216 2104 1323 2144 ctoris,
1343 2114 1444 2147 super
1462 2102 1645 2146 praemissis
1663 2102 1783 2135 eisdem
1810 2101 1958 2135 cardina·

1215 2157 1301 2190 libus
1328 2157 1443 2190 factam
1468 2156 1636 2195 viderunt,
1662 2155 1809 2195 consilio,
1836 2161 1870 2187 ut
1894 2154 1956 2198 ipsi

1215 2215 1416 2253 exponentes
1449 2214 1480 2242 et
1514 2209 1608 2241 futuri
1635 2208 1780 2241 eiusdem
1816 2207 1958 2251 Congre-

1216 2263 1357 2307 gationis
1382 2263 1534 2296 monachi
1561 2262 1747 2305 praedictae
1768 2261 1956 2305 provinciae

1214 2316 1433 2359 Portugalliae
1443 2316 1633 2348 indumento
1648 2316 1794 2348 cucullae
1807 2314 1886 2347 susci
1899 2321 1957 2347 seu

1226 2370 1304 2403 fulvi
1331 2369 1466 2410 coloris,
1495 2379 1556 2412 per
1580 2368 1829 2402 constitutiones
1854 2367 1955 2411 ipsius

1214 2423 1343 2456 Ordinis
1361 2433 1377 2456 a
1394 2422 1476 2455 Sede
1501 2420 1668 2465 praedicta
1692 2421 1816 2464 pluries
1842 2419 1955 2453 confir-

1214 2481 1318 2508 matas
1348 2474 1572 2518 praescripto,
1598 2484 1636 2507 eo
1662 2473 1807 2516 praeciso
1831 2472 1952 2512 modo,

1215 2539 1278 2572 quo
1295 2527 1448 2560 monachi
1466 2531 1663 2559 memoratae
1687 2523 1954 2568 Congregationis

1253 2591 1260 2616 l
1285 2589 1356 2617 Edit.
1378 2589 1460 2617 Main.
1483 2588 1549 2624 legit
1567 2588 1719 2623 indzclyeri
1740 2587 1775 2622 (a.
1798 2586 1848 2621 τι).

1971 197 2019 220 An.
2035 197 2064 222 C.
2090 197 2154 225 1725

2051 1049 2087 1071 Ind
2091 1049 2157 1073 ultum

1972 1077 2112 1104 praedictum.
