2170 3147
5 249 54 279 An.
74 249 104 290 c,
123 249 191 277 1729

58 941 171 971 Deroaatio

0 970 149 989 contrariorum.

19 2416 115 2437 Refertur
130 2418 166 2437 ‹la-

0 2446 63 2463 tetum
82 2444 166 2469 praedi-

0 2470 49 2496 tum.

189 297 254 331 rios
271 302 303 331 et
320 297 497 342 delegatos,
517 299 612 332 etiam
630 309 796 333 causarum
814 300 923 344 palatii

188 350 358 392 apostolici
384 351 563 392 auditores,
585 362 620 385 ac
644 352 675 386 S.
690 353 773 386 ΚΕ.
795 353 925 396 praedi-

187 408 256 436 ctae
275 403 477 444 cardinale&
499 405 594 437 etiam
613 406 652 438 de
671 407 771 439 latere
789 407 923 448 legatos,

185 464 222 487 ae
257 454 348 488 Sedis
385 457 586 499 Apostolieae
623 458 770 498 nuncios,
807 459 926 491 aliosve

186 507 349 550 quoslibet
381 519 582 553 quacumque
613 511 871 553 praeeminentia
896 517 926 543 et

185 564 344 602 potestate
362 561 537 604 fungentes
555 568 586 596 et
604 564 779 603 iuncturos,
799 564 925 596 sublata

185 612 231 645 eis
256 618 287 645 et
312 624 424 647 eorum
450 615 583 649 cuilibet
614 618 725 659 quavis
755 617 849 649 aliter
881 616 925 648 iu-

184 665 313 699 dicandi
339 672 372 699 et
395 667 633 711 interpretandi
656 669 805 702 facultate
825 675 855 702 et
872 679 925 701 au-

184 718 344 759 ctoritate,
373 720 506 753 iudicari
534 727 564 754 et
590 721 716 755 definiri
736 723 869 761 debere,
889 733 923 755 ac

182 770 309 804 irritum
334 777 366 805 et
390 773 485 806 inane
515 774 541 806 si
574 784 668 807 secus
703 785 801 818 super
827 774 876 807 his
909 785 925 807 a

183 834 357 868 quoquam,
394 827 505 870 quavis
542 828 747 868 auctoritate,
782 828 925 861 scienter

182 878 231 910 vel
257 877 455 920 ignoranter,
482 881 657 923 contigerit
679 881 845 914 attentari.

226 929 289 972 §la
316 931 384 964 Non
407 933 614 966 obstantibus
636 934 923 967 constitutionibus

182 988 214 1015 et
248 984 508 1018 ordinationibus
549 987 757 1029 apostolicis,
795 997 923 1020 necnon

182 1036 335 1069 omnibus
355 1042 387 1070 et
413 1038 549 1080 singulis
574 1050 657 1082 quae
683 1039 715 1072 in
741 1040 923 1082 praeinser-

181 1088 220 1121 tis
246 1088 323 1122 Sixti
349 1090 371 1122 V
407 1091 670 1134 praedecessoris
704 1092 819 1125 litteris
848 1103 918 1125 con·

180 1151 270 1175 cessa
287 1148 361 1175 sunt
379 1154 442 1176 non
462 1144 588 1177 obstare
602 1171 610 1186 ,
636 1145 820 1189 ceterisque
845 1156 922 1179 con-

181 1194 290 1227 trariis
317 1196 589 1240 quibuscumque.

224 1247 238 1290 ἓ
257 1247 288 1280 5.
313 1248 469 1282 Volumus
488 1260 629 1293 quoque,
646 1256 679 1283 ut
699 1252 918 1294 praesentium

179 1300 363 1334 litterarum
379 1303 603 1346 transumptis,
625 1305 722 1336 etiam
741 1305 919 1348 impressis,

179 1363 277 1386 manu
303 1355 438 1387 alicuius
457 1356 572 1388 notarii
592 1357 713 1399 publici
732 1357 917 1401 subcriptis,

180 1411 211 1438 ct
228 1406 334 1449 sigillo
353 1408 477 1441 abbatis
502 1410 664 1451 generalis
690 1411 861 1443 alteriusve
879 1421 915 1443 ex

179 1459 403 1503 superioribus
422 1461 550 1494 Ordinis
568 1463 755 1496 huiusmodi
774 1463 915 1505 munitis,

180 1513 292 1548 eadem
325 1525 456 1558 prorsus
486 1515 565 1549 fides
592 1517 625 1549 in
657 1517 777 1550 iudicio
808 1524 838 1551 et
864 1528 917 1550 cx-

180 1572 228 1600 tra
245 1568 324 1600 illud
349 1569 559 1609 adhibeatur,
580 1581 662 1613 quae
687 1572 916 1613 praesentibus

179 1618 259 1662 ipsis
278 1620 492 1654 adhiberetur
515 1623 540 1655 si
561 1622 665 1655 forent
682 1623 845 1658 exhibitae
868 1625 915 1658 vel

179 1678 342 1706 ostensae.

221 1726 335 1760 Datum
353 1728 485 1769 Romae,
514 1730 601 1772 apud
627 1729 659 1763 S.
686 1730 815 1763 Petrum
830 1757 837 1771 ‚
857 1732 916 1764 sub

178 1780 298 1812 annulo
340 1781 535 1822 piscatoris,
582 1783 633 1816 die
676 1793 737 1816 xxv
780 1784 915 1817 ianuarii

177 1841 348 1873 MDccxx1x‚
374 1834 580 1876 pontificatus
604 1836 707 1869 nostri
731 1847 816 1870 anno
841 1848 872 1872 v.

213 1894 274 1921 Dat.
295 1895 339 1922 die
359 1895 392 1923 25
412 1896 526 1923 ianuarii
549 1898 626 1930 1729,
647 1898 742 1933 pontis.
764 1908 834 1927 anuo
852 1907 876 1926 ν.

475 2021 624 2055 CCLVIII.

178 2087 357 2122 Mandatur
380 2091 546 2134 publicari
569 2092 728 2126 decretum
745 2095 918 2128 canom'za-

223 2141 319 2174 tionis
339 2142 379 2175 B.
398 2142 534 2176 Ioannis
557 2143 776 2188 Neponzuccnz'
796 2146 816 2180 ¹.

353 2214 532 2242 Benedictus
552 2215 634 2249 Papa
652 2217 734 2244 XIII.

177 2256 338 2284 Decretum
358 2258 505 2292 Praqense
526 2260 767 2288 canonizationis
782 2262 813 2288 B.
830 2263 916 2290 Ioan-

211 2302 259 2328 nis
279 2302 498 2336 Nepomuceni,
520 2304 658 2332 canonici
678 2306 827 2334 ecclesiae
853 2315 914 2335 me-

211 2346 412 2379 tropolitanae
436 2347 560 2382 Praqae.

219 2407 234 2450 ξ
251 2407 284 2440 t.
303 2407 378 2441 Cum
397 2418 414 2440 a
433 2409 635 2443 sanctissimo
653 2411 785 2445 domino
802 2418 914 2447 nostro

177 2459 352 2493 Benedieto
370 2460 446 2501 XIII,
465 2461 517 2495 die
534 2472 565 2495 XI
582 2462 718 2496 ianuarii
744 2465 818 2497 anni
843 2477 915 2499 eur·

213 2541 224 2565 1
247 2539 303 2566 Alia
323 2539 401 2566 huius
420 2540 558 2568 Pontificis
578 2546 663 2569 const.
684 2543 748 2571 edit.
770 2550 912 2580 ntncexxw,

176 2584 220 2612 die
248 2585 278 2612 31
310 2585 474 2620 decembris,
504 2586 599 2621 pontif.
631 2593 670 2622 111,
700 2588 837 2623 publicata
863 2590 914 2617 tuit

176 2629 343 2658 canonizatio
363 2630 391 2657 Β.
411 2630 535 2661 stanislai
553 2632 683 2661 Kostkae.

781 251 976 276 BENEDICTUS
1000 253 1056 277 xm
1080 253 1130 277 Pr.

1609 246 1667 279 771
1718 257 1770 283 An.
1788 256 1815 282 c.
1835 256 1901 284 ⁴729

967 301 1068 333 rentis
1094 310 1266 344 iinccxx1x‚
1285 308 1396 336 coacta
1420 314 1528 337 eoram
1555 314 1588 336 se
1614 304 1710 336 suerit

968 352 1182 396 Congregatio
1200 356 1363 397 generalis
1389 366 1555 389 sacrorum
1578 356 1709 396 rituum,

968 405 1000 437 in
1019 408 1121 449 eaque
1139 418 1199 450 per
1216 408 1517 442 reverendissimum
1544 409 1710 442 dominum

969 459 1166 492 cardinalem
1189 461 1227 493 de
1250 461 1367 493 Althan
1394 468 1572 504 ponentem
1590 473 1643 494 scu
1664 472 1710 494 re-

968 511 1105 543 latorem
1126 512 1293 555 proposita
1312 524 1408 546 causa
1427 514 1598 556 Pragcnsis
1617 525 1711 547 cano-

967 563 1137 596 nizationis
1163 565 1197 596 B.
1218 565 1345 597 Ioannis
1362 565 1581 608 Nepomuceni
1608 568 1711 599 ecclc-

967 614 1034 648 siae
1074 617 1346 660 mctropolitanae
1387 618 1508 661 Pragae
1549 620 1709 662 canonici,

967 679 1067 711 super
1087 669 1201 702 dubio:
1226 670 1280 703 An
1298 675 1324 703 et
1341 671 1378 704 de
1398 671 1514 714 quibus
1537 673 1709 705 miraculis

967 726 1084 754 constet
1109 722 1145 755 in
1176 733 1270 763 casu,
1295 728 1323 756 et
1348 724 1391 756 ad
1418 724 1562 766 effectum
1587 725 1624 757 dc
1646 736 1709 768 quo

967 774 1100 817 anitum·
1124 775 1285 808 Sanctitas
1312 787 1389 810 vero
1408 777 1480 818 Sua,
1502 778 1618 811 auditis
1635 784 1710 811 tunc

967 827 1048 860 votis
1074 828 1279 862 dominorum
1308 832 1530 864 consultorum
1556 837 1586 864 et
1611 842 1706 865 reve-

968 880 1234 914 rendissimorum
1261 882 1466 916 dominorum
1485 884 1708 925 cardinalium,

966 939 1038 977 post
1062 934 1146 967 susas
1181 935 1220 968 ad
1258 935 1357 968 Deum
1395 947 1530 979 preces,
1557 937 1609 971 die
1634 948 1708 971 xvxii

967 987 1111 1020 eiusdem
1131 989 1251 1021 mensis
1269 988 1449 1023 Catliedrae
1462 990 1623 1023 Romanae
1645 992 1708 1024 divi

966 1040 1052 1073 Petri
1079 1043 1182 1082 sacra,
1203 1052 1240 1074 ex
1264 1042 1442 1085 [appositis
1468 1044 1643 1084 miraculis,
1662 1055 1709 1077 se-

966 1093 1097 1136 quentia
1115 1095 1367 1136 approbaverit:
1387 1095 1551 1135 nimirum,
1568 1096 1708 1139 primum

962 1147 1132 1188 perrennis
1157 1146 1415 1190 incorruptionis
1435 1148 1568 1191 linquae
1592 1149 1632 1183 B.
1659 1149 1708 1182 Io-

963 1199 1060 1231 annis
1084 1200 1119 1231 in
1144 1199 1280 1233 secundo
1304 1211 1441 1243 9enere;
1467 1201 1648 1234 secundum
1674 1202 1706 1234 in

962 1257 1032 1284 actu
1059 1252 1292 1294 recognitionis
1318 1253 1462 1287 eiusdem
1493 1254 1624 1296 linguae
1654 1264 1707 1287 eo-

963 1314 1027 1336 ram
1047 1304 1200 1347 pragensi
1226 1305 1477 1350 archiepiscopo
1503 1307 1638 1350 aliisque
1663 1308 1705 1340 iu-

962 1357 1085 1390 dicibus
1107 1368 1123 1389 a
1144 1357 1227 1390 Sede
1245 1359 1430 1401 Apostoliea
1455 1359 1612 1402 delegatis
1633 1361 1706 1403 plu-

961 1410 1118 1453 ribusque
1145 1411 1183 1443 de
1210 1412 1298 1444 clero
1324 1417 1355 1444 et
1380 1413 1501 1455 populo
1527 1413 1706 1446 nobilibus-

960 1473 1023 1506 que
1040 1463 1117 1496 viris
1142 1469 1313 1506 patratum,
1330 1466 1496 1498 videlieet:
1517 1467 1704 1509 repentinae

959 1517 1226 1550 intumescentiae
1239 1522 1267 1550 et
1283 1519 1474 1551 mutationis
1490 1519 1604 1552 coloris
1615 1531 1704 1563 prae-

959 1568 1065 1602 dictae
1091 1569 1233 1612 linquae,
1258 1571 1334 1603 item
1355 1571 1541 1604 insecundo
1564 1583 1702 1615 ymera·

959 1628 1126 1666 quartum,
1144 1623 1370 1656 instantaneae
1389 1626 1570 1658 sanationis
1586 1626 1704 1659 Annae

963 1676 1129 1709 Therasiae
1150 1675 1276 1709 Cretsin
1300 1687 1319 1709 a
1341 1678 1493 1721 paralysi
1516 1679 1552 1711 in
1572 1679 1703 1712 brachio

958 1730 1110 1769 sinistro,
1144 1730 1180 1762 in
1213 1730 1306 1762 tertio
1340 1741 1477 1773 yeneroe
1515 1737 1546 1763 et
1578 1738 1702 1765 sextum

956 1782 1230 1826 praeservationis
1254 1793 1275 1815 a
1304 1783 1523 1816 submersione
1551 1785 1702 1818 Rosaliae

958 1835 1199 1875 Hodancleiane,
1218 1845 1301 1878 quac
1326 1836 1361 1868 in
1385 1837 1506 1878 flumen
1526 1836 1698 1879 deciderat,

958 1888 1113 1921 sintititer
1137 1889 1172 1921 in
1198 1889 1289 1921 tertio
1313 1899 1448 1932 uenere:

1004 1942 1018 1985 ς
1043 1941 1075 1975 2.
1102 1941 1242 1974 Tandem
1262 1942 1302 1974 ad
1320 1942 1503 1976 instantiam
1528 1946 1699 1978 reverendi
1739 1954 1853 1991 Cena-[uu
1869 1957 1892 1992 jn

961 1994 1060 2037 patris
1086 1994 1206 2027 domini
1232 1994 1361 2027 Ioannis
1380 1995 1544 2039 ttodulphi
1562 1981 1895 2044 Sporck,{iiiiis1515f'iissisifis

961 2047 1107 2089 episcopi
1133 2047 1321 2080 Adratensis
1346 2048 1450 2088 electi,
1470 2051 1616 2083 canonici
1636 2036 1895 2084 mc-iiiffldiiisefd'm'

961 2099 1177 2142 tropolitanae
1201 2099 1322 2142 pragae
1342 2105 1374 2133 et
1390 2102 1616 2144 postulatoris,
1644 2104 1700 2137 ha-

959 2153 1025 2186 hita
1051 2153 1111 2185 suit
1135 2153 1185 2186 die
1211 2164 1249 2186 xv
1275 2154 1428 2187 februarii
1454 2156 1598 2189 eiusdem
1624 2157 1698 2189 anni

959 2216 1066 2239 coram
1083 2206 1251 2249 praedicto
1269 2208 1474 2242 sanctissimo
1492 2209 1623 2243 domino
1641 2220 1698 2244 no-

959 2265 1026 2292 stro
1053 2259 1114 2291 alia
1139 2259 1354 2303 Congregatio
1379 2262 1542 2304 generalis
1568 2273 1698 2296 eorum-

959 2312 1031 2344 dem
1049 2322 1213 2344 saerorum
1231 2312 1360 2353 rituum,
1380 2315 1613 2358 propositoque
1638 2327 1699 2360 per

957 2369 1172 2397 memoratum
1197 2366 1504 2400 reverendissimum
1529 2368 1697 2402 dominum

957 2417 1153 2450 cardinalem
1189 2418 1228 2450 ab
1266 2418 1409 2452 Altliann
1446 2420 1573 2461 altero,
1609 2423 1698 2465 quod

957 2476 1129 2513 supererat
1166 2470 1197 2502 in
1236 2471 1349 2504 eadem
1386 2475 1492 2513 causa,
1520 2473 1631 2515 dubio,
1657 2485 1697 2507 an

955 2522 1089 2563 scilicet,
1114 2527 1217 2556 stante
1234 2524 1463 2567 approbatione
1478 2531 1621 2570 quatuor
1638 2529 1697 2560 mi-

954 2575 1154 2615 raculorunz,
1184 2580 1250 2609 tuto
1275 2577 1545 2622 quandocumque
1567 2581 1698 2624 procedi

951 2628 1052 2672 possit
1065 2628 1107 2662 ad
1119 2629 1291 2663 solemnem
1304 2632 1579 2666 canom'zau'onem
1592 2633 1696 2678 ipsius
