2170 3147
178 150 229 175 An.
251 150 278 175 tl.
304 150 368 176 17i17

177 351 221 369 pmi-

236 326 246 336 -ι
257 319 275 336 “·ι
288 320 362 341 gutur

178 345 667 417 ...ilei'iff,'''f1‚·-.i-erogationemsie
705 362 852 401 unitam,
891 373 955 406 quo
995 363 1116 396 lirmius

178 405 203 417 ΙΗΙ
223 405 255 417 dd*

334 346 361 363 la-

418 141 481 174 5ss8

374 199 448 232 bum
475 200 598 233 inserto
626 201 738 232 liaberi
773 202 920 233 volumus
942 229 950 242 ‚
988 202 1116 245 plenius

374 253 571 286 continetur.

418 308 432 351 g
458 307 488 340 02.
517 307 606 340 Nune
632 315 737 341 autem
766 319 842 348 uos,
864 308 1011 341 eamdem
1035 309 1116 342 Con-

373 414 529 446 subsistat
555 425 590 447 ae
617 414 737 447 maiora
761 415 790 447 in
811 415 878 448 dies
897 417 1052 459 suscipiat
1070 417 1117 448 in-

373 473 565 508 crementa,
591 468 683 501 novis
711 474 741 501 et
767 469 980 510 amplioribus
1008 470 1115 503 sarori-

373 519 429 552 l·us
456 526 487 553 et
522 521 634 564 gratiis
670 522 821 565 prosequi
860 523 991 566 eiusque
1030 524 1115 556 bono

375 573 526 616 regimini
554 579 586 607 et
613 575 838 618 trausptillitati
859 576 1045 620 prospicere
1065 588 1117 610 vo-

375 626 487 667 lentes,
514 633 600 661 motu
629 628 762 671 propi-io
782 639 864 661 aee-x
883 630 1118 663 eertaseientia'i

374 686 405 713 et
432 683 557 713 matura
583 681 820 715 deliberatione
848 683 981 723 nostris,
1013 684 1117 727 deque

373 734 572 778 apostolieae
588 737 760 778 potestatis
775 736 989 780 plenitudine,
1003 738 1116 771 lunum

374 787 459 820 serie
486 787 630 830 benigne
653 788 877 832 indulgemus,
900 796 931 821 ut
950 791 1117 833 praesides

372 841 591 884 capitulorum
618 843 781 885 generalis
811 849 841 876 et
860 843 1115 886 provincialium

374 895 517 928 eiusdem
544 895 813 938 Congregationis
839 896 971 930 illorum
992 899 1117 931 vocales

373 949 412 981 ab
451 948 684 982 ecelesiasticis
722 950 869 982 censuris
907 951 1043 984 occultis
1078 953 1115 984 ad

373 1002 519 1045 ipsorum
545 1002 762 1045 capitulorum
790 1003 1002 1047 validitatem,
1030 1010 1060 1037 et
1086 1005 1116 1037 in

373 1056 443 1088 soro
471 1055 691 1089 eonscientiae
717 1057 898 1098 dumtaxat,
918 1058 1088 1091 absolvere
1108 1086 1115 1099 ,

373 1120 407 1141 ae
447 1114 509 1142 tam
547 1109 724 1153 capitulum
757 1112 910 1154 generale
944 1122 1116 1145 numerum

373 1162 461 1196 illius
487 1163 646 1196 vocalium
672 1174 731 1207 pro
759 1169 907 1208 tempore
942 1165 1115 1206 minuere,

372 1219 497 1249 servata
525 1222 631 1250 tamen
658 1218 742 1251 inter
767 1219 951 1262 provincias
973 1221 1117 1263 aequali-

373 1276 436 1303 tate
455 1298 463 1311 ,
491 1282 586 1314 quam
613 1272 791 1315 praepositi
819 1273 1053 1316 provinciales,
1077 1274 1115 1307 de

372 1334 506 1356 suorum
534 1325 798 1358 consiliariorum
825 1337 989 1359 consensu
1008 1338 1043 1360 ae
1063 1339 1115 1360 au·

372 1381 494 1410 nuente
528 1377 735 1418 delinitorio,
767 1385 913 1413 rectores
943 1381 1115 1414 domorum

372 1441 429 1464 seu
456 1431 667 1475 collegiorum
695 1433 798 1466 dietae
829 1433 1115 1477 Congregationis,

373 1485 427 1517 ubi
454 1485 612 1518 eiusmodi
640 1485 832 1519 domorum¹
861 1498 916 1520 seu
952 1489 1111 1532 collegio-

372 1548 443 1570 rum
474 1539 653 1571 necessitas
692 1540 739 1572 vel
778 1540 900 1573 utilitas
938 1541 1113 1584 exegerit,

372 1591 410 1623 de
435 1590 532 1623 unius
560 1591 676 1624 domus
703 1602 760 1625 seu
786 1593 919 1635 collegii
957 1594 1114 1637 regimine

373 1645 411 1678 ad
438 1644 571 1678 alterius
599 1645 712 1678 domus
738 1646 803 1679 sire
818 1647 947 1689 collegii
966 1647 1113 1681 eiusdem

373 1697 561 1741 provinciae
597 1698 789 1741 gubernium
822 1700 861 1733 ad
896 1705 1020 1743 tenipus
1051 1712 1114 1745 quo

373 1750 450 1783 dieti
477 1757 622 1784 rectores
649 1751 680 1784 in
707 1762 818 1785 eorum
844 1754 1031 1786 muneribus
1055 1755 1114 1787 du-

372 1814 443 1836 rare
462 1805 569 1837 solent
583 1805 703 1849 pariter
719 1806 909 1839 duraturum
927 1808 1114 1849 transferre,

371 1859 491 1890 attenta
523 1869 598 1892 vero
632 1860 817 1893 reddituum
842 1861 1028 1904 provinciae
1055 1863 1115 1896 lto-

370 1921 485 1945 manae
501 1912 607 1945 dietae
622 1913 904 1957 [longi-egationis,
924 1917 1114 1960 praesertim

371 1964 402 1996 in
429 1965 575 2008 praefato
601 1977 700 2009 reguo
731 1967 904 2012 Neapolis,
933 1971 1087 2004 tenuitate
1105 1999 1112 2012 ‚

372 2028 454 2061 quae
471 2024 615 2063 tempore
633 2021 761 2055 unionis
777 2021 937 2056 eiusmodi
952 2035 1017 2057 non
1040 2026 1114 2058 satis

369 2072 573 2115 innotuerat,
597 2080 626 2107 et
646 2075 683 2108 ad
703 2077 903 2118 parcendum
925 2078 1112 2121 ingentibus

369 2127 563 2171 sumptibus,
583 2139 664 2172 quos
683 2130 731 2162 vix
751 2131 789 2163 ad
808 2142 964 2174 praesens
980 2132 1113 2166 sufferre

370 2186 499 2223 posset,
529 2186 563 2214 ut
588 2184 714 2216 vocales
749 2183 896 2217 eiusdem
928 2185 1113 2228 provinciae

369 2240 611 2276 procuratores,
632 2236 684 2280 qui
709 2248 821 2270 eorum
844 2239 977 2272 nomine
996 2251 1032 2272 ae
1054 2250 1112 2283 pro

371 2287 415 2320 eis
441 2289 593 2332 capitulis
620 2291 830 2333 generalilms¹
857 2298 888 2325 et
919 2293 1112 2335 provinciali

370 2339 606 2384 interveniant,
628 2344 782 2387 deputare
799 2345 864 2388 (ita
884 2351 990 2379 tamen
1012 2352 1046 2379 ut
1061 2357 1112 2380 ne-

368 2402 420 2425 mo
437 2395 548 2436 quovis
568 2396 661 2430 titulo
681 2398 729 2431 vel
749 2405 918 2441 praetextu
941 2401 1112 2444 plusquam

370 2446 434 2479 duo
453 2446 604 2490 sull'ragia
623 2450 653 2482 in
673 2451 797 2484 eisdem
820 2453 970 2496 capitulis
989 2454 1111 2487 habere

370 2505 403 2531 et
428 2500 512 2533 serre
538 2502 656 2544 possit,
678 2509 724 2542 et,
743 2505 767 2537 si
791 2507 861 2548 quis
881 2519 897 2538 a
919 2507 1045 2540 duobus
1063 2509 1112 2541 vel

407 2563 415 2589 1
440 2561 510 2589 Edit.
532 2562 610 2591 Maia.
634 2565 697 2600 legit
718 2567 834 2594 domum
855 2574 894 2603 [tt.
911 2575 961 2603 T.)-

962 154 1140 177 BL'LLAltll'M
1171 154 1322 178 [immol

1163 203 1314 245 pluribus
1341 204 1507 238 vocalibus
1535 204 1565 238 in
1589 211 1835 249 procuratorem
1855 207 1909 239 de·

1165 257 1271 300 putari
1299 258 1485 301 eontigerit,
1513 271 1572 302 pro
1596 271 1634 293 eo
1656 271 1692 293 ex
1712 260 1909 294 constituen-

1163 310 1249 343 tibus
1287 312 1342 355 qui
1381 312 1494 345 maiori
1522 313 1679 355 dignitate
1706 315 1908 357 praecellet,

1162 369 1212 403 et,
1248 363 1274 396 si
1302 364 1460 408 dignitate
1485 377 1581 410 pares
1609 367 1744 406 fuerint,
1772 378 1830 410 pro
1857 378 1909 399 an·

1164 418 1304 461 tiquiore
1343 419 1468 452 ratione
1504 420 1719 463 professionis
1756 420 1786 453 in
1825 421 1909 454 dieta

1162 472 1425 515 Congregatione
1441 473 1586 514 emissae,
1607 473 1797 517 suffragium
1813 474 1907 514 seret,

1163 531 1194 558 et
1219 525 1272 558 alii
1300 526 1535 560 constituentes
1562 527 1630 560 iure
1653 526 1852 569 suffragandi
1871 529 1908 561 ea

1163 578 1230 611 viee
1251 579 1367 622 privati
1388 581 1618 623 remaneant),
1644 585 1744 623 utque
1771 591 1907 624 praepo-

1163 632 1241 664 situs
1267 633 1428 675 generalis
1455 632 1598 666 eiusdem
1624 633 1908 676 Congregationis,

1163 691 1193 718 et
1222 686 1362 729 quisque
1383 687 1590 730 provincialis
1613 687 1652 720 de
1675 697 1807 720 suorum
1827 697 1903 720 eon-

1163 739 1359 772 siliarioruzn
1381 767 1386 779 ,
1412 745 1507 783 atque
1532 745 1641 773 rector
1667 740 1706 773 de
1745 740 1905 783 propositi

1164 793 1370 834 provincialis
1407 793 1541 836 eiusque
1573 793 1702 826 consilii
1728 803 1907 834 consensu,

1163 846 1318 878 adversus
1345 847 1404 879 sibi
1432 847 1580 881 subditos
1606 847 1837 880 inobedientes
1854 853 1907 880 aut

1163 904 1374 932 contumaees
1416 910 1472 932 seu
1510 900 1659 943 dyscolos
1693 900 1731 933 ad
1768 910 1906 943 poenam

1163 952 1389 995 suspensionis
1423 964 1438 985 a
1477 954 1592 987 divinis
1625 954 1833 997 procedere,
1869 965 1906 987 ae

1163 1005 1395 1048 resipiscentes
1420 1006 1458 1039 ab
1485 1006 1540 1039 illa
1566 1007 1735 1040 absolvere
1754 1006 1856 1040 libere
1876 1012 1907 1040 et

1162 1059 1265 1092 valide
1290 1060 1415 1103 possint
1442 1061 1619 1104 respective
1644 1066 1675 1094 et
1701 1061 1840 1093 valeant.

1206 1113 1220 1156 g
1244 1112 1276 1146 3.
1305 1114 1422 1153 Porro,
1441 1125 1512 1147 eum
1541 1114 1641 1147 felicis
1667 1114 1904 1148 reeordationis

1163 1168 1346 1200 Alexander
1372 1168 1430 1201 PP.
1459 1168 1507 1201 Vll
1534 1169 1773 1211 praedeeessor
1794 1173 1907 1201 noster

1162 1232 1220 1264 per
1246 1222 1402 1265 quasdam
1431 1232 1504 1255 suas
1530 1223 1561 1255 in
1588 1222 1656 1266 pari
1679 1222 1781 1255 forma
1794 1221 1906 1256 Brevis

1162 1274 1285 1307 litteras
1312 1275 1363 1307 die
1392 1286 1459 1308 xxm
1486 1276 1682 1319 septembris
1701 1285 1819 1309 mneLix
1839 1275 1907 1308 edi-

1163 1334 1208 1361 tas
1238 1329 1324 1361 inter
1349 1328 1409 1362 alia
1436 1329 1651 1368 concesserit,
1679 1329 1766 1372 quod
1792 1339 1906 1362 omnes

1160 1383 1193 1415 in
1220 1382 1337 1415 dietam
1363 1382 1658 1426 Congregationem
1691 1383 1724 1415 in
1761 1383 1904 1416 futurum

1161 1436 1382 1476 admittendi,
1409 1437 1539 1479 expleto
1566 1436 1767 1479 probationis
1793 1447 1877 1470 anno
1894 1464 1901 1478 ,

1160 1490 1184 1522 si
1212 1490 1322 1523 idonei
1350 1489 1479 1522 iudieati
1518 1490 1677 1531 fuissent,
1716 1490 1903 1538 emitterent

1162 1545 1222 1577 tria
1249 1550 1319 1578 vota
1345 1544 1507 1588 simplicia
1529 1545 1747 1586 obedientiae,
1767 1555 1905 1589 pauper-

1161 1598 1235 1631 tatis
1263 1603 1293 1631 et
1318 1598 1501 1639 eastitatis,
1538 1609 1668 1632 neenon
1704 1604 1811 1632 votum
1848 1610 1901 1632 seu

1159 1653 1376 1685 iuramentum
1417 1652 1448 1684 iu
1490 1653 1603 1686 eadem
1643 1652 1902 1696 Congregatioue

1159 1706 1417 1750 perseverandi,
1451 1716 1515 1739 non
1551 1706 1809 1750 dispensandum
1844 1717 1901 1739 seu

1160 1760 1370 1792 relaxandum
1405 1770 1421 1791 a
1452 1771 1658 1803 quoeumque
1685 1759 1748 1794 alio
1789 1760 1851 1793 nisi
1885 1772 1902 1793 a

1159 1815 1230 1847 solo
1256 1813 1402 1846 Romano
1429 1813 1583 1846 Pontissee
1625 1818 1679 1845 aut
1714 1825 1730 1846 a
1760 1813 1901 1856 capitulo

1160 1867 1304 1909 generali
1332 1868 1379 1900 vel
1399 1866 1583 1900 definitorio
1614 1873 1809 1900 memoratae
1827 1867 1902 1900 Cou-

1158 1920 1384 1963 gregationis,
1410 1920 1453 1952 ita
1479 1921 1565 1963 quod
1591 1921 1697 1963 ipsum
1726 1921 1900 1962 capitulum

1159 1975 1313 2017 generale
1331 1976 1378 2007 vel
1395 1974 1613 2007 definitorium
1630 1974 1760 2008 minime
1777 1974 1903 2018 dispeu-

1159 2034 1246 2061 saret
1278 2027 1342 2060 sive
1381 2029 1541 2061 relaxaret
1575 2029 1761 2062 huiusmodi
1794 2036 1900 2062 votum

1159 2093 1215 2115 seu
1242 2081 1459 2114 iuramentum
1494 2082 1592 2115 alieui
1617 2093 1653 2115 ex
1681 2083 1837 2126 promotis
1862 2085 1900 2117 ad

1157 2145 1267 2168 sacros
1294 2134 1442 2176 ordines,
1470 2135 1530 2168 nisi
1564 2135 1626 2168 sibi
1664 2136 1752 2178 prius
1785 2137 1902 2170 eonsti-

1135 2187 1249 2221 ,tisset
1275 2188 1372 2221 etiam
1406 2199 1440 2221 ex
1479 2188 1595 2222 litteris
1630 2189 1900 2224 testimonialilms

1134 2253 1136 2276 ι
1157 2241 1319 2275 Ordinarii
1342 2241 1404 2275 loci
1428 2252 1502 2275 eum
1520 2242 1652 2276 aliunde
1671 2243 1794 2277 habere
1814 2245 1900 2278 unde

1157 2295 1328 2328 commode
1354 2295 1528 2328 sustentari
1557 2302 1684 2339 posset,
1703 2302 1756 2337 et,
1785 2297 1809 2330 si
1843 2297 1900 2331 ali-

1158 2348 1239 2391 quis,
1257 2348 1349 2381 dietis
1376 2349 1457 2382 votis
1485 2355 1516 2382 et
1541 2349 1722 2384 iuramento
1748 2356 1782 2383 ut
1806 2361 1900 2395 prae-

1158 2402 1261 2435 fertur
1287 2402 1423 2442 emissis,
1445 2403 1514 2436 sine
1542 2403 1781 2447 dispensatione
1803 2410 1834 2438 et
1851 2416 1901 2438 re-

1157 2455 1316 2488 laxatione
1340 2456 1470 2499 praevia
1496 2456 1687 2490 recessisset
1712 2458 1751 2490 ab
1784 2458 1897 2491 eadem

1156 2507 1435 2551 Congregatione,
1462 2519 1498 2542 eo
1525 2509 1596 2553 ipso
1622 2516 1808 2543 remaneret
1832 2521 1898 2544 sus-

1156 2572 1293 2605 pensus,
1321 2563 1425 2597 donee
1458 2563 1646 2598 huiusmodi
1683 2564 1898 2607 dispensatio-

1912 159 1961 186 An.
1981 160 2010 186 C.
2031 160 2098 190 1727

1962 1125 2100 1149 Dorta-antur

1931 1153 2092 1174 constitutiones

1919 1180 2024 1206 quaedam
2055 1181 2102 1201 Alo-

1919 1206 1992 1227 xandri
2019 1206 2055 1227 vu
2083 1209 2104 1228 οι

1919 1233 2033 1254 Clementis
2044 1233 2069 1258 X,
2083 1235 2104 1254 ol.

1920 1260 1950 1280 cix
1974 1260 2104 1281 latiam-undo

1919 1289 2039 1307 statuuntur
2054 1293 2104 1308 uun-

1919 1313 1985 1334 nullu.
