2170 3147
237 255 330 282 Anat.
360 254 425 281 1727
472 246 536 279 GOt‘»

434 303 541 336 siones
567 304 764 346 apostolicas
790 303 885 336 etiam
912 302 1019 346 quoad
1050 302 1176 344 dispen-

434 357 577 390 sationes
602 356 862 389 1m1trimoniales
892 356 1027 398 exequi,
1054 364 1178 387 sacrum

434 410 577 443 chrisma
601 421 618 442 a
644 410 808 442 catholico
835 409 990 452 episeopo
1010 418 1178 441 consecra-

435 469 499 495 tum
525 463 749 495 confirmando
778 462 982 501 ministrare,
1007 471 1080 494 suos
1106 461 1178 493 sub—

434 516 519 548 ditos
534 516 572 548 ad
589 515 726 559 primam
746 521 911 548 tonsuram
930 520 961 548 et
978 515 1015 547 ad
1036 514 1179 547 minores

434 569 567 602 ordines
592 579 805 612 prornovem,
842 569 973 612 illisque
999 567 1094 600 etiam
1122 577 1180 610 per

434 632 509 655 suos
534 622 672 655 vicarios
699 622 739 654 ad
765 622 898 655 eosdem
924 626 955 654 et
979 621 1018 653 ad
1041 620 1179 653 maiores

434 675 567 708 ordines
585 675 814 717 suscipiendos
832 675 956 707 litteras
979 673 1180 706 dimissorias

435 729 616 762 concedere
634 756 641 769 ,
669 728 782 761 altaria
808 733 872 760 tam
898 727 958 760 fixa
984 738 1080 770 quam
1106 737 1180 770 por-

436 782 559 823 tatilia,
585 782 702 815 calices
729 787 761 815 et
793 792 885 815 saera
910 792 985 815 vasa
1010 790 1180 814 consecra-

435 846 481 877 re,
505 841 535 869 et
561 837 622 869 alia
648 846 808 879 peragere
839 846 921 879 quae
947 833 1179 867 iurisdictionis

435 888 529 932 quasi
556 888 754 932 episcopalis
786 900 802 921 a
833 888 952 921 nostris
984 888 1180 932 praedeces-

436 942 565 976 soribus
592 952 748 975 concessa
773 947 860 981 sunt,
886 947 920 974 ut
945 941 1176 985 praediximus,

436 1002 468 1028 et
499 996 539 1028 ab
572 995 823 1028 immemorabili
859 1005 920 1038 per
955 995 1088 1027 abbates
1121 1005 1180 1037 pro

437 1055 584 1093 tempore
611 1055 824 1088 exercentur,
847 1049 1100 1087 confirmamus,
1128 1053 1180 1086 et,

436 1108 596 1145 quatenus
622 1113 704 1146 opus
731 1102 784 1141 sit,
812 1102 851 1135 de
877 1101 1006 1144 integro
1032 1100 1181 1133 coneedi-

436 1166 518 1188 mus.
546 1155 826 1193 Quemadmodum
852 1154 947 1187 etiam
969 1154 1098 1196 singula
1116 1154 1181 1196 pri-

435 1209 552 1252 vilegia
579 1221 597 1242 a
627 1209 782 1242 Romanis
813 1208 1047 1247 Pontificibus,
1081 1207 1181 1250 impe-

437 1263 613 1304 ratoribus,
639 1262 780 1305 regibus,
807 1267 838 1294 et.
864 1273 881 1294 a
906 1261 1073 1305 quibusvis
1099 1261 1179 1300 aliis,

437 1316 503 1349 sive
530 1315 751 1349 ecclesiastica
787 1315 853 1347 sive
888 1314 1046 1347 saeculari
1080 1313 1181 1356 digni—

439 1374 501 1402 tate
527 1369 702 1413 praeditis,
731 1373 784 1401 tuo
818 1368 1020 1401 monasterio
1046 1368 1181 1407 collata,

438 1423 531 1455 firma
558 1433 626 1455 esse
651 1423 816 1461 volumus,
838 1427 885 1461 et,
906 1421 932 1453 si
951 1421 1060 1464 aliqua
1078 1421 1182 1453 subsit

439 1486 540 1509 novae
573 1474 794 1509 concessionis
831 1475 1031 1516 necessitas,
1063 1474 1181 1507 iterum

439 1529 650 1563 concedimus
670 1534 700 1562 et
726 1529 911 1570 elargimur.

269 1595 427 1624 Enumerantur
482 1584 497 1627 ξ
521 1583 553 1617 3.
580 1583 796 1616 Enumeratos
822 1588 928 1616 autem
950 1581 1182 1615 iurisdictionis

242 1623 527 1674 iflssss‘ttl21.“1?r'‹iacttis
554 1648 705 1670 exercere
739 1636 851 1669 licebit
888 1636 995 1668 abbati
1021 1646 1080 1678 pro
1106 1641 1182 1668 tem-

242 1676 521 1734 {GZ'ESf'i-“m'ssffllfpore
561 1690 593 1722 in
631 1690 782 1723 omnibus
821 1690 901 1722 locis
939 1694 970 1722 et
1011 1688 1182 1721 territoriis

243 1731 637 1776 {22{'⁰.'l⁴2¹s'22.›e5¹'memoratae
664 1743 823 1776 dioecesis
848 1742 1068 1775 Cassinensis:
1101 1752 1183 1784 quae

439 1802 536 1836 sunt,
562 1796 605 1828 uti
633 1798 770 1835 asseris,
799 1797 872 1828 loca
904 1795 1039 1827 civitatis
1056 1795 1087 1827 S.
1108 1794 1183 1827 Ger-

439 1851 534 1889 mani,
550 1850 671 1883 Casalis
686 1850 716 1882 S.
735 1849 842 1882 Basilii
860 1849 898 1881 de
913 1848 1016 1888 Caira,
1033 1848 1063 1881 S.
1084 1847 1181 1887 Eliae,

439 1902 605 1942 Cerbarii,
631 1903 661 1935 S.
690 1902 846 1941 x'ictoris,
873 1901 904 1934 S.
925 1901 1008 1934 Petri
1036 1901 1066 1933 in
1094 1900 1181 1939 Fine,

440 1957 592 1989 Ptoechac
622 1956 779 1994 Evandri,
804 1955 835 1987 S.
863 1954 1039 1987 Salvatoris
1066 1954 1104 1986 de
1130 1953 1184 1986 Cu-

440 2010 608 2049 currutio,
635 2009 667 2042 S.
696 2008 811 2051 Angeli
843 2009 875 2040 in
904 2007 1112 2047 Theodoice,
1139 2007 1186 2039 Pi-

442 2062 603 2105 gnatarii,
633 2062 664 2095 S.
701 2061 920 2105 Apollinaris,
951 2061 982 2093 S.
1011 2061 1182 2100 Andreae,

440 2117 472 2148 S.
493 2116 672 2156 Ambrosii,
699 2116 730 2149 S.
752 2115 903 2158 Georgii,
927 2114 1183 2157 Vallissrigidae,

441 2169 640 2208 Castrinovi,
676 2169 708 2202 S.
743 2169 828 2202 Petri
862 2168 895 2201 in
927 2167 1068 2208 Curulis,
1093 2167 1185 2200 Belli-

442 2222 581 2263 moutis,
621 2222 895 2261 Vallisrotundae,
931 2221 1182 2261 Saracenisehi,

442 2277 473 2309 S.
501 2276 689 2316 Secundini,
717 2276 869 2316 Sorbelli,
891 2276 923 2308 S.
942 2275 1114 2315 Vincentii,
1133 2275 1186 2308 Ca-

443 2330 594 2369 stelloni,
623 2330 815 2369 llochettae,
840 2329 984 2372 Scapuli,
1011 2329 1118 2370 Collis,
1145 2329 1185 2362 al-

444 2383 544 2415 terius
570 2383 759 2422 Castrinovi,
785 2383 1182 2425 Aquaevivae,Foruellii,

445 2435 600 2475 Pizzonis,
627 2436 658 2468 S.
678 2435 796 2468 Mariae
816 2436 855 2469 de
873 2436 1011 2477 Oliveto,
1033 2442 1063 2469 et
1081 2436 1183 2477 Cerri,

445 2498 517 2520 eum
542 2488 607 2520 suis
633 2488 805 2521 casalibus:
833 2489 865 2520 in
890 2488 1032 2527 Samnio,
1055 2489 1183 2529 Cellini,

445 2540 679 2583 Vallisreghoe,
717 2552 773 2573 5011
808 2542 965 2582 Barreae,
999 2541 1183 2582 Ciritellae,

446 2593 606 2631 Yillettae,
630 2594 661 2625 S.
691 2594 773 2625 l’etri
800 2594 838 2625 dc
858 2596 1020 2634 Avellana,
1043 2595 1183 2637 Pesculi,

447 2646 644 2684 Constantii,
672 2646 783 2679 Serrae
811 2647 1058 2688 Δ11001ιο1501]110,
1085 2648 1185 2681 Farae

1022 252 1205 277 BULLARIUM
1231 251 1388 276 ROMANUM

1973 248 2022 275 ΛΠ.
2037 247 2066 276 C·
2088 247 2152 276 ¹7²7

1222 300 1360 333 filiorum
1378 300 1475 341 Petri,
1492 299 1592 343 Ripae
1609 298 1794 339 Corbariae,
1816 302 1846 331 et
1863 296 1963 330 Villae

1221 354 1354 387 Oliveti:
1383 354 1415 386 10
1441 353 1600 393 Calabria,
1620 352 1756 386 Cetrarii
1782 358 1814 385 et
1843 350 1964 384 Casalis

1221 408 1252 441 S.
1281 407 1412 450 Angeli,
1440 413 1467 440 et
1503 412 1606 440 castra
1640 405 1759 438 ineolis
1786 404 1963 442 destituta,

1222 462 1390 502 videlieet,
1418 461 1449 494 S.
1469 461 1585 494 Petrus
1611 460 1643 492 10
1668 457 1883 497 Monasterio,
1908 467 1965 490 scu

1221 515 1375 555 Casinus,
1407 514 1653 552 Plumbariola,
1687 512 1717 544 S.
1753 511 1964 554 Stephanus,

1222 570 1369 608 Mortula,
1390 569 1519 607 Bantra,
1538 567 1702 606 iunctura,
1723 566 1754 599 S.
1777 563 1964 607 Gregorius,

1222 622 1415 661 Teroculus,
1449 620 1639 659 Cardetum,
1672 618 1840 658 Teramus,
1870 616 1966 650 Cera-

1223 676 1326 714 solus,
1362 674 1614 718 Vallisporcina,
1647 672 1745 706 Collis
1778 670 1962 714 Stephani,

1223 728 1456 768 Tensenusius,
1484 727 1667 766 Licinosus,
1693 725 1868 764 Pantanus,
1895 722 1966 767 Spi-

1224 793 1275 821 na,
1292 781 1323 814 S.
1340 780 1436 820 Vitus,
1455 780 1716 823 Quercuscuppa,
1733 776 1962 818 Rocchasicca,

1224 841 1255 868 et
1292 834 1322 867 S.
1362 833 1488 867 Blasius
1527 833 1565 866 de
1600 833 1710 876 Capite
1748 830 1907 865 fluminis:
1932 830 1966 863 in

1223 887 1367 928 Samnio,
1395 887 1502 920 Rocea
1519 886 1713 926 Tramonffls,
1739 885 1770 918 S.
1798 884 1965 925 Martinus,

1223 941 1430 984 Cantalupus,
1446 940 1642 980 Pomarium,
1657 939 1687 973 S.
1703 939 1855 982 Angelus,
1868 937 1899 971 S.
1914 937 1968 971 Pe-

1224 999 1290 1027 trus
1315 993 1515 1034 lllonialium,
1534 993 1675 1037 Polegra
1695 998 1727 1027 et
1750 992 1916 1026 Carceres:
1934 991 1967 1023 in

1223 1048 1385 1087 Calabria,
1414 1048 1511 1081 Fella.

1268 1101 1282 1143 ξ
1300 1101 1332 1133 4.
1353 1101 1536 1133 Facultates
1555 1100 1659 1140 etiam,
1679 1110 1760 1143 quas
1778 1104 1969 1132 antecessor
1979 1100 2159 1148 ,„f³⁰¹gss·,·g¹33:,2[

1224 1160 1338 1187 noster
1349 1154 1452 1187 felicis
1464 1152 1704 1186 recordationis
1715 1152 1890 1195 Gregorius
1900 1151 2159 1206 X1H1²³¹i¹=ie.ii²c¹'ii's³ffi52¹3

1225 1207 1387 1250 episcopis
1410 1207 1568 1240 tribuerat
1588 1207 1620 1239 10
1639 1207 1736 1239 rebus
1758 1207 1796 1239 ad
1816 1204 2098 1239 eeclesia-rurum&-

1225 1261 1333 1293 sticam
1349 1260 1587 1293 immunitatem
1602 1259 1837 1303 spectantibus,
1854 1259 1899 1291 ita
1914 1259 1969 1291 ab·

1225 1314 1355 1346 batibus
1381 1313 1627 1346 Cassinensibus
1657 1312 1885 1346 confirmamus
1914 1316 1970 1344 aut

1226 1366 1451 1407 concedimus,
1470 1371 1506 1398 ut
1529 1366 1661 1399 easdem
1687 1365 1725 1398 ad
1748 1375 1843 1398 casus
1872 1364 1970 1398 etiam

1226 1430 1400 1464 expressos
1433 1424 1464 1452 et
1497 1419 1756 1462 comprehensos
1782 1418 1813 1451 in
1839 1423 1972 1462 aposto-

1226 1474 1295 1507 licis
1321 1474 1438 1507 litteris
1464 1473 1585 1506 nostris
1611 1483 1718 1517 nuper
1755 1472 1851 1507 editis
1881 1478 1912 1506 et
1938 1472 1970 1505 in

1226 1527 1407 1571 appendice
1437 1526 1570 1561 Coueilii
1604 1526 1740 1560 Romani
1767 1526 1901 1560 adiectis
1933 1525 1971 1559 li-

1226 1581 1382 1614 beraliter
1408 1581 1630 1613 extendamus.

1271 1635 1285 1678 g
1311 1634 1341 1667 5.
1370 1634 1516 1677 Denique
1551 1632 1812 1667 christifidelium
1850 1633 1888 1665 ad
1922 1633 2163 1688 Sst·d„0{,³,*}¹,¹s}¹,⁵,³a³;,}{³‚

1228 1699 1313 1721 eram
1340 1687 1452 1721 aedem
1481 1688 1573 1720 istam
1600 1686 1833 1720 confluentium
1858 1685 1969 1729 pietati
1981 1689 2162 1736 fflflmffggtuggff

1227 1752 1264 1774 ac
1290 1740 1443 1783 religioni
1481 1740 1657 1773 salubriter
1689 1739 1913 1772 obsecundare
1940 1743 2094 1771 etceduntur·

1228 1794 1417 1837 prospicere
1444 1794 1609 1833 volentes,
1636 1793 1765 1826 duobus
1792 1792 1971 1826 sacerdoti-

1227 1849 1286 1880 bus
1311 1848 1348 1880 ad
1376 1847 1555 1880 audiendas
1575 1847 1800 1879 consessiones
1828 1856 1844 1878 a
1869 1845 1972 1879 Cassi-

1229 1901 1321 1933 uensi
1349 1901 1463 1933 abbate
1491 1911 1551 1943 pro
1578 1906 1724 1943 tempore
1743 1899 1897 1932 existenti
1917 1899 1973 1932 eli-

1229 1954 1365 1997 gendis,
1392 1964 1473 1997 quos
1511 1953 1607 1986 etiam
1646 1963 1813 1986 removere
1847 1951 1971 1996 possit,

1230 2010 1399 2041 facultates
1427 2018 1541 2040 omncs
1568 2007 1758 2050 elargimus,
1785 2017 1868 2050 quae
1895 2017 1971 2051 poe-

1230 2061 1423 2095 nitentiariis
1468 2071 1577 2094 sacrae
1619 2060 1708 2094 aedis
1747 2061 1972 2094 Laurentanae

1229 2125 1406 2148 concessae
1439 2119 1527 2147 sunt.

1273 2170 1287 2212 g
1313 2169 1343 2201 Γ».
1367 2168 1523 2201 Futurum
1545 2173 1652 2201 autem
1670 2173 1759 2202 certo
1777 2167 1989 2219 confidimust

1229 2228 1262 2254 ut
1287 2222 1392 2255 studia
1414 2227 1524 2255 nostra
1546 2222 1584 2255 ad
1603 2222 1782 2263 aagendam
1800 2221 1897 2254 vestri
1916 2231 1972 2254 no·

1230 2275 1326 2308 minis
1352 2275 1543 2318 dignitatem
1569 2275 1818 2318 claritatemque
1843 2285 1973 2307 monas-

1230 2329 1302 2362 terii
1340 2335 1403 2361 tam
1446 2328 1581 2370 insignis
1620 2329 1744 2361 intenta
1789 2328 1971 2361 redundare

1229 2382 1410 2415 sentiamus
1435 2382 1473 2414 ad
1500 2382 1698 2414 monasticae
1717 2381 1910 2424 disciplinae
1929 2381 1973 2413 in-

1230 2441 1450 2475 crementum,
1478 2440 1572 2478 atque
1599 2435 1637 2468 ad
1663 2434 1860 2468 luculentius
1887 2433 1974 2467 testi-

1230 2490 1416 2522 stimonium
1457 2493 1612 2532 paternae
1656 2487 1867 2531 benignitatis
1909 2498 1972 2530 qua

1230 2543 1396 2586 praeclare
1433 2542 1564 2575 animati
1602 2552 1712 2574 sumus
1749 2551 1827 2583 erga
1866 2539 1972 2573 Cassi-

1230 2606 1363 2628 nensem
1381 2596 1411 2627 S.
1441 2595 1540 2627 Patris
1569 2594 1734 2627 Benedicti
1763 2593 1914 2626 familiam
1932 2592 1970 2625 de

1229 2649 1343 2681 Christi
1365 2649 1507 2682 Ecclesia
1528 2647 1659 2690 egregie
1685 2647 1835 2681 meritam
1854 2651 1884 2679 et
1902 2645 1972 2679 uni-

2019 2170 2116 2192 clausula
2132 2168 2163 2190 ui·

1993 2204 2082 2219 [ΞΓᾺΙἸΙΙΠ.
