2170 3147
35 189 85 216 An,
106 187 134 213 C.
155 186 221 214 2725

54 928 140 949 Sanctio
160 934 210 956 poo-

26 955 90 976 nulio.

49 2194 189 2215 Prooemium.

810 186 1004 210 BENEDICTUS
1029 187 1087 210 xm
1111 187 1160 210 PP.

227 234 380 268 habenda
403 245 459 266 seu
477 234 584 276 aliqua
603 234 663 266 alia
684 233 840 276 exquisita
866 233 967 266 forma

227 286 265 320 ad
290 287 353 320 hoc
377 286 532 319 servanda
566 286 666 325 soret,
697 296 809 318 eorum
837 291 966 319 tenores

224 338 452 383 praesentibus
486 349 545 381 pro
582 337 743 380 expressis
783 338 964 379 habentes,

224 391 288 425 illis
313 391 391 424 alias
426 390 458 422 in
495 400 554 422 suo
587 389 707 422 robore
731 391 964 433 permansuris,

225 444 285 476 hac
299 444 366 476 vice
382 442 552 481 dumtaxat,
567 442 751 485 specialiter
764 448 796 474 et
813 453 964 485 expresse

224 501 314 530 motu
339 495 408 539 pari
434 496 649 537 derogamus,
677 495 859 538 ceterisque
888 507 965 528 con-

225 548 330 582 trariis
357 547 636 591 quibuscumque;
663 553 717 580 aut
742 547 768 580 si
802 547 963 590 aliquibus

224 601 438 634 communiter
473 606 527 632 aut
563 600 688 633 divisim
713 600 752 632 ab
776 600 887 633 eadem
924 602 965 633 sit

223 654 305 687 Sede
330 654 500 692 indultum,
519 653 603 696 quod
628 652 791 692 interdici,
810 653 962 696 suspendi

222 707 272 740 vel
291 706 563 739 excommunicari
583 716 648 738 non
672 705 811 748 possint¹
833 716 891 748 pcr
911 706 962 738 lit-

222 765 307 792 teras
331 757 529 800 apostolicas
554 768 619 790 non
645 758 801 791 facientes
832 759 961 801 plenam

221 817 254 845 et
278 821 466 854 expressam
492 822 528 844 ac
554 811 593 843 de
618 811 715 843 verbo
751 811 790 843 ad
828 812 962 844 verbum

221 865 261 899 de
286 864 414 897 indulto
440 864 627 909 huiusmodi
653 864 864 897 mentionem.

264 917 280 960 ἓ
315 916 345 950 9.
380 916 469 950 Nulli
503 927 580 959 ergo
618 917 752 950 omnino
789 917 960 950 hominum

220 969 316 1003 liceat
340 969 423 1003 hanc
449 969 599 1013 paginam
624 975 754 1003 nostrae
786 969 963 1002 absolutio-

221 1022 280 1062 nis,
305 1022 489 1061 sanctionis,
515 1022 697 1062 voluntatis,
723 1021 960 1065 declarationis,

221 1075 452 1115 concessionis,
469 1075 598 1114 indulti,
613 1076 820 1118 elargitionis
840 1076 961 1109 decreti

220 1138 258 1162 ac
282 1128 503 1171 derogationis
529 1129 725 1171 infringere,
749 1130 797 1162 vel
827 1129 855 1162 ei
883 1140 961 1162 ausu

221 1182 394 1216 temerario
419 1182 603 1223 contraite,
633 1183 658 1215 si
680 1183 750 1226 quis
768 1189 876 1216 autem
901 1183 961 1217 hoc

221 1241 380 1269 attentare
408 1237 673 1279 praesumpserit,
701 1236 960 1279 indignationem

220 1291 455 1334 omnipotentis
480 1291 536 1323 Dei
562 1302 599 1323 ac
622 1292 792 1324 beatorum
816 1292 901 1324 Petri
930 1298 961 1324 et

221 1344 311 1377 Pauli
339 1344 561 1387 apostolorum
595 1343 664 1376 eius
696 1354 728 1376 se
762 1344 889 1377 noverit
912 1344 960 1376 in-

220 1407 403 1429 cursurum.

264 1450 379 1483 Datum
405 1450 543 1491 Rornae,
576 1451 664 1494 apud
691 1451 721 1484 S.
745 1448 875 1485 Maria‘m
897 1453 958 1486 Ma-

220 1502 346 1543 iorem,
376 1513 460 1537 anno
502 1503 737 1537 lncarnationis
781 1505 958 1538 dominicae

218 1564 379 1596 Mnccxxv,
393 1565 435 1590 vn
453 1556 525 1589 idus
543 1556 622 1597 iulii,
639 1557 844 1600 pontificatus
858 1559 958 1591 nostri

219 1619 303 1643 anno
328 1619 362 1643 11.

253 1671 315 1699 Dat.
337 1671 382 1700 die
402 1671 418 1698 8
437 1671 495 1699 iulii
517 1672 594 1704 1725,
613 1672 714 1706 pontif.
733 1681 806 1701 anno
820 1680 850 1701 11.

515 1788 648 1821 LXXXI.

222 1858 444 1901 Confirmatur
468 1864 495 1892 et
519 1860 698 1892 innovatur
727 1861 842 1893 erectio
866 1860 957 1893 eccle-

260 1912 328 1944 siae
351 1911 482 1945 Setz'rzae
506 1913 540 1944 in
559 1913 787 1953 cathedralem,
808 1914 960 1946 eiusdem-

260 1975 322 2008 que
345 1965 425 1998 unio
450 1976 518 1998 cum
544 1965 675 1998 ecclesia
694 1967 919 1999 Terracinensi
934 1967 954 1999 ².

400 2036 583 2064 Benedictus
605 2037 776 2071 episcopus,

406 2088 514 2107 servus
530 2088 687 2108 servorum
703 2082 765 2113 Dei,

334 2124 371 2151 ad
392 2128 569 2158 perpetuam
588 2125 634 2152 rei
653 2126 838 2152 memoriam.

261 2186 358 2229 Regis
384 2186 508 2230 pacifici
529 2186 614 2220 vices
631 2198 825 2231 quamquam
845 2188 957 2222 imme-

217 2238 269 2272 riti
295 2243 449 2282 gerentes
467 2239 499 2273 in
526 2240 631 2281 terris,
651 2241 737 2274 inter
762 2246 870 2274 cetera
889 2252 956 2274 cor-

253 2304 263 2328 ¹
285 2300 357 2328 Edit.
378 2301 457 2328 Maio.
480 2302 545 2336 legit
561 2303 651 2337 possit
670 2306 709 2337 (n.
731 2304 779 2337 T).

250 2345 266 2373 2
286 2345 398 2373 Constit.
416 2346 481 2372 edit.
503 2349 645 2380 MDCCxxv‘,
668 2347 711 2373 (lie
730 2347 764 2372 ⁶23
784 2347 867 2380 iunii,
889 2355 956 2382 pon-

216 2390 255 2417 tif.
276 2396 306 2424 11,
327 2393 446 2416 erectum
467 2389 515 2415 suit
530 2390 658 2424 oppidum
679 2389 848 2416 Pontiscurvi
868 2390 896 2416 in
918 2390 956 2416 ci-

214 2434 336 2467 vitatem,
357 2434 470 2468 eiusque
490 2433 632 2467 collegiata
651 2434 678 2460 in
699 2433 901 2467 cathedralem3
932 2438 959 2460 et

215 2483 301 2506 const.
322 2478 388 2506 edit.
408 2484 572 2510 unccxxvm,
593 2478 636 2505 die
657 2479 689 2505 15
709 2479 875 2512 novembris,
891 2487 958 2515 pon-

215 2522 254 2549 tir.
268 2531 292 2553 v,
306 2521 426 2556 'erigitur
445 2526 517 2549 terra
533 2521 657 2548 Fabi-iani
678 2522 704 2548 in
724 2522 871 2556 civitatem,
888 2523 957 2550 eius-

215 2574 267 2601 que
287 2565 428 2601 collegiata
447 2565 473 2592 S.
494 2565 620 2592 Venantii
640 2565 665 2591 in
686 2565 878 2600 caspedralem.

299 2620 379 2647 Buzt.
402 2620 484 2647 Rom.
508 2634 541 2639 —
566 2620 624 2647 Vol.
647 2618 738 2647 XXII.
883 2621 916 2648 29

1639 176 1702 208 2⁹25
1748 185 1798 212 An.
1820 184 1849 212 c.
1870 184 1942 211 1725

1010 234 1057 267 dis
1096 236 1197 268 nostri
1234 234 1483 275 desiderabilia,
1511 235 1588 268 illud
1615 234 1750 266 sinceris

1009 297 1139 330 semper
1165 293 1353 331 exoptamus
1378 287 1552 327 affectibus,
1579 292 1612 319 ut
1636 297 1749 331 perso-

1008 349 1068 371 nae
1094 339 1346 380 ecclcsiasticae,
1373 340 1566 383 praesertim
1599 340 1749 383 capitulis

1008 392 1242 425 cathedralium
1275 393 1484 426 ecclesiarum
1519 393 1664 426 addictae
1702 393 1748 426 di-

1009 443 1152 486 vinisque
1174 445 1338 487 obsequiis
1362 446 1566 486 famulantes,
1591 451 1666 479 vota
1692 457 1748 479 sua

1007 495 1038 527 in
1065 497 1152 539 pacis
1180 498 1376 530 amoenitate
1407 498 1568 531 Altissimo
1598 500 1747 540 reddant,

1006 559 1043 581 ac
1068 549 1238 582 unanimes
1269 555 1301 582 et
1324 560 1389 582 uno
1414 561 1469 584 ore
1494 550 1593 583 Deum
1627 552 1748 593 glorifi-

1007 608 1092 634 cent.
1119 601 1331 644 Quapropter,
1348 602 1372 635 si
1399 614 1479 646 quae
1497 614 1555 646 pro
1581 603 1692 636 litibus
1717 609 1748 637 et

1006 655 1233 687 controversiis
1268 655 1354 688 inter
1385 665 1437 688 eas
1467 656 1746 699 superseminante

1006 707 1129 740 zizania
1166 708 1298 740 humani
1336 709 1466 750 generis
1502 710 1596 742 hoste
1628 710 1747 743 exortis

1006 759 1183 792 evellendis
1214 760 1406 804 penitusque
1440 760 1637 803 extirpandis
1669 762 1746 794 alias

1006 811 1224 844 concessimus
1249 817 1281 844 et
1306 812 1519 852 indulsimus,
1545 813 1621 850 illa,
1647 824 1686 846 ne
1713 813 1746 847 in

1005 864 1165 897 recidivae
1185 865 1404 897 contentionis
1421 865 1530 898 vitium
1551 866 1658 899 denuo
1673 877 1746 909 pro-

1005 917 1166 957 labantur,
1194 919 1392 961 apostolicae
1417 925 1548 952 nostrae
1578 919 1746 952 confirma-

1007 970 1116 1009 tionis,
1144 971 1388 1010 declarationis,
1419 982 1454 1004 ac
1479 981 1581 1004 novae
1608 982 1747 1004 ‚conces-

1005 1022 1106 1055 sionis
1143 1023 1321 1057 munimine
1355 1024 1571 1063 roboramus,
1596 1035 1632 1057 ac
1666 1025 1744 1057 alias

1005 1074 1146 1119 desuper
1171 1076 1341 1120 pastoralis
1368 1077 1463 1110 officii
1491 1077 1590 1110 nostri
1617 1083 1742 1120 partes,

1004 1136 1156 1172 quantum
1183 1130 1278 1162 nobis
1304 1130 1410 1162 divina
1437 1130 1650 1173 dispositione
1671 1142 1746 1163 con-

1004 1183 1140 1223 ceditur,
1155 1183 1266 1216 sedulo
1285 1183 1515 1226 impendimus
1535 1190 1569 1217 ut
1585 1195 1745 1228 personae

1003 1236 1092 1279 ipsae
1119 1237 1355 1269 ecclesiasticae
1387 1237 1419 1269 in
1453 1238 1540 1280 pacis
1571 1243 1601 1270 et
1626 1239 1743 1281 quietis

1004 1289 1176 1322 dulcedine
1208 1290 1394 1333 tranquillis
1425 1291 1587 1323 mentibus
1619 1299 1744 1334 gratum

1004 1342 1170 1375 Altissimo
1188 1342 1378 1386 impendere
1399 1344 1525 1376 valeant
1544 1344 1741 1377 famulatum.

1046 1397 1060 1439 ξ
1084 1395 1112 1427 1.
1131 1396 1206 1429 Cum
1233 1396 1341 1439 itaque
1368 1407 1425 1429 nos
1451 1407 1563 1439 nuper,
1584 1408 1640 1440 per
1661 1398 1739 1431 alias
1779 1408 1808 1427 Ab
1824 1408 1864 1428 hoc
1883 1409 1935 1429 pon-

1753 1434 1807 1454 utica
1839 1435 1935 1455 itus-tara-

1002 1454 1129 1481 nostras
1174 1449 1297 1481 litteras
1338 1449 1396 1482 sub
1446 1450 1554 1482 datum
1592 1450 1937 1508 videlicetinuhsmpqelctffi

1001 1500 1148 1533 Laterani
1174 1511 1259 1533 anno
1289 1500 1526 1534 Incarnationis
1559 1502 1740 1536 dominicae
1753 1494 1799 1533 «εἶξε
1826 1514 1937 1534 cathedra-

1001 1564 1157 1593 iinccvxv,
1176 1554 1271 1586 tertio
1291 1554 1445 1587 kalendas
1467 1555 1550 1595 maii,
1577 1541 1935 1598 pontifica-iifffleiiiiffsi'isl
1952 1588 1953 1591 ,

1002 1613 1049 1639 tus
1077 1607 1177 1640 nostri
1196 1618 1280 1640 anno
1304 1618 1311 1640 1
1338 1607 1531 1650 expeditas',
1559 1615 1646 1642 motu
1673 1596 1824 1652 pro-nllauL

1000 1660 1073 1704 prio
1099 1665 1212 1692 nostro
1230 1660 1316 1693 inter
1334 1666 1442 1693 cetera
1468 1661 1740 1696 declaraverimus

1000 1713 1170 1746 ecclesiam
1196 1713 1338 1746 Setinam
1365 1714 1585 1747 cathedralem
1623 1716 1741 1748 extitis-

1000 1776 1032 1798 se
1059 1771 1121 1798 tam
1155 1770 1328 1809 antequam
1368 1767 1480 1799 eadem
1512 1768 1650 1800 ecclesia
1683 1767 1739 1801 Se-

1002 1818 1066 1851 tina
1091 1829 1107 1850 a
1128 1818 1231 1851 felicis
1256 1819 1494 1852 recordationis
1519 1820 1664 1853 Honorio
1688 1821 1740 1854 Pa-

1000 1882 1040 1915 pa
1065 1871 1103 1903 ΙΙΙ
1128 1871 1380 1915 praedecessore
1406 1877 1517 1905 nostro
1552 1873 1642 1906 unita
1668 1874 1739 1907 suis-

1001 1930 1047 1956 set
1072 1924 1228 1957 ecclesiae
1253 1924 1475 1958 Terracinensi
1493 1952 1500 1965 ,
1528 1936 1624 1969 quam
1655 1932 1739 1969 post-

1001 1988 1094 2020 quam
1115 1978 1227 2010 eadcm
1247 1979 1383 2010 ecclesia
1399 1977 1506 2011 Setina
1532 1990 1549 2011 a
1574 1979 1739 2022 praedicto

1000 2031 1144 2063 Honorio
1170 2030 1424 2074 praedecessore
1451 2031 1555 2064 eidem
1581 2033 1737 2066 ecclesiae

1000 2083 1223 2117 Terracinensi
1260 2084 1350 2116 unita
1385 2084 1510 2124 suerat,
1537 2095 1573 2117 ac
1598 2085 1737 2125 demum,

1001 2137 1125 2170 etiamsi
1151 2137 1317 2180 praedicta
1353 2137 1489 2170 ecclesia
1524 2137 1633 2170 Setina
1659 2149 1739 2171 nun-

1001 2200 1094 2233 quam
1119 2189 1314 2222 cathedralis
1332 2189 1502 2230 extitisset,
1527 2190 1738 2224 nihilominus

1000 2243 1148 2276 eamdem
1174 2243 1342 2276 ecclesiam
1369 2243 1511 2276 Setinam
1537 2244 1575 2277 de
1602 2255 1683 2277 novo
1706 2245 1738 2277 in

1000 2296 1220 2328 cathedralem
1247 2296 1455 2335 erexerimus,
1471 2306 1608 2339 eamque
1635 2298 1737 2331 dictae

998 2348 1154 2381 ecclesiae
1178 2348 1401 2380 Terracinensi
1427 2359 1529 2392 aeque
1554 2349 1739 2393 principali-

1000 2406 1047 2433 ter
1077 2405 1236 2444 perpetuo
1270 2400 1486 2442 univerimus‚
1513 2407 1608 2444 prout
1644 2403 1738 2436 latius

999 2453 1093 2486 dictis
1120 2453 1236 2485 litteris
1261 2453 1466 2493 continetur3

1044 2506 1059 2548 ἓ
1083 2504 1113 2537 2.
1134 2505 1276 2548 Cumque
1295 2516 1331 2538 ex
1352 2507 1517 2540 nonnullis
1536 2508 1735 2551 supplicibus
1775 2513 1930 2540 Causaeprae·

1037 2568 1045 2594 1
1070 2565 1186 2595 Litterae
1207 2565 1358 2595 huiusmodi
1378 2567 1475 2596 desunt
1494 2569 1532 2605 (n.
1554 2570 1603 2604 τ.).
