2170 3147
234 206 286 233 An.
302 206 330 230 C.
355 204 421 231 ¹725

469 195 531 228 1198

425 252 546 289 Ordini,
574 262 752 294 eorumque
778 251 929 284 tratribus
951 257 982 284 et
1007 253 1168 295 personis,

427 305 484 337 sub
510 304 769 348 quibuscumque
794 305 965 337 verborum
1005 305 1170 338 tenoribus

429 363 457 390 et
486 357 611 394 formis,
639 367 674 389 ac
699 368 770 389 cum
796 357 967 401 quibusvis
996 358 1091 390 etiam
1114 359 1169 391 de-

427 411 664 453 rogatoriarum
691 410 917 453 ‹lerogatoriis,
943 410 1079 454 aliisque
1101 410 1168 444 esli-

427 463 622 503 cacioribus,
637 463 868 496 efficacissimis
887 470 919 497 et
932 464 1074 497 insolitis
1088 466 1170 498 clau-

427 516 515 557 sulis,
536 516 807 560 irritantibusquc
823 523 854 549 et
872 517 942 549 aliis
969 517 1118 557 decretis,
1137 518 1169 549 in

430 580 548 612 genere
575 571 625 603 vel
663 570 693 602 in
725 571 848 613 specie,
868 582 905 603 ac
938 571 1016 603 alias
1048 570 1079 603 in
1100 581 1171 604 con-

429 623 562 656 trarium
575 623 826 666 praemissorum
841 623 1090 666 quomodolibet
1100 634 1171 656 con-

428 676 541 715 cessis,
567 675 768 708 confirmatis
789 682 816 709 et
845 676 1025 716 innovatis;
1054 676 1170 719 quibus

428 730 580 762 omnibus
599 735 630 763 et
647 729 796 772 singulis,
817 729 939 762 etiamsi
960 740 1019 773 pro
1042 730 1171 762 illorum

428 782 600 816 sufficienti
627 783 841 825 derogatione
877 782 916 816 de
954 782 1016 815 illis
1047 793 1173 815 eorum-

428 846 490 880 que
513 837 586 870 totis
614 836 783 870 tenoribus
808 836 975 879 specialis,
1000 836 1171 880 specifica,

429 900 581 934 expressa
609 895 641 924 et
665 890 849 930 individua,
876 902 912 923 ae
946 890 984 923 de
1010 890 1108 924 verbo
1134 890 1173 923 ad

428 943 570 984 verbum,
597 954 661 977 non
688 949 794 977 autem
815 954 873 988 per
898 945 1058 977 clausulas
1078 954 1175 987 gene-

428 997 512 1029 rales
526 996 611 1030 idem
627 996 850 1040 importante&
866 997 985 1031 mentio
1004 1008 1061 1030 seu
1081 1008 1175 1041 quae-

428 1051 473 1083 vis
510 1051 572 1083 alia
596 1051 764 1094 expressio
802 1051 953 1083 habenda
987 1056 1042 1084 aut
1067 1052 1175 1094 aliqua

428 1103 491 1136 alia
516 1103 677 1147 exquisita
711 1104 813 1137 forma
852 1104 889 1137 ad
923 1105 984 1137 lioc
1018 1104 1175 1137 servanda

430 1157 522 1197 soret,
544 1162 672 1190 tenores
691 1157 893 1197 huiusmodi,
912 1169 948 1191 ac
969 1158 995 1191 si
1017 1158 1055 1191 de
1074 1159 1175 1191 verbo
1195 1179 1197 1189 .

428 1210 467 1244 ad
494 1211 639 1251 verbum,
658 1211 741 1245 nihil
760 1211 891 1254 penitus
911 1211 1032 1244 omisso
1058 1217 1089 1244 et
1113 1211 1175 1244 sor-

428 1266 478 1297 ma
515 1265 546 1297 in
585 1265 647 1298 illis
684 1265 798 1298 tradita
836 1265 1022 1305 observata,
1060 1265 1174 1298 inserti

429 1317 545 1359 forent,
571 1318 799 1362 praesentibus
825 1329 883 1362 pro
910 1320 1005 1362 plene
1033 1323 1064 1351 et
1089 1319 1176 1352 susti-

429 1371 555 1405 cienter
586 1372 749 1416 expressis
776 1378 807 1405 et
833 1372 963 1405 insertis
999 1373 1172 1414 habentes

429 1425 492 1458 illis
518 1426 594 1459 alias
631 1425 661 1458 in
699 1437 758 1460 suo
784 1426 901 1459 robore
928 1427 1174 1470 permansuris,

429 1479 467 1512 ad
508 1480 764 1523 praemissorum
802 1480 973 1521 effectum,
1011 1481 1071 1513 hac
1107 1481 1175 1514 vice

430 1533 608 1573 dumtaxat,
637 1534 826 1578 specialiter
853 1539 884 1567 et
909 1545 1060 1578 expresse
1080 1535 1174 1568 dero-
1195 1557 1196 1565 1

430 1597 564 1630 gamus,
600 1598 634 1620 ac
668 1588 859 1630 derogatum
899 1599 968 1621 esse
1006 1589 1197 1629 voliinius3=

430 1640 612 1684 ceterisque
638 1641 810 1674 contrariis
832 1641 1100 1685 quibuscumque.

430 1748 551 1780 annulo
575 1747 758 1789 piscatoris,
778 1748 829 1781 die
847 1759 903 1781 xxx
925 1748 997 1780 maii
1017 1758 1175 1788 iiocexxv,

431 1800 638 1844 pontificatus
663 1801 766 1834 nostri
793 1812 877 1835 anno
905 1801 943 1834 ι’.

467 1862 528 1889 Dat.
548 1863 593 1890 die
614 1863 648 1891 30
669 1863 730 1891 maii
753 1864 830 1898 ¹725,
852 1863 950 1899 pontif.
973 1872 1045 1891 anno
1067 1870 1092 1890 ιι.

738 2006 870 2040 LXXIII.

433 2078 671 2121 Confirmatur,
708 2078 896 2111 declaratur
928 2082 956 2111 ec
991 2077 1175 2121 ampliatur

475 2131 662 2164 constitutio
704 2131 855 2174 Greqoriz‘
896 2130 979 2164 XIV
1012 2131 1174 2174 excipiens

475 2183 593 2217 delicta
618 2188 646 2217 el
671 2194 763 2217 casus
783 2184 817 2216 in
837 2183 958 2227 quibus
982 2183 1174 2226 delinquen-

479 2240 522 2269 tes
547 2236 625 2270 laici
642 2237 857 2270 ecclesiastiea
880 2236 1092 2270 immunitate
1109 2246 1174 2269 non

476 2289 653 2333 qaudenffl.

471 2387 478 2412 1
505 2386 543 2413 Ab
563 2386 695 2414 electione
715 2395 785 2415 anno
806 2394 823 2415 tl
842 2390 880 2421 (n.
897 2388 948 2420 τ.).

468 2432 484 2459 2
500 2432 634 2460 Laudatae
650 2432 728 2468 Greg.
743 2433 799 2459 xlv
810 2436 897 2460 const.
910 2432 1026 2468 epitome
1038 2432 1080 2458 hic
1092 2436 1174 2459 extat.

433 2476 578 2504 Clementis
590 2476 622 2503 XI
634 2481 720 2503 const.
733 2485 766 2502 an
791 2483 918 2509 mncuxvi,
935 2476 1096 2511 pontif.xv1,
1109 2484 1174 2503 eon-

433 2521 569 2547 firmatum
590 2520 639 2546 suit
666 2521 802 2555 quoddam
830 2521 971 2548 decretum
998 2524 1091 2547 contra
1111 2529 1175 2547 eon·

433 2565 517 2592 iectos
537 2565 563 2591 in
584 2572 718 2598 carceres,
739 2565 887 2600 allegantes
907 2573 934 2591 se
956 2573 970 2592 a
991 2565 1057 2592 locis
1077 2565 1176 2592 immu-

434 2609 514 2636 nibus
535 2617 593 2636 esse
615 2612 756 2637 extractos.

1013 202 1192 227 euLL-xmtut
1217 202 1234 226 r.
1240 202 1371 227 OMANUM

1391 252 1574 279 Benedictus
1595 252 1776 286 Episcopus,

1403 304 1511 324 servus
1532 304 1686 324 servorum
1706 296 1768 328 Dei,

1314 344 1350 368 ad
1380 345 1561 375 perpetuam
1589 342 1635 369 rei
1664 342 1852 369 memoriam.

1259 412 1299 445 Ex
1320 423 1398 456 quo,
1416 412 1523 446 divina
1545 413 1742 456 disponente
1770 412 1955 451 clementia,

1191 489 1193 501 ,
1214 466 1251 498 ad
1278 476 1467 509 supremum
1487 465 1623 498 universi
1647 465 1817 498 christiani
1839 463 1954 508 populi

1194 1824 1197 1860 l

1194 1864 1197 1892 t

1214 519 1360 562 regimen
1387 519 1544 562 assumpti
1580 518 1710 557 suimus,
1743 517 1956 551 consideran·

1216 577 1261 605 tes
1284 572 1439 611 debitum,
1464 582 1528 615 quo
1546 571 1836 613 obstringehamur
1853 571 1956 604 eccle-

1214 625 1332 658 siarum
1359 635 1592 668 sacrorumque
1624 625 1770 657 locorum
1805 623 1954 657 immuni-

1217 684 1313 712 tatem
1334 684 1452 711 sartam
1477 683 1591 711 tectam
1611 677 1866 721 inviolatamque
1885 677 1956 710 ubi-

1216 743 1278 777 que
1297 732 1520 771 custodiendi,
1548 732 1633 764 inter
1659 731 1824 775 graviores
1847 741 1955 764 susce-

1216 786 1261 830 pti
1299 784 1474 829 apostolici
1511 784 1684 818 ministerii
1719 794 1811 817 curas
1842 783 1956 817 merito

1218 838 1397 879 recenseri,
1423 838 1476 871 diu
1511 840 1718 882 multumque
1752 838 1894 871 rationes
1921 847 1956 870 ac

1218 892 1323 925 media
1348 892 1518 925 nobiscum
1546 892 1732 935 expendere
1759 902 1823 924 non
1850 891 1957 925 omisi-

1218 956 1299 985 mus,
1326 945 1444 988 quibus
1477 945 1545 988 ipsa
1583 944 1768 978 immunitas
1794 944 1824 977 in
1851 943 1958 988 pristi-

1217 1009 1292 1032 num
1318 998 1537 1031 venerationis
1564 1003 1595 1030 et
1620 997 1823 1031 reverentiae
1848 998 1956 1030 locum

1219 1053 1346 1086 restitui
1382 1057 1501 1096 posset,
1539 1063 1574 1085 ac
1611 1051 1642 1084 in
1680 1052 1833 1084 omnibus
1869 1050 1958 1084 orbis

1218 1106 1368 1139 catholici
1407 1105 1598 1148 regionibus
1637 1105 1679 1138 ita
1716 1106 1955 1144 observaretur,

1219 1158 1492 1203 quemadmodum
1518 1158 1626 1201 prisca
1652 1158 1706 1192 illa
1729 1158 1887 1191 maiorum
1905 1168 1960 1190 no-

1219 1218 1359 1245 strorum
1391 1211 1561 1255 disciplina
1593 1216 1624 1245 et
1660 1218 1752 1244 vetus
1785 1210 1960 1244 canoniea-

1218 1277 1287 1299 rum
1313 1266 1516 1300 sanctionum
1543 1276 1657 1299 norma
1682 1265 1905 1309 praescripsit.

1263 1320 1277 1363 g
1303 1320 1331 1352 ’1.
1357 1319 1436 1352 Dum
1465 1320 1545 1352 hacc
1569 1319 1708 1353 sollicito
1727 1319 1833 1352 animo
1855 1318 1960 1352 revol-

1219 1384 1387 1413 veremus,
1426 1372 1456 1406 in
1492 1373 1604 1406 oeulos
1644 1373 1782 1416 primum
1824 1373 1960 1405 incurrit

1219 1427 1360 1460 celebris
1386 1427 1440 1460 illa
1466 1426 1656 1460 constitutio
1681 1437 1698 1459 a
1723 1425 1824 1459 felicis
1851 1436 1960 1459 recor-

1220 1481 1359 1515 dationis
1386 1480 1546 1524 Gregorio
1568 1480 1653 1524 Papa
1678 1479 1743 1512 XIV
1767 1479 1960 1523 praedeces-

1219 1546 1292 1568 sore
1325 1539 1434 1567 nostro
1469 1535 1574 1574 edita,
1612 1544 1695 1578 quae
1731 1533 1847 1578 incipit
1879 1533 1956 1567 Cum

1218 1588 1313 1629 olicis,
1348 1599 1409 1632 qua
1444 1588 1574 1632 quidem
1601 1587 1837 1620 constitutione
1872 1586 1959 1619 idern

1195 1643 1196 1651 ¹
1219 1641 1392 1685 Gregorius
1432 1641 1666 1684 praedecessor
1687 1667 1692 1680 ‚
1718 1650 1779 1684 pro
1805 1639 1958 1684 pastorali

475 1693 586 1727 Datum
614 1694 743 1734 Romae,
772 1695 854 1738 apud
888 1694 919 1727 S,
941 1695 1083 1735 Petrum,
1113 1696 1196 1728 sub¹

1219 1696 1288 1728 zelo
1312 1705 1370 1727 suo
1398 1694 1485 1726 hunc
1511 1694 1616 1737 ipsum
1641 1694 1672 1726 in
1699 1704 1833 1736 scopum
1859 1693 1959 1726 inten-

1219 1749 1309 1787 dens,
1337 1748 1502 1779 facultates
1523 1752 1554 1779 et
1574 1746 1709 1787 indulta,
1728 1757 1745 1779 a
1765 1745 1960 1790 quibusdam

1218 1801 1371 1835 Romanis
1396 1799 1620 1839 Pontificibus,
1654 1810 1690 1832 ac
1715 1799 1906 1843 praesertim
1942 1809 1959 1832 a

1218 1856 1249 1890 S.
1277 1856 1332 1888 Pio
1359 1856 1380 1887 V
1409 1860 1440 1887 et
1460 1854 1546 1886 Sixto
1568 1854 1662 1887 etiam
1681 1853 1704 1885 V
1728 1853 1959 1897 praedecesso-

1194 1915 1196 1924 *
1218 1909 1308 1942 ribus
1332 1909 1444 1942 itidem
1470 1908 1602 1947 nostris,
1619 1913 1693 1940 lune
1714 1907 1789 1947 suis,
1805 1916 1960 1940 concessa

1194 1969 1197 1992 θ
1218 1962 1382 2006 aliquibus
1409 1961 1611 2005 principibus
1641 1971 1820 2004 eorumque
1841 1959 1961 1993 officia·

1194 2012 1196 2014 ’
1218 2017 1301 2050 libus
1342 2021 1373 2049 et
1409 2014 1652 2057 magistratibus
1691 2012 1883 2046 extrahendi
1923 2022 1960 2045 ac

1219 2069 1402 2103 abducendi
1444 2069 1484 2101 ab
1522 2066 1670 2101 ecclesiis
1707 2066 1843 2110 aliisque
1881 2065 1959 2100 locis

1219 2123 1416 2156 immunibus
1443 2126 1608 2155 certorum
1635 2120 1807 2154 eriminum
1829 2130 1903 2153 reos
1928 2124 1960 2153 et

1219 2176 1460 2219 delinquentes,
1482 2174 1688 2215 reformavit,
1708 2174 1959 2218 moderatusque

1218 2228 1295 2268 suit,
1323 2227 1418 2260 simul
1445 2231 1572 2267 autem,
1591 2226 1784 2258 delictorum
1811 2225 1960 2269 frequen-

1219 2282 1290 2322 tiae,
1315 2281 1402 2314 unde
1428 2279 1559 2323 publica
1578 2279 1796 2323 tranquillitas
1821 2277 1958 2311 maxime

1193 2354 1197 2374 2
1218 2334 1441 2379 perturbatur,
1464 2343 1635 2367 occurrere
1661 2334 1785 2373 volenS,
1803 2342 1839 2366 ac
1857 2333 1960 2375 impe-

1219 2389 1309 2427 dire,
1336 2393 1492 2431 quantum
1519 2387 1655 2426 licebat,
1682 2397 1722 2420 ne
1748 2386 1855 2429 aliqua
1888 2395 1960 2429 gra-

1219 2442 1308 2474 viora
1341 2453 1358 2474 a
1391 2440 1498 2485 pravis
1524 2440 1715 2473 hominibus
1751 2443 1961 2483 patrarentur

1219 2496 1278 2527 sub
1305 2498 1394 2527 certa
1414 2494 1617 2537 impunitatis
1640 2504 1698 2537 spe
1720 2503 1814 2536 quam
1829 2503 1866 2525 ex
1886 2502 1960 2526 con-

1221 2549 1306 2591 fugio
1332 2548 1370 2581 ad
1405 2548 1475 2580 loca
1512 2546 1664 2579 immunia
1692 2545 1752 2579 sibi
1781 2546 1960 2589 parabant,

1219 2602 1377 2635 nonnulla
1404 2601 1564 2644 expressit
1580 2604 1611 2632 et
1630 2598 1799 2643 explicavit
1824 2599 1961 2638 crimina

1960 202 2009 230 An.
2025 203 2054 231 G.
2079 204 2144 233 1725

1994 423 2113 447 uxor-num.

1996 1327 2092 1353 Epitome
2105 1331 2152 1348 eon·

1938 1372 1944 1378 ,
1970 1355 2086 1375 stitutionis
2103 1353 2152 1374 Gr·-

1970 1381 2079 1407 goi-ianae.
