2170 3147
27 210 74 235 An·
91 208 119 235 C.
142 207 209 235 1725

34 1006 145 1028 Maniriatu
161 1014 197 1034 1v·u

14 1033 54 1054 bii
45 1036 86 1053 ciat
82 1039 101 1053 ιο
138 1039 175 1059 pra
178 1040 198 1055 e-

15 1062 66 1079 saim.
63 1066 103 1080 ium
116 1060 161 1081 litte
157 1067 196 1081 ·ιιι-

67 2174 190 2204 luti-guntur

7 2206 88 2227 poenae
104 2208 123 2221 in
139 2208 190 2222 cou-

8 2231 146 2249 iuveniores.

798 206 990 230 nnmenlcTus
1016 206 1070 230 xlii
1095 206 1142 229 PP.

218 254 293 288 totis
331 253 498 287 tenoribus
537 252 712 296 specialis,
739 252 888 295 specifica
922 259 953 286 et

216 307 389 347 individua,
415 318 451 340 ac
476 307 514 340 de
539 307 636 339 verbo
661 307 700 338 ad
724 306 867 346 verbum,
886 317 951 340 non

216 365 322 393 autem
343 370 403 403 per
422 360 581 392 clausulas
600 359 771 401 generales
793 358 877 391 idem
897 359 951 391 im-

216 417 405 456 portantes,
432 411 553 444 mentio
579 422 632 444 seu
660 411 790 454 quaevis
813 411 874 444 alia
899 422 951 443 ex-

214 465 342 509 pressio
362 464 511 497 habenda
525 468 578 496 aut
595 463 703 507 aliqua
718 463 777 496 alia
792 464 950 507 exquisita

213 519 315 552 forma
340 519 378 551 ad
405 518 467 551 hoc
492 517 650 550 servanda
686 517 766 549 soret
783 543 791 558 ‚
820 522 949 550 tenores

214 570 422 611 huiusmodi,
449 581 484 603 ac
510 570 535 602 si
562 570 602 603 de
628 570 725 603 verbo
752 570 788 602 ad
816 570 949 602 verbum

213 625 446 664 insererentur,
472 623 697 667 praesentibus
723 634 783 666 pro
804 624 899 665 plene
919 628 950 656 et

213 677 410 710 sufficienter
439 676 599 719 expressis
625 681 656 709 et
678 676 806 708 insertis
827 675 948 709 haben-
970 698 971 701 ι

213 736 270 770 tes,
288 729 351 763 illis
377 729 453 762 alias
479 729 509 761 in
537 740 596 762 suo
623 729 739 762 robore
762 739 946 772 permansu·
969 757 970 762 ,

211 783 264 823 ris,
290 783 328 816 ad
355 782 607 826 praemissorum
623 782 783 822 effectum,
802 782 862 814 hac
880 782 946 816 vice

211 836 382 876 dumtaxat,
409 835 596 879 specialiter
621 841 652 869 et
677 845 826 878 expresse
853 835 946 868 dero-
967 862 969 865 .

209 899 348 933 gamus,
388 889 569 932 ceterisque
607 888 775 922 contrariis
812 888 945 931 quibus-

208 953 358 986 cumque.

252 995 267 1038 ξ
291 994 322 1028 8.
350 995 388 1029 Ut
413 1000 520 1028 autem
546 999 732 1039 praesentes
758 995 884 1028 litterae
905 995 943 1028 ad
965 1004 966 1007 ’

965 1060 966 1065 ·
988 1048 1063 1081 ralis
1088 1048 1317 1082 sollicitudinis
1340 1059 1482 1089 munere,
1501 1060 1663 1082 sacrarum
1683 1050 1728 1082 lit-

209 1049 354 1081 omnium
380 1049 528 1082 notitiam
560 1049 686 1082 facilius
712 1049 884 1082 deveniant
913 1054 944 1082 et

207 1112 303 1136 nemo
330 1102 457 1135 illarum
482 1101 701 1144 ignorantiam
727 1103 867 1145 allegare
892 1114 943 1135 va—

207 1157 299 1197 leat,
326 1156 472 1188 volumus
498 1155 593 1196 illas,
620 1165 675 1188 seu
702 1166 812 1188 earum
839 1166 944 1190 exem-

206 1210 267 1253 pla,
287 1209 325 1242 ad
351 1209 454 1242 valvas
481 1208 640 1242 ecclesiae
666 1209 888 1243 Lateranensis
914 1217 944 1243 et

206 1316 426 1351 Cancellariae
459 1316 655 1359 apostolicae
681 1316 859 1360 Curiaeque
889 1328 943 1360 ge-

206 1370 324 1404 neralis
349 1370 382 1402 in
408 1369 513 1402 Monte
539 1368 718 1410 Citatorio,
748 1381 783 1402 ac
808 1371 840 1403 in
874 1371 941 1405 acie

205 1423 417 1466 Campissorac
444 1423 482 1455 (le
509 1422 603 1463 Urbe,
630 1429 663 1456 ut
689 1424 786 1456 moris
812 1430 870 1464 est,
897 1428 941 1458 al-

205 1476 259 1519 figi
285 1481 316 1509 et
340 1475 526 1520 publicari,

204 1648 241 1669 ac
265 1636 289 1670 si
322 1636 498 1680 unicuique
536 1647 647 1669 eorum
682 1637 872 1671 nominatim
910 1646 962 1672 et

203 1689 420 1733 personaliter
452 1689 617 1723 intimatae
652 1690 812 1723 fuissent:
840 1698 962 1736 utque

203 1743 389 1776 carumdem
413 1743 635 1786 praesentium
662 1744 747 1777 littei
750 1755 839 1777 ¹irum
860 1751 939 1778 tian
960 1749 962 1776 1
984 1743 1106 1776 vinciae
1132 1743 1209 1775 Tcir
1213 1753 1249 1775 ic
1275 1743 1409 1775 Laboris
1448 1743 1478 1775 in
1506 1753 1606 1785 regno
1642 1743 1736 1777 ’Νοι-ιι

201 1797 348 1840 sumptis,
375 1807 430 1830 seu
456 1797 621 1840 exemplis,
638 1798 734 1830 etiam
759 1798 880 1841 impie
874 1799 936 1839 sis,

200 1860 298 1883 manu
325 1849 458 1882 alicuius
496 1850 612 1882 notarii
649 1850 769 1893 publici
800 1852 939 1884 subscri-

200 1904 275 1948 ptis,
301 1909 332 1937 et
353 1903 461 1946 sigillo
488 1914 646 1947 personae
672 1904 702 1936 in
722 1906 961 1943 ecclesiastica

201 1957 358 2000 dignitate
395 1958 588 1991 constitutae
626 1958 756 1992 munitis
780 1986 787 1999 ‚
826 1960 937 1993 eadem

200 2010 321 2054 ubique
346 2010 426 2044 [ides
452 2011 483 2043 in
509 2011 629 2044 iudicio
656 2017 687 2044 et
723 2018 812 2045 extra
848 2013 939 2045 adhi-
959 2001 961 2013 ι

364 2074 446 2107 qnae
473 2064 698 2106 praesentibus
723 2065 938 2098 adhiberetur
959 2099 960 2121 ἢ
981 2116 1000 2149 S
1047 2116 1082 2149 E}
1560 2115 1565 2120 ι

1007 2143 1012 2149 .
1087 2118 1134 2149 iae
1169 2121 1199 2148 et
1238 2116 1453 2155 Suessanum,
1475 2116 1662 2158 provmciae
1689 2121 1720 2149 et

200 2063 337 2103 beatur,

200 2115 225 2148 si
251 2115 357 2148 forent
381 2114 544 2148 exhibitae
569 2115 616 2147 vel
642 2121 803 2149 ostensae.

244 2170 259 2213 ἓ
283 2168 314 2202 9.
342 2168 426 2202 Nulli
452 2179 530 2211 ergo
556 2169 689 2202 omnino
716 2170 882 2203 hominum
904 2161 960 2215 li-i

959 2218 1084 2254 *vincia
1108 2222 1227 2255 Terrae
1252 2221 1384 2253 Laboris
1409 2227 1567 2264 perpetuo
1593 2231 1719 2264 separa-

199 2227 279 2261 ceat,
292 2221 374 2254 hanc
386 2221 537 2264 paginam
553 2227 736 2255 nostrarum
752 2224 938 2264 sanctionis,

199 2274 423 2315 institutionis,
448 2275 621 2318 praecepti,
649 2277 833 2319 voluntatis,
853 2289 938 2310 man-
958 2267 960 2313 ι
980 2274 1081 2307 vimus
1123 2279 1154 2307 et
1193 2273 1517 2313 dismembravimus,

958 2319 1160 2360 ἴ(ῑοιινοιιῐιις
1192 2336 1263 2358 cum
1296 2325 1438 2368 grangiis
1475 2326 1650 2369 praedictis
1675 2326 1719 2358 sic

199 2329 278 2370 dati,
304 2328 428 2362 decreti
447 2334 478 2361 et
503 2329 724 2372 derogationis
750 2330 936 2372 insi-ingere,

200 2383 250 2416 vel
266 2382 296 2415 ei
314 2392 394 2415 ausu
420 2382 594 2415 temerario
620 2384 799 2424 contraire,
819 2385 845 2417 si
867 2384 938 2427 quis
958 2369 960 2399 ἰ

552 1476 663 1519 sicque
699 1477 876 1520 publicatas
913 1484 942 1511 et

205 1529 334 1570 affixas,
361 1539 473 1562 omnes
499 1534 530 1561 et
555 1529 698 1572 singulos
715 1557 722 1570 ,
756 1541 835 1574 quos
867 1531 940 1564 illae

205 1588 420 1623 concernunt,
445 1583 578 1627 perinde
605 1588 727 1617 arctare
753 1590 784 1617 et
802 1584 939 1626 asticere,
962 1593 963 1630 ι

1627 194 1691 227 2185
1739 204 1783 229 ιιιι,
1809 202 1837 228 (ι.
1862 202 1927 229 17-25

1041 253 1154 286 Datum
1182 254 1312 293 Romae,
1330 253 1414 297 apud
1435 252 1466 286 S.
1488 253 1629 292 Petrum,
1648 262 1733 285 anno

996 306 1232 340 incarnationis
1251 305 1434 339 dominicae
1447 314 1603 346 iiiimxxv,
1617 315 1667 338 xw
1685 306 1734 338 ka-

996 360 1107 392 lendas
1133 359 1221 399 iunii,
1245 359 1451 402 pontificatus
1477 359 1578 392 nostri
1601 370 1683 392 anno
1710 370 1730 392 1.

1031 420 1090 447 Dat.
1114 420 1157 447 die
1181 421 1212 447 ¹9
1231 421 1294 448 maii
1318 421 1395 455 1725,
1417 421 1518 457 pontif.
1541 430 1611 449 anno
1628 429 1647 448 1.

1318 537 1407 570 LXX.

970 626 972 638 .
993 607 1146 650 Eriyitur
1170 611 1341 639 conventus
1360 608 1502 641 Carmeli
1521 609 1657 640 maioris
1679 608 1732 642 Or·-

1037 660 1125 692 dinis
1140 660 1392 694 Carmelitarum
1409 661 1595 703 proi-inciae
1611 661 1732 703 Neapo-

1039 713 1162 745 titanae
1188 713 1220 744 iu
1247 713 1420 756 colleyium
1446 713 1549 745 studii
1568 714 1730 755 quaerulis

1034 775 1092 808 pro
1111 766 1290 808 provinciis
1306 767 1399 809 requi
1418 766 1630 808 Neapolitani
1647 767 1730 798 eius-

1036 819 1105 851 dem
1124 818 1259 852 Ordinis
1273 829 1343 851 cum
1359 819 1556 862 quibusdam¹
1575 819 1695 862 Ieyibus
1706 819 1726 852 ¹.

1168 889 1350 917 Benedictus
1372 890 1452 923 Papa
1472 890 1549 919 xm,

1109 934 1144 961 ad
1165 937 1342 968 perpetuam
1363 934 1407 961 roi
1427 934 1612 961 memoriam.

1032 995 1073 1028 Ex
1100 995 1273 1029 commisso
1299 995 1395 1029 nobis
1430 995 1582 1029 divinitus
1619 1001 1727 1039 pasto-
1765 1004 1886 1027 amanum.

989 1108 1128 1135 terarum
1165 1112 1200 1134 ac
1232 1102 1445 1136 laudabilium
1484 1102 1726 1145 disciplinarum

987 1156 1109 1195 studia,
1148 1156 1344 1199 praesertim
1380 1156 1465 1188 inter
1498 1156 1727 1189 christifideles

987 1209 1104 1242 divinis
1142 1209 1306 1253 obsequiis
1339 1209 1397 1242 sub
1434 1209 1519 1242 suavi
1557 1210 1725 1252 religionis

206 1263 358 1296 basilicae
380 1261 536 1306 Principis
555 1263 794 1306 Apostolorum,
815 1274 941 1296 necnon
963 1267 965 1306 ζ
986 1262 1062 1304 iugo
1088 1262 1244 1301 addictos,
1265 1262 1457 1305 opportunis
1476 1263 1655 1295 rationibus
1673 1273 1726 1295 ex-

963 1316 1120 1348 ''citamus
1146 1321 1176 1348 et
1210 1327 1450 1359 promovemus,
1477 1316 1570 1356 sicut,
1600 1318 1726 1348 matura

963 1383 964 1386 ¹
986 1369 1223 1403 deliberatione
1250 1369 1406 1409 adhibita,
1433 1370 1471 1402 ad
1490 1369 1725 1413 omnipotentis

963 1423 1040 1456 §Dei
1067 1423 1215 1465 gloriam,
1242 1423 1409 1465 religionis
1443 1423 1539 1455 decus
1567 1429 1597 1455 et
1622 1423 1725 1456 incre-

985 1483 1139 1516 mentum,
1157 1488 1193 1510 ac
1215 1477 1396 1510 catholicae
1424 1476 1498 1509 fidei
1525 1477 1722 1519 praesidium

985 1536 1015 1562 et
1052 1530 1321 1573 propagationem
1363 1530 1538 1563 salubriter
1571 1531 1724 1573 expedire

984 1583 1016 1615 in
1029 1583 1176 1658 QDomino
1201 1583 1407 1615 arbitramur.

1028 1637 1095 1679 {ul
1113 1637 1222 1678 Nupei
1247 1637 1328 1679 siqui
1323 1637 1419 1675 deni,
1437 1638 1475 1669 ad
1495 1638 1560 1669 sid
1564 1638 1636 1669 uidi
1655 1638 1722 1669 ani·
1761 1677 1806 1693 u,
1833 1676 1906 1700 praedi

984 1701 1109 1723 morum
1137 1690 1282 1729 dissidia,
1311 1701 1393 1733 quae
1412 1690 1496 1722 intel
1522 1690 1634 1723 hahes
1653 1702 1722 1733 ιιι-ο
1733 1679 1778 1746 ἶιιι-
1780 1727 1784 1746 ¹
1800 1706 1838 1721 ιιιιι
1835 1709 1918 1752 „lqui-

1741 1734 1744 1743 ¹
1763 1734 1777 1745 Ἢ
1834 1735 1880 1748 illl<

1830 1761 1841 1774 a
1866 1757 1894 1775 'l'e
1885 1762 1915 1775 ei·-

960 1797 1129 1840 politano
1160 1795 1288 1828 Oidinis
1322 1796 1355 1828 B.
1391 1795 1506 1828 itt-uiae
1539 1796 1577 1828 (le
1614 1796 1735 1829 Monte
1733 1780 1918 1837 teoLrii'ffsfzii'ss'

1837 1841 1859 1853 ..
1909 1846 1916 1851 .

1731 1838 1777 1878 ΙΙΙΘΙΠ

960 1846 1127 1883 Caimclo
1154 1848 1409 1887 inteicedebzffint
1436 1855 1627 1881 conventum
1647 1848 1668 1881 C
1673 1860 1720 1881 tir-
1733 1865 1756 1878 ι·
1765 1866 1831 1885 „mm
1826 1850 1878 1880 sn.

982 1902 1055 1935 meli
1082 1902 1212 1935 maioris
1238 1906 1459 1944 nuncupatum
1479 1901 1614 1934 citit-itis
1641 1886 1916 1935 Vei-“ieiiffiimiiffiw

959 1946 1156 1999 politanae,
1175 1966 1246 1988 cum
1264 1956 1375 1988 decem
1395 1954 1462 1987 eius
1484 1955 1636 1997 giangiis,
1661 1966 1720 1989 nee

982 2020 1047 2042 non
1089 2009 1232 2053 quinque
1259 2008 1340 2041 alios
1365 2013 1567 2049 conventus,
1595 2008 1720 2042 scilicet

983 2064 1020 2096 de
1055 2062 1265 2095 Pomisiliano
1280 2089 1287 2102 ‚
1325 2061 1446 2094 d’Arco
1460 2088 1467 2102 ‚
1494 2061 1694 2095 Castrimaris
1710 2090 1717 2103 ,

1771 1647 1799 1666 Nu
1790 1654 1825 1672 ιιι
1818 1653 1839 1667 ϊ
1868 1654 1917 1668 con·

981 2170 1109 2203 Ordinis
1145 2169 1410 2213 praedictorum,
1437 2169 1476 2201 ab
1503 2167 1617 2201 eadem
1644 2180 1719 2212 pro-

1562 2273 1718 2317 ipsosque

980 2385 1147 2423 separatos
1174 2383 1206 2411 et
1235 2379 1509 2419 dismembratos‚
1536 2379 1568 2411 in
1602 2389 1718 2412 novam

199 2438 305 2466 autem
330 2433 392 2466 hoc
417 2437 574 2465 attentare
600 2435 864 2477 praesumpserit,
890 2435 938 2468 in·
958 2428 960 2460 l
980 2433 1178 2478 provinciam
1205 2433 1281 2465 dicti
1307 2432 1448 2474 Ordinis,
1476 2444 1556 2476 quae
1583 2434 1714 2477 provin-

199 2486 421 2529 dignationem
453 2486 689 2528 omnipotentis
720 2487 774 2520 Dei
805 2498 840 2520 ac
865 2489 938 2521 bea-

199 2544 307 2572 torum
332 2538 415 2571 Petii
442 2544 473 2572 et
498 2539 586 2571 Pauli
617 2540 842 2581 apostolorum
867 2541 959 2574 eius

199 2602 232 2626 se
256 2591 384 2626 noveiit
408 2592 627 2625 incuisurum.

310 2655 386 2683 Butl.
404 2655 487 2682 Rom.
502 2671 522 2674 -
555 2655 613 2681 Vol.
635 2654 723 2682 XXII.
869 2655 903 2682 ⁹251

1017 2515 1025 2540 1
1050 2512 1161 2539 Constit.
1173 2511 1238 2539 edit
1254 2519 1386 2545 MDccxxv,
1398 2512 1442 2539 die
1460 2513 1490 2539 18
1503 2521 1576 2546 man
1589 2513 1682 2548 pontif
1699 2520 1717 2546 1,

957 2570 959 2584 ι
979 2558 1051 2585 ilem
1072 2560 1221 2584 conventus
1241 2566 1301 2585 cuni
1330 2558 1388 2585 aliis
1418 2558 1581 2594 quibusdam
1609 2563 1716 2586 erectus

956 2587 1028 2630 ituit
1056 2602 1082 2629 in
1113 2602 1277 2637 proxinciam
1298 2602 1506 2639 Neapolitanam
1527 2602 1638 2630 dictam.
