2170 3147
177 216 227 241 An.
244 215 273 242 c.
296 215 363 243 1727
411 205 474 238 570

207 757 327 777 (Ilatisulae.

208 863 363 882 Contrariorum

180 890 299 914 swegeno.

211 1716 333 1737 Exordium.

372 263 448 296 bitis
487 262 702 307 poenitentiis
739 262 772 295 in
811 262 915 295 forma
950 261 1115 294 Ecclesiae

372 318 528 349 consueta
554 316 746 348 relaxamus.
772 314 855 353 Quas
869 325 985 347 omnes
1007 320 1039 347 et
1055 314 1117 347 sin-

373 370 464 411 gulas
490 368 708 409 indulgentias
729 373 761 401 et
779 374 986 411 peccatorum
1005 367 1116 399 remis-

372 422 501 460 siones,
521 432 558 454 ac
580 421 859 463 poenitentiarum
884 421 1114 458 relaxationes

373 475 541 507 animabus
567 474 857 513 christifidelium,
884 485 966 517 quae
992 474 1058 507 Deo
1085 473 1116 506 in

373 527 531 559 charitate
558 528 750 560 coniunctae
777 529 816 560 ab
854 528 916 559 hac
951 528 1022 560 luce
1060 526 1118 558 mi-

373 580 555 622 graverint,
583 581 743 624 applicari
770 591 867 624 posse
894 581 1115 622 indulgemus.

374 633 604 666 Praesentibus
630 634 798 677 perpetuis
823 633 940 666 futuris
967 632 1119 676 tempori-

374 686 434 719 bus
460 687 620 719 valituris.

418 739 433 782 ἕ
457 739 489 772 3.
508 740 739 780 Decet-nentes,
754 741 840 784 ipsas
858 746 1048 784 praesentes
1065 739 1119 772 lit.-

377 798 461 825 teras
488 804 622 836 semper
647 793 770 833 firmas,
797 799 860 826 ete.
876 793 895 825 ¹.

421 847 436 889 ξ
460 846 492 879 4.
519 847 589 879 Non
616 848 820 880 obstantibus
854 846 1058 890 praemissis,
1086 856 1121 877 ac

379 901 671 934 constitutionibus
697 907 728 933 et
753 900 1015 933 ordinationibus
1041 909 1120 940 apo-

376 955 514 994 stolicis,
536 965 664 987 necnon
691 959 853 996 quatenus
871 964 951 996 opus
970 952 1020 992 sit,
1039 952 1122 985 Con-

378 1009 591 1051 gregationis,
606 1008 861 1051 provinciarum,
878 1007 1047 1039 domorum
1065 1016 1120 1038 seu

378 1061 593 1103 collegiorum
620 1061 824 1100 huiusmodi,
845 1060 941 1092 etiarn
960 1060 1121 1092 iuramen-

379 1121 431 1154 to,
458 1120 521 1147 etc.
538 1114 560 1147 2.

421 1169 537 1201 Datum
565 1167 700 1207 Romae,
728 1167 815 1209 apud
837 1165 924 1198 ...³.

414 1233 473 1259 Dat.
496 1233 539 1259 die
627 1230 719 1257 martii
741 1230 827 1262 1727,
849 1229 947 1264 pontif.
971 1236 1042 1254 anno
1063 1235 1099 1254 lv.

654 1372 841 1407 CLxxxttl.

379 1456 626 1498 Confirmanlur
641 1453 823 1497 prz'vileyia
838 1452 974 1486 Ordinis
990 1451 1128 1486 Cartha-

422 1510 595 1542 sianorwn
618 1508 640 1540 ⁴.

559 1587 744 1615 Benedictus
766 1588 847 1620 Papa
866 1586 944 1618 XIII,

500 1634 537 1661 ad
558 1635 738 1667 perpetuam
758 1633 803 1658 rei
823 1630 1011 1657 memoriam.

424 1706 469 1738 Ex
494 1705 640 1737 iniuncto
667 1703 762 1736 nobis
790 1703 943 1735 dii-initus
961 1712 1129 1734 saerosan-

382 1759 423 1792 cti
449 1759 650 1801 apostolatus
677 1757 801 1795 ollicio,
830 1761 999 1798 paternam
1026 1765 1126 1797 regu-

382 1812 498 1845 larium
524 1811 680 1843 Ordinum
703 1809 734 1841 iu
750 1809 894 1841 Ecclesia
911 1808 966 1840 Dei
986 1807 1039 1850 pie
1061 1818 1131 1839 san-

382 1871 498 1908 cteque
534 1864 770 1901 institutorum,
800 1873 835 1894 ac
863 1861 1035 1903 multiplici
1072 1861 1154 1892 vir-¹

383 1925 486 1951 tutum
511 1919 639 1951 laudeni
668 1915 869 1958 fulgentium,
888 1926 999 1947 curam
1017 1925 1133 1956 geren-

382 1977 448 2011 tes,
485 1982 541 2010 ea,
577 1980 659 2012 quae
693 1980 729 2001 ex
767 1969 1002 2011 circumspecta
1038 1967 1131 1999 Sedis

383 2024 590 2068 Apostolicae
626 2022 833 2066 providentia
865 2023 904 2054 ad
941 2032 1052 2054 eorum
1090 2021 1134 2053 sa-

383 2089 493 2111 vorem
528 2084 560 2110 et
588 2077 796 2110 commodum
830 2081 1075 2118 processerunt,
1101 2081 1134 2107 ut

384 2133 477 2164 firma
508 2141 638 2174 semper
663 2136 760 2173 atque
787 2130 914 2162 illibata
940 2129 1133 2171 persistant,

386 2185 557 2229 apostolici
585 2184 795 2222 muniminis,
823 2194 896 2215 cum
933 2183 963 2215 id
998 2194 1014 2214 a
1041 2182 1135 2215 nobis

386 2239 516 2282 petitur,
535 2238 700 2282 praesidio
717 2238 858 2270 libenter
875 2236 1134 2269 constabilimus.

424 2313 435 2336 1
460 2309 493 2336 Ut
512 2317 594 2344 supra
614 2317 677 2343 pag.
699 2309 745 2335 471
771 2317 789 2334 α
809 2309 849 2340 (n.
866 2308 915 2341 Τ.).

424 2354 440 2380 2
460 2354 494 2381 Ut
512 2362 594 2389 supra
615 2362 676 2388 pag.
700 2354 744 2380 471
771 2362 788 2378 α
808 2358 847 2381 (R.
863 2356 914 2383 T.).

424 2398 441 2425 3
462 2398 540 2424 Deest
561 2406 669 2430 annus,
691 2397 791 2423 mensis
816 2401 843 2423 et
871 2397 949 2429 dies,
978 2396 1024 2422 sed
1055 2403 1137 2430 supra

390 2451 451 2478 pag.
463 2442 508 2469 ⁶271
526 2442 540 2468 b
552 2443 577 2467 iu
589 2442 665 2468 rubr.
679 2441 777 2467 dicitur
788 2441 850 2467 data
862 2449 953 2467 mense
965 2440 1134 2469 tunitius).

426 2490 440 2513 A
461 2487 518 2513 Atia
538 2486 619 2512 huius
638 2486 775 2512 l'ontilicis
793 2487 900 2512 constit.
918 2486 983 2512 edit.
1002 2492 1135 2517 {unccxxxg

391 2531 435 2558 die
463 2531 498 2557 ‘26
526 2530 688 2566 septembris
702 2553 708 2563 ‚
730 2530 818 2564 pontif
847 2538 883 2563 11,
905 2538 1065 2556 concessum
1087 2529 1136 2555 suit

390 2575 511 2610 generati
533 2575 596 2600 dicti
616 2574 722 2600 Ordinis
743 2582 820 2609 posse
841 2583 855 2600 e
876 2574 971 2600 maiori
999 2574 1137 2600 carthusi-:1

392 2619 484 2655 egredi
505 2627 554 2654 pro
575 2618 804 2645 monasteriorum
825 2618 988 2644 visitatione.

1137 379 1141 440 Ι

962 214 1142 237 BULLAmtm
1167 214 1321 237 ROMANUM

1203 261 1270 304 §AE
1308 261 1387 294 Cum
1424 261 1552 305 itaque,
1579 263 1664 296 sicut
1699 263 1810 296 dilecti
1846 262 1905 297 filii

1160 315 1321 347 Antonius
1336 315 1375 347 de
1389 315 1594 358 Mongeffind,
1609 316 1699 359 prior
1716 317 1904 350 carthusiae

1160 368 1304 407 maioris,
1323 368 1647 411 Gratianopolitanae
1666 369 1841 407 dioecesis,
1858 376 1906 404 to-

1163 421 1222 453 tius
1248 421 1377 454 Ordinis
1402 421 1641 455 Carthasiensis
1677 423 1827 456 minister
1851 433 1905 466 ge-

1161 475 1292 513 neralis,
1311 485 1347 506 ac
1371 475 1560 507 Vincentius
1585 475 1712 515 Dinelli,
1731 476 1825 518 prior
1850 476 1907 509 do-

1162 539 1232 560 mus
1268 528 1453 560 carthusiae
1491 529 1524 560 B.
1553 529 1670 560 Mariae
1707 530 1907 571 Angelorum

1163 587 1368 624 nuncupatae
1389 581 1428 613 de
1448 581 1547 618 Urbe,
1564 588 1596 614 et
1613 581 1759 614 eiusdem
1777 581 1907 615 Ordinis

1162 639 1357 677 procurator
1385 634 1569 676 generalis,
1603 634 1699 666 nobis
1724 644 1831 676 nuper
1856 644 1910 666 ex-

1164 687 1241 729 poni
1277 688 1444 725 secerunt,
1472 686 1579 719 eidem
1606 686 1717 719 Ordini
1754 686 1910 729 illiusque

1164 739 1383 778 monasteriis,
1411 739 1568 778 ecclesiis,
1587 739 1823 781 superioribus,
1842 749 1910 772 mo-

1166 793 1300 833 machis,
1329 793 1480 835 personis
1514 803 1550 825 ac
1582 793 1680 825 bonis
1707 798 1738 825 et
1763 793 1844 825 loeis
1870 793 1910 826 ab

1165 849 1211 879 eis
1237 846 1501 889 dependentibus
1525 847 1614 879 varia
1632 846 1820 889 privilegia,
1840 856 1912 889 gra-

1167 900 1249 933 tiae¹
1277 908 1309 933 et
1341 902 1465 933 indulta
1490 912 1550 943 per
1570 902 1716 935 diversos
1745 903 1911 937 Romanos

1166 954 1336 987 Pontifices
1370 955 1645 997 praedecessores
1672 962 1802 990 nostros
1832 967 1913 990 con-

1166 1019 1268 1045 cessa,
1295 1007 1487 1040 confirmata
1506 1014 1536 1040 et
1555 1009 1706 1041 innovata
1730 1010 1912 1052 respective

1168 1061 1310 1100 suerint,
1339 1061 1481 1103 licetque
1509 1061 1563 1094 illa
1589 1062 1619 1094 in
1646 1062 1741 1095 viridi
1768 1063 1833 1095 sint
1857 1065 1914 1097 ob-

1167 1115 1341 1149 servantia,
1363 1114 1438 1156 quia
1458 1120 1567 1147 tamen
1586 1115 1743 1148 maiorem
1763 1116 1915 1150 obtinent

1167 1167 1295 1200 roboris
1322 1167 1505 1199 firmitatem
1524 1195 1531 1207 ‚
1562 1179 1645 1210 quae
1682 1169 1812 1212 saepius
1836 1180 1914 1213 apo-

1168 1222 1284 1254 stolica
1310 1221 1500 1253 auctoritate
1528 1223 1737 1262 muniuntur,
1762 1223 1824 1265 ipsi
1851 1224 1915 1256 An—

1169 1275 1277 1307 tonius
1303 1274 1455 1306 minister
1479 1286 1514 1306 ac
1537 1275 1726 1307 Vincentius
1762 1286 1916 1318 procura·

1171 1335 1219 1361 tor
1238 1329 1409 1371 generales
1431 1329 1485 1360 illa
1503 1329 1611 1360 omnia
1630 1339 1690 1371 per
1707 1340 1766 1362 nos
1786 1341 1917 1374 quoque

1169 1382 1348 1424 approbari
1386 1387 1416 1413 et
1455 1381 1667 1421 confirmari,
1694 1392 1730 1414 ae
1767 1383 1846 1416 alias
1883 1383 1917 1416 in

1170 1435 1360 1478 praemissis
1386 1440 1574 1478 opportune
1592 1435 1758 1478 provideri
1777 1446 1920 1470 summo-

1170 1499 1249 1531 pere
1276 1488 1466 1520 desiderent
1486 1499 1493 1519 2

1216 1543 1230 1585 ἓ
1256 1541 1287 1573 ⁶2.
1310 1541 1384 1580 Nos,
1403 1541 1456 1584 qui
1484 1541 1637 1574 Ordinem
1664 1542 1855 1585 praefatum,
1872 1547 1921 1575 ut-

1172 1602 1247 1638 pote
1276 1596 1443 1628 t'ceundam
1469 1595 1619 1628 arborem
1656 1596 1689 1628 in
1726 1605 1806 1638 agro
1838 1596 1922 1629 mili-

1174 1650 1270 1681 tantis
1296 1649 1458 1681 Ecclesiae
1485 1649 1619 1681 dextera
1644 1649 1773 1681 Domini
1798 1650 1922 1692 planta-

1175 1709 1237 1735 tam
1267 1713 1304 1734 ac
1337 1703 1453 1734 uberes
1480 1702 1624 1735 iustitiae
1650 1702 1774 1734 fructus
1801 1702 1922 1744 iugiter

1174 1756 1409 1798 proferentem,
1428 1755 1638 1798 propensiori
1658 1765 1792 1797 semper
1808 1765 1922 1798 prose-

1175 1810 1239 1841 cuti
1277 1819 1390 1841 sumus
1426 1819 1463 1840 ac
1500 1808 1732 1850 prosequimur
1755 1808 1923 1840 charitatis

1176 1863 1304 1901 all'ectu,
1323 1862 1444 1895 eisdem
1464 1862 1606 1894 Antonio
1626 1862 1775 1894 ministro
1801 1867 1833 1894 et
1850 1862 1925 1894 Vin-

1176 1917 1284 1949 centio
1300 1915 1503 1959 procuratori
1520 1915 1728 1957 generalibus
1747 1915 1924 1958 specialem

1177 1970 1314 2012 gratiam
1342 1970 1450 2000 l'arere
1477 1969 1648 2005 volentes,
1668 1973 1701 2000 et
1725 1978 1838 2000 eorum
1865 1967 1925 2000 sin·

1177 2024 1308 2065 gulares
1335 2032 1491 2064 personas
1516 2031 1532 2052 a
1558 2021 1727 2064 quibusvis
1745 2031 1927 2054 exeommu-

1178 2075 1371 2113 nicationis,
1409 2075 1638 2117 suspensionis
1675 2079 1707 2106 et
1742 2074 1925 2113 interdicti,

1178 2129 1315 2171 aliisque
1353 2127 1585 2160 ecclesiasticis
1623 2127 1816 2167 sententiis,
1851 2138 1926 2160 cen·

1178 2182 1261 2214 suris
1288 2188 1319 2214 et
1345 2181 1479 2224 poenis,
1500 2192 1514 2212 a
1542 2181 1613 2212 iure
1641 2181 1689 2212 vel
1715 2181 1754 2213 ab
1773 2180 1925 2219 homine,

1179 2236 1291 2279 quavis
1313 2235 1483 2267 occasione
1510 2235 1558 2266 vel
1585 2236 1680 2265 causa
1707 2233 1791 2271 latis,
1810 2233 1835 2265 si
1855 2232 1926 2276 qui-

1155 2330 1158 2337 *
1179 2290 1239 2322 bus
1266 2287 1518 2331 quomodolibet
1544 2286 1743 2319 innodatae²
1767 2286 1924 2326 existunt,

1179 2343 1218 2376 ad
1246 2341 1395 2374 etl'ectum
1423 2340 1648 2383 praesentium
1665 2340 1833 2372 dumtaxat
1849 2350 1927 2372 con-

1179 2396 1395 2437 sequendum,
1418 2394 1531 2425 liat-um
1557 2393 1642 2425 serie
1668 2393 1875 2426 absolventes
1897 2398 1929 2426 et

1180 2449 1342 2481 absolutas
1373 2448 1439 2479 sore
1469 2451 1653 2484 censentes,
1680 2445 1928 2489 supplicationi-

1181 2503 1240 2534 bus
1278 2511 1391 2533 eornm
1429 2499 1563 2532 nomine
1596 2498 1689 2531 nobis
1725 2508 1826 2541 super
1863 2498 1926 2530 boc

1215 2573 1227 2598 ¹1
1252 2571 1323 2598 Edit.
1346 2571 1424 2597 Main.
1447 2569 1511 2604 legit
1531 2571 1643 2604 malias
1663 2569 1761 2603 (n.T.).

1214 2618 1230 2642 ⁶3
1252 2616 1323 2643 Edit.
1345 2615 1428 2641 Main.
1449 2615 1516 2648 legit.
1535 2613 1672 2641 innodati
1692 2615 1729 2646 (R.
1750 2612 1802 2641 TA.

1911 215 1963 242 An.
1979 215 2008 242 C.
2030 216 2098 243 1727

1944 277 2021 298 Preces
2035 277 2100 299 totius

1917 304 2002 351 Oli-dinis
2015 304 2100 331 praedi·

1916 338 1927 352 c
1939 338 1954 353 ι.

1980 1548 2116 1570 Confirmatio

1932 1578 1954 1596 ut
1970 1576 1990 1596 iu
2005 1575 2098 1597 rubrica.
