2170 3147
447 136 506 167 137}

453 196 466 233 ,ξ
496 192 545 224 19.
579 192 653 223 :teta
681 188 852 231 originalia
878 187 1002 230 primae
1030 185 1149 217 instan-

303 241 306 253 '
355 240 396 279 ustie*
411 246 471 278 tiae
498 244 642 277 notarius
675 243 739 274 sivo
772 240 931 274 actuarius
957 239 1084 271 mittere
1110 238 1149 271 ad

291 293 315 305 ¹¹
351 293 549 330 ¹¹⁴³'iudicem
576 294 806 338 al'›pellationis
833 293 965 325 minime
993 296 1148 334 cogatur,

243 732 271 750 ΙΝ
290 738 328 750 <airu
339 734 397 751 malo

216 759 344 783 „prilla-tn.

268 1522 296 1542 De
313 1522 404 1541 censurii

236 1554 258 1567 cc
270 1552 368 1567 munuca
387 1554 405 1568 :11

243 1583 260 1598 ,ii
273 1576 384 1599 pennatam

265 1602 267 1605 ·
286 1604 303 1612 ⁴1.

410 350 470 383 nisi
497 355 611 382 natura
638 349 708 390 ipsa
734 357 853 379 causae
880 346 911 377 id
937 344 1071 387 flagitet,
1098 349 1173 376 aut,

410 402 588 445 probabilis
614 401 722 443 aliqua
748 399 895 433 falsitatis
915 398 1056 441 suspicio
1075 397 1151 430 inci-

410 457 478 494 dat,
499 465 580 497 quae
607 453 802 486 iudicialiter
827 452 979 495 apposita
1005 451 1043 483 ab
1070 449 1150 482 intc-

410 519 497 540 rcsse
532 506 728 539 habentibus
760 504 876 537 suerit:
903 510 934 536 et
960 509 1052 543 tunc,
1079 507 1152 546 post

411 560 675 594 terminationem
703 568 832 597 causae,
855 556 963 590 statim
985 555 1153 589 remittant

411 615 450 647 ad
475 612 691 652 Ordinarium,
719 616 750 643 et
776 611 807 643 in
834 610 902 643 eius
928 609 1036 642 euriae
1064 609 1152 641 tabu-

410 666 491 699 lario
518 670 742 698 asserventur.

454 719 468 761 ξ
494 718 547 751 13.
576 718 674 750 Causa
702 716 931 760 appellationis
966 715 1152 758 pendente,

411 772 581 815 appellans
612 772 645 803 in
670 771 786 803 eodem
813 770 865 801 ubi
892 768 1054 811 reperitur
1085 778 1153 799 car-

411 836 485 858 cere
507 829 709 868 permaneat,
729 823 835 866 quoad
861 822 968 861 iudex,
989 821 1027 854 ad
1058 831 1153 863 quem

412 888 526 910 causae
553 877 697 919 cognitio
724 876 925 909 devolvenda
949 880 1007 914 est,
1030 873 1104 906 visis
1127 884 1155 905 a—

412 931 480 970 ctis,
501 933 660 973 causaque
679 930 820 971 cognita,
841 928 934 961 aliter
960 927 1151 960 decreverit:

413 990 444 1016 ct
464 991 537 1016 tune
556 983 699 1026 quidem,
718 982 743 1015 si
762 993 778 1014 a
798 982 928 1014 decreto
950 979 1083 1013 secundi
1106 979 1154 1011 iu-

414 1038 495 1069 ‹licis
522 1037 584 1069 vim
618 1035 804 1068 definitivae
837 1034 978 1066 habente
1013 1033 1155 1075 appella-

413 1097 478 1123 tum
505 1090 610 1128 suerit,
642 1088 723 1120 niliil
750 1088 819 1130 ipse
844 1088 975 1120 interim
1001 1086 1154 1118 mandare

413 1150 539 1186 autpro
566 1142 688 1175 decreti
710 1141 757 1174 sui
781 1140 974 1173 executione
996 1144 1155 1171 attentare

413 1197 545 1239 poterit,
566 1196 671 1228 donec
703 1204 761 1236 per
787 1193 925 1226 iudicem
952 1192 1154 1234 superiorem

413 1249 507 1281 aliter
534 1247 629 1280 fuerit
654 1246 858 1286 ordinatum,
881 1244 1022 1287 exceptis
1049 1249 1155 1276 tamen

414 1301 553 1339 casibus,
575 1301 605 1332 in
622 1300 739 1342 quibus
758 1300 853 1331 aliter
870 1310 887 1330 a
905 1298 974 1330 iure
1000 1302 1154 1330 statutum

415 1355 475 1393 sit,
497 1359 528 1386 et
555 1353 585 1385 in
613 1353 730 1396 quibus
763 1351 940 1395 appellatio
966 1355 1077 1383 contra
1102 1350 1156 1382 de-

415 1413 536 1440 cretum
564 1405 836 1439 excarcerationis
862 1403 1011 1437 effectum
1036 1409 1158 1435 tantum

417 1459 643 1498 devolutivum,
667 1458 772 1491 favore
798 1457 970 1497 libertatis,
993 1456 1155 1500 producit.

461 1512 475 1555 ξ
501 1512 554 1545 14.
575 1511 721 1544 Censura
746 1509 976 1549 ecclesiastiea,
1001 1509 1030 1541 in
1051 1510 1159 1551 appel-

417 1567 539 1599 lantem
565 1565 716 1607 prolata,
740 1564 884 1596 revocari
911 1568 965 1595 aut
989 1564 1077 1595 nulla
1103 1562 1158 1594 de-

418 1618 532 1652 clarari
558 1628 616 1661 per
640 1617 781 1650 iudicem
818 1616 1071 1659 appellationis,
1099 1616 1157 1648 etsi

417 1672 443 1705 is
469 1672 509 1704 sit
535 1672 711 1713 delegatus
735 1680 801 1703 non
827 1669 928 1712 possit
946 1697 953 1709 ,
981 1669 1040 1701 nisi
1066 1669 1158 1711 prius

419 1724 536 1757 auditis
570 1723 718 1766 partibus
758 1726 788 1755 et
823 1723 919 1754 causa
955 1721 1101 1764 cognita3
1129 1726 1159 1753 et

418 1783 504 1815 tunc,
524 1778 549 1810 si
571 1787 639 1809 eam
666 1786 733 1808 esse
760 1775 878 1808 iustam
905 1774 1101 1813 constiterit,
1121 1774 1158 1806 ad

418 1830 558 1863 iudicem
579 1857 586 1870 ,
614 1828 667 1872 qui
701 1827 1072 1861 excommunicationem
1087 1837 1161 1870 pro-

421 1884 513 1923 tulit,
540 1882 719 1915 remittatur
746 1882 938 1924 apponam,
964 1885 995 1913 et
1023 1881 1062 1913 ab
1089 1880 1160 1923 ipso

420 1936 505 1968 iuxta
531 1945 641 1968 sacros
668 1944 810 1967 canones
841 1933 1035 1966 beneficium
1069 1933 1161 1966 abso-

421 1989 566 2027 lutionis,
599 1987 623 2020 si
650 1987 817 2020 humiliter
843 1986 976 2030 petierit
1002 1986 1162 2019 debitam-

422 2053 482 2085 que
499 2041 760 2074 emendationem
776 2039 984 2083 praestiterit,
997 2039 1159 2079 obtineat,

422 2095 445 2126 si
473 2105 547 2127 vero
573 2095 725 2127 iniustam
760 2104 830 2126 esse
861 2098 1036 2136 appareat,
1067 2093 1160 2126 iudex

422 2147 651 2190 appellationis
671 2146 912 2180 absolutionem
932 2145 1110 2186 concedat,
1132 2151 1163 2178 et

423 2201 446 2232 si
473 2200 636 2233 dubitetur
660 2210 699 2232 an
726 2200 809 2232 iusta
838 2199 933 2232 suerit
959 2200 1006 2232 vel
1029 2198 1159 2240 iniusta,

422 2253 565 2296 quamvis
593 2253 762 2286 honestius
787 2253 826 2285 sit
847 2258 882 2284 ut
908 2253 946 2285 ad
977 2262 1164 2285 exeommu-

423 2305 633 2338 nicatoriam¹
657 2305 739 2337 intra
767 2306 898 2338 brevem
918 2305 1056 2348 aliquem
1077 2315 1163 2338 com—

424 2364 589 2400 petentem
618 2358 815 2397 termimnn,
843 2358 946 2391 eidem
973 2358 1163 2401 praefigen-

425 2411 509 2449 dum,
531 2410 747 2443 absolvendus
772 2412 978 2452 remittatur,
1004 2411 1097 2444 iudex
1116 2411 1163 2444 ni-

462 2525 469 2549 1
498 2523 597 2549 l'ozsan
619 2525 931 2553 excommunicolorem
953 2526 990 2561 (n.
1008 2526 1056 2557 Τ.).

988 137 1167 161 nrthntru

1193 138 1347 161 ROMKNUM

1194 185 1369 218 liilominus
1396 185 1640 228 appellationis,
1669 186 1730 219 lioc
1755 196 1847 225 casu,
1873 195 1934 228 per

1194 248 1229 271 se
1255 238 1374 281 poterit
1399 249 1471 271 eum
1496 239 1676 273 absolvere.

1239 293 1253 335 ξ
1278 292 1331 324 15.
1360 292 1531 326 Absolutio
1555 293 1592 326 ad
1611 294 1782 332 cautelam,
1802 291 1934 324 nonnisi
1947 301 1976 349 ξδ’
1989 302 2120 351 ἒὲιᾶὶιέιυιιξέηο

1195 345 1329 377 servatis
1351 345 1390 378 de
1417 345 1486 378 iure
1513 345 1690 385 servandis,
1712 356 1784 378 cum
1812 343 1937 377 dubita-

1196 402 1246 429 tur
1272 398 1309 430 de
1336 398 1484 431 nullitate
1511 397 1858 431 excommunicationis
1886 397 1936 430 vel

1197 451 1235 483 ab
1255 451 1389 484 homine
1414 452 1558 494 prolatae
1585 451 1634 483 vel
1652 462 1669 483 a
1686 450 1756 483 iure
1782 449 1935 490 inflictae,

1196 503 1221 535 si
1248 503 1381 536 dubium
1407 504 1479 536 sacti
1515 505 1564 536 vel
1600 502 1770 546 probabile
1803 502 1937 535 dubium

1197 556 1277 588 iuris
1295 563 1452 596 occurrat,
1467 556 1677 589 concedenda
1695 555 1756 588 erit
1774 560 1937 598 tamquam

1197 609 1235 641 ad
1276 609 1371 641 breve
1410 614 1556 652 tempus,
1592 619 1663 640 eum
1704 607 1935 648 reincidentia,

1198 660 1326 694 necnon
1355 662 1514 704 praestita
1539 672 1597 704 per
1623 660 1939 694 excommunicatum

1198 714 1350 747 cautione
1391 715 1429 747 de
1467 714 1584 747 stando
1621 713 1681 746 iuri
1723 718 1755 746 et
1793 713 1939 756 parendo

1198 767 1358 799 mandatis
1384 767 1557 800 Ecclesiae.
1586 766 1676 805 Quod
1702 767 1739 807 si,
1765 766 1852 798 iuxta
1877 767 1940 798 for-

1199 831 1282 852 mam
1318 831 1334 852 a
1369 820 1440 852 iure
1478 819 1731 863 praescriptam,
1769 819 1941 863 apparebit

1199 873 1341 916 aliquem
1378 873 1419 905 ol)
1453 873 1656 906 manifestam
1693 872 1848 905 offensam
1881 883 1938 906 ex-

1199 926 1475 959 communicatum
1512 926 1632 966 fuisse,
1670 926 1811 960 debitam
1845 925 1942 960 etiam

1199 980 1450 1012 satisfactionem
1470 985 1649 1022 praestare,
1666 990 1794 1012 necnon
1814 979 1856 1012 ob
1871 990 1944 1012 con-

1200 1033 1371 1065 tumaciam
1398 1033 1612 1073 manifestam,
1633 1032 1785 1076 expensis
1811 1043 1941 1076 quoque

1200 1087 1394 1127 satisfacere,
1417 1092 1448 1119 et
1472 1097 1585 1119 cavere
1605 1087 1644 1120 de
1662 1086 1783 1119 iudicio
1802 1086 1871 1119 sisti
1888 1096 1942 1118 eo-

1199 1150 1266 1172 ram
1293 1140 1611 1173 excommunicatore
1639 1140 1812 1179 tenebitur,
1837 1139 1944 1182 prius-

1200 1203 1294 1235 quam
1316 1193 1514 1226 antedictam
1530 1193 1770 1226 absolutionem
1786 1192 1942 1225 obtineat.

1200 1246 1372 1278 Praeterea
1400 1246 1587 1279 huiusmodi
1622 1246 1846 1279 absolutiones
1870 1256 1944 1279 cum

1200 1299 1415 1332 reincidentia
1444 1310 1461 1331 a
1486 1299 1591 1332 iudice
1618 1299 1869 1342 appellationis,
1902 1303 1944 1331 et-

1201 1351 1292 1383 iamsi
1318 1352 1359 1384 sit
1384 1352 1566 1384 antedictus
1591 1351 1685 1384 iudex
1702 1379 1710 1392 ‚
1738 1351 1944 1385 committan-

1203 1410 1251 1436 tur
1270 1404 1350 1447 ipsis
1372 1404 1553 1437 Ordinariis
1580 1404 1942 1444 excommunicantibus,

1201 1468 1273 1489 cuin
1296 1458 1458 1497 clausula,
1485 1463 1517 1489 ut
1543 1459 1634 1490 intra
1660 1462 1721 1490 tres
1746 1457 1814 1490 dies
1838 1457 1945 1490 absol-

1201 1517 1276 1543 vant
1308 1516 1519 1550 censutatos,
1547 1512 1723 1544 dummodo
1751 1516 1858 1544 tamen
1892 1521 1945 1544 ex-

1202 1564 1432 1596 communicati
1470 1564 1501 1596 in
1534 1564 1647 1597 eodem
1684 1565 1756 1597 loco
1782 1564 1846 1596 sint
1888 1563 1944 1596 ubi

1203 1617 1327 1659 degunt
1347 1617 1522 1650 Ordinarii.
1539 1616 1629 1655 Quod
1645 1617 1670 1650 si
1685 1617 1717 1649 in
1739 1617 1855 1650 eodem
1872 1618 1944 1651 loco

1204 1680 1267 1703 non
1294 1670 1368 1710 sint,
1394 1671 1442 1703 vel
1461 1671 1485 1703 si
1503 1670 1678 1710 Ordinarii,
1699 1675 1888 1713 praesentes
1914 1676 1946 1704 et

1204 1723 1364 1766 requisiti,
1391 1723 1560 1756 absolvere
1588 1724 1805 1756 recusaverint
1825 1725 1873 1757 vel
1895 1734 1946 1757 ne·
1981 1761 1983 1763 ,

1204 1776 1374 1818 glexerint,
1386 1777 1592 1810 absolvantur
1609 1788 1626 1809 a
1641 1776 1841 1810 confessario
1857 1777 1946 1810 iuxta

1205 1830 1338 1861 formam
1362 1829 1506 1861 eiusdem
1535 1829 1773 1862 commissionis
1798 1840 1815 1862 a
1840 1829 1945 1863 iudice

1205 1881 1447 1924 appellationis,
1476 1888 1509 1914 ut
1534 1882 1739 1924 praefertur,
1773 1882 1946 1926 expedien-

1206 1935 1276 1967 dae.
1304 1934 1453 1967 Ceterum
1487 1935 1735 1968 commissiones
1761 1935 1946 1978 praedictae

1206 1987 1244 2020 de
1270 1988 1480 2027 absolvendo,
1498 1998 1562 2020 non
1590 1988 1667 2031 ipsis
1692 1984 1871 2021 Ordinariis
1891 1988 1947 2020 im-

1206 2041 1347 2074 mediate
1375 2046 1407 2074 et
1432 2041 1659 2084 personaliter,
1676 2042 1730 2074 sed
1757 2041 1945 2075 eorumdem

1206 2094 1409 2127 cancellariis
1436 2094 1634 2137 praesentari
1661 2094 1790 2134 debent,
1811 2099 1845 2126 ut
1862 2104 1948 2128 reve-

1206 2147 1312 2179 rentia
1345 2147 1508 2191 episcopis
1535 2147 1645 2180 debita
1678 2152 1852 2180 sartatecta
1883 2157 1948 2180 ser-

1207 2205 1309 2240 retur,
1338 2205 1369 2233 et
1395 2211 1411 2232 a
1438 2201 1702 2243 praesentatione
1719 2227 1726 2240 ,
1752 2200 1946 2234 cancellario

1208 2252 1288 2284 facta
1325 2253 1482 2295 praedicti
1517 2257 1579 2285 tres
1610 2252 1678 2285 dies
1703 2252 1866 2286 numerari
1892 2253 1949 2286 de-

1208 2306 1316 2339 beant.
1344 2305 1526 2339 Cedulones
1552 2312 1670 2346 autem,
1697 2305 1728 2338 in
1755 2316 1833 2339 casu
1858 2306 1949 2339 abso-

1208 2359 1341 2391 lutionis
1366 2358 1564 2391 obtinendae
1590 2359 1630 2391 ad
1656 2363 1781 2392 certum
1819 2364 1947 2401 tempus

1208 2422 1278 2443 eum
1297 2410 1519 2450 reincidentia,
1540 2416 1698 2453 quatenus
1717 2411 1799 2444 affixi
1819 2411 1947 2452 fuerint,

1208 2474 1273 2497 non
1300 2469 1530 2505 amoveantur,
1557 2464 1612 2497 sed
1646 2464 1811 2497 (lumtaxat
1836 2468 1949 2506 tegan-

1210 2523 1270 2557 tur,
1286 2517 1427 2560 tectique
1443 2522 1633 2550 remaneant.
1654 2517 1790 2550 durante
1807 2516 1945 2551 termino

1937 136 1990 163 An.
2007 136 2035 164 C.
2058 137 2120 166 1728
