2170 3147
233 195 281 221 An.
304 195 332 221 e,
357 194 423 222 1725
468 185 533 218 0234

428 243 520 284 legia,
548 242 778 281 immunitates,
796 242 924 285 gratias,
951 243 1121 276 facultates
1139 248 1170 276 et

429 295 553 328 indulta
570 294 758 337 praesertim
774 295 965 329 conserendi
992 306 1170 329 sacramen-

430 353 495 380 tum
522 347 932 387 Clu·isniatis‚‘dummodo
970 348 1049 382 illud
1088 349 1171 383 soret

428 400 515 441 prius
542 409 600 442 per
617 399 817 433 catholicum
839 401 1015 435 antistitem
1034 401 1170 444 gratiam

429 456 458 485 et
483 452 746 485 communionem
773 453 980 497 Apostolicae
1006 454 1098 488 Sedis
1118 454 1170 488 ha-

429 506 561 538 bentem
598 511 841 547 consecratum,
881 517 1076 540 concursum
1111 517 1171 550 pro

429 558 638 591 conserendis
663 559 833 592 beneficiis
859 559 1091 594 ecclesiasticis
1117 570 1171 593 cu-

429 611 506 644 ratis
532 611 565 643 in
591 611 757 644 mensibus
793 613 983 655 apostolicis
1018 612 1168 653 faciendi,

429 675 464 697 ac
488 664 732 698 commissiones
767 665 942 708 gratiarum
979 667 1173 709 apostolica-

430 728 498 749 rum
526 723 588 750 tam
613 717 768 750 iustitiam
795 729 891 762 quam
910 718 1046 761 gratiam
1076 719 1172 752 etiam

430 772 538 815 quoad
554 771 815 815 dispensationes
829 772 1087 806 matrimoniales
1097 783 1172 806 con-

430 830 610 865 cernentes,
630 824 736 858 abbat}
758 825 948 859 monasterii
971 825 1172 859 Cassinensis

431 878 595 922 praedicti,
623 878 686 911 sive
706 889 764 912 suo
787 879 908 912 vicario
930 879 1087 922 generali,
1113 889 1172 922 pro

431 937 575 975 tempore
602 931 811 973 directarum,
839 932 969 965 debitae
989 932 1171 965 executioni

430 985 657 1026 demandandi,
677 985 805 1028 aliaque
824 985 965 1028 desuper
989 985 1172 1018 necessaria

429 1043 460 1071 et
485 1043 673 1081 opportuna
693 1037 845 1078 faciendi,
864 1038 952 1070 iuxta
977 1038 1110 1071 decreta
1130 1039 1174 1071 di-

430 1092 472 1124 cti
498 1091 644 1132 Concilii‚
670 1091 865 1135 approbavit
891 1097 922 1124 et
947 1091 1170 1133 confirmavit;

430 1155 568 1184 necnon,
582 1155 640 1188 pro
658 1144 778 1188 potiori
798 1145 945 1184 cautela,
965 1149 1044 1176 tune
1063 1150 1094 1177 et
1111 1155 1171 1188 pro

429 1203 578 1242 tempore
604 1198 755 1231 existenti
781 1198 889 1230 abbati
911 1198 986 1230 dicti
1012 1204 1174 1232 monaste—

429 1251 479 1290 rii,
506 1252 554 1284 vel
580 1262 639 1284 suo
677 1251 824 1293 generali
854 1251 995 1292 vicario,
1019 1257 1074 1292 ut,
1101 1262 1172 1286 cum

429 1304 627 1348 parochialis
653 1304 811 1337 ecclesiae
837 1303 1075 1338 iurisdictionis
1095 1305 1172 1339 dicti

429 1358 618 1391 monasterii
644 1358 767 1391 vacatio
794 1358 1009 1401 contingeret,
1036 1369 1174 1393 concur-

429 1422 498 1444 sum
535 1411 713 1452 instituere,
751 1412 949 1452 examinare,
987 1413 1172 1455 approbare

430 1470 462 1497 et
486 1465 589 1508 magis
616 1465 753 1498 idoneos
780 1464 911 1508 eligere,
939 1475 975 1498 ac
1001 1466 1172 1499 ecclesiam

431 1518 616 1551 huiusmodi
635 1518 777 1560 legitime
796 1519 957 1559 conferre,
981 1524 1012 1551 et
1033 1518 1065 1552 in
1084 1529 1173 1552 men-

430 1572 519 1605 sibus
544 1572 763 1605 Romanorum
788 1572 979 1605 Pontificum
1006 1573 1170 1606 collationi

430 1626 600 1659 reservatis
626 1636 784 1668 personas
810 1625 843 1658 in
868 1636 1029 1659 concursu
1054 1626 1173 1660 electas

431 1680 578 1712 Romano
605 1678 750 1712 Pontifici
769 1684 801 1712 et
816 1678 890 1712 sedi
909 1679 1095 1722 praedictae
1112 1691 1172 1724 pro

431 1732 609 1765 collatione
631 1732 810 1765 obtinenda
828 1731 1025 1774 significare,
1044 1743 1170 1767 necnon

431 1790 670 1819 sacramentum
703 1785 902 1825 Chrismatis,
938 1785 1114 1819 dummodo
1140 1786 1173 1820 il-

432 1840 487 1872 lud
514 1839 603 1883 prius
629 1839 670 1872 sit
694 1849 752 1882 per
773 1839 951 1872 antistitem
969 1839 1172 1883 praedictum

432 1897 679 1932 consecratum,
705 1897 739 1925 ut
764 1893 970 1936 praefertur,
997 1893 1169 1942 conferre,

433 1957 468 1979 ac
493 1956 715 1989 quascumque
741 1946 865 1979 litteras
895 1946 1092 1989 apostolicas
1110 1952 1173 1979 tam

433 1999 590 2031 iustitiam
627 2009 722 2041 quam
760 1999 895 2041 gratiam
933 2000 1030 2032 etiam
1067 2000 1173 2043 quoad

434 2052 687 2084 matrimoniales
719 2052 982 2095 dispensationes
1016 2063 1174 2096 persona-

434 2116 502 2138 rum
529 2106 633 2138 dictae
660 2105 894 2138 iurisdictionis
920 2111 1171 2147 concernentes,

434 2159 493 2192 sibi
517 2164 622 2192 tamen
642 2164 674 2191 et
692 2158 771 2191 nulli
790 2159 883 2191 alteri
902 2159 1100 2202 dirigendas,
1120 2160 1174 2193 de-

434 2212 519 2244 bitae
554 2212 739 2245 executioni
773 2212 971 2245 demandare
1009 2213 1111 2246 libere
1143 2219 1175 2247 et

434 2265 521 2297 licite
537 2266 667 2305 valeret,
684 2265 770 2297 iuxta
789 2265 918 2298 decreta
933 2266 1010 2298 dicti
1027 2265 1174 2307 Concilii,

435 2318 615 2358 concessit3
643 2317 844 2351 decernens¹
871 2319 1000 2352 irritum
1030 2319 1174 2353 etinane

435 2383 472 2404 ex
499 2377 573 2404 tunc
600 2371 624 2404 si
650 2382 742 2404 secus
772 2382 872 2415 super
895 2372 945 2405 his
963 2383 980 2405 a
998 2383 1172 2416 quoquam,

434 2425 546 2468 quavis
572 2425 772 2465 auctoritate,
789 2426 930 2458 scienter
948 2426 996 2458 vel
1022 2426 1174 2468 ignoran-

436 2484 492 2519 ter,
518 2478 693 2519 contigerit
718 2479 889 2511 attentari:
912 2485 943 2511 et
968 2480 1055 2519 alias,
1078 2485 1174 2522 prout

436 2532 466 2564 in
493 2531 639 2563 eiusdem
666 2531 743 2563 Sixti
763 2531 1026 2573 praedecessoris
1045 2532 1173 2572 litteris,

472 2595 479 2621 1
505 2592 570 2622 Male
586 2593 629 2621 ed.
645 2593 727 2622 Main.
750 2592 814 2629 legit
830 2594 1010 2625 decernentes
1029 2597 1066 2630 (a.
1087 2599 1135 2627 r).

1011 193 1192 219 numanum
1217 194 1374 221 ROMANUM

1213 254 1346 286 quarum
1373 249 1506 278 tenores
1532 247 1760 290 praesentibus
1786 258 1847 292 pro
1868 248 1954 281 suffi-

1213 296 1337 329 cienter
1352 298 1511 341 expressis
1526 298 1639 331 haheri
1655 299 1817 341 volumus,
1838 299 1954 334 dicitur

1212 349 1344 383 uberius
1371 351 1543 384 contineri.
1567 351 1643 385 Cum
1669 358 1785 393 autern,
1804 353 1885 386 sicut
1904 364 1954 387 ea-

1214 402 1285 435 dem
1312 403 1426 446 petitio
1457 404 1684 447 subiungebat,
1719 405 1803 438 iuxta
1832 406 1955 440 littera-

1214 465 1284 488 rum
1312 456 1502 489 huiusmodi
1527 462 1677 490 tenorem
1704 458 1824 491 suerint
1854 464 1954 492 retro-

1215 508 1293 541 actis
1325 509 1527 552 temporibus
1553 510 1802 544 commissiones
1834 511 1954 554 gratia-

1214 571 1284 593 rum
1304 562 1557 605 apostolicarum
1581 562 1820 605 praedictarum
1845 563 1953 598 abbati

1215 613 1292 646 dicti
1310 614 1519 654 monasterii,
1540 625 1597 647 seu
1616 615 1736 648 vicario
1763 617 1916 659 generali,
1937 628 1955 651 a

1215 666 1374 707 baiariae,
1393 667 1594 700 Secretariae
1616 668 1776 709 Brevium‚
1793 669 1956 704 Cancella-

1215 719 1293 759 riae,
1309 719 1581 753 poenitentiariae
1600 724 1630 754 et
1646 720 1798 755 Gamerae
1816 723 1954 766 Aposto-

1215 772 1295 805 licae
1321 778 1506 805 nostrarum
1533 772 1726 807 officialibus
1752 774 1903 818 directae,
1924 781 1955 810 et

1215 824 1300 865 illae,
1322 836 1412 868 quae,
1434 832 1571 870 propter
1599 827 1804 861 subditorum
1831 828 1955 863 iurisdi-

1215 878 1315 912 etioni
1332 879 1405 911 dicti
1424 879 1611 912 monasterii
1636 881 1686 913 vel
1711 880 1954 924 expeditionum

1216 931 1367 964 similium
1387 932 1562 975 gratiarum
1581 932 1807 975 ignorantiam,
1822 944 1840 966 a
1862 933 1955 968 dictis

1217 984 1430 1025 officialibus,
1455 985 1641 1029 praedictae
1671 982 1904 1021 iurisdictionis
1930 978 1956 1021 i'-

1216 1037 1336 1080 gnaris,
1351 1039 1512 1071 interdum
1530 1039 1672 1072 directae
1687 1039 1817 1073 suerunt
1835 1041 1956 1084 episco-

1215 1091 1265 1134 pis
1290 1091 1525 1133 vicinioribus,
1551 1098 1717 1126 correctae
1753 1093 1894 1135 suerint,
1925 1100 1957 1128 et

1216 1143 1323 1177 abbati
1361 1155 1418 1177 seu
1457 1145 1525 1178 eius
1552 1146 1671 1179 vicario
1697 1146 1883 1181 huiusmodi
1911 1147 1957 1180 di-

1217 1202 1334 1238 rectae,
1351 1208 1413 1231 non
1433 1198 1556 1242 absque
1576 1205 1682 1232 tamen
1696 1200 1822 1233 abbatis
1836 1206 1867 1234 et
1884 1211 1958 1235 con·

1216 1251 1330 1282 ventus
1358 1252 1600 1294 praedictorum
1625 1252 1840 1293 incommodo,
1875 1264 1956 1298 quos

1217 1303 1255 1336 de
1278 1303 1372 1336 titulo
1391 1305 1526 1348 eiusque
1553 1304 1758 1338 observantia
1776 1306 1903 1347 docere,
1921 1317 1958 1340 ac

1216 1356 1417 1390 subditorum
1431 1358 1668 1400 praedictorum
1684 1359 1957 1404 dispendio,quos

1216 1420 1315 1443 novas
1350 1416 1528 1455 propterea
1564 1412 1791 1455 expeditiones
1828 1414 1955 1448 solvere

1216 1464 1397 1506 oportuerit
1413 1475 1420 1497 t
1440 1475 1550 1508 quare,
1569 1471 1603 1498 ut
1619 1465 1738 1499 similia
1752 1466 1957 1501 incommoda

1217 1521 1246 1549 et
1272 1517 1443 1561 dispendia
1468 1518 1500 1551 in
1527 1524 1693 1562 posterum
1715 1519 1885 1562 evitentur,
1904 1531 1957 1554 no-

1215 1570 1264 1602 bis
1290 1571 1389 1604 abbas
1414 1572 1599 1615 praedictus
1625 1573 1793 1607 humiliter
1829 1574 1956 1618 suppli-

1216 1623 1280 1656 cari
1309 1624 1382 1658 fecit
1401 1624 1455 1658 ut¹
1482 1626 1622 1670 desuper
1648 1626 1833 1671 opportune
1851 1627 1958 1671 provi—

1216 1677 1292 1711 dere
1319 1679 1358 1712 de
1383 1678 1586 1722 benignitate
1608 1680 1786 1724 apostolica
1812 1680 1958 1723 dignare—

1215 1741 1309 1764 mur:
1337 1742 1395 1765 nos
1430 1733 1527 1776 igitur
1543 1761 1550 1774 ,
1576 1734 1726 1768 abbatem
1751 1735 1956 1778 praedictum

1213 1785 1413 1826 specialibus
1436 1786 1600 1820 favoribus
1619 1792 1650 1820 et
1670 1787 1783 1830 gratiis
1800 1787 1957 1831 prosequi

1215 1842 1384 1881 volentes,
1414 1850 1553 1883 eumque
1582 1851 1600 1873 a
1632 1840 1798 1883 quibusvis
1831 1851 1958 1874 excom-

1216 1894 1457 1935 municationis,
1475 1894 1706 1938 suspensionis
1730 1900 1761 1928 et
1782 1894 1958 1936 interdicti,

1216 1949 1355 1992 aliisque
1377 1947 1607 1982 ecclesiasticis
1637 1948 1820 1989 sententiis,
1841 1958 1959 1982 censu-

1217 2002 1261 2035 ris
1279 2007 1311 2035 et
1328 2001 1452 2046 poenis,
1471 2011 1488 2033 a
1505 2000 1575 2033 iure
1592 2002 1642 2034 vel
1658 2001 1696 2033 ab
1709 2000 1857 2043 homine,
1878 2013 1958 2046 qua-

1217 2056 1262 2088 vis
1287 2055 1463 2088 occasione
1489 2054 1538 2087 vel
1564 2055 1660 2087 eausa
1684 2053 1771 2096 latis,
1793 2054 1817 2087 si
1840 2054 1959 2098 quibus

1217 2108 1466 2153 quomodolibet
1485 2107 1662 2140 innodatus
1681 2107 1802 2148 existit,
1822 2108 1861 2141 ad
1887 2107 1959 2141 etl'e-

1194 2199 1195 2204 1
1217 2168 1302 2195 ctum
1323 2161 1547 2206 praesentium
1569 2161 1735 2194 dumtaxat
1752 2171 1959 2205 consequen-

1217 2216 1305 2255 dum,
1319 2215 1436 2247 harum
1454 2213 1536 2247 serie
1555 2214 1766 2247 absolventes
1785 2219 1815 2247 et
1829 2215 1959 2248 absolu-

1219 2274 1284 2301 tum
1314 2268 1382 2301 sore
1416 2272 1590 2300 censentes
1610 2294 1617 2307 ‚
1649 2278 1684 2301 ac
1716 2267 1956 2310 praedictarum

1217 2321 1296 2354 Sixti
1329 2320 1586 2364 praedecessoris
1612 2320 1793 2353 litterarum
1812 2325 1958 2354 tenorem

1218 2375 1443 2418 praesentibus
1461 2385 1520 2418 pro
1538 2384 1690 2417 expresso
1711 2374 1880 2414 habentes,
1899 2374 1958 2407 hu-

1218 2427 1357 2460 iusmodi
1384 2426 1678 2470 supplicationibus
1703 2426 1859 2466 inclinati,
1878 2426 1958 2460 dile-

1218 2482 1275 2513 ctis
1294 2479 1367 2513 filiis
1386 2480 1540 2522 magistro
1560 2479 1687 2521 AEgidio
1708 2478 1824 2512 Ursino
1842 2480 1880 2512 de
1908 2479 1956 2512 Vi·

1218 2533 1313 2566 variis
1329 2544 1364 2565 ac
1382 2533 1485 2566 Marco
1505 2532 1635 2565 Aurelio
1652 2531 1803 2571 Maraldo,
1823 2542 1908 2565 nunc
1925 2539 1957 2566 et

1254 2596 1263 2622 1
1288 2594 1354 2622 Male
1375 2594 1439 2622 edit.
1462 2593 1540 2621 ltlain.
1564 2593 1625 2629 legit
1645 2596 1671 2620 et
1690 2601 1738 2629 pro
1760 2596 1791 2621 ut
1809 2595 1849 2630 (a.
1873 2594 1921 2629 τ.),

1959 201 2007 227 Αη.
2029 202 2056 227 C.
2083 203 2148 231 ¹725
