2170 3147
0 190 22 211 n.
43 181 73 208 C.

0 352 44 368 rms
59 346 154 366 saccula-

0 373 74 394 ,entem
86 372 154 392 ecete-

0 405 18 420 ιο
39 399 153 419 subtectus.

91 180 156 207 twa

742 179 934 201 naNtTtitC‘rt's
961 179 1015 201 xm
1041 179 1089 201 PP.

164 233 325 270 perpetuo
352 227 473 269 pariter
505 226 712 258 concedimus
740 231 771 259 et
795 226 902 258 indul-

165 290 289 323 gemus.

207 332 278 376 ἓξ).
305 332 341 364 Et
376 336 412 364 ut
443 331 570 364 divinus
608 332 713 364 cultus
749 333 781 364 in
818 332 902 365 dicta

165 384 344 428 parochiali
382 384 518 417 ecclesia
553 384 718 417 decentius
744 384 901 417 honoriti-

165 438 355 480 centiusque
373 437 537 479 procedat,
555 437 658 480 priori
677 447 736 479 pro
755 443 900 480 tempore

165 489 313 522 existenti
338 488 494 531 praefato,
512 495 547 521 ut
563 490 770 532 presbyteros
789 494 819 521 et
840 490 902 522 cle-

165 542 249 574 ricos
263 542 457 581 saeculares,
473 541 546 581 sibi,
563 541 688 574 ratione
706 541 902 574 iurisdictio-

166 594 215 627 nis
233 595 409 637 praefatae,
430 593 586 633 subditos,
604 594 642 626 ad
665 603 699 625 ea
717 593 902 636 personalia

164 646 310 686 servitia,
338 656 437 689 quae,
464 656 535 678 eum
562 651 649 678 veste
675 646 766 678 talari
793 651 825 678 et
849 656 902 678 su-

164 699 381 742 perpelliceo,
417 699 521 731 dictae
547 698 702 730 eeclesiae
739 703 901 740 tamquam

164 752 344 796 parochiali
370 757 401 784 et
421 752 512 794 quasi
538 750 716 784 cathedrali
743 751 901 783 hactenus

164 810 330 848 praestare
355 809 607 844 consueverunt,
627 809 657 836 et
675 813 756 846 quae
777 803 816 836 de
834 803 902 836 iure

164 862 329 900 praestare
354 861 523 897 tenentur,
552 856 773 899 pariformiter
797 856 902 898 impo-

164 914 285 943 sterum
312 909 506 952 praestanda
531 919 659 951 cogere,
682 913 724 949 et,
744 919 802 951 pro
819 909 903 941 cele-

164 962 313 995 bratione
332 962 501 995 missarum
519 961 711 994 solemnium
737 961 803 994 sive
829 971 903 993 can-

164 1016 334 1048 tandarum
360 1015 391 1047 in
419 1014 658 1053 festivitatibus,
682 1014 853 1047 diaconum
872 1019 903 1047 et

165 1068 398 1100 subdiaconum
424 1077 460 1100 ex
485 1067 598 1100 eodem
620 1068 708 1100 clero
727 1078 901 1107 assumere,

165 1131 292 1154 necnon
306 1120 459 1152 diaconos
478 1125 509 1153 et
529 1120 742 1153 subdiaconos
757 1121 903 1163 aliosque

165 1173 301 1206 clericos
326 1173 364 1205 ad
390 1183 464 1206 suos
501 1173 680 1216 respective
715 1173 845 1206 ordines
870 1174 903 1206 in

166 1226 249 1258 dicta
274 1226 452 1268 parochiali
474 1225 609 1258 ecclesia
631 1226 840 1265 exercendos,
860 1226 903 1258 in-

166 1279 338 1321 iunctaque
353 1279 399 1311 eis
414 1279 453 1311 de
480 1279 550 1310 iure
571 1288 704 1310 munera
722 1279 903 1321 adimplen-

167 1332 214 1371 da,
234 1332 330 1364 etiam
354 1342 473 1374 cogere
492 1337 523 1364 et
540 1333 755 1375 compellere;
774 1332 904 1375 presby-

167 1386 244 1419 teris
270 1396 346 1418 vero
383 1391 414 1418 et
446 1385 573 1418 clericis
608 1385 785 1428 praefatis,
813 1391 844 1417 ut
872 1386 903 1417 in

166 1438 269 1472 choro
288 1439 390 1471 dictae
404 1438 599 1482 parochialis
618 1438 773 1471 ecclesiae
789 1438 902 1470 iisdem

166 1492 263 1525 modo
290 1497 321 1525 et
347 1492 468 1531 forma,
496 1501 577 1534 quae
611 1491 766 1524 hactenus
791 1491 904 1524 obser-

167 1550 240 1577 vata
265 1545 407 1585 fuerunt,
427 1545 550 1583 sedere,
570 1554 604 1576 ac
630 1544 662 1576 in
688 1544 905 1587 processioni-

168 1598 226 1631 bus
240 1598 298 1631 suh
313 1600 376 1630 una
393 1598 570 1640 eademque
589 1607 682 1630 cruce
709 1607 782 1630 cum
801 1597 904 1629 fratri-

167 1651 227 1684 bus
253 1651 404 1694 praefatis
430 1651 596 1690 incedere,
614 1650 795 1693 iisdemque
819 1650 905 1693 prio-

168 1704 258 1737 ribus
285 1709 316 1737 et
340 1704 467 1737 clericis
485 1731 492 1743 ,
514 1704 566 1746 qui
593 1704 624 1735 in
650 1704 793 1746 vesperis
819 1703 902 1735 festi-

169 1757 300 1789 vitatum
326 1767 495 1799 vesperas,
527 1762 558 1788 et
583 1756 615 1788 in
641 1756 754 1789 maiori
781 1756 905 1789 hebdo-

169 1810 264 1842 mada
288 1809 394 1841 divina
419 1808 524 1841 officia
551 1809 712 1851 horasque
733 1809 904 1842 canonicas

170 1864 234 1895 una
250 1872 320 1894 cum
335 1862 484 1894 fratribus
498 1862 660 1904 praefatis,
677 1862 762 1894 iuxta
780 1872 905 1895 eorum-

172 1914 244 1946 dem
269 1913 399 1946 fratrum
428 1914 536 1952 ritum,
564 1914 596 1946 in
618 1914 701 1947 dicta
722 1915 904 1957 parochiali

172 1966 307 1999 ecclesia
331 1966 481 2008 illiusque
508 1967 609 1999 choro
626 1967 801 2010 psallentes
826 1968 906 1999 reci-

173 2018 318 2058 taverint,
335 2023 371 2050 ut
387 2028 445 2061 pro
464 2018 527 2051 illis
546 2018 646 2058 horis,
665 2029 752 2061 quas,
769 2025 803 2051 ut
820 2030 906 2062 prae-

173 2071 284 2110 fertur,
311 2071 537 2111 recitaverint,
563 2081 628 2103 non
653 2071 799 2104 obstante
825 2071 905 2104 ritus

173 2122 360 2155 huiusmodi
395 2122 598 2162 diversitate,
632 2123 766 2166 proprio
792 2124 905 2164 oneri,

173 2175 293 2218 absque
307 2176 388 2208 nova
409 2174 505 2207 divini
524 2175 617 2208 officii
636 2176 721 2208 iuxta
738 2176 907 2218 proprium

174 2229 270 2261 ritum
307 2227 517 2268 recitatione,
542 2228 755 2267 satisfacere,
781 2238 907 2261 necnon

173 2281 272 2324 priori
298 2290 357 2323 pro
384 2286 530 2323 tempore
565 2281 711 2313 existenti
738 2282 881 2323 praefato
898 2308 905 2321 ‚

173 2339 209 2367 ut
233 2334 456 2367 defunctorum
481 2332 672 2366 clericorum
698 2334 840 2376 spolium
860 2344 909 2366 su-

173 2397 232 2430 per
249 2388 344 2427 cotta,
362 2386 524 2418 breviario
540 2391 572 2418 et
588 2386 693 2419 bireto
712 2386 907 2427 consistens,

173 2441 261 2472 iuxta
286 2438 556 2471 consuetudinem
589 2438 621 2470 in
646 2438 794 2481 pluribus
820 2439 909 2472 dioe-

173 2492 302 2525 cesibus
328 2492 455 2525 illarum
482 2491 620 2534 partium
647 2491 821 2534 vigentem,
845 2493 910 2524 exi-

173 2555 266 2590 gere;
292 2549 323 2578 et
347 2549 483 2583 attento,
503 2544 603 2588 quod,
622 2550 657 2577 ut
681 2544 832 2578 similiter
857 2555 909 2578 ac-

262 2605 342 2632 Butt.
363 2605 448 2633 Rom.
470 2620 503 2626 —
526 2606 586 2632 l'ol.
607 2605 699 2633 XXII.
842 2604 873 2633 91

1577 167 1633 199 Ἣ

1582 179 1616 199 z-

945 225 1109 268 cepimus,
1140 226 1228 269 prior
1253 231 1285 258 et
1311 227 1422 259 fratres
1447 235 1506 269 pro
1533 230 1680 269 tempore

945 278 1118 312 existentes
1144 279 1278 322 praefati
1305 279 1337 312 in
1362 279 1593 323 possessione,
1622 289 1680 311 seu

945 331 1048 374 quasi,
1074 332 1245 375 quamdam
1264 332 1446 375 portionem
1464 342 1520 364 seu
1540 332 1679 364 decimas

945 384 1095 426 piscium,
1125 385 1178 427 qui
1204 395 1219 417 a
1246 385 1505 428 quibuscumque
1531 386 1681 427 personis

947 437 975 468 iu
1013 438 1173 470 maritima
1211 438 1315 470 dictae
1351 444 1456 471 terrae
1494 439 1680 471 Balneariae

945 489 1121 531 piscantur,
1146 501 1275 523 necnon
1301 491 1462 523 fructuum
1489 497 1519 524 et
1544 492 1680 524 aliarum

946 552 1052 574 rerum
1092 543 1366 582 comestibilium,
1409 555 1490 586 quae
1527 545 1558 575 in
1597 542 1681 576 dicta

947 596 1034 626 terra
1060 595 1153 627 etiam
1180 595 1212 627 in
1238 596 1352 628 diebus
1384 596 1505 628 festivis
1539 597 1682 628 vendun-

947 653 1005 685 tur,
1024 647 1171 689 exigendi
1198 653 1228 679 et
1246 648 1448 690 percipiendi
1464 648 1680 690 reperiuntur,

946 698 1045 740 priori
1067 706 1095 730 et
1119 699 1270 731 fratribus
1293 710 1352 742 pro
1380 706 1527 742 tempore
1549 701 1682 733 existen-

947 751 1030 783 tibus
1056 752 1208 793 praefatis
1225 779 1232 791 ,
1266 757 1299 784 ut
1325 753 1469 784 eamdem
1496 753 1682 795 portionem

946 813 1003 835 seu
1030 804 1172 836 decimas
1197 804 1334 847 piscium
1360 805 1560 847 piscatorum
1583 811 1614 838 et
1639 816 1683 838 re·

947 866 1017 887 rum
1043 856 1286 889 vendendarum
1321 857 1504 889 huiusmodi
1531 857 1683 899 imposte·

946 919 1015 940 rum
1041 909 1135 940 etiam
1162 909 1292 952 exigere
1319 915 1350 942 et
1374 910 1554 952 percipere,
1577 920 1612 942 ac
1639 911 1684 952 pi-

946 966 1073 993 scantes
1091 967 1122 993 et
1147 962 1324 994 vendentes
1354 962 1539 994 huiusmodi
1561 962 1683 1005 portio-

947 1023 1019 1045 nem
1050 1024 1105 1046 seu
1139 1014 1280 1046 decimas
1307 1014 1496 1047 huiusmodi
1524 1014 1624 1057 priori
1652 1021 1683 1047 et

947 1065 1096 1097 fratribus
1112 1077 1170 1109 pro
1193 1072 1340 1109 tempore
1358 1067 1570 1099 existentibus
1592 1078 1684 1110 prac-

947 1118 1018 1150 fatis
1043 1119 1230 1158 dumtaxat,
1257 1126 1287 1152 et
1316 1130 1382 1152 uon
1415 1120 1466 1152 alii
1485 1119 1493 1135 ¹
1520 1121 1568 1152 vcl
1594 1120 1682 1159 aliis,

947 1171 1074 1203 tradere
1101 1178 1132 1203 ct
1157 1173 1289 1204 omniuo
1316 1173 1534 1215 respondere,
1562 1179 1684 1205 contra-

947 1223 1085 1256 dictores
1110 1234 1188 1256 vero
1224 1230 1254 1257 et
1286 1225 1511 1258 inobedientes
1545 1231 1599 1257 aut
1634 1236 1684 1258 re-

948 1276 1048 1308 belles
1074 1277 1250 1319 corrigere,
1268 1279 1434 1317 mulctare,
1455 1284 1485 1311 et
1511 1279 1606 1311 ctiam
1624 1281 1683 1311 sub

947 1328 1172 1361 ecclesiasticis
1185 1330 1362 1369 sententiis,
1378 1331 1534 1369 censuris,
1548 1332 1684 1374 aliisque

946 1381 1118 1423 condignis
1143 1382 1257 1424 poenis
1284 1393 1503 1426 compescere,
1524 1384 1627 1416 libere
1654 1390 1686 1417 ct

947 1434 1034 1466 licite
1059 1435 1239 1477 respective
1271 1436 1398 1478 possint
1422 1442 1453 1468 et
1477 1437 1618 1477 valcant,
1650 1447 1684 1469 ac

947 1486 1041 1520 etiam
1067 1488 1245 1530 respective
1272 1488 1413 1521 debeant
1445 1494 1477 1522 et
1510 1494 1684 1522 teneantur

947 1550 983 1573 ac
1007 1540 1143 1584 obligati
1170 1541 1317 1581 existant,
1336 1542 1528 1575 auctoritate
1553 1542 1683 1585 praedi-

948 1596 997 1627 cta
1026 1594 1123 1627 etiam
1152 1600 1313 1638 perpetuo
1331 1596 1513 1638 respective
1532 1596 1683 1629 concedi-

947 1657 1017 1679 mus
1042 1653 1073 1680 et
1097 1647 1319 1690 indulgemus.

1688 177 1704 201 λ
1710 185 1724 202 n

1731 177 1785 203 .C.
1808 178 1871 203 tws

990 1700 1005 1743 ξ
1030 1699 1081 1733 10.
1107 1700 1296 1733 Praesentes
1314 1712 1453 1744 quoque,
1472 1712 1506 1734 ac
1529 1702 1635 1734 omnia
1654 1707 1686 1734 et
1710 1710 1879 1731 itacccnnann-

1695 1739 1725 1757 uo
1754 1739 1880 1762 perpetuum

947 1752 1074 1794 singula
1088 1753 1277 1795 praemissa.
1293 1754 1360 1786 ullo
1375 1764 1520 1797 unquam
1535 1759 1685 1797 tempore
1696 1764 1760 1784 robur
1775 1764 1879 1785 obitura!-

948 1806 987 1838 de
1005 1805 1234 1848 subreptionis,
1254 1807 1468 1850 obreptionis,
1484 1812 1537 1840 aut
1556 1808 1686 1840 nullita-

950 1858 987 1890 tis
1005 1858 1092 1896 vitio,
1110 1868 1167 1892 seu
1185 1859 1377 1892 intentionis
1395 1865 1535 1901 nostrae,
1551 1862 1599 1893 vel
1622 1860 1685 1893 alio

947 1911 1059 1954 quovis
1085 1911 1222 1951 defectu,
1250 1912 1345 1944 etiam
1373 1923 1409 1944 cx
1436 1922 1474 1946 eo
1499 1913 1585 1956 quod
1611 1923 1686 1946 cau-

949 1974 1015 2003 sae,
1032 1969 1168 2007 propter
1182 1974 1261 2007 quas
1277 1965 1388 1998 eadem
1408 1966 1590 2008 praemissa
1604 1966 1687 1999 facta

950 2017 1077 2058 fuerint,
1096 2027 1202 2050 coram
1220 2018 1364 2050 locorum
1378 2017 1569 2059 Ordinariis,
1589 2019 1687 2052 etiam

949 2075 1112 2113 tamquam
1130 2069 1221 2103 Sedis
1244 2070 1409 2113 praefatae
1430 2071 1598 2113 delegatis
1619 2082 1687 2105 exa-

950 2122 1100 2162 minatae,
1126 2122 1317 2161 veriticatae,
1339 2128 1370 2156 et
1394 2123 1432 2155 ab
1459 2124 1504 2156 eis
1530 2125 1688 2168 approba-

951 2181 1000 2208 tae
1017 2203 1023 2217 ,
1046 2186 1082 2208 ac
1108 2176 1265 2208 interesse
1283 2175 1390 2208 forsan
1409 2176 1571 2210 'habentes
1597 2178 1635 2210 ad
1655 2178 1688 2210 id

951 2228 1062 2268 vocati,
1090 2227 1178 2260 citati
1205 2233 1236 2260 et
1260 2227 1359 2260 auditi
1385 2239 1449 2261 non
1476 2229 1607 2270 fuerint,
1626 2241 1688 2263 nec

951 2281 1095 2323 desuper
1120 2290 1211 2312 suum
1238 2291 1429 2313 consensum
1455 2282 1688 2324 praestiterint,

951 2343 1006 2366 seu
1033 2343 1069 2366 cx
1094 2333 1203 2376 quavis
1229 2333 1291 2366 alia
1315 2336 1431 2373 causa,
1457 2335 1505 2367 vel
1531 2345 1688 2377 quocum-

952 2396 1013 2429 que
1039 2390 1224 2428 praetextu,
1254 2386 1400 2428 quaesito
1426 2388 1535 2420 colore
1568 2389 1614 2420 vel
1641 2388 1689 2420 in-

951 2439 1060 2480 genio,
1080 2439 1197 2478 notari,
1217 2438 1411 2482 impugnari,
1439 2440 1620 2481 invalidari‚
1641 2452 1689 2474 re-

952 2490 1100 2530 tractari,
1123 2490 1161 2523 ad
1191 2490 1272 2523 viam
1297 2497 1329 2524 et
1355 2492 1510 2525 terminos
1536 2492 1613 2526 iuris
1639 2503 1689 2526 re-

985 2553 998 2578 1
1021 2551 1092 2579 Edit.
1112 2551 1197 2579 Maia.
1217 2552 1284 2588 legit
1302 2554 1372 2582 aliis
1392 2562 1440 2590 pro
1460 2555 1514 2583 alii
1536 2555 1575 2591 (n.
1596 2555 1643 2591 T.).
