<?xml version="1.0" encoding="UTF-8"?>
<!DOCTYPE html PUBLIC "-//W3C//DTD XHTML 1.0 Transitional//EN"
    "http://www.w3.org/TR/xhtml1/DTD/xhtml1-transitional.dtd">
<html xmlns="http://www.w3.org/1999/xhtml" xml:lang="en" lang="en">
 <head>
  <title>
</title>
<meta http-equiv="Content-Type" content="text/html;charset=utf-8" />
  <meta name='ocr-system' content='tesseract 3.04.00' />
  <meta name='ocr-capabilities' content='ocr_page ocr_carea ocr_par ocr_line ocrx_word'/>
</head>
<body>
  <div class='ocr_page' id='page_1' title='image "./bullarumdiplomat22cath_0720.png"; bbox 0 0 2170 3147; ppageno 0'>
   <div class='ocr_carea' id='block_1_1' title="bbox 243 177 530 210">
    <p class='ocr_par' dir='ltr' id='par_1_1' title="bbox 243 177 530 210">
     <span class='ocr_line' id='line_1_1' title="bbox 243 177 530 210; baseline -0.014 -2"><span class='ocrx_word' id='word_1_1' title='bbox 243 186 288 209; x_wconf 63' lang='lat' dir='ltr'>»tn⁴</span> <span class='ocrx_word' id='word_1_2' title='bbox 306 185 334 209; x_wconf 79' lang='lat' dir='ltr'>c.</span> <span class='ocrx_word' id='word_1_3' title='bbox 356 184 420 210; x_wconf 49' lang='grc' dir='ltr'>«ης</span> <span class='ocrx_word' id='word_1_4' title='bbox 467 177 530 207; x_wconf 58' lang='lat' dir='ltr'>usn</span> 
     </span>
    </p>
   </div>
   <div class='ocr_carea' id='block_1_2' title="bbox 432 188 1194 2500">
    <p class='ocr_par' dir='ltr' id='par_1_2' title="bbox 432 188 1194 2500">
     <span class='ocr_line' id='line_1_2' title="bbox 1012 188 1194 212; baseline -0.005 0"><span class='ocrx_word' id='word_1_5' title='bbox 1012 188 1194 212; x_wconf 58' lang='lat' dir='ltr'>liettardum</span> 
     </span>
     <span class='ocr_line' id='line_1_3' title="bbox 436 234 1178 278; baseline 0.003 -13"><span class='ocrx_word' id='word_1_6' title='bbox 436 234 482 266; x_wconf 70' lang='lat' dir='ltr'>ria</span> <span class='ocrx_word' id='word_1_7' title='bbox 509 235 630 267; x_wconf 87' lang='lat' dir='ltr'>nullius</span> <span class='ocrx_word' id='word_1_8' title='bbox 657 236 816 267; x_wconf 81' lang='lat' dir='ltr'>dioecesis</span> <span class='ocrx_word' id='word_1_9' title='bbox 843 236 1030 278; x_wconf 75' lang='lat' dir='ltr'>provinciae</span> <span class='ocrx_word' id='word_1_10' title='bbox 1053 235 1178 268; x_wconf 85' lang='lat' dir='ltr'>Tlieati-</span> 
     </span>
     <span class='ocr_line' id='line_1_4' title="bbox 436 287 1174 327; baseline 0.001 -9"><span class='ocrx_word' id='word_1_11' title='bbox 436 298 516 326; x_wconf 80' lang='lat' dir='ltr'>nac,</span> <span class='ocrx_word' id='word_1_12' title='bbox 541 287 571 319; x_wconf 79' lang='lat' dir='ltr'>S.</span> <span class='ocrx_word' id='word_1_13' title='bbox 596 288 759 320; x_wconf 74' lang='lat' dir='ltr'>Benedicti</span> <span class='ocrx_word' id='word_1_14' title='bbox 786 298 840 320; x_wconf 87' lang='lat' dir='ltr'>seu</span> <span class='ocrx_word' id='word_1_15' title='bbox 867 288 997 321; x_wconf 88' lang='lat' dir='ltr'>alterius</span> <span class='ocrx_word' id='word_1_16' title='bbox 1023 288 1174 327; x_wconf 86' lang='lat' dir='ltr'>Ordinis,</span> 
     </span>
     <span class='ocr_line' id='line_1_5' title="bbox 437 340 1175 382; baseline 0.003 -11"><span class='ocrx_word' id='word_1_17' title='bbox 437 341 520 382; x_wconf 73' lang='lat' dir='ltr'>quod</span> <span class='ocrx_word' id='word_1_18' title='bbox 549 340 578 372; x_wconf 92' lang='lat' dir='ltr'>in</span> <span class='ocrx_word' id='word_1_19' title='bbox 605 341 828 373; x_wconf 84' lang='lat' dir='ltr'>commendam</span> <span class='ocrx_word' id='word_1_20' title='bbox 862 341 900 373; x_wconf 81' lang='lat' dir='ltr'>ad</span> <span class='ocrx_word' id='word_1_21' title='bbox 927 341 975 373; x_wconf 84' lang='lat' dir='ltr'>sui</span> <span class='ocrx_word' id='word_1_22' title='bbox 1002 342 1118 374; x_wconf 81' lang='lat' dir='ltr'>victum</span> <span class='ocrx_word' id='word_1_23' title='bbox 1140 352 1175 374; x_wconf 79' lang='lat' dir='ltr'>ex</span> 
     </span>
     <span class='ocr_line' id='line_1_6' title="bbox 436 393 1177 437; baseline 0.004 -13"><span class='ocrx_word' id='word_1_24' title='bbox 436 394 646 426; x_wconf 82' lang='lat' dir='ltr'>concessione</span> <span class='ocrx_word' id='word_1_25' title='bbox 672 400 703 426; x_wconf 89' lang='lat' dir='ltr'>et</span> <span class='ocrx_word' id='word_1_26' title='bbox 729 393 973 436; x_wconf 71' lang='lat' dir='ltr'>dispensatione</span> <span class='ocrx_word' id='word_1_27' title='bbox 1000 394 1177 437; x_wconf 77' lang='lat' dir='ltr'>apostoliea</span> 
     </span>
     <span class='ocr_line' id='line_1_7' title="bbox 436 446 1174 486; baseline 0.004 -9"><span class='ocrx_word' id='word_1_28' title='bbox 436 446 571 485; x_wconf 85' lang='lat' dir='ltr'>obtinet,</span> <span class='ocrx_word' id='word_1_29' title='bbox 586 446 815 479; x_wconf 86' lang='lat' dir='ltr'>conditionem¹</span> <span class='ocrx_word' id='word_1_30' title='bbox 832 448 975 480; x_wconf 79' lang='lat' dir='ltr'>efficeret</span> <span class='ocrx_word' id='word_1_31' title='bbox 993 448 1174 486; x_wconf 86' lang='lat' dir='ltr'>meliorem,</span> 
     </span>
     <span class='ocr_line' id='line_1_8' title="bbox 436 499 1176 541; baseline 0.003 -12"><span class='ocrx_word' id='word_1_32' title='bbox 436 499 565 540; x_wconf 62' lang='lat' dir='ltr'>[naevia</span> <span class='ocrx_word' id='word_1_33' title='bbox 592 501 776 541; x_wconf 74' lang='lat' dir='ltr'>opportuna</span> <span class='ocrx_word' id='word_1_34' title='bbox 808 499 959 532; x_wconf 72' lang='lat' dir='ltr'>facultate</span> <span class='ocrx_word' id='word_1_35' title='bbox 992 506 1023 532; x_wconf 89' lang='lat' dir='ltr'>et</span> <span class='ocrx_word' id='word_1_36' title='bbox 1048 500 1176 532; x_wconf 75' lang='lat' dir='ltr'>lieentia</span> 
     </span>
     <span class='ocr_line' id='line_1_9' title="bbox 435 550 1177 595; baseline 0.005 -14"><span class='ocrx_word' id='word_1_37' title='bbox 435 550 495 581; x_wconf 80' lang='lat' dir='ltr'>sibi</span> <span class='ocrx_word' id='word_1_38' title='bbox 514 562 530 583; x_wconf 86' lang='lat' dir='ltr'>a</span> <span class='ocrx_word' id='word_1_39' title='bbox 550 551 641 583; x_wconf 82' lang='lat' dir='ltr'>nobis</span> <span class='ocrx_word' id='word_1_40' title='bbox 668 551 719 583; x_wconf 88' lang='lat' dir='ltr'>die</span> <span class='ocrx_word' id='word_1_41' title='bbox 745 563 787 584; x_wconf 82' lang='lat' dir='ltr'>xu</span> <span class='ocrx_word' id='word_1_42' title='bbox 814 552 934 585; x_wconf 78' lang='lat' dir='ltr'>mensis</span> <span class='ocrx_word' id='word_1_43' title='bbox 952 552 1088 585; x_wconf 86' lang='lat' dir='ltr'>ianuarii</span> <span class='ocrx_word' id='word_1_44' title='bbox 1108 563 1177 595; x_wconf 88' lang='lat' dir='ltr'>pro-</span> 
     </span>
     <span class='ocr_line' id='line_1_10' title="bbox 435 603 1176 647; baseline 0.004 -13"><span class='ocrx_word' id='word_1_45' title='bbox 435 603 509 635; x_wconf 76' lang='lat' dir='ltr'>ximi</span> <span class='ocrx_word' id='word_1_46' title='bbox 538 604 704 645; x_wconf 86' lang='lat' dir='ltr'>praeteriti</span> <span class='ocrx_word' id='word_1_47' title='bbox 732 615 791 646; x_wconf 89' lang='lat' dir='ltr'>per</span> <span class='ocrx_word' id='word_1_48' title='bbox 815 604 1108 647; x_wconf 80' lang='lat' dir='ltr'>Congregationem</span> <span class='ocrx_word' id='word_1_49' title='bbox 1131 616 1176 638; x_wconf 88' lang='lat' dir='ltr'>ve-</span> 
     </span>
     <span class='ocr_line' id='line_1_11' title="bbox 435 656 1175 690; baseline 0.004 -3"><span class='ocrx_word' id='word_1_50' title='bbox 435 656 630 688; x_wconf 64' lang='lat' dir='ltr'>iieraliiilium</span> <span class='ocrx_word' id='word_1_51' title='bbox 658 656 790 689; x_wconf 80' lang='lat' dir='ltr'>fratrum</span> <span class='ocrx_word' id='word_1_52' title='bbox 821 663 1006 690; x_wconf 90' lang='lat' dir='ltr'>nostrorum</span> <span class='ocrx_word' id='word_1_53' title='bbox 1032 658 1175 690; x_wconf 88' lang='lat' dir='ltr'>eiusdem</span> 
     </span>
     <span class='ocr_line' id='line_1_12' title="bbox 435 707 1174 743; baseline 0.003 -3"><span class='ocrx_word' id='word_1_54' title='bbox 435 707 466 740; x_wconf 78' lang='lat' dir='ltr'>S.</span> <span class='ocrx_word' id='word_1_55' title='bbox 487 708 521 740; x_wconf 76' lang='lat' dir='ltr'>R.</span> <span class='ocrx_word' id='word_1_56' title='bbox 542 709 576 740; x_wconf 90' lang='lat' dir='ltr'>E.</span> <span class='ocrx_word' id='word_1_57' title='bbox 598 709 809 741; x_wconf 71' lang='lat' dir='ltr'>cardinalium</span> <span class='ocrx_word' id='word_1_58' title='bbox 836 709 973 743; x_wconf 85' lang='lat' dir='ltr'>Concilii</span> <span class='ocrx_word' id='word_1_59' title='bbox 995 710 1174 742; x_wconf 75' lang='lat' dir='ltr'>Tridentini</span> 
     </span>
     <span class='ocr_line' id='line_1_13' title="bbox 435 760 1176 804; baseline 0.004 -12"><span class='ocrx_word' id='word_1_60' title='bbox 435 760 650 804; x_wconf 74' lang='lat' dir='ltr'>interpretum</span> <span class='ocrx_word' id='word_1_61' title='bbox 676 763 713 794; x_wconf 88' lang='lat' dir='ltr'>ad</span> <span class='ocrx_word' id='word_1_62' title='bbox 745 762 776 794; x_wconf 91' lang='lat' dir='ltr'>id</span> <span class='ocrx_word' id='word_1_63' title='bbox 810 763 964 795; x_wconf 76' lang='lat' dir='ltr'>attributa</span> <span class='ocrx_word' id='word_1_64' title='bbox 981 789 988 803; x_wconf 89' lang='lat'>,</span> <span class='ocrx_word' id='word_1_65' title='bbox 1013 763 1121 795; x_wconf 82' lang='lat' dir='ltr'>omnia</span> <span class='ocrx_word' id='word_1_66' title='bbox 1146 768 1176 795; x_wconf 88' lang='lat' dir='ltr'>et</span> 
     </span>
     <span class='ocr_line' id='line_1_14' title="bbox 435 813 1174 858; baseline 0.003 -13"><span class='ocrx_word' id='word_1_67' title='bbox 435 813 564 856; x_wconf 70' lang='lat' dir='ltr'>singula</span> <span class='ocrx_word' id='word_1_68' title='bbox 582 814 675 854; x_wconf 84' lang='lat' dir='ltr'>bona,</span> <span class='ocrx_word' id='word_1_69' title='bbox 692 825 742 847; x_wconf 78' lang='lat' dir='ltr'>res</span> <span class='ocrx_word' id='word_1_70' title='bbox 761 820 792 847; x_wconf 81' lang='lat' dir='ltr'>et</span> <span class='ocrx_word' id='word_1_71' title='bbox 814 816 895 854; x_wconf 87' lang='lat' dir='ltr'>iura,</span> <span class='ocrx_word' id='word_1_72' title='bbox 913 816 953 848; x_wconf 88' lang='lat' dir='ltr'>ad</span> <span class='ocrx_word' id='word_1_73' title='bbox 972 815 1174 858; x_wconf 88' lang='lat' dir='ltr'>praedictum</span> 
     </span>
     <span class='ocr_line' id='line_1_15' title="bbox 434 867 1173 910; baseline 0.003 -13"><span class='ocrx_word' id='word_1_74' title='bbox 434 867 666 899; x_wconf 68' lang='lat' dir='ltr'>:nonasterium</span> <span class='ocrx_word' id='word_1_75' title='bbox 704 868 954 910; x_wconf 81' lang='lat' dir='ltr'>quomodolibet</span> <span class='ocrx_word' id='word_1_76' title='bbox 979 868 1173 910; x_wconf 80' lang='lat' dir='ltr'>spectantia,</span> 
     </span>
     <span class='ocr_line' id='line_1_16' title="bbox 434 919 1173 963; baseline 0.004 -14"><span class='ocrx_word' id='word_1_77' title='bbox 434 929 505 950; x_wconf 77' lang='lat' dir='ltr'>cum</span> <span class='ocrx_word' id='word_1_78' title='bbox 532 919 757 953; x_wconf 84' lang='lat' dir='ltr'>iurisdictione</span> <span class='ocrx_word' id='word_1_79' title='bbox 785 926 847 952; x_wconf 85' lang='lat' dir='ltr'>tam</span> <span class='ocrx_word' id='word_1_80' title='bbox 884 920 1044 963; x_wconf 74' lang='lat' dir='ltr'>spirituali</span> <span class='ocrx_word' id='word_1_81' title='bbox 1077 932 1173 963; x_wconf 86' lang='lat' dir='ltr'>quam</span> 
     </span>
     <span class='ocr_line' id='line_1_17' title="bbox 435 972 1170 1016; baseline 0.003 -14"><span class='ocrx_word' id='word_1_82' title='bbox 435 972 604 1014; x_wconf 81' lang='lat' dir='ltr'>temporali</span> <span class='ocrx_word' id='word_1_83' title='bbox 632 973 669 1005; x_wconf 88' lang='lat' dir='ltr'>ab</span> <span class='ocrx_word' id='word_1_84' title='bbox 700 983 737 1006; x_wconf 90' lang='lat' dir='ltr'>eo</span> <span class='ocrx_word' id='word_1_85' title='bbox 769 973 1014 1016; x_wconf 82' lang='lat' dir='ltr'>quomodolibet</span> <span class='ocrx_word' id='word_1_86' title='bbox 1046 974 1170 1016; x_wconf 84' lang='lat' dir='ltr'>depen-</span> 
     </span>
     <span class='ocr_line' id='line_1_18' title="bbox 435 1024 1174 1067; baseline 0.004 -12"><span class='ocrx_word' id='word_1_87' title='bbox 435 1024 541 1065; x_wconf 81' lang='lat' dir='ltr'>dente,</span> <span class='ocrx_word' id='word_1_88' title='bbox 560 1025 812 1067; x_wconf 75' lang='lat' dir='ltr'>Congregationi</span> <span class='ocrx_word' id='word_1_89' title='bbox 839 1026 1072 1059; x_wconf 84' lang='lat' dir='ltr'>monachorum</span> <span class='ocrx_word' id='word_1_90' title='bbox 1099 1025 1174 1058; x_wconf 85' lang='lat' dir='ltr'>Cac-</span> 
     </span>
     <span class='ocr_line' id='line_1_19' title="bbox 434 1077 1172 1118; baseline 0.001 -9"><span class='ocrx_word' id='word_1_91' title='bbox 434 1077 628 1110; x_wconf 87' lang='lat' dir='ltr'>lestinorum</span> <span class='ocrx_word' id='word_1_92' title='bbox 663 1079 735 1112; x_wconf 87' lang='lat' dir='ltr'>dicti</span> <span class='ocrx_word' id='word_1_93' title='bbox 772 1079 900 1111; x_wconf 75' lang='lat' dir='ltr'>Ordinis</span> <span class='ocrx_word' id='word_1_94' title='bbox 926 1078 956 1111; x_wconf 88' lang='lat' dir='ltr'>S.</span> <span class='ocrx_word' id='word_1_95' title='bbox 985 1079 1172 1118; x_wconf 81' lang='lat' dir='ltr'>Benedicti,</span> 
     </span>
     <span class='ocr_line' id='line_1_20' title="bbox 434 1132 1173 1174; baseline 0.004 -13"><span class='ocrx_word' id='word_1_96' title='bbox 434 1140 469 1162; x_wconf 85' lang='lat' dir='ltr'>ac</span> <span class='ocrx_word' id='word_1_97' title='bbox 494 1141 552 1173; x_wconf 91' lang='lat' dir='ltr'>pro</span> <span class='ocrx_word' id='word_1_98' title='bbox 574 1133 610 1163; x_wconf 75' lang='lat' dir='ltr'>ea</span> <span class='ocrx_word' id='word_1_99' title='bbox 632 1132 757 1164; x_wconf 86' lang='lat' dir='ltr'>dilectis</span> <span class='ocrx_word' id='word_1_100' title='bbox 785 1132 856 1163; x_wconf 74' lang='lat' dir='ltr'>filiis</span> <span class='ocrx_word' id='word_1_101' title='bbox 882 1132 1046 1164; x_wconf 78' lang='lat' dir='ltr'>modernis</span> <span class='ocrx_word' id='word_1_102' title='bbox 1065 1137 1096 1164; x_wconf 89' lang='lat' dir='ltr'>et</span> <span class='ocrx_word' id='word_1_103' title='bbox 1114 1142 1173 1174; x_wconf 89' lang='lat' dir='ltr'>pro</span> 
     </span>
     <span class='ocr_line' id='line_1_21' title="bbox 436 1185 1172 1226; baseline 0.003 -11"><span class='ocrx_word' id='word_1_104' title='bbox 436 1189 580 1226; x_wconf 88' lang='lat' dir='ltr'>tempore</span> <span class='ocrx_word' id='word_1_105' title='bbox 600 1185 811 1217; x_wconf 74' lang='lat' dir='ltr'>existentibus</span> <span class='ocrx_word' id='word_1_106' title='bbox 826 1185 934 1217; x_wconf 86' lang='lat' dir='ltr'>abbati</span> <span class='ocrx_word' id='word_1_107' title='bbox 954 1191 984 1217; x_wconf 91' lang='lat' dir='ltr'>et</span> <span class='ocrx_word' id='word_1_108' title='bbox 1003 1185 1172 1217; x_wconf 82' lang='lat' dir='ltr'>monacbis</span> 
     </span>
     <span class='ocr_line' id='line_1_22' title="bbox 433 1236 1174 1280; baseline 0.001 -12"><span class='ocrx_word' id='word_1_109' title='bbox 433 1236 548 1269; x_wconf 78' lang='lat' dir='ltr'>Montis</span> <span class='ocrx_word' id='word_1_110' title='bbox 574 1236 603 1269; x_wconf 82' lang='lat' dir='ltr'>S.</span> <span class='ocrx_word' id='word_1_111' title='bbox 633 1237 773 1280; x_wconf 72' lang='lat' dir='ltr'>Spiritus</span> <span class='ocrx_word' id='word_1_112' title='bbox 803 1237 841 1270; x_wconf 87' lang='lat' dir='ltr'>de</span> <span class='ocrx_word' id='word_1_113' title='bbox 866 1237 1016 1270; x_wconf 87' lang='lat' dir='ltr'>Murroue</span> <span class='ocrx_word' id='word_1_114' title='bbox 1042 1237 1072 1269; x_wconf 91' lang='lat' dir='ltr'>in</span> <span class='ocrx_word' id='word_1_115' title='bbox 1100 1238 1174 1269; x_wconf 84' lang='lat' dir='ltr'>vici-</span> 
     </span>
     <span class='ocr_line' id='line_1_23' title="bbox 432 1289 1174 1334; baseline 0.003 -13"><span class='ocrx_word' id='word_1_116' title='bbox 432 1289 494 1322; x_wconf 93' lang='lat' dir='ltr'>niis</span> <span class='ocrx_word' id='word_1_117' title='bbox 520 1290 657 1322; x_wconf 74' lang='lat' dir='ltr'>civitatis</span> <span class='ocrx_word' id='word_1_118' title='bbox 682 1291 858 1324; x_wconf 84' lang='lat' dir='ltr'>Sulmonen</span> <span class='ocrx_word' id='word_1_119' title='bbox 884 1291 934 1323; x_wconf 87' lang='lat' dir='ltr'>siti</span> <span class='ocrx_word' id='word_1_120' title='bbox 966 1291 1053 1334; x_wconf 82' lang='lat' dir='ltr'>quod</span> <span class='ocrx_word' id='word_1_121' title='bbox 1079 1297 1174 1334; x_wconf 84' lang='lat' dir='ltr'>caput</span> 
     </span>
     <span class='ocr_line' id='line_1_24' title="bbox 433 1343 1171 1387; baseline 0.004 -12"><span class='ocrx_word' id='word_1_122' title='bbox 433 1349 464 1375; x_wconf 88' lang='lat' dir='ltr'>et</span> <span class='ocrx_word' id='word_1_123' title='bbox 495 1343 704 1386; x_wconf 85' lang='lat' dir='ltr'>praecipuum</span> <span class='ocrx_word' id='word_1_124' title='bbox 742 1345 977 1377; x_wconf 85' lang='lat' dir='ltr'>monasterium</span> <span class='ocrx_word' id='word_1_125' title='bbox 1011 1346 1171 1387; x_wconf 80' lang='lat' dir='ltr'>praefatae</span> 
     </span>
     <span class='ocr_line' id='line_1_25' title="bbox 433 1395 1173 1438; baseline 0.003 -10"><span class='ocrx_word' id='word_1_126' title='bbox 433 1395 696 1438; x_wconf 75' lang='lat' dir='ltr'>Congregationis</span> <span class='ocrx_word' id='word_1_127' title='bbox 734 1397 969 1430; x_wconf 78' lang='lat' dir='ltr'>monachorum</span> <span class='ocrx_word' id='word_1_128' title='bbox 1007 1398 1111 1430; x_wconf 82' lang='lat' dir='ltr'>existit</span> <span class='ocrx_word' id='word_1_129' title='bbox 1143 1404 1173 1430; x_wconf 90' lang='lat' dir='ltr'>ct</span> 
     </span>
     <span class='ocr_line' id='line_1_26' title="bbox 433 1449 1171 1494; baseline 0.005 -14"><span class='ocrx_word' id='word_1_130' title='bbox 433 1449 464 1481; x_wconf 90' lang='lat' dir='ltr'>in</span> <span class='ocrx_word' id='word_1_131' title='bbox 490 1460 554 1491; x_wconf 89' lang='lat' dir='ltr'>quo</span> <span class='ocrx_word' id='word_1_132' title='bbox 573 1449 672 1482; x_wconf 80' lang='lat' dir='ltr'>abbas</span> <span class='ocrx_word' id='word_1_133' title='bbox 691 1451 854 1492; x_wconf 71' lang='lat' dir='ltr'>generalis</span> <span class='ocrx_word' id='word_1_134' title='bbox 875 1450 1019 1483; x_wconf 85' lang='lat' dir='ltr'>eiusdem</span> <span class='ocrx_word' id='word_1_135' title='bbox 1034 1451 1171 1494; x_wconf 70' lang='lat' dir='ltr'>Congre-</span> 
     </span>
     <span class='ocr_line' id='line_1_27' title="bbox 433 1502 1172 1543; baseline 0.004 -9"><span class='ocrx_word' id='word_1_136' title='bbox 433 1502 574 1543; x_wconf 64' lang='lat' dir='ltr'>gationis</span> <span class='ocrx_word' id='word_1_137' title='bbox 600 1503 835 1535; x_wconf 81' lang='lat' dir='ltr'>monachorum</span> <span class='ocrx_word' id='word_1_138' title='bbox 867 1503 1010 1536; x_wconf 83' lang='lat' dir='ltr'>residere</span> <span class='ocrx_word' id='word_1_139' title='bbox 1037 1515 1172 1537; x_wconf 82' lang='lat' dir='ltr'>consue·</span> 
     </span>
     <span class='ocr_line' id='line_1_28' title="bbox 432 1553 1172 1599; baseline 0.007 -14"><span class='ocrx_word' id='word_1_140' title='bbox 432 1554 492 1593; x_wconf 76' lang='lat' dir='ltr'>rit,</span> <span class='ocrx_word' id='word_1_141' title='bbox 516 1553 567 1587; x_wconf 71' lang='lat' dir='ltr'>et‘l</span> <span class='ocrx_word' id='word_1_142' title='bbox 586 1554 617 1586; x_wconf 88' lang='lat' dir='ltr'>in</span> <span class='ocrx_word' id='word_1_143' title='bbox 642 1555 878 1598; x_wconf 71' lang='lat' dir='ltr'>emphyteusim</span> <span class='ocrx_word' id='word_1_144' title='bbox 897 1562 1089 1599; x_wconf 84' lang='lat' dir='ltr'>perpetuam</span> <span class='ocrx_word' id='word_1_145' title='bbox 1112 1559 1172 1590; x_wconf 88' lang='lat' dir='ltr'>sub</span> 
     </span>
     <span class='ocr_line' id='line_1_29' title="bbox 433 1608 1171 1651; baseline 0.005 -12"><span class='ocrx_word' id='word_1_146' title='bbox 433 1618 541 1640; x_wconf 88' lang='lat' dir='ltr'>annuo</span> <span class='ocrx_word' id='word_1_147' title='bbox 577 1618 700 1640; x_wconf 85' lang='lat' dir='ltr'>canone</span> <span class='ocrx_word' id='word_1_148' title='bbox 737 1608 1048 1651; x_wconf 69' lang='lat' dir='ltr'>quadringentorum</span> <span class='ocrx_word' id='word_1_149' title='bbox 1082 1621 1171 1644; x_wconf 78' lang='lat' dir='ltr'>sexa-</span> 
     </span>
     <span class='ocr_line' id='line_1_30' title="bbox 432 1660 1171 1702; baseline 0.003 -10"><span class='ocrx_word' id='word_1_150' title='bbox 432 1660 521 1701; x_wconf 68' lang='lat' dir='ltr'>ginta</span> <span class='ocrx_word' id='word_1_151' title='bbox 541 1660 635 1692; x_wconf 89' lang='lat' dir='ltr'>trimn</span> <span class='ocrx_word' id='word_1_152' title='bbox 655 1666 819 1693; x_wconf 81' lang='lat' dir='ltr'>scutorum</span> <span class='ocrx_word' id='word_1_153' title='bbox 841 1667 989 1694; x_wconf 84' lang='lat' dir='ltr'>monetae</span> <span class='ocrx_word' id='word_1_154' title='bbox 1011 1673 1171 1702; x_wconf 79' lang='lat' dir='ltr'>romanae,</span> 
     </span>
     <span class='ocr_line' id='line_1_31' title="bbox 433 1714 1171 1758; baseline 0.003 -13"><span class='ocrx_word' id='word_1_155' title='bbox 433 1719 564 1756; x_wconf 82' lang='lat' dir='ltr'>praeter</span> <span class='ocrx_word' id='word_1_156' title='bbox 600 1719 629 1746; x_wconf 88' lang='lat' dir='ltr'>et</span> <span class='ocrx_word' id='word_1_157' title='bbox 663 1714 747 1746; x_wconf 88' lang='lat' dir='ltr'>ultra</span> <span class='ocrx_word' id='word_1_158' title='bbox 780 1714 841 1746; x_wconf 84' lang='lat' dir='ltr'>alia</span> <span class='ocrx_word' id='word_1_159' title='bbox 879 1715 1171 1758; x_wconf 78' lang='lat' dir='ltr'>octogintaseptem</span> 
     </span>
     <span class='ocr_line' id='line_1_32' title="bbox 432 1765 1173 1809; baseline 0.005 -12"><span class='ocrx_word' id='word_1_160' title='bbox 432 1771 521 1797; x_wconf 70' lang='lat' dir='ltr'>scum</span> <span class='ocrx_word' id='word_1_161' title='bbox 541 1765 626 1808; x_wconf 82' lang='lat' dir='ltr'>paris</span> <span class='ocrx_word' id='word_1_162' title='bbox 653 1771 802 1798; x_wconf 88' lang='lat' dir='ltr'>monetae</span> <span class='ocrx_word' id='word_1_163' title='bbox 829 1777 912 1809; x_wconf 84' lang='lat' dir='ltr'>quae</span> <span class='ocrx_word' id='word_1_164' title='bbox 931 1777 970 1800; x_wconf 86' lang='lat' dir='ltr'>ex</span> <span class='ocrx_word' id='word_1_165' title='bbox 987 1768 1067 1800; x_wconf 84' lang='lat' dir='ltr'>locis</span> <span class='ocrx_word' id='word_1_166' title='bbox 1087 1780 1173 1801; x_wconf 84' lang='lat' dir='ltr'>mon-</span> 
     </span>
     <span class='ocr_line' id='line_1_33' title="bbox 435 1818 1172 1862; baseline 0.007 -13"><span class='ocrx_word' id='word_1_167' title='bbox 435 1818 511 1850; x_wconf 91' lang='lat' dir='ltr'>tium</span> <span class='ocrx_word' id='word_1_168' title='bbox 537 1818 690 1851; x_wconf 77' lang='lat' dir='ltr'>Gamerae</span> <span class='ocrx_word' id='word_1_169' title='bbox 717 1824 848 1851; x_wconf 86' lang='lat' dir='ltr'>nostrae</span> <span class='ocrx_word' id='word_1_170' title='bbox 876 1820 1081 1862; x_wconf 73' lang='lat' dir='ltr'>Apostolicae</span> <span class='ocrx_word' id='word_1_171' title='bbox 1107 1832 1172 1854; x_wconf 88' lang='lat' dir='ltr'>non</span> 
     </span>
     <span class='ocr_line' id='line_1_34' title="bbox 433 1870 1173 1906; baseline 0.007 -5"><span class='ocrx_word' id='word_1_172' title='bbox 433 1870 625 1903; x_wconf 76' lang='lat' dir='ltr'>vacabilium</span> <span class='ocrx_word' id='word_1_173' title='bbox 654 1870 683 1902; x_wconf 87' lang='lat' dir='ltr'>in</span> <span class='ocrx_word' id='word_1_174' title='bbox 712 1871 795 1903; x_wconf 73' lang='lat' dir='ltr'>alma</span> <span class='ocrx_word' id='word_1_175' title='bbox 822 1870 907 1904; x_wconf 82' lang='lat' dir='ltr'>Urbe</span> <span class='ocrx_word' id='word_1_176' title='bbox 934 1874 1044 1905; x_wconf 72' lang='lat' dir='ltr'>nostra</span> <span class='ocrx_word' id='word_1_177' title='bbox 1075 1874 1173 1906; x_wconf 84' lang='lat' dir='ltr'>consi-</span> 
     </span>
     <span class='ocr_line' id='line_1_35' title="bbox 433 1923 1171 1966; baseline 0.005 -11"><span class='ocrx_word' id='word_1_178' title='bbox 433 1923 587 1955; x_wconf 85' lang='lat' dir='ltr'>stentium</span> <span class='ocrx_word' id='word_1_179' title='bbox 618 1923 655 1955; x_wconf 87' lang='lat' dir='ltr'>ad</span> <span class='ocrx_word' id='word_1_180' title='bbox 682 1923 902 1966; x_wconf 85' lang='lat' dir='ltr'>supradictum</span> <span class='ocrx_word' id='word_1_181' title='bbox 940 1926 1171 1959; x_wconf 87' lang='lat' dir='ltr'>monasterium</span> 
     </span>
     <span class='ocr_line' id='line_1_36' title="bbox 433 1976 1173 2021; baseline 0.005 -12"><span class='ocrx_word' id='word_1_182' title='bbox 433 1977 464 2009; x_wconf 75' lang='lat' dir='ltr'>S.</span> <span class='ocrx_word' id='word_1_183' title='bbox 492 1976 666 2009; x_wconf 89' lang='lat' dir='ltr'>Clementis</span> <span class='ocrx_word' id='word_1_184' title='bbox 701 1976 732 2009; x_wconf 90' lang='lat' dir='ltr'>in</span> <span class='ocrx_word' id='word_1_185' title='bbox 760 1977 897 2010; x_wconf 79' lang='lat' dir='ltr'>Pisearia</span> <span class='ocrx_word' id='word_1_186' title='bbox 934 1979 1173 2021; x_wconf 83' lang='lat' dir='ltr'>pertinentibus</span> 
     </span>
     <span class='ocr_line' id='line_1_37' title="bbox 434 2029 1173 2074; baseline 0.005 -13"><span class='ocrx_word' id='word_1_187' title='bbox 434 2029 607 2072; x_wconf 73' lang='lat' dir='ltr'>quotannis</span> <span class='ocrx_word' id='word_1_188' title='bbox 626 2030 847 2070; x_wconf 74' lang='lat' dir='ltr'>retrahuntur,</span> <span class='ocrx_word' id='word_1_189' title='bbox 862 2031 989 2074; x_wconf 86' lang='lat' dir='ltr'>ipsique</span> <span class='ocrx_word' id='word_1_190' title='bbox 1003 2031 1173 2066; x_wconf 76' lang='lat' dir='ltr'>Francisco</span> 
     </span>
     <span class='ocr_line' id='line_1_38' title="bbox 432 2082 1173 2127; baseline 0.005 -13"><span class='ocrx_word' id='word_1_191' title='bbox 432 2082 574 2115; x_wconf 81' lang='lat' dir='ltr'>Antonio</span> <span class='ocrx_word' id='word_1_192' title='bbox 595 2083 749 2116; x_wconf 72' lang='lat' dir='ltr'>cardinali</span> <span class='ocrx_word' id='word_1_193' title='bbox 770 2084 904 2127; x_wconf 85' lang='lat' dir='ltr'>eiusque</span> <span class='ocrx_word' id='word_1_194' title='bbox 925 2084 956 2116; x_wconf 88' lang='lat' dir='ltr'>in</span> <span class='ocrx_word' id='word_1_195' title='bbox 975 2086 1173 2119; x_wconf 85' lang='lat' dir='ltr'>monasterio</span> 
     </span>
     <span class='ocr_line' id='line_1_39' title="bbox 433 2135 1168 2181; baseline 0.007 -14"><span class='ocrx_word' id='word_1_196' title='bbox 433 2135 615 2168; x_wconf 79' lang='lat' dir='ltr'>huiusmodi</span> <span class='ocrx_word' id='word_1_197' title='bbox 648 2137 895 2170; x_wconf 85' lang='lat' dir='ltr'>successoribus</span> <span class='ocrx_word' id='word_1_198' title='bbox 928 2142 1086 2181; x_wconf 85' lang='lat' dir='ltr'>perpetuo</span> <span class='ocrx_word' id='word_1_199' title='bbox 1118 2150 1168 2172; x_wconf 89' lang='lat' dir='ltr'>re-</span> 
     </span>
     <span class='ocr_line' id='line_1_40' title="bbox 433 2189 1173 2234; baseline 0.008 -15"><span class='ocrx_word' id='word_1_200' title='bbox 433 2198 565 2221; x_wconf 81' lang='lat' dir='ltr'>manere</span> <span class='ocrx_word' id='word_1_201' title='bbox 586 2189 714 2228; x_wconf 83' lang='lat' dir='ltr'>debent,</span> <span class='ocrx_word' id='word_1_202' title='bbox 734 2200 778 2229; x_wconf 83' lang='lat' dir='ltr'>ac,</span> <span class='ocrx_word' id='word_1_203' title='bbox 797 2190 889 2223; x_wconf 88' lang='lat' dir='ltr'>simul</span> <span class='ocrx_word' id='word_1_204' title='bbox 909 2201 980 2223; x_wconf 89' lang='lat' dir='ltr'>cum</span> <span class='ocrx_word' id='word_1_205' title='bbox 998 2192 1173 2234; x_wconf 82' lang='lat' dir='ltr'>praedictis</span> 
     </span>
     <span class='ocr_line' id='line_1_41' title="bbox 433 2241 1174 2285; baseline 0.008 -14"><span class='ocrx_word' id='word_1_206' title='bbox 433 2241 681 2283; x_wconf 74' lang='lat' dir='ltr'>‹piadiingentis</span> <span class='ocrx_word' id='word_1_207' title='bbox 704 2243 978 2285; x_wconf 68' lang='lat' dir='ltr'>sexagintatribus</span> <span class='ocrx_word' id='word_1_208' title='bbox 998 2245 1103 2284; x_wconf 75' lang='lat' dir='ltr'>scutis,</span> <span class='ocrx_word' id='word_1_209' title='bbox 1123 2256 1174 2278; x_wconf 86' lang='lat' dir='ltr'>an—</span> 
     </span>
     <span class='ocr_line' id='line_1_42' title="bbox 434 2296 1175 2341; baseline 0.009 -17"><span class='ocrx_word' id='word_1_210' title='bbox 434 2304 527 2325; x_wconf 80' lang='lat' dir='ltr'>nuam</span> <span class='ocrx_word' id='word_1_211' title='bbox 554 2305 709 2326; x_wconf 82' lang='lat' dir='ltr'>summam</span> <span class='ocrx_word' id='word_1_212' title='bbox 738 2296 991 2338; x_wconf 76' lang='lat' dir='ltr'>quingentorum</span> <span class='ocrx_word' id='word_1_213' title='bbox 1017 2298 1175 2341; x_wconf 82' lang='lat' dir='ltr'>quinqua·</span> 
     </span>
     <span class='ocr_line' id='line_1_43' title="bbox 434 2347 1173 2388; baseline 0.011 -11"><span class='ocrx_word' id='word_1_214' title='bbox 434 2347 521 2388; x_wconf 76' lang='lat' dir='ltr'>ginta</span> <span class='ocrx_word' id='word_1_215' title='bbox 542 2353 704 2380; x_wconf 77' lang='lat' dir='ltr'>scutorum</span> <span class='ocrx_word' id='word_1_216' title='bbox 723 2349 909 2382; x_wconf 78' lang='lat' dir='ltr'>huiusmodi</span> <span class='ocrx_word' id='word_1_217' title='bbox 930 2350 958 2382; x_wconf 93' lang='lat' dir='ltr'>in</span> <span class='ocrx_word' id='word_1_218' title='bbox 981 2356 1080 2383; x_wconf 89' lang='lat' dir='ltr'>totum</span> <span class='ocrx_word' id='word_1_219' title='bbox 1099 2363 1173 2385; x_wconf 86' lang='lat' dir='ltr'>con-</span> 
     </span>
     <span class='ocr_line' id='line_1_44' title="bbox 434 2399 1173 2446; baseline 0.011 -17"><span class='ocrx_word' id='word_1_220' title='bbox 434 2399 588 2439; x_wconf 81' lang='lat' dir='ltr'>stituunt,</span> <span class='ocrx_word' id='word_1_221' title='bbox 619 2411 689 2432; x_wconf 75' lang='lat' dir='ltr'>cum</span> <span class='ocrx_word' id='word_1_222' title='bbox 717 2401 853 2434; x_wconf 79' lang='lat' dir='ltr'>diversis</span> <span class='ocrx_word' id='word_1_223' title='bbox 878 2404 982 2446; x_wconf 86' lang='lat' dir='ltr'>pactis</span> <span class='ocrx_word' id='word_1_224' title='bbox 1008 2409 1038 2436; x_wconf 88' lang='lat' dir='ltr'>et</span> <span class='ocrx_word' id='word_1_225' title='bbox 1063 2405 1173 2437; x_wconf 87' lang='lat' dir='ltr'>condi-</span> 
     </span>
     <span class='ocr_line' id='line_1_45' title="bbox 436 2451 1173 2500; baseline 0.011 -18"><span class='ocrx_word' id='word_1_226' title='bbox 436 2451 574 2483; x_wconf 85' lang='lat' dir='ltr'>tionibus</span> <span class='ocrx_word' id='word_1_227' title='bbox 598 2454 759 2486; x_wconf 77' lang='lat' dir='ltr'>concessit</span> <span class='ocrx_word' id='word_1_228' title='bbox 791 2465 849 2496; x_wconf 90' lang='lat' dir='ltr'>per</span> <span class='ocrx_word' id='word_1_229' title='bbox 882 2456 1028 2489; x_wconf 82' lang='lat' dir='ltr'>solemne</span> <span class='ocrx_word' id='word_1_230' title='bbox 1054 2468 1089 2489; x_wconf 89' lang='lat' dir='ltr'>ac</span> <span class='ocrx_word' id='word_1_231' title='bbox 1114 2468 1173 2500; x_wconf 88' lang='lat' dir='ltr'>pu-</span> 
     </span>
    </p>
   </div>
   <div class='ocr_carea' id='block_1_3' title="bbox 467 2521 1061 2604">
    <p class='ocr_par' dir='ltr' id='par_1_3' title="bbox 467 2521 1061 2604">
     <span class='ocr_line' id='line_1_46' title="bbox 471 2521 1061 2561; baseline 0.012 -15"><span class='ocrx_word' id='word_1_232' title='bbox 471 2522 480 2546; x_wconf 90' lang='lat'>1</span> <span class='ocrx_word' id='word_1_233' title='bbox 506 2521 574 2547; x_wconf 83' lang='lat' dir='ltr'>Edit.</span> <span class='ocrx_word' id='word_1_234' title='bbox 598 2521 674 2548; x_wconf 73' lang='lat' dir='ltr'>Malu.</span> <span class='ocrx_word' id='word_1_235' title='bbox 697 2523 758 2557; x_wconf 64' lang='lat' dir='ltr'>legit</span> <span class='ocrx_word' id='word_1_236' title='bbox 778 2525 944 2552; x_wconf 72' lang='lat' dir='ltr'>conditione</span> <span class='ocrx_word' id='word_1_237' title='bbox 963 2529 1000 2559; x_wconf 82' lang='lat' dir='ltr'>(n.</span> <span class='ocrx_word' id='word_1_238' title='bbox 1014 2527 1061 2561; x_wconf 86' lang='grc' dir='ltr'>Τ.).</span> 
     </span>
     <span class='ocr_line' id='line_1_47' title="bbox 467 2565 966 2604; baseline 0.01 -13"><span class='ocrx_word' id='word_1_239' title='bbox 467 2565 484 2591; x_wconf 74' lang='lat'><strong>2</strong></span> <span class='ocrx_word' id='word_1_240' title='bbox 503 2565 657 2592; x_wconf 68' lang='lat' dir='ltr'>coniunctio</span> <span class='ocrx_word' id='word_1_241' title='bbox 678 2570 704 2594; x_wconf 76' lang='lat' dir='ltr'>el</span> <span class='ocrx_word' id='word_1_242' title='bbox 724 2567 836 2595; x_wconf 75' lang='lat' dir='ltr'>delenda</span> <span class='ocrx_word' id='word_1_243' title='bbox 857 2572 895 2603; x_wconf 81' lang='lat' dir='ltr'>(n.</span> <span class='ocrx_word' id='word_1_244' title='bbox 917 2570 966 2604; x_wconf 87' lang='grc' dir='ltr'><strong>τ.).</strong></span> 
     </span>
    </p>
   </div>
   <div class='ocr_carea' id='block_1_4' title="bbox 1194 876 1198 2392">
    <p class='ocr_par' dir='ltr' id='par_1_4' title="bbox 1194 876 1198 2392">
     <span class='ocr_line' id='line_1_48' title="bbox 1194 876 1198 2392; baseline 0 0"><span class='ocrx_word' id='word_1_245' title='bbox 1194 876 1198 2392; x_wconf 95' lang='lat' dir='ltr'> </span> 
     </span>
    </p>
   </div>
   <div class='ocr_carea' id='block_1_5' title="bbox 1216 188 1963 2607">
    <p class='ocr_par' dir='ltr' id='par_1_5' title="bbox 1220 188 1963 909">
     <span class='ocr_line' id='line_1_49' title="bbox 1221 188 1377 213; baseline 0.019 -3"><span class='ocrx_word' id='word_1_246' title='bbox 1221 188 1377 213; x_wconf 64' lang='lat' dir='ltr'>ROMANUM</span> 
     </span>
     <span class='ocr_line' id='line_1_50' title="bbox 1221 235 1961 280; baseline 0.005 -13"><span class='ocrx_word' id='word_1_247' title='bbox 1221 235 1340 269; x_wconf 85' lang='lat' dir='ltr'>blicum</span> <span class='ocrx_word' id='word_1_248' title='bbox 1372 237 1423 270; x_wconf 88' lang='lat' dir='ltr'>die</span> <span class='ocrx_word' id='word_1_249' title='bbox 1450 248 1465 270; x_wconf 90' lang='lat' dir='ltr'>v</span> <span class='ocrx_word' id='word_1_250' title='bbox 1491 238 1612 270; x_wconf 80' lang='lat' dir='ltr'>mensis</span> <span class='ocrx_word' id='word_1_251' title='bbox 1647 238 1758 280; x_wconf 77' lang='lat' dir='ltr'>aprilis</span> <span class='ocrx_word' id='word_1_252' title='bbox 1787 238 1961 271; x_wconf 87' lang='lat' dir='ltr'>novissime</span> 
     </span>
     <span class='ocr_line' id='line_1_51' title="bbox 1222 289 1961 333; baseline 0.003 -13"><span class='ocrx_word' id='word_1_253' title='bbox 1222 289 1324 331; x_wconf 84' lang='lat' dir='ltr'>elapsi</span> <span class='ocrx_word' id='word_1_254' title='bbox 1345 290 1485 333; x_wconf 80' lang='lat' dir='ltr'>desuper</span> <span class='ocrx_word' id='word_1_255' title='bbox 1499 289 1687 332; x_wconf 85' lang='lat' dir='ltr'>stipulatum</span> <span class='ocrx_word' id='word_1_256' title='bbox 1705 290 1961 330; x_wconf 87' lang='lat' dir='ltr'>instrumentum,</span> 
     </span>
     <span class='ocr_line' id='line_1_52' title="bbox 1222 339 1962 383; baseline 0.003 -12"><span class='ocrx_word' id='word_1_257' title='bbox 1222 340 1306 382; x_wconf 87' lang='lat' dir='ltr'>quod</span> <span class='ocrx_word' id='word_1_258' title='bbox 1325 339 1473 380; x_wconf 86' lang='lat' dir='ltr'>subinde,</span> <span class='ocrx_word' id='word_1_259' title='bbox 1493 350 1611 383; x_wconf 85' lang='lat' dir='ltr'>nempe</span> <span class='ocrx_word' id='word_1_260' title='bbox 1634 340 1685 373; x_wconf 89' lang='lat' dir='ltr'>dic</span> <span class='ocrx_word' id='word_1_261' title='bbox 1704 351 1733 373; x_wconf 83' lang='lat' dir='ltr'>ix</span> <span class='ocrx_word' id='word_1_262' title='bbox 1751 340 1870 373; x_wconf 76' lang='lat' dir='ltr'>mensis</span> <span class='ocrx_word' id='word_1_263' title='bbox 1889 340 1962 373; x_wconf 84' lang='lat' dir='ltr'>maii</span> 
     </span>
     <span class='ocr_line' id='line_1_53' title="bbox 1221 392 1963 435; baseline 0.003 -12"><span class='ocrx_word' id='word_1_264' title='bbox 1221 392 1458 435; x_wconf 85' lang='lat' dir='ltr'>subsequentis,</span> <span class='ocrx_word' id='word_1_265' title='bbox 1487 404 1503 425; x_wconf 87' lang='lat' dir='ltr'>a</span> <span class='ocrx_word' id='word_1_266' title='bbox 1528 393 1672 435; x_wconf 77' lang='lat' dir='ltr'>capitulo</span> <span class='ocrx_word' id='word_1_267' title='bbox 1698 393 1841 435; x_wconf 79' lang='lat' dir='ltr'>generali</span> <span class='ocrx_word' id='word_1_268' title='bbox 1854 393 1963 426; x_wconf 73' lang='lat' dir='ltr'>’totius</span> 
     </span>
     <span class='ocr_line' id='line_1_54' title="bbox 1221 444 1961 487; baseline 0.001 -10"><span class='ocrx_word' id='word_1_269' title='bbox 1221 444 1487 487; x_wconf 72' lang='lat' dir='ltr'>congregationis</span> <span class='ocrx_word' id='word_1_270' title='bbox 1505 445 1693 478; x_wconf 88' lang='lat' dir='ltr'>eorumdem</span> <span class='ocrx_word' id='word_1_271' title='bbox 1714 445 1961 487; x_wconf 81' lang='lat' dir='ltr'>monachorum,</span> 
     </span>
     <span class='ocr_line' id='line_1_55' title="bbox 1223 498 1962 540; baseline 0.003 -11"><span class='ocrx_word' id='word_1_272' title='bbox 1223 502 1295 530; x_wconf 87' lang='lat' dir='ltr'>tunc</span> <span class='ocrx_word' id='word_1_273' title='bbox 1321 498 1477 540; x_wconf 87' lang='lat' dir='ltr'>temporis</span> <span class='ocrx_word' id='word_1_274' title='bbox 1501 499 1530 530; x_wconf 89' lang='lat' dir='ltr'>in</span> <span class='ocrx_word' id='word_1_275' title='bbox 1557 504 1738 531; x_wconf 89' lang='lat' dir='ltr'>memorato</span> <span class='ocrx_word' id='word_1_276' title='bbox 1764 498 1962 531; x_wconf 84' lang='lat' dir='ltr'>monasterio</span> 
     </span>
     <span class='ocr_line' id='line_1_56' title="bbox 1221 550 1963 595; baseline 0.001 -12"><span class='ocrx_word' id='word_1_277' title='bbox 1221 550 1251 583; x_wconf 82' lang='lat' dir='ltr'>S.</span> <span class='ocrx_word' id='word_1_278' title='bbox 1272 550 1410 593; x_wconf 83' lang='lat' dir='ltr'>Spiritus</span> <span class='ocrx_word' id='word_1_279' title='bbox 1436 552 1475 584; x_wconf 91' lang='lat' dir='ltr'>de</span> <span class='ocrx_word' id='word_1_280' title='bbox 1501 551 1652 584; x_wconf 85' lang='lat' dir='ltr'>Murrone</span> <span class='ocrx_word' id='word_1_281' title='bbox 1674 557 1884 594; x_wconf 83' lang='lat' dir='ltr'>congregato,</span> <span class='ocrx_word' id='word_1_282' title='bbox 1903 562 1963 595; x_wconf 87' lang='lat' dir='ltr'>per</span> 
     </span>
     <span class='ocr_line' id='line_1_57' title="bbox 1222 602 1962 636; baseline 0.004 -3"><span class='ocrx_word' id='word_1_283' title='bbox 1222 602 1309 634; x_wconf 92' lang='lat' dir='ltr'>aliud</span> <span class='ocrx_word' id='word_1_284' title='bbox 1331 603 1437 636; x_wconf 88' lang='lat' dir='ltr'>simile</span> <span class='ocrx_word' id='word_1_285' title='bbox 1463 603 1645 636; x_wconf 79' lang='lat' dir='ltr'>consectum</span> <span class='ocrx_word' id='word_1_286' title='bbox 1664 603 1911 636; x_wconf 86' lang='lat' dir='ltr'>instrumentum</span> <span class='ocrx_word' id='word_1_287' title='bbox 1931 603 1962 636; x_wconf 89' lang='lat' dir='ltr'>in</span> 
     </span>
     <span class='ocr_line' id='line_1_58' title="bbox 1221 655 1963 698; baseline 0.001 -10"><span class='ocrx_word' id='word_1_288' title='bbox 1221 655 1371 688; x_wconf 87' lang='lat' dir='ltr'>omnibus</span> <span class='ocrx_word' id='word_1_289' title='bbox 1399 661 1431 688; x_wconf 90' lang='lat' dir='ltr'>et</span> <span class='ocrx_word' id='word_1_290' title='bbox 1456 666 1514 698; x_wconf 90' lang='lat' dir='ltr'>per</span> <span class='ocrx_word' id='word_1_291' title='bbox 1539 655 1647 688; x_wconf 84' lang='lat' dir='ltr'>omnia</span> <span class='ocrx_word' id='word_1_292' title='bbox 1674 655 1887 696; x_wconf 72' lang='lat' dir='ltr'>moncatum,</span> <span class='ocrx_word' id='word_1_293' title='bbox 1914 667 1963 689; x_wconf 85' lang='lat' dir='ltr'>ac-</span> 
     </span>
     <span class='ocr_line' id='line_1_59' title="bbox 1221 707 1960 751; baseline 0.003 -11"><span class='ocrx_word' id='word_1_294' title='bbox 1221 713 1381 750; x_wconf 85' lang='lat' dir='ltr'>ceptatum</span> <span class='ocrx_word' id='word_1_295' title='bbox 1407 714 1439 741; x_wconf 87' lang='lat' dir='ltr'>et</span> <span class='ocrx_word' id='word_1_296' title='bbox 1464 709 1681 751; x_wconf 87' lang='lat' dir='ltr'>approbatum</span> <span class='ocrx_word' id='word_1_297' title='bbox 1709 708 1786 741; x_wconf 80' lang='lat' dir='ltr'>fuit:</span> <span class='ocrx_word' id='word_1_298' title='bbox 1813 714 1845 742; x_wconf 88' lang='lat' dir='ltr'>et</span> <span class='ocrx_word' id='word_1_299' title='bbox 1869 707 1960 749; x_wconf 70' lang='lat' dir='ltr'>alias,</span> 
     </span>
     <span class='ocr_line' id='line_1_60' title="bbox 1220 760 1962 803; baseline 0.003 -11"><span class='ocrx_word' id='word_1_300' title='bbox 1220 767 1317 803; x_wconf 90' lang='lat' dir='ltr'>prout</span> <span class='ocrx_word' id='word_1_301' title='bbox 1333 760 1464 793; x_wconf 85' lang='lat' dir='ltr'>uberius</span> <span class='ocrx_word' id='word_1_302' title='bbox 1490 761 1676 793; x_wconf 86' lang='lat' dir='ltr'>continetur</span> <span class='ocrx_word' id='word_1_303' title='bbox 1695 761 1725 793; x_wconf 91' lang='lat' dir='ltr'>in</span> <span class='ocrx_word' id='word_1_304' title='bbox 1744 761 1828 794; x_wconf 88' lang='lat' dir='ltr'>binis</span> <span class='ocrx_word' id='word_1_305' title='bbox 1847 762 1962 794; x_wconf 89' lang='lat' dir='ltr'>instru-</span> 
     </span>
     <span class='ocr_line' id='line_1_61' title="bbox 1220 813 1962 858; baseline 0 -12"><span class='ocrx_word' id='word_1_306' title='bbox 1220 813 1335 846; x_wconf 86' lang='lat' dir='ltr'>mentis</span> <span class='ocrx_word' id='word_1_307' title='bbox 1361 814 1545 846; x_wconf 85' lang='lat' dir='ltr'>liuiusmodi</span> <span class='ocrx_word' id='word_1_308' title='bbox 1575 819 1723 847; x_wconf 85' lang='lat' dir='ltr'>tenorum</span> <span class='ocrx_word' id='word_1_309' title='bbox 1743 814 1796 857; x_wconf 89' lang='lat' dir='ltr'>qui</span> <span class='ocrx_word' id='word_1_310' title='bbox 1823 824 1962 858; x_wconf 86' lang='lat' dir='ltr'>sequun-</span> 
     </span>
     <span class='ocr_line' id='line_1_62' title="bbox 1222 866 1512 909; baseline 0.003 -11"><span class='ocrx_word' id='word_1_311' title='bbox 1222 872 1291 898; x_wconf 86' lang='lat' dir='ltr'>tur:</span> <span class='ocrx_word' id='word_1_312' title='bbox 1320 866 1425 909; x_wconf 80' lang='lat' dir='ltr'>primi‚</span> <span class='ocrx_word' id='word_1_313' title='bbox 1452 873 1512 899; x_wconf 85' lang='lat' dir='ltr'>ete.</span> 
     </span>
    </p>

    <p class='ocr_par' dir='ltr' id='par_1_6' title="bbox 1216 919 1962 2560">
     <span class='ocr_line' id='line_1_63' title="bbox 1261 919 1960 959; baseline 0.004 -12"><span class='ocrx_word' id='word_1_314' title='bbox 1261 920 1289 948; x_wconf 94' lang='lat' dir='ltr'>ln</span> <span class='ocrx_word' id='word_1_315' title='bbox 1308 921 1415 948; x_wconf 70' lang='lat' dir='ltr'>nomine</span> <span class='ocrx_word' id='word_1_316' title='bbox 1428 919 1547 949; x_wconf 79' lang='lat' dir='ltr'>Domini.</span> <span class='ocrx_word' id='word_1_317' title='bbox 1563 920 1658 949; x_wconf 57' lang='lat' dir='ltr'>Anien.</span> <span class='ocrx_word' id='word_1_318' title='bbox 1677 919 1826 950; x_wconf 79' lang='lat' dir='ltr'>Praesenti</span> <span class='ocrx_word' id='word_1_319' title='bbox 1843 919 1960 959; x_wconf 86' lang='lat' dir='ltr'>publico</span> 
     </span>
     <span class='ocr_line' id='line_1_64' title="bbox 1220 968 1959 1008; baseline 0.001 -11"><span class='ocrx_word' id='word_1_320' title='bbox 1220 968 1414 997; x_wconf 86' lang='lat' dir='ltr'>instrumento</span> <span class='ocrx_word' id='word_1_321' title='bbox 1437 968 1550 998; x_wconf 87' lang='lat' dir='ltr'>cunctis</span> <span class='ocrx_word' id='word_1_322' title='bbox 1567 969 1674 1008; x_wconf 81' lang='lat' dir='ltr'>ubique</span> <span class='ocrx_word' id='word_1_323' title='bbox 1689 973 1783 1007; x_wconf 86' lang='lat' dir='ltr'>pateat</span> <span class='ocrx_word' id='word_1_324' title='bbox 1796 968 1959 1006; x_wconf 84' lang='lat' dir='ltr'>evidenter,</span> 
     </span>
     <span class='ocr_line' id='line_1_65' title="bbox 1218 1016 1962 1055; baseline 0.001 -10"><span class='ocrx_word' id='word_1_325' title='bbox 1218 1020 1245 1046; x_wconf 81' lang='lat' dir='ltr'>et</span> <span class='ocrx_word' id='word_1_326' title='bbox 1268 1016 1303 1045; x_wconf 90' lang='lat' dir='ltr'>sit</span> <span class='ocrx_word' id='word_1_327' title='bbox 1326 1021 1437 1050; x_wconf 78' lang='lat' dir='ltr'>notmn,</span> <span class='ocrx_word' id='word_1_328' title='bbox 1455 1016 1530 1055; x_wconf 80' lang='lat' dir='ltr'>quod</span> <span class='ocrx_word' id='word_1_329' title='bbox 1547 1026 1623 1046; x_wconf 80' lang='lat' dir='ltr'>anno</span> <span class='ocrx_word' id='word_1_330' title='bbox 1640 1026 1653 1045; x_wconf 93' lang='lat' dir='ltr'>a</span> <span class='ocrx_word' id='word_1_331' title='bbox 1672 1017 1824 1046; x_wconf 63' lang='lat' dir='ltr'>salutifera</span> <span class='ocrx_word' id='word_1_332' title='bbox 1840 1016 1962 1046; x_wconf 89' lang='lat' dir='ltr'>sanctis-</span> 
     </span>
     <span class='ocr_line' id='line_1_66' title="bbox 1218 1065 1960 1103; baseline 0.003 -10"><span class='ocrx_word' id='word_1_333' title='bbox 1218 1065 1283 1094; x_wconf 88' lang='lat' dir='ltr'>simi</span> <span class='ocrx_word' id='word_1_334' title='bbox 1306 1065 1416 1094; x_wconf 87' lang='lat' dir='ltr'>domini</span> <span class='ocrx_word' id='word_1_335' title='bbox 1440 1065 1530 1094; x_wconf 87' lang='lat' dir='ltr'>nostri</span> <span class='ocrx_word' id='word_1_336' title='bbox 1554 1065 1618 1094; x_wconf 86' lang='lat' dir='ltr'>Iesu</span> <span class='ocrx_word' id='word_1_337' title='bbox 1640 1065 1746 1095; x_wconf 85' lang='lat' dir='ltr'>Christi</span> <span class='ocrx_word' id='word_1_338' title='bbox 1770 1073 1960 1103; x_wconf 61' lang='lat' dir='ltr'>arnmxxvm,</span> 
     </span>
     <span class='ocr_line' id='line_1_67' title="bbox 1218 1113 1962 1152; baseline 0.001 -11"><span class='ocrx_word' id='word_1_339' title='bbox 1218 1113 1376 1143; x_wconf 83' lang='lat' dir='ltr'>indictione</span> <span class='ocrx_word' id='word_1_340' title='bbox 1399 1121 1437 1150; x_wconf 82' lang='lat' dir='ltr'>vi,</span> <span class='ocrx_word' id='word_1_341' title='bbox 1454 1113 1500 1142; x_wconf 87' lang='lat' dir='ltr'>die</span> <span class='ocrx_word' id='word_1_342' title='bbox 1518 1122 1585 1142; x_wconf 90' lang='lat' dir='ltr'>vero</span> <span class='ocrx_word' id='word_1_343' title='bbox 1601 1116 1616 1142; x_wconf 84' lang='lat' dir='ltr'>v</span> <span class='ocrx_word' id='word_1_344' title='bbox 1633 1113 1742 1143; x_wconf 85' lang='lat' dir='ltr'>mensis</span> <span class='ocrx_word' id='word_1_345' title='bbox 1758 1113 1870 1152; x_wconf 84' lang='lat' dir='ltr'>aprilis,</span> <span class='ocrx_word' id='word_1_346' title='bbox 1888 1116 1962 1142; x_wconf 85' lang='lat' dir='ltr'>tem-</span> 
     </span>
     <span class='ocr_line' id='line_1_68' title="bbox 1219 1161 1962 1200; baseline 0.001 -10"><span class='ocrx_word' id='word_1_347' title='bbox 1219 1171 1287 1200; x_wconf 85' lang='lat' dir='ltr'>pore</span> <span class='ocrx_word' id='word_1_348' title='bbox 1311 1161 1498 1200; x_wconf 82' lang='lat' dir='ltr'>pontificatus</span> <span class='ocrx_word' id='word_1_349' title='bbox 1529 1162 1707 1191; x_wconf 79' lang='lat' dir='ltr'>sanctissimi</span> <span class='ocrx_word' id='word_1_350' title='bbox 1736 1161 1765 1191; x_wconf 89' lang='lat' dir='ltr'>in</span> <span class='ocrx_word' id='word_1_351' title='bbox 1789 1161 1889 1191; x_wconf 88' lang='lat' dir='ltr'>eodem</span> <span class='ocrx_word' id='word_1_352' title='bbox 1912 1161 1962 1191; x_wconf 89' lang='lat' dir='ltr'>do-</span> 
     </span>
     <span class='ocr_line' id='line_1_69' title="bbox 1219 1210 1962 1249; baseline 0.001 -10"><span class='ocrx_word' id='word_1_353' title='bbox 1219 1211 1296 1240; x_wconf 88' lang='lat' dir='ltr'>mino</span> <span class='ocrx_word' id='word_1_354' title='bbox 1319 1215 1420 1240; x_wconf 88' lang='lat' dir='ltr'>nostro</span> <span class='ocrx_word' id='word_1_355' title='bbox 1451 1210 1514 1239; x_wconf 89' lang='lat' dir='ltr'>Iesu</span> <span class='ocrx_word' id='word_1_356' title='bbox 1545 1211 1642 1239; x_wconf 89' lang='lat' dir='ltr'>Cristo</span> <span class='ocrx_word' id='word_1_357' title='bbox 1672 1210 1762 1249; x_wconf 89' lang='lat' dir='ltr'>patris</span> <span class='ocrx_word' id='word_1_358' title='bbox 1793 1215 1822 1240; x_wconf 84' lang='lat' dir='ltr'>et</span> <span class='ocrx_word' id='word_1_359' title='bbox 1850 1210 1962 1240; x_wconf 87' lang='lat' dir='ltr'>domini</span> 
     </span>
     <span class='ocr_line' id='line_1_70' title="bbox 1218 1258 1960 1298; baseline -0.001 -9"><span class='ocrx_word' id='word_1_360' title='bbox 1218 1259 1310 1289; x_wconf 83' lang='lat' dir='ltr'>nostri</span> <span class='ocrx_word' id='word_1_361' title='bbox 1332 1259 1443 1289; x_wconf 87' lang='lat' dir='ltr'>domini</span> <span class='ocrx_word' id='word_1_362' title='bbox 1466 1259 1615 1288; x_wconf 84' lang='lat' dir='ltr'>Benedicti</span> <span class='ocrx_word' id='word_1_363' title='bbox 1646 1259 1747 1289; x_wconf 68' lang='lat' dir='ltr'>divina</span> <span class='ocrx_word' id='word_1_364' title='bbox 1776 1258 1960 1298; x_wconf 78' lang='lat' dir='ltr'>providentia</span> 
     </span>
     <span class='ocr_line' id='line_1_71' title="bbox 1219 1306 1961 1347; baseline -0.001 -10"><span class='ocrx_word' id='word_1_365' title='bbox 1219 1309 1312 1347; x_wconf 86' lang='lat' dir='ltr'>Papae</span> <span class='ocrx_word' id='word_1_366' title='bbox 1329 1307 1401 1343; x_wconf 80' lang='lat' dir='ltr'>xlll,</span> <span class='ocrx_word' id='word_1_367' title='bbox 1426 1307 1678 1337; x_wconf 81' lang='lat' dir='ltr'>eminentissimus</span> <span class='ocrx_word' id='word_1_368' title='bbox 1701 1311 1729 1336; x_wconf 89' lang='lat' dir='ltr'>et</span> <span class='ocrx_word' id='word_1_369' title='bbox 1751 1306 1961 1337; x_wconf 86' lang='lat' dir='ltr'>reverendissi-</span> 
     </span>
     <span class='ocr_line' id='line_1_72' title="bbox 1218 1355 1960 1386; baseline -0.001 0"><span class='ocrx_word' id='word_1_370' title='bbox 1218 1366 1281 1386; x_wconf 88' lang='lat' dir='ltr'>mus</span> <span class='ocrx_word' id='word_1_371' title='bbox 1299 1356 1435 1386; x_wconf 77' lang='lat' dir='ltr'>(lominus</span> <span class='ocrx_word' id='word_1_372' title='bbox 1457 1356 1592 1385; x_wconf 85' lang='lat' dir='ltr'>dominus</span> <span class='ocrx_word' id='word_1_373' title='bbox 1619 1355 1793 1386; x_wconf 79' lang='lat' dir='ltr'>Franciscus</span> <span class='ocrx_word' id='word_1_374' title='bbox 1814 1355 1960 1385; x_wconf 84' lang='lat' dir='ltr'>Antonius</span> 
     </span>
     <span class='ocr_line' id='line_1_73' title="bbox 1217 1403 1959 1443; baseline -0.001 -8"><span class='ocrx_word' id='word_1_375' title='bbox 1217 1405 1321 1435; x_wconf 62' lang='lat' dir='ltr'>suls.</span> <span class='ocrx_word' id='word_1_376' title='bbox 1339 1404 1497 1434; x_wconf 88' lang='lat' dir='ltr'>cardinalis</span> <span class='ocrx_word' id='word_1_377' title='bbox 1519 1404 1602 1442; x_wconf 70' lang='lat' dir='ltr'>Finy,</span> <span class='ocrx_word' id='word_1_378' title='bbox 1622 1403 1704 1441; x_wconf 89' lang='lat' dir='ltr'>mihi,</span> <span class='ocrx_word' id='word_1_379' title='bbox 1724 1408 1794 1442; x_wconf 89' lang='lat' dir='ltr'>etc.‚</span> <span class='ocrx_word' id='word_1_380' title='bbox 1814 1403 1959 1443; x_wconf 82' lang='lat' dir='ltr'>cognitus,</span> 
     </span>
     <span class='ocr_line' id='line_1_74' title="bbox 1217 1451 1961 1491; baseline 0 -9"><span class='ocrx_word' id='word_1_381' title='bbox 1217 1462 1305 1491; x_wconf 77' lang='lat' dir='ltr'>agens</span> <span class='ocrx_word' id='word_1_382' title='bbox 1341 1451 1529 1491; x_wconf 77' lang='lat' dir='ltr'>infrascripta</span> <span class='ocrx_word' id='word_1_383' title='bbox 1572 1452 1667 1481; x_wconf 88' lang='lat' dir='ltr'>omnia</span> <span class='ocrx_word' id='word_1_384' title='bbox 1704 1456 1732 1482; x_wconf 89' lang='lat' dir='ltr'>et</span> <span class='ocrx_word' id='word_1_385' title='bbox 1767 1452 1883 1490; x_wconf 83' lang='lat' dir='ltr'>singula</span> <span class='ocrx_word' id='word_1_386' title='bbox 1919 1452 1961 1482; x_wconf 91' lang='lat' dir='ltr'>uti</span> 
     </span>
     <span class='ocr_line' id='line_1_75' title="bbox 1218 1500 1960 1531; baseline 0 0"><span class='ocrx_word' id='word_1_387' title='bbox 1218 1501 1374 1531; x_wconf 84' lang='lat' dir='ltr'>modernus</span> <span class='ocrx_word' id='word_1_388' title='bbox 1407 1500 1496 1530; x_wconf 83' lang='lat' dir='ltr'>abbas</span> <span class='ocrx_word' id='word_1_389' title='bbox 1529 1501 1796 1531; x_wconf 82' lang='lat' dir='ltr'>commendatarius</span> <span class='ocrx_word' id='word_1_390' title='bbox 1827 1500 1960 1531; x_wconf 82' lang='lat' dir='ltr'>abbatiae</span> 
     </span>
     <span class='ocr_line' id='line_1_76' title="bbox 1216 1549 1960 1589; baseline 0 -9"><span class='ocrx_word' id='word_1_391' title='bbox 1216 1550 1245 1580; x_wconf 81' lang='lat' dir='ltr'>S.</span> <span class='ocrx_word' id='word_1_392' title='bbox 1264 1550 1419 1580; x_wconf 81' lang='lat' dir='ltr'>Clementis</span> <span class='ocrx_word' id='word_1_393' title='bbox 1443 1550 1469 1579; x_wconf 91' lang='lat' dir='ltr'>in</span> <span class='ocrx_word' id='word_1_394' title='bbox 1493 1549 1623 1579; x_wconf 70' lang='lat' dir='ltr'>I&#39;iscaria</span> <span class='ocrx_word' id='word_1_395' title='bbox 1645 1550 1734 1579; x_wconf 86' lang='lat' dir='ltr'>sitae¹</span> <span class='ocrx_word' id='word_1_396' title='bbox 1757 1550 1787 1580; x_wconf 91' lang='lat' dir='ltr'>in</span> <span class='ocrx_word' id='word_1_397' title='bbox 1811 1550 1960 1589; x_wconf 75' lang='lat' dir='ltr'>provincia</span> 
     </span>
     <span class='ocr_line' id='line_1_77' title="bbox 1217 1598 1959 1637; baseline 0.001 -10"><span class='ocrx_word' id='word_1_398' title='bbox 1217 1599 1359 1628; x_wconf 66' lang='lat' dir='ltr'>Ttieatina</span> <span class='ocrx_word' id='word_1_399' title='bbox 1381 1598 1492 1628; x_wconf 87' lang='lat' dir='ltr'>nullius</span> <span class='ocrx_word' id='word_1_400' title='bbox 1514 1598 1675 1636; x_wconf 87' lang='lat' dir='ltr'>dioecesis,</span> <span class='ocrx_word' id='word_1_401' title='bbox 1699 1602 1727 1628; x_wconf 86' lang='lat' dir='ltr'>et</span> <span class='ocrx_word' id='word_1_402' title='bbox 1749 1598 1849 1637; x_wconf 81' lang='lat' dir='ltr'>vigore</span> <span class='ocrx_word' id='word_1_403' title='bbox 1877 1598 1959 1628; x_wconf 88' lang='lat' dir='ltr'>beni-</span> 
     </span>
     <span class='ocr_line' id='line_1_78' title="bbox 1217 1647 1961 1686; baseline 0.001 -10"><span class='ocrx_word' id='word_1_404' title='bbox 1217 1657 1289 1686; x_wconf 81' lang='lat' dir='ltr'>gnae</span> <span class='ocrx_word' id='word_1_405' title='bbox 1313 1647 1515 1686; x_wconf 87' lang='lat' dir='ltr'>permissionis</span> <span class='ocrx_word' id='word_1_406' title='bbox 1538 1651 1566 1676; x_wconf 88' lang='lat' dir='ltr'>et</span> <span class='ocrx_word' id='word_1_407' title='bbox 1589 1647 1726 1676; x_wconf 84' lang='lat' dir='ltr'>licentiae</span> <span class='ocrx_word' id='word_1_408' title='bbox 1758 1647 1884 1686; x_wconf 86' lang='lat' dir='ltr'>desuper</span> <span class='ocrx_word' id='word_1_409' title='bbox 1910 1647 1961 1678; x_wconf 92' lang='lat' dir='ltr'>ob-</span> 
     </span>
     <span class='ocr_line' id='line_1_79' title="bbox 1218 1695 1959 1736; baseline 0.001 -11"><span class='ocrx_word' id='word_1_410' title='bbox 1218 1700 1313 1726; x_wconf 86' lang='lat' dir='ltr'>tentae</span> <span class='ocrx_word' id='word_1_411' title='bbox 1336 1705 1350 1724; x_wconf 85' lang='lat' dir='ltr'>a</span> <span class='ocrx_word' id='word_1_412' title='bbox 1383 1695 1569 1725; x_wconf 83' lang='lat' dir='ltr'>sanctissimo</span> <span class='ocrx_word' id='word_1_413' title='bbox 1601 1695 1721 1725; x_wconf 86' lang='lat' dir='ltr'>domino</span> <span class='ocrx_word' id='word_1_414' title='bbox 1751 1699 1852 1725; x_wconf 87' lang='lat' dir='ltr'>nostro</span> <span class='ocrx_word' id='word_1_415' title='bbox 1884 1696 1959 1736; x_wconf 83' lang='lat' dir='ltr'>Papa</span> 
     </span>
     <span class='ocr_line' id='line_1_80' title="bbox 1217 1741 1960 1781; baseline 0 -9"><span class='ocrx_word' id='word_1_416' title='bbox 1217 1742 1373 1772; x_wconf 85' lang='lat' dir='ltr'>Benedieto</span> <span class='ocrx_word' id='word_1_417' title='bbox 1390 1741 1451 1770; x_wconf 81' lang='lat' dir='ltr'>XIII</span> <span class='ocrx_word' id='word_1_418' title='bbox 1468 1742 1592 1770; x_wconf 81' lang='lat' dir='ltr'>feliciter</span> <span class='ocrx_word' id='word_1_419' title='bbox 1608 1746 1748 1779; x_wconf 84' lang='lat' dir='ltr'>regnante</span> <span class='ocrx_word' id='word_1_420' title='bbox 1765 1751 1816 1781; x_wconf 90' lang='lat' dir='ltr'>per</span> <span class='ocrx_word' id='word_1_421' title='bbox 1831 1742 1960 1773; x_wconf 88' lang='lat' dir='ltr'>medium</span> 
     </span>
     <span class='ocr_line' id='line_1_81' title="bbox 1217 1789 1960 1828; baseline 0.001 -7"><span class='ocrx_word' id='word_1_422' title='bbox 1217 1800 1316 1821; x_wconf 86' lang='lat' dir='ltr'>sacrae</span> <span class='ocrx_word' id='word_1_423' title='bbox 1338 1789 1579 1828; x_wconf 72' lang='lat' dir='ltr'>Congregationis</span> <span class='ocrx_word' id='word_1_424' title='bbox 1607 1790 1909 1821; x_wconf 87' lang='lat' dir='ltr'>eminentissimorum</span> <span class='ocrx_word' id='word_1_425' title='bbox 1931 1796 1960 1822; x_wconf 87' lang='lat' dir='ltr'>et</span> 
     </span>
     <span class='ocr_line' id='line_1_82' title="bbox 1217 1838 1960 1870; baseline 0.001 -1"><span class='ocrx_word' id='word_1_426' title='bbox 1217 1838 1530 1870; x_wconf 86' lang='lat' dir='ltr'>reverendissimorum</span> <span class='ocrx_word' id='word_1_427' title='bbox 1553 1838 1739 1869; x_wconf 87' lang='lat' dir='ltr'>dominorum</span> <span class='ocrx_word' id='word_1_428' title='bbox 1767 1839 1872 1869; x_wconf 80' lang='lat' dir='ltr'>S.R.E.</span> <span class='ocrx_word' id='word_1_429' title='bbox 1897 1849 1960 1870; x_wconf 84' lang='lat' dir='ltr'>car-</span> 
     </span>
     <span class='ocr_line' id='line_1_83' title="bbox 1218 1887 1958 1928; baseline 0.001 -10"><span class='ocrx_word' id='word_1_430' title='bbox 1218 1889 1360 1918; x_wconf 83' lang='lat' dir='ltr'>dinalium</span> <span class='ocrx_word' id='word_1_431' title='bbox 1392 1887 1515 1917; x_wconf 77' lang='lat' dir='ltr'>Concilii</span> <span class='ocrx_word' id='word_1_432' title='bbox 1549 1887 1713 1917; x_wconf 84' lang='lat' dir='ltr'>Tridentini</span> <span class='ocrx_word' id='word_1_433' title='bbox 1744 1888 1958 1928; x_wconf 86' lang='lat' dir='ltr'>interpretum,</span> 
     </span>
     <span class='ocr_line' id='line_1_84' title="bbox 1219 1937 1960 1977; baseline 0.001 -10"><span class='ocrx_word' id='word_1_434' title='bbox 1219 1942 1301 1977; x_wconf 86' lang='lat' dir='ltr'>prout</span> <span class='ocrx_word' id='word_1_435' title='bbox 1317 1947 1351 1966; x_wconf 81' lang='lat' dir='ltr'>ex</span> <span class='ocrx_word' id='word_1_436' title='bbox 1364 1938 1505 1976; x_wconf 85' lang='lat' dir='ltr'>rescripto</span> <span class='ocrx_word' id='word_1_437' title='bbox 1521 1937 1550 1966; x_wconf 91' lang='lat' dir='ltr'>in</span> <span class='ocrx_word' id='word_1_438' title='bbox 1567 1937 1646 1967; x_wconf 87' lang='lat' dir='ltr'>calce</span> <span class='ocrx_word' id='word_1_439' title='bbox 1663 1946 1782 1976; x_wconf 87' lang='lat' dir='ltr'>precum</span> <span class='ocrx_word' id='word_1_440' title='bbox 1800 1937 1960 1977; x_wconf 85' lang='lat' dir='ltr'>praelibato</span> 
     </span>
     <span class='ocr_line' id='line_1_85' title="bbox 1218 1985 1960 2025; baseline 0.001 -9"><span class='ocrx_word' id='word_1_441' title='bbox 1218 1986 1403 2016; x_wconf 85' lang='lat' dir='ltr'>sanctissimo</span> <span class='ocrx_word' id='word_1_442' title='bbox 1426 1985 1544 2015; x_wconf 89' lang='lat' dir='ltr'>domino</span> <span class='ocrx_word' id='word_1_443' title='bbox 1577 1995 1628 2025; x_wconf 86' lang='lat' dir='ltr'>per</span> <span class='ocrx_word' id='word_1_444' title='bbox 1654 1986 1844 2016; x_wconf 84' lang='lat' dir='ltr'>eminentiam</span> <span class='ocrx_word' id='word_1_445' title='bbox 1877 1996 1960 2017; x_wconf 89' lang='lat' dir='ltr'>suam</span> 
     </span>
     <span class='ocr_line' id='line_1_86' title="bbox 1219 2033 1960 2075; baseline 0.003 -12"><span class='ocrx_word' id='word_1_446' title='bbox 1219 2035 1389 2073; x_wconf 77' lang='lat' dir='ltr'>priusquam</span> <span class='ocrx_word' id='word_1_447' title='bbox 1413 2033 1448 2063; x_wconf 86' lang='lat' dir='ltr'>ad</span> <span class='ocrx_word' id='word_1_448' title='bbox 1472 2033 1642 2072; x_wconf 81' lang='lat' dir='ltr'>dignitatem</span> <span class='ocrx_word' id='word_1_449' title='bbox 1661 2034 1875 2064; x_wconf 85' lang='lat' dir='ltr'>cardinalitiam</span> <span class='ocrx_word' id='word_1_450' title='bbox 1893 2045 1960 2075; x_wconf 90' lang='lat' dir='ltr'>pro-</span> 
     </span>
     <span class='ocr_line' id='line_1_87' title="bbox 1219 2086 1961 2123; baseline 0.003 -11"><span class='ocrx_word' id='word_1_451' title='bbox 1219 2087 1385 2112; x_wconf 84' lang='lat' dir='ltr'>moveretur</span> <span class='ocrx_word' id='word_1_452' title='bbox 1408 2086 1609 2121; x_wconf 81' lang='lat' dir='ltr'>porrectarum</span> <span class='ocrx_word' id='word_1_453' title='bbox 1639 2087 1778 2117; x_wconf 79' lang='lat' dir='ltr'>extenso,</span> <span class='ocrx_word' id='word_1_454' title='bbox 1802 2087 1888 2123; x_wconf 85' lang='lat' dir='ltr'>atque</span> <span class='ocrx_word' id='word_1_455' title='bbox 1910 2093 1961 2123; x_wconf 85' lang='lat' dir='ltr'>per</span> 
     </span>
     <span class='ocr_line' id='line_1_88' title="bbox 1218 2132 1961 2163; baseline 0.001 -1"><span class='ocrx_word' id='word_1_456' title='bbox 1218 2132 1485 2162; x_wconf 87' lang='lat' dir='ltr'>eminentissimum</span> <span class='ocrx_word' id='word_1_457' title='bbox 1509 2136 1536 2161; x_wconf 84' lang='lat' dir='ltr'>et</span> <span class='ocrx_word' id='word_1_458' title='bbox 1560 2132 1836 2162; x_wconf 86' lang='lat' dir='ltr'>reverendissimum</span> <span class='ocrx_word' id='word_1_459' title='bbox 1869 2133 1961 2163; x_wconf 90' lang='lat' dir='ltr'>domi-</span> 
     </span>
     <span class='ocr_line' id='line_1_89' title="bbox 1218 2180 1960 2219; baseline 0.004 -9"><span class='ocrx_word' id='word_1_460' title='bbox 1218 2190 1287 2210; x_wconf 91' lang='lat' dir='ltr'>num</span> <span class='ocrx_word' id='word_1_461' title='bbox 1326 2180 1505 2210; x_wconf 84' lang='lat' dir='ltr'>cardinalem</span> <span class='ocrx_word' id='word_1_462' title='bbox 1539 2181 1670 2211; x_wconf 84' lang='lat' dir='ltr'>Curtium</span> <span class='ocrx_word' id='word_1_463' title='bbox 1707 2181 1795 2219; x_wconf 84' lang='lat' dir='ltr'>Origo</span> <span class='ocrx_word' id='word_1_464' title='bbox 1830 2181 1960 2213; x_wconf 90' lang='lat' dir='ltr'>eiusdem</span> 
     </span>
     <span class='ocr_line' id='line_1_90' title="bbox 1218 2229 1960 2270; baseline 0.004 -12"><span class='ocrx_word' id='word_1_465' title='bbox 1218 2239 1317 2259; x_wconf 84' lang='lat' dir='ltr'>sacrae</span> <span class='ocrx_word' id='word_1_466' title='bbox 1340 2229 1579 2267; x_wconf 80' lang='lat' dir='ltr'>Cougregationis</span> <span class='ocrx_word' id='word_1_467' title='bbox 1595 2231 1773 2268; x_wconf 84' lang='lat' dir='ltr'>praefectum</span> <span class='ocrx_word' id='word_1_468' title='bbox 1796 2229 1960 2270; x_wconf 85' lang='lat' dir='ltr'>subscripto</span> 
     </span>
     <span class='ocr_line' id='line_1_91' title="bbox 1218 2277 1960 2317; baseline 0.004 -11"><span class='ocrx_word' id='word_1_469' title='bbox 1218 2277 1270 2307; x_wconf 84' lang='lat' dir='ltr'>sub</span> <span class='ocrx_word' id='word_1_470' title='bbox 1287 2278 1333 2307; x_wconf 88' lang='lat' dir='ltr'>die</span> <span class='ocrx_word' id='word_1_471' title='bbox 1351 2286 1388 2307; x_wconf 73' lang='lat' dir='ltr'>xu</span> <span class='ocrx_word' id='word_1_472' title='bbox 1405 2277 1497 2316; x_wconf 86' lang='lat' dir='ltr'>elapsi</span> <span class='ocrx_word' id='word_1_473' title='bbox 1514 2278 1651 2313; x_wconf 87' lang='lat' dir='ltr'>ianuarii,</span> <span class='ocrx_word' id='word_1_474' title='bbox 1669 2278 1757 2317; x_wconf 88' lang='lat' dir='ltr'>quod,</span> <span class='ocrx_word' id='word_1_475' title='bbox 1775 2279 1810 2308; x_wconf 88' lang='lat' dir='ltr'>ad</span> <span class='ocrx_word' id='word_1_476' title='bbox 1826 2279 1960 2309; x_wconf 80' lang='lat' dir='ltr'>effectum</span> 
     </span>
     <span class='ocr_line' id='line_1_92' title="bbox 1217 2326 1960 2366; baseline 0.003 -10"><span class='ocrx_word' id='word_1_477' title='bbox 1217 2327 1246 2356; x_wconf 91' lang='lat' dir='ltr'>in</span> <span class='ocrx_word' id='word_1_478' title='bbox 1261 2326 1409 2365; x_wconf 84' lang='lat' dir='ltr'>praesenti</span> <span class='ocrx_word' id='word_1_479' title='bbox 1424 2327 1620 2356; x_wconf 87' lang='lat' dir='ltr'>instrumento</span> <span class='ocrx_word' id='word_1_480' title='bbox 1634 2327 1885 2366; x_wconf 62' lang='lat' dir='ltr'>inserendi7mihi‚</span> <span class='ocrx_word' id='word_1_481' title='bbox 1895 2332 1960 2365; x_wconf 65' lang='lat' dir='ltr'>etc„</span> 
     </span>
     <span class='ocr_line' id='line_1_93' title="bbox 1217 2374 1961 2414; baseline 0.004 -11"><span class='ocrx_word' id='word_1_482' title='bbox 1217 2375 1402 2413; x_wconf 79' lang='lat' dir='ltr'>originaliter</span> <span class='ocrx_word' id='word_1_483' title='bbox 1436 2374 1570 2409; x_wconf 87' lang='lat' dir='ltr'>traditur,</span> <span class='ocrx_word' id='word_1_484' title='bbox 1596 2375 1706 2405; x_wconf 87' lang='lat' dir='ltr'>tenoris</span> <span class='ocrx_word' id='word_1_485' title='bbox 1739 2375 1862 2405; x_wconf 86' lang='lat' dir='ltr'>inferius</span> <span class='ocrx_word' id='word_1_486' title='bbox 1885 2376 1961 2414; x_wconf 86' lang='lat' dir='ltr'>regi—</span> 
     </span>
     <span class='ocr_line' id='line_1_94' title="bbox 1217 2423 1961 2462; baseline 0.004 -10"><span class='ocrx_word' id='word_1_487' title='bbox 1217 2423 1328 2453; x_wconf 88' lang='lat' dir='ltr'>strandi</span> <span class='ocrx_word' id='word_1_488' title='bbox 1343 2446 1350 2459; x_wconf 88' lang='lat'>,</span> <span class='ocrx_word' id='word_1_489' title='bbox 1375 2427 1498 2462; x_wconf 83' lang='lat' dir='ltr'>sponte,</span> <span class='ocrx_word' id='word_1_490' title='bbox 1523 2428 1578 2453; x_wconf 86' lang='lat' dir='ltr'>etc.</span> <span class='ocrx_word' id='word_1_491' title='bbox 1593 2447 1600 2460; x_wconf 86' lang='lat'>,</span> <span class='ocrx_word' id='word_1_492' title='bbox 1624 2433 1657 2453; x_wconf 88' lang='lat' dir='ltr'>ac</span> <span class='ocrx_word' id='word_1_493' title='bbox 1680 2424 1752 2453; x_wconf 80' lang='lat' dir='ltr'>alias</span> <span class='ocrx_word' id='word_1_494' title='bbox 1774 2424 1853 2454; x_wconf 89' lang='lat' dir='ltr'>omni</span> <span class='ocrx_word' id='word_1_495' title='bbox 1876 2425 1961 2455; x_wconf 89' lang='lat' dir='ltr'>modo</span> 
     </span>
     <span class='ocr_line' id='line_1_95' title="bbox 1217 2471 1960 2510; baseline 0.003 -10"><span class='ocrx_word' id='word_1_496' title='bbox 1217 2471 1354 2509; x_wconf 82' lang='lat' dir='ltr'>meliori,</span> <span class='ocrx_word' id='word_1_497' title='bbox 1378 2476 1457 2509; x_wconf 60' lang='lat' dir='ltr'>ete,</span> <span class='ocrx_word' id='word_1_498' title='bbox 1480 2471 1677 2510; x_wconf 86' lang='lat' dir='ltr'>supradictam</span> <span class='ocrx_word' id='word_1_499' title='bbox 1700 2472 1730 2501; x_wconf 80' lang='lat' dir='ltr'>S.</span> <span class='ocrx_word' id='word_1_500' title='bbox 1751 2472 1908 2502; x_wconf 86' lang='lat' dir='ltr'>Clementis</span> <span class='ocrx_word' id='word_1_501' title='bbox 1930 2473 1960 2503; x_wconf 92' lang='lat' dir='ltr'>in</span> 
     </span>
     <span class='ocr_line' id='line_1_96' title="bbox 1216 2519 1959 2560; baseline 0.004 -12"><span class='ocrx_word' id='word_1_502' title='bbox 1216 2519 1342 2549; x_wconf 75' lang='lat' dir='ltr'>Piscaria</span> <span class='ocrx_word' id='word_1_503' title='bbox 1365 2519 1528 2556; x_wconf 84' lang='lat' dir='ltr'>abbatiam,</span> <span class='ocrx_word' id='word_1_504' title='bbox 1553 2528 1618 2550; x_wconf 89' lang='lat' dir='ltr'>cum</span> <span class='ocrx_word' id='word_1_505' title='bbox 1655 2520 1803 2550; x_wconf 88' lang='lat' dir='ltr'>territorio</span> <span class='ocrx_word' id='word_1_506' title='bbox 1825 2524 1959 2560; x_wconf 85' lang='lat' dir='ltr'>separato</span> 
     </span>
    </p>

    <p class='ocr_par' dir='ltr' id='par_1_7' title="bbox 1251 2571 1758 2607">
     <span class='ocr_line' id='line_1_97' title="bbox 1251 2571 1758 2607; baseline 0.006 -9"><span class='ocrx_word' id='word_1_507' title='bbox 1251 2573 1261 2598; x_wconf 87' lang='lat'><strong>1</strong></span> <span class='ocrx_word' id='word_1_508' title='bbox 1285 2571 1357 2600; x_wconf 86' lang='lat' dir='ltr'>Edit.</span> <span class='ocrx_word' id='word_1_509' title='bbox 1380 2571 1461 2600; x_wconf 76' lang='lat' dir='ltr'>ltlain.</span> <span class='ocrx_word' id='word_1_510' title='bbox 1484 2571 1549 2607; x_wconf 78' lang='lat' dir='ltr'>legit</span> <span class='ocrx_word' id='word_1_511' title='bbox 1568 2572 1626 2602; x_wconf 79' lang='lat' dir='ltr'>sica</span> <span class='ocrx_word' id='word_1_512' title='bbox 1646 2573 1689 2607; x_wconf 74' lang='lat' dir='ltr'>(a.</span> <span class='ocrx_word' id='word_1_513' title='bbox 1708 2572 1758 2606; x_wconf 79' lang='grc' dir='ltr'>Τ.).</span> 
     </span>
    </p>
   </div>
   <div class='ocr_carea' id='block_1_6' title="bbox 1973 193 2150 223">
    <p class='ocr_par' dir='ltr' id='par_1_8' title="bbox 1973 193 2150 223">
     <span class='ocr_line' id='line_1_98' title="bbox 1973 193 2150 223; baseline 0.028 -7"><span class='ocrx_word' id='word_1_514' title='bbox 1973 193 2024 217; x_wconf 84' lang='lat' dir='ltr'>An.</span> <span class='ocrx_word' id='word_1_515' title='bbox 2042 193 2068 218; x_wconf 77' lang='lat' dir='ltr'>tl.</span> <span class='ocrx_word' id='word_1_516' title='bbox 2086 194 2150 223; x_wconf 72' lang='lat'><strong>1728</strong></span> 
     </span>
    </p>
   </div>
   <div class='ocr_carea' id='block_1_7' title="bbox 1972 933 2149 986">
    <p class='ocr_par' dir='ltr' id='par_1_9' title="bbox 1972 933 2149 986">
     <span class='ocr_line' id='line_1_99' title="bbox 2017 933 2149 955; baseline 0.015 -2"><span class='ocrx_word' id='word_1_517' title='bbox 2017 933 2149 955; x_wconf 74' lang='lat' dir='ltr'>lusti-umento</span> 
     </span>
     <span class='ocr_line' id='line_1_100' title="bbox 1972 961 2108 986; baseline -0.007 -5"><span class='ocrx_word' id='word_1_518' title='bbox 1972 961 2108 986; x_wconf 77' lang='lat' dir='ltr'>praedictum.</span> 
     </span>
    </p>
   </div>
  </div>
 </body>
</html>
