2170 3147
435 232 498 265 'lot

400 288 486 319 dendi
512 290 658 330 pertineat
681 290 715 321 ad
746 294 859 330 patrem
883 291 1072 323 assistentem
1095 301 1145 331 ge-

399 339 526 368 neralem
557 340 765 379 antiquiorem,
789 350 852 377 seu,
877 350 910 371 eo
933 341 1083 381 impedito,
1109 342 1142 372 ad

399 387 470 416 alios
494 388 675 423 assistentes,
699 389 779 418 iuxta
804 399 903 419 eorum
927 390 1141 428 antianitatem‚

398 437 441 464 vel
467 438 499 465 ad
524 437 596 466 alios
619 437 726 466 locales
749 438 798 477 qni
822 443 999 478 sequuntur,
1032 441 1142 470 attenta

399 493 514 523 semper
536 495 637 515 eorum
661 487 846 517 antianitate.

338 566 349 572 ..
440 535 546 568 Quinto
565 539 650 574 atque
674 536 777 565 ultimo
794 537 857 566 loco
874 538 1053 577 propositum
1073 538 1141 575 fuit,

270 582 314 599 ⁴⁸¹*
336 589 435 627 ''f—[fau
463 583 492 612 in
523 592 622 612 casum
652 583 748 614 obitus
778 585 1068 625 vice-praefectorum
1096 597 1144 624 ge—

219 641 251 679 «Πι
298 641 318 678 Ἰυ,
332 632 544 681 1'13'12‘1-3¹¹⁶s³¹³¹¹¹¹¹
568 632 666 662 Litnae
689 638 738 663 aut
760 633 882 671 Mexici,
907 644 958 664 seu
982 636 1142 674 praefecti¹

399 681 609 720 cuiuscumque
631 682 754 712 alterius
770 684 953 722 provinciae,
978 685 1142 724 praefectus

398 730 512 759 noviter
528 730 654 769 electus,
673 732 788 761 etiamsi
804 733 1057 763 confirmationem
1073 744 1142 764 suae

398 777 551 808 electionis
573 788 587 808 a
612 784 694 818 patre
721 782 868 819 praefecto
895 782 1024 820 generali
1048 783 1142 812 adbuc

399 836 456 856 non
473 827 647 867 obtinuerit,
666 830 756 868 possit
778 839 916 861 exercere
939 841 1045 861 munus
1068 832 1143 861 vice-

397 877 565 914 generalis;
590 882 617 907 et
640 878 776 909 similiter
799 888 851 919 per
873 885 982 910 secreta
1003 880 1140 919 suffragia

397 925 557 955 resolutum
583 926 635 956 fuit
658 927 735 966 quod
759 928 786 957 in
812 937 911 958 casum
935 929 1037 959 mortis
1060 933 1141 959 natu-

397 973 468 1002 ralis
488 974 719 1015 uniuscuiusque
743 985 777 1006 ex
800 977 1033 1016 vice-praefectis
1056 987 1143 1016 gene-

398 1023 520 1059 ratibus,
537 1025 704 1062 praefectus
724 1025 837 1055 noviter
860 1026 980 1060 electus,
998 1028 1055 1056 una
1075 1036 1140 1056 eum

397 1071 601 1102 assistentibus
616 1074 806 1110 generalibus
825 1075 904 1104 illius
921 1076 1020 1113 regni,
1039 1085 1141 1113 gerere

206 241 252 267 An.
273 240 301 267 C.
324 240 388 266 175¹:

398 1213 536 1243 adveniat
554 1215 618 1243 eius
636 1216 832 1254 confirmatio,
850 1227 936 1255 quae,
953 1219 977 1247 si
1000 1218 1085 1248 iustis
1107 1218 1142 1247 de

397 1260 495 1289 causis
527 1260 668 1299 denegata
700 1262 809 1301 fuerit,
833 1263 929 1293 adhuc
962 1266 1061 1294 omnia
1091 1274 1142 1303 per

398 1306 493 1345 ipsum
518 1312 598 1345 gesta
622 1308 715 1338 valida
739 1309 797 1339 sint
819 1314 846 1339 et
869 1310 1034 1349 plenarium
1057 1321 1141 1341 suum

398 1352 531 1383 effectum
556 1355 695 1394 consequi
717 1354 853 1386 debeant.

298 1426 300 1433 Α
344 1428 348 1434 .
443 1403 457 1445 ς
482 1402 513 1434 4.
542 1403 618 1436 Cum
644 1409 769 1445 autem,
795 1405 879 1439 sieut
903 1407 1015 1440 eadem
1043 1418 1142 1451 expo-

201 1441 314 1488 {5215312'121'
332 1447 470 1489 reso*sitio
496 1456 721 1499 subiungebat,
741 1459 905 1502 praefatae
923 1461 1141 1495 resolutiones

398 1519 457 1551 pro
483 1510 656 1543 salubriori
692 1511 836 1544 eiusdem
870 1512 1140 1557 Congregationis

398 1562 533 1594 fratrum
568 1563 750 1598 directione
782 1576 818 1598 ac
844 1567 1005 1609 regularis
1038 1568 1068 1600 in
1102 1570 1139 1601 ea

397 1616 587 1660 disciplinae
615 1629 793 1661 progressu
821 1621 852 1653 in
885 1621 970 1655 dicto
996 1623 1139 1666 capitulo

396 1671 539 1711 generali
580 1673 746 1705 communi
788 1675 945 1707 vocalium
988 1675 1139 1719 suffragio

397 1723 498 1755 factae
525 1724 663 1765 fuerint,
691 1736 726 1759 ac
751 1734 953 1770 exponentes
980 1730 1138 1772 praedicti

396 1777 525 1809 easdem
569 1779 804 1818 resolutiones,
847 1783 973 1815 tametsi
1011 1783 1138 1827 aliquae

395 1839 503 1862 earum
539 1831 735 1874 supradictis
772 1834 1063 1868 constitutionibus
1089 1837 1139 1870 ad-

394 1889 576 1924 versentur,
595 1886 789 1928 apostolicae
804 1887 1064 1922 confirmationis
1084 1901 1139 1933 pa-

395 1937 533 1970 trocinio
564 1941 759 1973 communiri
797 1942 971 1984 plurimum
1008 1944 1139 1978 deside-

397 1997 489 2022 rent:
518 1992 613 2025 nobis
644 1999 822 2037 propterea
858 1995 1028 2030 humiliter
1063 2009 1139 2041 sup-

394 2043 505 2086 plicari
534 2045 677 2078 fecerunt
701 2052 736 2079 ut
757 2047 787 2079 in
810 2049 998 2091 praemissis
1019 2060 1139 2093 oppor-

396 2102 469 2129 tune
485 2098 658 2140 providere
678 2100 716 2132 de
738 2099 939 2144 benignitate
958 2103 1139 2145 apostolica

395 2149 614 2191 dignammur.
642 2151 705 2185 Nos
732 2153 843 2196 igitur,
869 2156 1057 2188 eorumdem
1085 2167 1138 2189 ex-

395 2205 585 2245 ponentium
604 2207 683 2238 votis
705 2207 765 2239 hae
785 2207 816 2239 in
835 2218 881 2248 re,
896 2215 1050 2251 quantum
1066 2221 1137 2243 cum

394 2256 532 2290 Domino
549 2270 730 2302 possumus,
752 2261 974 2295 favorabiliter
991 2274 1136 2297 annuere

395 2311 575 2354 cupientes,
587 2324 767 2357 eorumque
783 2315 965 2358 singulares
977 2327 1136 2360 personas

396 2374 412 2395 a
438 2364 604 2406 quibusvis
631 2369 986 2410 excommunicationis,
1006 2380 1137 2414 suspen-

395 2417 495 2449 sionis
510 2424 540 2450 et
563 2418 736 2461 interdicti,
759 2422 894 2465 aliisque
909 2424 1135 2457 ecclesiasticis

395 2471 573 2511 sententiis,
599 2474 743 2506 censuris
765 2481 793 2507 et
815 2477 938 2518 poenis,
960 2487 976 2509 a
993 2477 1061 2509 iure
1087 2478 1135 2510 vel

394 2523 434 2555 ab
455 2524 597 2566 homine,
617 2527 727 2569 quavis
758 2529 930 2562 occasione
962 2531 1010 2563 vel
1040 2533 1136 2562 causa

395 2577 477 2616 latis,
504 2577 527 2609 si
548 2578 664 2620 quibus
687 2582 935 2622 quomodolibet
960 2582 1134 2616 innodatae

431 2641 440 2667 1
466 2640 536 2666 Edit,
557 2641 639 2667 Maia.
656 2641 722 2676 legit
735 2645 896 2676 praefectus
911 2647 947 2679 (n.
965 2646 1015 2674 τ.).

976 242 1159 268 BULLARIUM
1184 242 1341 268 ROMANUM

1932 246 1980 274 An.
2002 249 2031 276 C.
2053 251 2118 279 1725

1187 293 1339 333 existunt,
1366 293 1403 327 ad
1430 293 1576 328 effectum
1604 295 1824 339 praesentium
1842 295 1928 329 dum-

1188 351 1269 379 taxat
1296 348 1573 391 consequendum,
1590 349 1704 381 harum
1720 350 1803 382 serie
1819 350 1927 382 absol-

1187 405 1299 433 ventes
1319 406 1349 433 et
1374 402 1537 435 absolutas
1565 403 1632 436 fore
1660 409 1846 442 censentes,
1870 403 1927 435 lin-

1186 453 1324 486 iusmodi
1341 454 1634 497 supplicationibus
1651 456 1806 496 inclinati,
1826 457 1864 489 de
1880 467 1927 488 ve-

1187 507 1377 540 nerabilium
1406 509 1537 541 fratrum
1570 515 1756 541 nostrorum
1782 509 1926 541 eiusdem

1185 559 1214 592 S.
1238 560 1273 592 R.
1292 560 1327 592 E.
1356 560 1567 593 cardinalium
1587 561 1726 603 negotiis
1747 566 1778 593 et
1798 562 1928 594 eonsul-

1187 613 1361 645 tationibus
1395 613 1625 657 episcoporum
1662 619 1694 646 et
1727 615 1925 657 regularium

1186 667 1470 709 praepositorum,
1498 667 1551 710 qui
1587 668 1779 700 relationem
1817 667 1926 701 dilecti

1187 718 1242 752 filii
1269 721 1373 752 nostri
1401 721 1550 754 Ludovici
1577 721 1679 764 ipsius
1705 722 1832 754 S.R.E.
1859 732 1927 755 car-

1163 767 1303 804 ‘dinalis
1329 773 1392 805 Pici
1420 774 1615 817 nuncupati,
1642 781 1717 814 ete,
1742 774 1928 817 praedictae

1185 824 1452 869 Congregationis
1497 826 1632 860 fratrum
1669 828 1753 871 apud
1798 838 1857 861 nos
1896 833 1926 861 et

1185 878 1300 911 Sedem
1342 879 1563 923 Apostolicam
1600 880 1816 924 protectoris,
1860 881 1930 913 iura

1185 931 1356 964 distributa
1382 937 1414 965 et
1448 937 1557 966 votum
1584 934 1693 966 dilecti
1732 933 1789 966 filii
1825 933 1928 967 Caroli

1186 984 1356 1026 Augustini
1383 985 1489 1018 dietae
1514 985 1545 1018 S.
1579 985 1614 1018 R.
1649 985 1684 1018 E.
1712 986 1836 1029 pariter
1861 997 1930 1019 car-

1185 1036 1300 1069 dinalis
1326 1037 1465 1070 Fabroni
1492 1038 1668 1081 nuncupati
1694 1038 1846 1081 ponentis
1867 1038 1927 1071 sibi

398 1128 430 1149 ea
450 1121 546 1150 omnia
571 1122 677 1160 possit,
695 1132 769 1162 quae
785 1133 799 1153 a
819 1124 1080 1154 constitutionibus
1104 1125 1143 1154 vi·
1163 1118 1165 1136 ³
1186 1091 1320 1134 desupffl
1364 1092 1529 1124 &bibliae
1566 1092 1718 1124 Videtunt
1735 1120 1742 1133 ⁹
1769 1094 1927 1133 consmo'

397 1168 600 1205 ce—praesectis
616 1169 802 1205 generalibus
824 1172 1037 1207 conceduntur,
1051 1171 1142 1201 donec
1163 1195 1165 1207 ‹

1185 1144 1406 1187 praeinsertas
1440 1145 1573 1188 capituli
1608 1145 1770 1188 generalis
1803 1147 1930 1179 resolu-

1188 1196 1319 1238 tiones,
1354 1198 1547 1231 auetoritate
1585 1198 1782 1242 apostoliea,
1817 1204 1927 1232 tenore

1185 1250 1419 1292 praesentium,
1440 1251 1525 1284 iuxta
1552 1252 1684 1284 modum
1712 1257 1818 1286 tamen
1845 1252 1929 1285 infra

1186 1302 1372 1343 dicendum,
1392 1304 1611 1346 approbamus
1631 1310 1663 1337 et
1683 1305 1926 1346 confirmamus,

1186 1355 1314 1397 illisque
1341 1355 1538 1390 inviolabilis
1557 1358 1752 1401 apostolicae
1772 1358 1929 1392 firmitatis

1186 1409 1286 1440 robur
1310 1409 1494 1451 adiicimus,
1521 1421 1555 1443 ae
1582 1422 1696 1444 omnes
1724 1416 1754 1445 et
1784 1411 1928 1454 singulos

1185 1462 1265 1495 iuris
1292 1468 1323 1494 et
1349 1463 1420 1496 facti
1444 1464 1599 1506 defectus,
1619 1465 1643 1498 si
1663 1465 1716 1508 qui
1736 1465 1768 1498 in
1785 1465 1830 1498 eis
1849 1475 1929 1509 quo-

1184 1516 1363 1549 modolibet
1389 1517 1634 1558 intervenerint,
1654 1519 1856 1561 supplemus.

1227 1570 1241 1612 ξ
1267 1569 1298 1601 5.
1318 1569 1363 1602 Ita
1389 1570 1534 1611 scilicet,
1554 1575 1598 1611 ut,
1620 1572 1725 1614 quoad
1747 1572 1925 1604 secundam
1961 1582 2122 1613 ‹tiariusaecu-

1183 1623 1405 1656 conditionem
1442 1624 1576 1657 secundi
1614 1625 1727 1668 capitis
1768 1611 2122 1666 dictarumlil'ssfflass‘o‘llsslli

1182 1677 1431 1717 resolutionum,
1446 1677 1630 1721 imponatur
1648 1678 1708 1711 ista
1728 1680 1788 1718 lex,
1806 1688 1924 1722 nempe
1936 1668 2122 1736 iifiie'damegiffi'iff

1183 1732 1269 1774 quod
1297 1732 1539 1774 promovendus
1565 1738 1769 1775 proponatur
1793 1744 1811 1765 a
1842 1718 2051 1766 vice-iiiii‘mesa
2084 1722 2120 1738 Μ’

1183 1784 1349 1826 praefecto
1375 1789 1407 1816 et
1432 1784 1673 1826 assistentibus,
1700 1785 1724 1817 si
1751 1785 1792 1818 sit
1817 1785 1856 1819 de
1875 1795 1925 1818 re-

1183 1848 1246 1880 gno
1272 1837 1325 1869 ubi
1353 1837 1475 1870 residet
1508 1838 1595 1871 idem
1628 1838 1923 1881 vice-praefectus;

1183 1891 1208 1923 si
1234 1901 1311 1924 vero
1337 1891 1377 1922 sit
1403 1891 1441 1923 de
1467 1901 1568 1933 regno
1594 1891 1648 1924 uhi
1676 1892 1798 1925 residet
1831 1902 1927 1936 prae-

1184 1945 1283 1978 fectus
1310 1945 1480 1987 generaliS,
1500 1951 1704 1988 proponatur
1722 1957 1738 1978 a
1757 1946 1925 1989 superiore

1184 2003 1215 2030 et
1256 1998 1399 2041 capitulo
1441 1999 1648 2031 conventuali
1688 1999 1803 2037 domus
1843 2009 1925 2043 quae

1182 2050 1222 2083 sit
1247 2051 1286 2083 de
1312 2051 1482 2084 sacerdote
1517 2051 1735 2095 providenda:
1767 2063 1803 2085 ex
1831 2052 1927 2085 tertia

1182 2104 1368 2137 conditione
1395 2104 1541 2137 eiusdem
1566 2105 1699 2138 secundi
1731 2105 1846 2149 capitis
1872 2106 1927 2139 de-

1183 2163 1313 2190 mantur
1337 2158 1437 2190 verba
1463 2158 1532 2191 illa:
1565 2171 1576 2188 α
1597 2159 1683 2201 quod
1702 2159 1767 2201 peti
1787 2163 1926 2202 nequeat

1182 2210 1373 2251 habilitatio,
1401 2211 1462 2243 nisi
1484 2212 1699 2254 praecedente
1717 2212 1925 2257 beneplacito

1182 2264 1359 2297 definitorii
1387 2265 1549 2307 generalis
1572 2277 1602 2297 n:
1631 2277 1666 2298 ex
1701 2268 1814 2309 quarta
1850 2277 1927 2299 eon-

1182 2318 1303 2351 ditione
1349 2318 1517 2351 omittatur
1563 2319 1721 2361 particula
1757 2320 1924 2363 quotidie:

1181 2377 1292 2405 sextae
1318 2377 1426 2405 autem
1452 2372 1633 2405 conditioni
1654 2373 1790 2406 addatur
1819 2385 1832 2404 ι(
1850 2383 1927 2416 poe-

1183 2427 1224 2458 na
1249 2425 1443 2468 privationis
1469 2426 1555 2458 vocis
1580 2425 1701 2458 activae
1727 2431 1758 2459 et
1781 2425 1925 2469 passivae

1181 2484 1329 2522 respectu
1357 2479 1563 2521 superiorum
1590 2484 1664 2521 post
1688 2480 1851 2521 expletum
1870 2489 1926 2512 eo-

1180 2542 1249 2563 rum
1275 2532 1472 2564 novennium
1499 2544 1511 2563 n
1528 2558 1535 2571 ‚
1561 2537 1592 2564 ct
1629 2542 1665 2563 ex
1693 2532 1747 2563 illa
1776 2533 1925 2565 dematur

1178 2585 1350 2627 suspensio
1377 2590 1527 2627 respectu
1554 2590 1802 2627 promotorum,
1828 2585 1921 2618 dum-

1179 2638 1275 2671 modo
1302 2637 1372 2680 sine
1399 2647 1510 2670 eorum
1543 2638 1638 2679 culpa
1672 2637 1793 2671 fuerint
1825 2647 1923 2681 supra
