2170 3147
13 223 62 250 An.
83 222 110 250 C.
131 222 197 249 1725

805 219 996 242 BENEDtcTt's
1024 220 1078 242 xm
1103 219 1151 242 rr.
1667 205 1686 239 9
1733 216 1780 242 An.
1803 214 1916 241 01·th

208 272 291 304 beati
317 270 463 303 Andreae
490 268 617 301 liberati
641 295 647 307 ,
677 267 714 299 ab
742 268 829 300 omui
865 267 940 299 «ulio
962 273 963 279 ¹
984 267 1148 300 Ecclesiae
1175 267 1338 300 Romanae
1357 279 1373 298 a
1389 265 1554 309 tyrannide
1573 265 1720 298 liberata.

207 324 410 367 quieverunt.
438 322 481 354 lta
506 321 554 352 vir
580 321 656 355 Dei.
695 321 830 361 negorio
867 331 941 352 con·
962 319 964 347 l
984 320 1087 357 Quare
1113 321 1150 352 ad
1178 321 1291 352 aedem
1318 319 1560 352 Carmelitarum
1586 320 1722 351 maxime

208 379 311 413 secto,
339 376 454 417 magua
479 374 620 407 onmium
646 374 742 405 laude
768 378 796 403 et
825 374 939 415 plausu
962 406 963 410 ,
985 372 1182 414 supplicatio
1205 372 1324 404 indicta
1351 378 1414 407 est.
1436 371 1489 403 ubi
1517 372 1601 414 Papa
1622 371 1723 413 Euge·

962 430 963 443 ³
985 424 1055 455 nius
1076 424 1107 457 S.
1132 424 1168 456 R.
1191 424 1224 456 E.
1246 424 1464 456 cardinalibus
1491 424 1611 456 ibidem
1629 434 1722 466 prae-

207 430 335 462 Vesulus
375 426 546 463 remearit,
588 426 641 457 ubi
682 426 713 457 iu
751 424 940 457 memoriam

206 482 320 515 Christi
336 480 460 513 lloniini
480 480 620 522 qualibet
643 479 719 511 t'eriii
738 478 849 520 quinta
864 488 940 520 pau-

206 546 319 579 perum
347 534 445 576 pedes
473 534 576 564 lavare
604 533 734 567 solitus,
763 531 940 573 cuiuspiam

208 588 300 620 tibias
322 587 424 630 plagis
442 585 701 628 graveolentilws
720 590 751 616 et
767 583 940 626 putredine

207 643 338 674 infectas
364 640 403 673 ab
428 650 462 672 se
488 640 567 672 lotas
586 665 593 677 ,
619 638 832 680 lacrymisque
867 647 941 669 con-

206 705 343 736 spersas,
370 693 544 729 osculatus,
570 691 787 734 undequaque
806 690 937 722 curavit.

207 748 262 779 Die
289 746 400 778 mortis
430 744 709 787 appropinquante
729 769 736 782 ‚
768 753 837 775 eam
873 741 940 784 ipsa
963 771 964 777 ,

208 804 299 832 nocte
317 797 435 830 Natalis
453 797 570 830 Christi
583 796 708 829 Domini
728 806 851 828 sununo
867 805 940 837 gau-

207 854 453 894 slio,antequam
478 851 615 894 primam
640 850 768 882 missam
796 848 941 881 celebra-

206 911 278 945 ret,
304 905 363 937 sibi
390 909 482 937 nocte
507 903 762 945 Epiplianiorum
788 902 941 934 adventu-

207 969 273 991 ram
288 984 295 997 ‚
322 968 338 990 a
364 957 495 999 deipara
518 956 646 998 Virgine
672 955 797 997 accepit
817 966 824 993 ·‚
853 965 939 997 qua,
962 967 963 992 ;

207 1010 337 1054 psalmis
364 1015 395 1041 et
419 1009 596 1041 catholicae
616 1008 687 1039 li<lei
707 1007 859 1051 sffi‘nibolis
878 1007 938 1039 sibi

208 1062 388 1105 praelectis,
415 1061 584 1104 verbisque
617 1060 777 1092 Simeonis
807 1059 963 1102 prolatis}

206 1115 300 1147 Nunc
324 1114 492 1152 clinu'uis,
530 1114 568 1145 ad
605 1112 740 1155 gloriam
774 1118 938 1144 aeternam

207 1167 343 1200 evolavit
369 1177 424 1200 rin
450 1167 520 1199 idus
546 1166 707 1198 ianuarias
727 1193 734 1206 ‚
769 1176 853 1197 auno
890 1166 938 1197 ‹Jo-

205 1221 341 1253 minicae
364 1219 597 1252 incarnationis
614 1228 808 1258 mcccrxmu,
826 1218 939 1251 aetatis

206 1273 603 1317 septuagesimosecundo⁷
619 1273 657 1304 ab
676 1273 822 1314 ingressu
838 1271 876 1303 ad
892 1281 941 1303 re-

206 1327 361 1370 ligionem
388 1325 788 1369 quinquagesimoqninte,
815 1324 940 1367 episco-

206 1385 300 1422 patus
322 1378 527 1411 duodecimo.
546 1377 588 1409 Ex
615 1378 683 1410 cius
701 1377 882 1419 corpusculi
909 1377 939 1409 in

206 1431 308 1474 paleis
332 1430 421 1462 strati
452 1430 538 1462 suavi
569 1430 669 1462 odore
697 1430 866 1472 perplures
895 1429 941 1461 in-

206 1484 301 1523 tirmi,
326 1483 419 1515 multi
445 1483 539 1515 etiam
565 1493 602 1516 ex
625 1483 693 1515 eius
722 1487 805 1515 tactu
831 1482 938 1515 statim

206 1535 449 1569 convaluerunt.
489 1535 575 1568 Deus
612 1545 741 1579 quoque
778 1535 816 1568 ad
854 1535 938 1568 idem

204 1589 454 1631 corpusculum,
490 1589 685 1621 Florentiam
722 1589 940 1627 translatum,

204 1647 299 1684 atque
332 1641 433 1674 instar
468 1641 604 1674 viventis
632 1642 664 1674 in
697 1642 850 1675 cathedra
883 1653 939 1674 sc—

204 1695 310 1734 dens,
336 1693 474 1736 plurima
514 1694 607 1736 signa
646 1694 809 1738 patefecit.
845 1695 937 1728 Anno

204 1758 280 1780 vero
304 1757 409 1780 MCDXL
426 1773 433 1787 ,
464 1746 535 1789 piae
561 1748 737 1780 memoriae
768 1748 937 1781 decessore

204 1805 315 1833 nostro
340 1800 483 1842 Eugenio
510 1800 568 1832 PP.
591 1801 627 1832 tv
653 1801 833 1834 Florentiae
853 1812 939 1833 com-

203 1859 362 1894 morante,
387 1860 588 1897 externoque
612 1854 713 1887 milite
736 1865 847 1897 agrum
866 1855 939 1887 Flo-

203 1907 366 1940 rentinum
391 1907 567 1940 crudeliter
592 1908 813 1951 depopulante
841 1914 937 1952 atquc

202 1960 264 2004 ipsi
290 1960 410 1993 civitati
435 1960 475 1992 ob
503 1966 687 1993 eventuram
714 1961 837 1994 cladem
864 1973 937 2005 per-

203 2013 392 2046 terrefactae
418 2013 607 2054 incubante,
634 2014 716 2047 Deus
735 2025 792 2057 per
808 2014 937 2048 beatum

170 2064 175 2068 “
203 2065 390 2105 Andream,
416 2066 454 2098 ad
487 2076 583 2109 quem
615 2066 778 2100 miraculis
815 2068 936 2101 clarum

203 2119 342 2161 populus
366 2119 398 2150 in
425 2120 510 2151 tanta
536 2119 716 2152 calamitate
734 2120 794 2153 sibi
813 2120 937 2164 impen-

203 2170 300 2203 dente
324 2171 521 2210 confluebat,
548 2172 747 2205 adolescenti
774 2174 935 2215 revelavit,

202 2225 234 2256 in
259 2223 407 2266 proximo
432 2223 484 2256 die
509 2225 608 2258 natali
632 2225 718 2258 beati
743 2225 829 2258 Petri
861 2238 938 2270 apo-

201 2277 354 2310 stolorum
379 2276 535 2320 principis
554 2304 562 2318 ‚
589 2277 752 2311 Romanae
777 2279 936 2313 Ecclesiae

201 2330 402 2373 praedonem
442 2334 474 2362 et
509 2329 770 2364 Florentinorum
811 2332 935 2365 hostem

201 2382 362 2416 devictum
387 2383 439 2415 iri.
472 2382 538 2420 Qua
563 2384 695 2427 quidem
731 2395 766 2418 re
803 2385 937 2418 civitatis

200 2436 390 2469 decemviris
416 2436 506 2468 iussu
532 2436 617 2470 beati
644 2437 703 2469 viri
734 2449 793 2481 per
829 2439 937 2472 adole-

200 2494 347 2523 scentem
383 2490 560 2530 nunciata,
600 2491 792 2534 praelioque
829 2492 934 2533 inito,

200 2542 311 2575 hostes
337 2542 396 2574 fusi
422 2548 508 2583 sunt,
536 2543 847 2577 etFlorentinorum
870 2556 937 2578 res-

198 2595 328 2639 publica
354 2605 423 2628 cum
448 2597 547 2629 rebus
571 2596 705 2640 Eugenii
724 2598 885 2632 Pontificis
905 2605 935 2633 et

290 2658 370 2685 Butl.
392 2658 476 2687 Rom.
495 2674 527 2679 —-
547 2660 597 2687 Vot
632 2660 722 2689 XXII.
866 2660 884 2686 2

984 477 1143 515 sentibus,
1170 482 1201 509 et
1235 477 1345 516 clero,
1371 481 1505 514 senatu,
1533 478 1722 519 populoque

985 529 1173 562 Florentino
1199 529 1446 571 flagitantibus,
1484 540 1603 572 corpus
1637 530 1721 561 beati

985 582 1132 614 Andreae
1157 582 1243 614 inter
1268 592 1401 614 accensa
1428 581 1549 614 t‘unalia
1574 586 1603 614 et
1621 582 1723 614 tliuri-

985 634 1164 667 ticationis¹
1183 636 1289 677 palam
1310 635 1436 667 ostendi
1456 635 1634 671 concessit:
1658 646 1723 678 quo

985 698 1020 720 cx
1048 693 1192 729 tempore
1218 688 1363 720 Andreas
1389 693 1422 719 ut
1448 688 1568 720 relatus
1599 687 1629 719 in
1648 686 1725 719 San-

985 747 1108 774 ctorum
1146 751 1305 774 canonem
1343 735 1473 774 babitus
1512 746 1571 773 est.
1607 732 1641 772 ln
1676 742 1724 772 rei

962 794 1174 838 'inemoriain
1214 793 1420 836 magistratus
1459 792 1723 826 Florentinoruiu

962 859 964 870 1
985 847 1158 889 quotannis
1183 857 1305 880 sacram
1331 847 1445 880 aedem
1468 873 1475 886 ,
1503 845 1556 877 ubi
1583 845 1626 888 pii
1665 845 1735 877 vir?

984 910 1101 942 corpus
1126 899 1326 943 requiescit,
1352 901 1469 941 magua
1494 898 1656 941 religione
1681 899 1723 930 in-

984 952 1088 985 visere
1113 958 1366 985 consueverunt.

1028 1005 1042 1047 ξ
1066 1005 1097 1038 3.
1119 1006 1199 1038 Hinc
1217 1005 1340 1038 eximiis
1358 1010 1389 1038 et
1406 1005 1644 1048 probatissimis
1662 1005 1720 1037 viri
1734 1015 1746 1054 ff
1760 1013 1859 1037 strennuo
1872 1013 1918 1034 xm

985 1058 1039 1091 [lei
1066 1058 1236 1090 virtutibus
1262 1064 1293 1090 et
1317 1057 1420 1100 signis
1446 1068 1504 1101 per
1521 1068 1594 1090 eum
1617 1040 1918 1100 patra-ivilllzns’aiiiffril'ti‘aizi

1732 1099 1769 1117 pru
1785 1094 1818 1112 :tie
1839 1099 1869 1112 xiv
1888 1093 1917 1113 lu-

985 1111 1023 1143 tis
1043 1138 1050 1151 ,
1076 1113 1229 1155 cultuque
1255 1111 1385 1154 publico
1411 1117 1525 1150 aucto,
1551 1112 1658 1143 clerus
1691 1117 1809 1143 etmmrn.

985 1165 1182 1208 Respublica
1201 1164 1464 1197 Florentiumum
1488 1175 1505 1197 a
1529 1164 1631 1196 felicis
1657 1174 1722 1196 ine-

962 1224 963 1231 *
984 1218 1106 1251 moriae
1133 1219 1230 1250 Paulo
1257 1218 1315 1250 [Ψ.
1335 1217 1358 1250 ll
1378 1223 1595 1250 antecessore·
1610 1222 1723 1250 nostro

984 1271 1146 1304 Andrean]
1184 1271 1245 1303 ritu
1287 1271 1476 1304 solemniori
1514 1270 1546 1303 in
1585 1270 1721 1304 Sancto-

984 1335 1054 1357 rum
1072 1335 1230 1357 canonem
1257 1324 1464 1357 referendum
1484 1323 1649 1368 poposcit,
1667 1334 1724 1357 ne-

962 1378 1178 1421 ·gociumque
1216 1378 1254 1410 ab
1292 1378 1408 1411 eodem
1442 1378 1542 1411 Paulo
1568 1378 1591 1410 ll
1625 1384 1724 1421 atque

985 1431 1079 1463 etiam
1106 1442 1123 1463 a
1148 1431 1220 1473 piae
1244 1430 1421 1463 memoriae
1440 1440 1629 1463 successore
1656 1430 1724 1463 eius

984 1483 1066 1516 Siste
1100 1483 1134 1515 lV
1167 1483 1292 1526 aliquot
1315 1482 1346 1515 S.
1375 1483 1411 1515 R.
1439 1482 1472 1515 E.
1501 1482 1722 1516 cardinalibus

984 1536 1192 1569 commissum
1219 1541 1276 1569 est.
1305 1535 1366 1569 Sed
1393 1535 1564 1568 bominum
1590 1542 1622 1569 et
1647 1541 1724 1569 tem-

984 1600 1097 1632 porum
1124 1590 1208 1622 vices
1226 1600 1291 1622 rem
1310 1589 1373 1622 alio
1390 1594 1570 1622 traxerunt.
1590 1589 1722 1623 Interim

984 1642 1084 1675 t'elicis
1111 1642 1345 1675 recordationis
1371 1642 1547 1685 Gregorius
1576 1643 1640 1675 Xlll
1668 1654 1723 1676 an-

984 1700 1130 1728 tecessor
1154 1701 1264 1728 noster
1289 1695 1421 1728 missam
1449 1701 1480 1728 et
1497 1696 1637 1729 officium
1655 1696 1724 1729 eius

982 1749 1140 1791 primurn,
1167 1749 1347 1781 secundum
1380 1748 1512 1782 missale
1542 1754 1576 1781 et
1599 1748 1723 1782 brevia-

983 1802 1065 1835 rium
1081 1802 1210 1835 Ordinis
1235 1803 1370 1835 l'ratrum
1392 1802 1649 1843 Carmelitarum,
1664 1813 1723 1846 pro

983 1855 1034 1888 (lie
1060 1865 1111 1888 xiv
1137 1856 1272 1888 ianuarii
1298 1857 1431 1889 oraculo
1453 1867 1513 1890 suo
1531 1856 1723 1900 comproba-

981 1911 1050 1950 vit,
1078 1909 1156 1943 alias
1182 1909 1220 1942 ab
1246 1909 1379 1953 antiquo
1406 1915 1554 1953 tempore
1590 1910 1723 1943 Floren-

983 1964 1043 1996 tiae
1073 1963 1104 1996 in
1142 1963 1278 1997 ecclesia
1316 1964 1350 1996 B.
1388 1964 1505 1997 Mariae
1543 1964 1581 1996 de
1617 1963 1722 1996 Monte

981 2017 1126 2049 Carmelo
1152 2017 1249 2059 inque
1285 2018 1351 2049 tota
1384 2016 1528 2050 dioecesi
1566 2017 1723 2050 Fesulana

982 2070 1140 2103 celebrari
1166 2070 1273 2103 solita.
1300 2070 1441 2103 Tandem
1467 2071 1526 2103 sub
1552 2071 1624 2113 piae
1657 2082 1723 2104 iue-

959 2123 1102 2155 ,moriae
1145 2128 1355 2155 antecessore
1400 2129 1513 2156 nostro
1557 2123 1723 2156 Clemente

982 2176 1039 2208 ΡΙ).
1054 2176 1124 2215 ΥΗῙ,
1142 2176 1415 2209 christianissimo
1434 2187 1512 2219 rege
1524 2176 1723 2211 Francorum

982 2228 1121 2261 llenrico
1147 2228 1182 2260 lv
1209 2234 1239 2261 et
1260 2228 1358 2261 Maria
1374 2228 1496 2271 regina,
1516 2228 1722 2263 Ferdinando

982 2291 1112 2324 quoque
1138 2281 1169 2313 in
1195 2281 1321 2314 Etruria
1346 2281 1406 2314 sibi
1433 2282 1579 2315 subiecta
1603 2293 1723 2326 magno

982 2333 1085 2373 duee,
1111 2333 1247 2377 aliisque
1273 2333 1367 2367 enixe
1391 2334 1656 2377 postulantibus,
1683 2336 1722 2369 de

982 2386 1111 2419 Andrea
1136 2392 1325 2419 sanctorum
1351 2387 1469 2420 canoni
1503 2387 1721 2422 adscribendo

982 2444 1087 2472 aetum
1115 2445 1173 2472 est.
1201 2439 1369 2473 Clemente
1394 2445 1502 2474 autem
1533 2440 1616 2474 viam
1654 2442 1723 2474 uni-

981 2503 1093 2525 versae
1118 2492 1224 2525 earnis
1249 2492 1421 2535 ingresso,
1446 2494 1580 2527 sedente
1617 2494 1720 2528 seticis

982 2544 1222 2578 recordationis
1249 2545 1350 2579 Paulo
1377 2546 1435 2579 ΡΙ).
1462 2546 1497 2586 V,
1524 2546 1648 2580 iteratis
1667 2556 1721 2580 eo-

1015 2608 1026 2634 1
1051 2606 1152 2635 Forsan
1173 2607 1407 2643 thurificaliones
1426 2609 1465 2643 (a.
1482 2607 1532 2643 T.).
