2170 3147
1 187 49 212 An.
70 185 97 210 C.
120 185 187 211 ¹726

24 2036 182 2063 nerogatoriae.

783 188 975 211 nl-:NssbtcTt's
1002 188 1056 211 ΧΗ]
1082 189 1130 212 Pr.

199 244 314 277 magno
332 238 362 266 et
381 234 584 267 substantiali
604 244 638 267 ac.
658 235 830 277 ineogitato
845 235 934 268 etin-

196 286 401 327 cxcogitabili
429 287 555 319 defectu
581 287 708 327 notari,
735 288 932 330 impugnari,

196 338 339 381 infringi,
359 339 535 378 retractari,
554 339 586 372 in
611 340 863 372 controversiam
882 351 935 372 vo-

195 391 272 430 cari,
297 397 350 423 aut
374 392 413 424 ad
441 392 595 425 terminos
619 391 697 424 iuris
724 392 848 430 reduci,
875 402 931 425 seu

195 443 350 476 adversus
375 444 447 476 illas
473 444 663 487 aperitionis
689 444 774 483 oris,
800 443 932 476 restitu-

196 495 293 529 tionis
318 496 350 528 in
368 496 539 539 integrum,
559 496 685 529 aliudve
704 495 931 538 quodcumque

195 548 283 588 iuris,
308 548 380 581 facti
406 550 454 582 vel
480 549 601 591 gratiae
627 549 805 582 remedium
827 548 932 581 inten-

195 601 252 632 tari
277 601 326 634 vel
356 601 544 644 impetrari,
571 606 626 634 aut
649 601 824 644 impetrato
841 627 848 640 ‚
876 610 930 633 seu

194 654 290 687 ctiam
315 660 426 694 motu,
453 654 586 688 scientia
610 660 642 687 et
666 654 836 697 potestatis
862 655 930 696 ple-

194 706 338 739 nitudine
356 707 514 739 similibus
533 717 686 740 concesso
707 708 755 739 vel
774 709 930 743 emanato,

193 759 378 802 quempiam
415 759 448 791 in
484 759 605 792 iudicio
642 759 691 792 vel
727 765 815 792 extra
851 758 929 791 illud

193 811 236 843 uti
262 821 319 844 seu
344 821 376 844 se
403 811 512 844 iuvare
531 812 596 844 ullo
616 811 713 844 modo
732 821 847 854 posse,
872 811 930 843 sed

194 864 280 906 ipsas
306 869 496 907 praesentes
520 864 646 896 litteras
665 874 795 907 semper
812 863 931 903 firmas,

194 917 313 950 validas
351 922 382 949 et
418 917 563 950 efficaces
603 917 739 950 existere
777 922 807 949 et
844 917 928 957 t'ore,

193 980 333 1013 suosque
369 970 533 1012 plenarios
566 975 596 1002 et
632 969 774 1012 integros
800 968 931 1002 etl'ectus

193 1023 302 1056 sortiri
338 1028 369 1055 et
402 1022 573 1063 obtinere,
599 1033 635 1055 ac
668 1022 753 1062 illis,
780 1022 819 1055 ad
853 1033 932 1065 quos

193 1080 318 1119 spectat
342 1081 374 1108 et
399 1085 458 1118 pro
484 1080 630 1118 tempore
659 1075 931 1118 quandocumque

194 1127 368 1171 spectabit,
406 1127 439 1160 in
476 1128 627 1161 omnibus
665 1133 696 1161 et
731 1139 790 1171 per
824 1128 933 1161 omnia

194 1181 379 1224 plenissime
405 1180 596 1224 suffragari,
623 1187 654 1214 et
682 1182 721 1214 ab
750 1181 795 1223 cis
821 1192 931 1225 respe-

195 1234 275 1267 ctive
311 1233 543 1267 inviolabiliter
580 1240 610 1266 et
645 1235 837 1267 inconcusse
874 1236 932 1267 ob·

195 1287 333 1327 servari,
366 1287 479 1330 sicque
505 1292 536 1319 et
560 1297 624 1320 non
661 1287 755 1320 aliter
783 1287 813 1320 in
841 1298 932 1330 prae-

194 1340 300 1373 missis
326 1350 385 1383 per
409 1350 630 1384 quoscumque
657 1340 777 1373 iudices
803 1340 933 1374 ordina-

194 1394 260 1427 rios
278 1398 310 1427 et
327 1393 504 1435 delegatos
523 1394 619 1426 etiam
638 1404 806 1426 causarum
822 1395 932 1437 palatii

194 1446 366 1489 apostolici
404 1446 584 1485 auditores,
612 1457 647 1478 ac
682 1446 712 1478 S.
741 1446 778 1479 R.
805 1446 839 1479 E.
868 1457 934 1479 ear-

196 1500 330 1539 dinules,
350 1499 445 1532 etiam
464 1500 502 1532 de
519 1500 622 1532 latere
648 1500 773 1542 legatos
795 1506 826 1532 et
848 1501 933 1543 Apo-

195 1553 326 1586 stolicae
345 1553 437 1586 Sedis
455 1553 606 1593 nuncios,
630 1554 749 1587 aliosve
771 1554 934 1597 quoslibet

195 1616 399 1649 quacumque
435 1606 695 1649 praeeminentia
720 1612 751 1639 ct
776 1612 933 1649 potestate

195 1659 365 1701 fungentes
396 1663 428 1690 et
461 1658 650 1699 suncturos,
677 1660 803 1691 sublata
829 1660 876 1691 cis
902 1665 955 1693 et*

195 1722 306 1745 eorum
332 1711 465 1744 cuilibet
501 1711 611 1754 quavis
645 1712 739 1745 aliter
767 1712 931 1745 iudicandi

196 1770 228 1797 et.
251 1764 488 1808 interpretandi
515 1764 666 1797 facultate
682 1771 714 1797 et
731 1765 933 1805 auctoritate,

195 1817 330 1850 iudicari
356 1823 387 1850 et
420 1816 548 1849 definiri
576 1818 717 1857 debere,
745 1830 780 1852 ac
804 1818 933 1852 irritum

194 1876 226 1904 et
250 1870 345 1903 inane
371 1870 397 1902 si
423 1880 517 1903 secus
542 1871 708 1914 superbis
725 1881 741 1904 a
760 1883 932 1916 quoquam,

194 1923 305 1967 quavis
343 1923 553 1963 auctoritate,
581 1924 722 1956 scienter
757 1925 806 1957 vel
844 1925 934 1968 igno-

195 1982 316 2014 ranter,
341 1975 516 2018 contigerit
541 1977 704 2009 attentari.

238 2028 252 2071 §
277 2028 309 2061 ὅ.
335 2028 404 2061 Non
430 2029 633 2062 obstantibus
658 2030 862 2072 praemissis,
888 2041 932 2071 ac,

195 2086 353 2125 quatenus
370 2092 453 2124 opus
472 2082 520 2121 sit,
539 2084 649 2114 nostra
667 2088 695 2115 et
715 2082 933 2117 Cancellariac

195 2135 401 2177 Apostolicae
420 2135 531 2176 regula
550 2135 588 2167 de
606 2135 673 2167 iure
699 2136 846 2178 quaesito
868 2147 932 2169 non

197 2187 351 2226 tollendo,
368 2186 505 2229 aliisque
528 2188 725 2229 apostolicis,
745 2199 781 2221 ac
799 2188 844 2220 in'
864 2189 935 2222 uni-

195 2239 375 2272 versalibus
412 2239 732 2282 provincialibusque
770 2246 801 2272 et
837 2251 933 2284 syno-

195 2292 324 2325 dalibus
350 2291 498 2324 conciliis
523 2292 627 2330 editis,
656 2293 864 2334 generalibus
885 2295 933 2327 vel

195 2344 408 2388 specialibus,
434 2344 720 2377 constitutionibus
746 2351 778 2378 et
802 2346 934 2379 ordina-

197 2398 364 2438 tionibus,
391 2398 518 2440 legibus
555 2408 683 2440 quoque
710 2398 806 2431 etiam
833 2399 934 2442 impe-

195 2449 329 2483 rialibus
354 2455 386 2483 et
410 2450 681 2493 municipalibus,
708 2460 836 2484 necnon
862 2452 933 2494 qui-

231 2565 243 2592 1
266 2565 418 2601 Praeposit.
439 2565 471 2592 in
493 2573 540 2592 nos
560 2564 683 2592 addimus
704 2567 743 2601 (a.
760 2565 807 2600 T.).

1607 180 1670 214 3027

976 235 1103 277 busvis,
1130 236 1225 269 etiam
1251 237 1443 278 iuramento,
1470 237 1713 271 confirmatione

977 289 1178 330 apostolica,
1216 294 1270 322 aut
1310 290 1418 333 quavis
1458 290 1607 324 firmitate
1651 291 1715 324 ati-:1

976 340 1158 381 roboratis,
1195 343 1320 375 statutis
1348 349 1378 376 et
1402 343 1711 385 consuetudinibus,

976 392 1072 424 etiam
1098 393 1420 434 immeniorabilibuS,
1436 396 1615 438 privilegiis
1634 407 1714 439 quo-

976 453 1047 485 que,
1069 444 1202 478 indultis
1228 451 1257 479 et
1282 447 1400 479 litteris
1419 448 1619 489 apostolicis,
1641 448 1713 491 qui-

974 495 1084 527 busvis
1098 497 1262 538 personis,
1278 499 1373 530 etiam
1389 501 1596 541 quantumvis
1612 500 1714 532 subli-

976 547 1082 580 mibus
1099 554 1129 581 et
1153 549 1385 591 specialissima
1406 552 1571 585 mentione
1586 553 1712 595 dignis,

975 600 1034 631 sub
1060 601 1316 645 quibuscumque
1344 604 1515 636 verborum
1546 606 1712 638 tenoribus

952 692 953 696 Ἰ
975 657 1006 684 et
1028 652 1163 692 formis,
1189 664 1225 686 ac
1250 665 1320 687 cum
1347 656 1511 698 quibusvis
1537 658 1632 690 etiam
1658 659 1714 690 de·

974 706 1212 746 rogatoriarum
1240 707 1468 750 derogatoriis,
1493 710 1630 753 aliisque
1648 710 1714 743 effi-

975 758 1166 798 cacioribus,
1181 759 1410 794 efficacissimis
1429 768 1460 795 ct
1476 763 1613 797 insolitis
1627 764 1714 797 clau-

975 809 1054 842 sulis
1080 816 1111 843 et
1136 811 1294 852 decretis,
1322 813 1416 846 etiam
1443 821 1553 855 motu,
1578 816 1714 849 scientia

975 867 1006 895 et
1039 866 1206 906 potestatis
1239 866 1444 909 plenitudiue
1469 869 1650 909 similibus,
1677 881 1713 903 ac

975 916 1265 958 cons1storialiter,
1300 925 1332 952 ct
1363 920 1442 953 alias
1468 922 1714 964 quomodolibet

975 967 1006 999 in
1033 970 1233 1003 contrarium
1259 972 1514 1014 praemissorum
1539 975 1712 1014 concessis,

976 1020 1083 1061 editis,
1104 1021 1194 1054 sactis
1215 1034 1251 1056 ac
1277 1025 1401 1067 pluries
1422 1025 1546 1058 iteratis
1566 1031 1596 1059 et
1614 1038 1714 1070 quan-

976 1073 1158 1117 tiscumque
1184 1075 1306 1109 vicibus
1323 1079 1523 1121 approbatis,
1545 1079 1714 1113 confirma-

977 1125 1015 1158 tis
1055 1131 1086 1159 et
1126 1127 1312 1170 innovatis3
1339 1131 1456 1174 quibus
1495 1132 1645 1165 omnibus
1682 1139 1715 1167 et

976 1178 1133 1222 singulis,
1160 1182 1287 1215 etiamsi
1313 1194 1373 1227 pro
1399 1184 1529 1218 illorum
1555 1186 1715 1220 sufficien-

977 1232 996 1264 ti
1024 1233 1237 1276 derogatione
1263 1236 1302 1268 de
1329 1237 1391 1270 illis
1428 1248 1606 1282 corumque
1638 1240 1715 1274 totis

952 1311 955 1332 ἶ
977 1286 1145 1319 tenoribus
1171 1288 1338 1330 specialis,
1363 1290 1532 1333 specifica,
1560 1302 1714 1335 expressa

953 1344 1007 1379 ,et
1033 1339 1215 1381 individua,
1244 1352 1279 1374 ac
1308 1341 1346 1375 de
1376 1343 1474 1376 verbo
1500 1344 1539 1376 ad
1564 1345 1715 1387 verbum,

976 1401 1040 1424 non
1059 1398 1164 1425 autem
1182 1404 1239 1436 per
1256 1395 1416 1428 clausulas
1437 1397 1607 1439 generales
1629 1398 1716 1432 idem

976 1443 1211 1488 importantes‚
1240 1447 1360 1481 mentio
1393 1459 1450 1481 seu
1487 1451 1616 1493 quaevis
1653 1451 1716 1484 alia

977 1497 1142 1539 expressio
1177 1499 1325 1533 habenda
1358 1506 1413 1533 aut
1442 1502 1551 1546 aliqua
1575 1504 1638 1537 alia
1663 1515 1716 1537 ex-

977 1549 1093 1592 quisita
1130 1551 1234 1584 forma
1268 1554 1306 1586 ad
1342 1553 1404 1587 hoc
1433 1556 1590 1589 servanda
1615 1557 1715 1598 soret,

978 1607 1107 1636 tenores
1142 1604 1325 1639 huiusmodi
1360 1617 1395 1639 ac
1427 1608 1452 1640 si
1485 1607 1524 1641 de
1552 1610 1649 1642 verbo
1675 1611 1715 1644 ad

976 1656 1123 1696 verbum,
1151 1657 1232 1691 nihil
1257 1658 1387 1701 penitus
1411 1660 1531 1694 omisso
1558 1667 1589 1694 et
1614 1662 1716 1696 forma

954 1707 1008 1757 ¹in
1041 1709 1104 1741 illis
1138 1710 1252 1743 tradita
1278 1711 1466 1753 observata,
1494 1714 1716 1748 insererentur

954 1767 1008 1807 tet
1041 1762 1316 1805 exprimerentur,
1341 1765 1456 1798 iisdem
1490 1768 1715 1809 praesentibus

954 1814 1035 1857 {pro
1071 1816 1167 1858 plene
1201 1821 1231 1848 et
1263 1817 1460 1850 sufficienter
1492 1821 1651 1862 expressis
1681 1832 1717 1854 ac

954 1885 956 1905 ἢ
977 1868 1016 1900 de
1040 1868 1139 1901 verbo
1166 1869 1204 1902 ad
1231 1870 1364 1902 verbum
1389 1870 1517 1904 insertis
1544 1872 1713 1915 babentes,

977 1921 1040 1953 illis
1072 1922 1150 1954 alias
1185 1922 1216 1954 in
1250 1933 1305 1956 suo
1339 1924 1455 1957 robore
1481 1927 1714 1968 permansuris,

954 1969 1017 2007 ‘ad
1052 1976 1306 2018 praemissorum
1343 1977 1515 2019 effectum,
1552 1979 1611 2012 hac
1647 1980 1716 2013 vice

954 2039 956 2051 ν
977 2028 1156 2069 dumtaxat,
1182 2029 1367 2072 specialiter
1392 2035 1422 2063 et
1447 2041 1599 2074 expresse
1625 2033 1717 2066 dero—

977 2091 1108 2123 gamus,
1143 2087 1174 2114 et
1210 2082 1397 2124 derogatum
1433 2094 1505 2118 esse
1542 2086 1714 2127 volumus;

954 2141 956 2166 t
977 2134 1162 2177 ceterisque
1187 2135 1357 2167 contrariis
1383 2136 1654 2180 quibuscumque.

1021 2188 1036 2230 ξ
1075 2188 1102 2220 7.
1128 2188 1284 2220 Volumus
1321 2194 1428 2221 autem
1460 2195 1495 2222 ut
1526 2192 1714 2225 earumdem

977 2240 1196 2283 praesentium
1212 2241 1394 2274 litterarum
1413 2244 1636 2287 transumptis,
1656 2255 1715 2278 seu

977 2294 1145 2336 exemptis„
1160 2294 1255 2327 etiam
1271 2294 1448 2337 impressis,
1466 2306 1562 2328 manu
1580 2297 1715 2330 alicuius

977 2346 1095 2378 notarii
1111 2347 1233 2390 publici
1252 2348 1453 2390 subscriptis,
1472 2354 1503 2381 et
1519 2349 1625 2391 sigillo
1641 2362 1716 2394 per-

977 2409 1074 2431 sonae
1100 2399 1132 2431 in
1159 2400 1316 2441 dignitate
1342 2401 1566 2435 ecclesiastiea
1597 2404 1717 2436 consti-

977 2457 1064 2484 tutae
1106 2453 1239 2484 munitis
1261 2480 1268 2493 ,
1308 2454 1420 2486 eadem
1461 2465 1596 2497 prorsus
1638 2456 1716 2490 tides

953 2499 1095 2546 {ubique
1121 2505 1265 2537 locorum
1301 2510 1360 2538 tam
1398 2506 1430 2538 in
1467 2507 1588 2540 iudicio
1620 2519 1715 2551 quam

953 2561 1064 2590 {extra
1102 2556 1181 2590 illud
1219 2558 1395 2600 babo-atur,
1421 2570 1503 2603 quae
1537 2561 1714 2594 haberetur

1718 190 1768 214 An.
1787 188 1815 215 C.
1841 189 1906 216 1726

1753 2199 1816 2219 lsi-lus
1832 2200 1910 2220 haben·

1726 2226 1752 2245 da
1764 2229 1910 2252 transumptis.
