2170 3147
9 216 54 240 An.
71 214 97 238 C.
122 211 185 238 ¹728

782 210 975 233 BENEDICTPS
1003 211 1055 233 xtlt
1081 211 1129 234 ΓΡ.

196 265 226 292 et
251 257 504 290 iurisdictionem
546 257 681 289 tulerant
724 263 820 300 atque
857 268 933 300 pro-

196 311 445 353 mulgaverant,
471 319 507 342 ac
532 309 693 351 subinde,
725 320 845 353 nempe
881 310 932 343 die

194 373 266 396 xxvi
292 362 413 395 mensis
442 362 627 395 novembris
652 362 836 395 immediate
863 363 931 395 sub—

194 415 371 457 sequentis,
393 413 538 457 quinque
565 414 730 454 articulos,
757 425 837 457 quos
862 425 932 457 gra-

194 468 253 500 dus
291 466 490 500 executionis
527 467 630 500 dictae
667 468 815 500 novellae
848 468 929 510 legis

194 531 251 552 seu
288 519 531 552 constitutionis
566 526 706 559 vocant,
739 521 928 560 ediderant,

194 573 320 616 quibus,
339 573 423 605 inter
440 573 512 613 alia,
530 574 590 605 sub
616 583 795 611 carcerum,
815 584 930 606 execu-

194 626 291 659 tionis
307 626 464 665 militaris,
480 626 616 668 aliisque
632 626 796 659 atrocibus
815 627 930 669 poenis

193 684 224 712 et
259 679 386 712 mulctis
417 679 514 711 etiam
547 679 745 721 pecuniariis
782 680 928 712 districte

192 730 403 763 inhibebatur
427 731 577 763 omnibus
604 735 634 763 et
659 731 795 773 singulis
826 731 928 763 causi

192 783 271 816 dieis
296 787 329 815 et
353 783 528 823 advocatis,
553 793 594 816 ne
620 783 658 815 de
684 789 794 816 cetero
821 793 929 815 corani

192 835 928 879 eodemVincentioarchiepiscopoetnuncio,

191 887 268 921 acIn
278 887 494 921 Nunciaturae
509 888 670 931 praefatae
687 889 839 921 tribunali
856 899 928 921 cau-

191 950 242 972 sas
268 945 301 973 et
325 940 398 973 lites
419 967 427 981 ,
453 945 488 972 ut
513 940 614 973 moris
640 946 723 980 erat,
751 941 927 975 defendere

191 999 223 1026 et
245 993 402 1034 actitare,
426 999 481 1026 aut
506 994 544 1026 ab
581 994 627 1026 eis
660 994 769 1037 aliqua
806 995 927 1036 gratiae

189 1047 238 1079 vel
263 1045 403 1079 iustitiae
427 1046 571 1079 remedia
593 1047 845 1089 negociorumve
876 1058 928 1080 ex-

189 1098 373 1141 peditiones
399 1099 548 1131 obtinere
582 1099 763 1139 auderent,
791 1100 927 1142 parochi

190 1156 298 1184 autem
323 1157 354 1184 et
380 1151 504 1191 vicarii,
529 1161 565 1184 ac
590 1152 777 1195 superiores
802 1163 928 1186 monas-

192 1204 348 1238 teriorum
380 1210 411 1237 et
443 1211 663 1238 conventuum
689 1216 843 1238 censuras
876 1216 927 1239 ec-

189 1258 388 1291 clesiasticas
408 1285 415 1297 ‚
446 1268 526 1300 quae
560 1269 577 1291 a
615 1258 699 1291 dicta
730 1259 926 1292 Nunciatura

189 1310 368 1353 apostolica
395 1316 611 1350 emanarent,
644 1311 675 1342 in
714 1311 781 1344 suis
816 1322 927 1355 respe-

189 1363 269 1396 ctive
306 1363 452 1395 ecclesiis
490 1363 682 1406 publicare,
721 1364 780 1395 sub
816 1366 924 1407 poena

189 1415 350 1459 sequestri
387 1415 546 1449 bonorum
583 1427 664 1460 quae
691 1417 923 1459 possidebant,

189 1468 469 1511 prohibebantur,
497 1479 533 1501 ac
565 1469 702 1512 insuper
734 1475 768 1501 ut
801 1470 833 1502 in
870 1471 926 1504 do-

188 1521 293 1553 mibus
328 1531 432 1564 prope
461 1520 690 1554 Nunciaturam
723 1522 925 1565 praedictam

189 1574 307 1607 milites
331 1579 559 1614 statuerentur,
586 1574 653 1617 qui,
680 1574 800 1607 nedum
826 1576 925 1608 causi-

185 1626 279 1659 dicos
306 1631 336 1659 ct
361 1632 589 1669 procuratores
624 1627 836 1668 huiusmodi,
868 1629 924 1661 sed

188 1679 285 1712 etiam
321 1679 400 1712 alios
440 1690 660 1723 quoscumque
702 1681 740 1714 ad
778 1681 924 1714 eamdem

187 1731 419 1765 Nunciaturam
446 1743 615 1766 recurrere
644 1735 790 1767 volentes
808 1761 815 1773 ,
847 1735 923 1767 inde

188 1791 336 1819 arcerent
362 1793 393 1819 et
419 1787 652 1827 amandarent,
680 1787 834 1830 expedire
870 1788 923 1821 dc-

188 1839 393 1879 cernebatur;
420 1839 546 1882 aliaque
572 1839 604 1873 in
630 1840 803 1873 maximum
822 1842 923 1874 eccle-

189 1890 336 1923 siasticae
361 1896 393 1923 et
421 1891 608 1934 pontificiae
644 1893 814 1935 potestatis
849 1903 922 1926 con-

190 1946 344 1985 temptum
371 1949 402 1976 et
426 1943 577 1977 iniuriam
602 1946 919 1988 praescribebantur,

189 1995 326 2036 perinde
344 2006 380 2028 ac
397 1996 423 2028 si
441 1997 579 2041 inclytae
597 1998 720 2031 nationi
738 1999 894 2033 Poloniae
903 2000 921 2039 ¹,

189 2047 231 2080 ob
264 2048 384 2080 cultum
419 2048 551 2091 pietatis
585 2055 616 2083 et
649 2056 852 2085 constantem
888 2053 921 2086 in

189 2099 351 2133 Romanos
385 2100 556 2135 Pontifices
592 2109 622 2136 et
659 2103 741 2136 lianc
772 2104 919 2138 Sanctam

188 2152 300 2185 Sedent
326 2153 531 2187 devotionem
562 2165 621 2197 per
652 2166 763 2189 omnes
799 2162 920 2191 aetates

187 2215 393 2249 summopere
419 2201 674 2249 commendatae,
698 2208 829 2252 ignotae
847 2210 920 2243 suis-

187 2263 260 2291 sent
284 2258 489 2301 gravissimae
515 2270 572 2301 per
596 2271 705 2294 sacros
724 2271 864 2295 canones
881 2263 920 2295 ir-

975 259 1083 291 eordis
1109 258 1211 291 nostri
1238 260 1323 292 serio
1349 259 1617 299 considerantes,
1642 263 1710 290 tum

975 312 1120 355 paternis
1139 312 1260 345 nostris
1280 312 1413 353 litteris,
1434 323 1514 356 quas
1533 313 1571 345 ad
1589 322 1710 345 memo-

975 370 1076 397 ratum
1103 366 1280 407 Augustum
1307 376 1416 408 regem
1453 375 1581 398 necnon
1617 375 1710 397 vene-

975 417 1095 450 rabiles
1115 419 1229 450 fratres
1249 418 1518 461 archiepiscopos
1537 423 1567 451 et
1588 419 1709 461 episco-

974 480 1032 511 pos
1059 474 1090 502 et
1114 480 1271 513 proceres
1310 471 1401 513 regni
1440 470 1595 503 Poloniae
1632 481 1708 503 con-

973 521 1159 564 scripsimus
1177 550 1184 562 ,
1212 527 1277 555 tum
1303 524 1374 555 aliis
1400 523 1554 556 adhibitis
1579 524 1706 564 mediis,

973 574 1148 616 arguimus,
1175 576 1435 615 obsecravimus,
1462 576 1710 619 increpavimus,

975 626 1130 659 instantes
1163 633 1350 670 opportune
1389 634 1419 661 et
1451 628 1639 671 importune
1678 629 1709 661 in

973 678 1058 710 omni
1086 679 1262 721 patientia,
1288 685 1322 710 ut
1357 680 1498 712 enarrati
1535 691 1707 721 excessus,

974 730 1080 762 debita
1105 736 1251 763 actorum
1279 732 1470 765 rescissione
1499 735 1709 776 congruaque

973 789 1135 816 tantorum
1155 785 1378 826 gravaminum
1404 786 1621 828 reparatione,
1640 797 1709 819 sar-

973 835 1142 868 cirentur:
1170 837 1296 869 caritati
1323 838 1446 870 interea
1482 844 1611 871 nostrae
1645 839 1710 871 diu-

974 888 1111 920 turniori
1138 889 1387 931 longanimitate
1413 891 1634 933 iudulgentes,
1661 897 1706 932 ut,

973 941 1026 982 qui
1055 941 1109 973 illa
1136 941 1370 982 admirantur',
1398 944 1464 976 ima>
1489 954 1576 984 eain,
1603 955 1620 976 a
1646 955 1708 987 qua

973 998 1034 1025 tam
1061 994 1158 1036 longe
1184 994 1429 1035 aberraverant,
1457 996 1599 1029 iustitiae
1624 997 1708 1029 viam

973 1046 1101 1079 tandem
1128 1047 1286 1080 redirent.
1313 1047 1399 1086 Quae
1426 1048 1501 1081 dum
1527 1051 1709 1092 praestola-

970 1099 1107 1139 bamur,
1143 1110 1209 1132 non
1246 1100 1316 1133 sine
1352 1111 1434 1134 novo
1471 1102 1568 1134 animi
1606 1103 1707 1135 nostri

971 1162 1131 1193 moerore,
1159 1153 1198 1185 ad
1224 1154 1372 1186 novellae
1400 1155 1481 1196 legis
1506 1165 1561 1187 seu
1587 1155 1708 1188 consti-

971 1204 1105 1237 tutionis
1151 1216 1186 1238 ac
1226 1206 1368 1249 quinque
1404 1207 1615 1240 articulorum
1649 1208 1709 1240 hu-

969 1257 1108 1290 iusmodi
1136 1259 1376 1299 executionem,
1395 1270 1454 1302 per
1471 1260 1707 1294 intimationem

969 1313 1064 1352 atque
1091 1310 1394 1351 denunciationem,
1421 1317 1485 1344 tum
1510 1313 1707 1346 cancellario

970 1362 1074 1395 dictae
1099 1362 1314 1397 Nunciaturae
1334 1391 1341 1404 ,
1369 1375 1408 1397 ne
1434 1365 1575 1408 aliquem
1599 1371 1706 1399 actum

969 1414 1201 1449 iurisdictionis
1226 1418 1265 1449 ab
1291 1419 1327 1450 ea
1364 1418 1582 1461 dependentis
1617 1430 1708 1452 exer-

969 1473 1070 1509 ceret,
1097 1474 1161 1501 tum
1189 1470 1360 1503 causidicis
1386 1476 1417 1504 et
1435 1471 1597 1505 advocatis
1614 1483 1707 1515 prae-

970 1521 1066 1562 satis,
1093 1532 1132 1554 ne
1162 1522 1242 1555 inibi
1274 1523 1312 1555 ad
1349 1533 1460 1556 causas
1496 1534 1533 1556 ac
1570 1525 1708 1567 negocia

968 1575 1175 1618 procuranda
1199 1582 1446 1619 comparerent,
1474 1577 1606 1617 saetam,
1632 1589 1708 1621 pro-

969 1638 1094 1661 cessum
1121 1629 1229 1669 fuisse,
1249 1639 1286 1661 ex
1306 1629 1453 1672 epistolis
1472 1625 1620 1663 eiusdem
1638 1631 1707 1664 vin-

968 1681 1066 1713 centii
1093 1681 1336 1725 archiepiscopi
1362 1688 1394 1715 et
1418 1683 1527 1716 nuncii
1554 1685 1708 1727 cognovi-

967 1744 1050 1766 mus.
1079 1734 1234 1777 Licetque
1255 1735 1409 1775 subinde,
1430 1742 1601 1779 postquam
1620 1738 1705 1770 vide-

967 1787 1042 1818 licet
1067 1786 1193 1819 litterae
1220 1792 1352 1820 nostrae
1383 1789 1569 1830 praedictae
1603 1790 1634 1822 in
1662 1801 1708 1824 re-

967 1849 1064 1881 gnum
1091 1839 1246 1872 Poloniac
1272 1848 1507 1883 pervenerant,
1536 1842 1704 1884 inhibitio,

966 1892 1174 1931 cancellario,
1200 1893 1369 1926 causidicis
1394 1901 1426 1926 et
1452 1895 1615 1928 advocatis
1648 1896 1706 1929 hu-

966 1944 1103 1977 iusmodi
1138 1945 1220 1977 sicut
1246 1946 1463 1989 praemittitur
1496 1947 1705 1990 denunciata,

966 1997 1107 2030 relaxata
1133 1997 1239 2039 suerit,
1266 2009 1330 2032 non
1358 2005 1465 2033 tamen
1491 2001 1529 2033 ad
1557 2003 1705 2037 novellae

965 2051 1044 2093 legis
1062 2061 1117 2083 seu
1144 2052 1385 2085 constitutionis
1404 2064 1475 2086 cum
1495 2054 1639 2099 quinque
1659 2066 1705 2088 ar-

966 2103 1072 2136 ticulis
1091 2104 1264 2147 praedicti,
1292 2106 1337 2138 uti
1363 2117 1422 2150 par
1447 2113 1513 2140 crat
1547 2108 1706 2142 futurum-

964 2166 1026 2199 que
1045 2157 1266 2200 sperabamus,
1292 2159 1501 2193 abolitionem
1527 2160 1703 2195 deventum

964 2215 1022 2242 est.
1050 2209 1268 2248 Quamobrem
1295 2217 1431 2254 paterna
1461 2219 1574 2246 nostra
1599 2214 1704 2248 officia
1728 2223 1813 2244 Necnon
1830 2226 1899 2244 extra·

1715 2250 1835 2270 ordinemus·
1849 2257 1899 2271 ιιιιῃ-

964 2267 995 2294 et
1018 2263 1139 2295 monita
1164 2263 1376 2307 interponere
1403 2265 1511 2298 denuo
1547 2276 1613 2299 non
1651 2267 1758 2301 de-cms
1779 2277 1897 2302 adlegatos.

187 2316 317 2352 rogatae
341 2321 466 2354 poenae
491 2322 527 2344 ac
551 2323 705 2346 censurae
729 2314 760 2346 in
779 2324 845 2355 eos,
865 2315 919 2358 qui
938 2322 941 2357 Ι
963 2315 1094 2356 suimus,
1114 2327 1150 2348 ac
1171 2317 1299 2350 demum
1325 2319 1545 2352 venerabilem
1570 2320 1702 2354 fratrem

186 2373 291 2395 arcam
315 2363 371 2395 Dei
409 2364 455 2396 sic
488 2365 647 2408 attingere
682 2376 837 2410 sacraque
862 2367 919 2400 Ec·
961 2366 1128 2401 Camillum
1169 2370 1455 2413 archiepiscopum
1498 2371 1703 2406 Iconiensem

185 2415 305 2448 clesiae
330 2415 398 2448 iura
423 2422 591 2451 conterere
628 2428 694 2451 non
731 2419 917 2453 exhorrent:
961 2420 999 2452 ad
1025 2421 1175 2453 eumdem
1201 2423 1376 2465 Augustum
1402 2434 1513 2467 regem
1534 2425 1701 2459 Polonam-

184 2477 265 2508 nos,
289 2469 470 2511 praemissa
495 2470 602 2503 omnia
633 2471 667 2504 in
701 2472 917 2506 amaritudine
960 2483 1021 2517 que
1060 2474 1294 2518 rempublicam
1335 2483 1483 2512 nostrum
1519 2484 1551 2512 et
1595 2480 1702 2514 dictae

220 2583 230 2609 1
253 2582 347 2618 Aptius
366 2583 424 2619 lege
445 2584 573 2613 Polonae
592 2585 630 2621 (a.
648 2586 695 2621 T.).

996 2545 1006 2570 1
1031 2543 1130 2571 Forsan
1150 2544 1294 2580 legendum
1314 2547 1490 2577 admiserant
1510 2550 1548 2584 (a.
1567 2550 1615 2584 τ.).

993 2588 1008 2614 2
1029 2588 1143 2615 Videtur
1163 2588 1307 2624 legendum
1328 2592 1360 2618 in
1379 2600 1427 2627 pro
1449 2593 1492 2620 ita
1512 2596 1550 2628 (a.
1568 2598 1617 2625 T.)-

1614 201 1675 233 7⁶27
1722 210 1769 236 An.
1787 210 1813 236 c.
1838 210 1904 237 ¹728
