2170 3147
6 180 58 209 An.
74 179 104 207 G.
123 178 191 207 ¹726

786 177 980 201 BENEDICTL'S
1004 177 1061 201 xm
1086 177 1134 201 PP.

197 226 239 259 cti
277 226 405 259 Ordinis
442 225 536 258 nobis
577 225 719 258 subinde
753 225 936 269 expositum

197 279 272 319 suit,
299 279 369 321 ipse
396 279 526 311 decreta
543 278 743 317 huiusmodi,
761 288 825 320 quo
843 288 937 320 prae-

196 331 294 364 missa
330 330 454 363 firmius
491 330 694 369 subsistant,
736 331 936 372 apostolicae

197 382 459 417 confirmationis
484 387 614 414 nostrae
639 382 821 424 patrocinio
850 393 937 414 com-

197 435 318 468 muniri
345 435 520 478 plurimum
539 434 721 467 desideret:
739 444 812 472 Ποε,
832 434 937 476 ipsum

197 488 393 521 modernum
408 493 655 530 procuratorem
668 486 854 528 generalem
871 496 936 529 spe-

198 540 335 574 cialibus
365 538 529 572 savoribus
569 544 600 572 et
636 539 746 581 gratiis
782 538 937 581 prosequi

196 593 360 631 volenteS,
382 597 414 624 et
437 603 454 625 a
483 591 653 634 quibusvis
679 590 937 624 excommunica—

197 644 309 684 tionis,
323 644 551 687 suspensionis
564 650 595 676 et
605 644 784 683 interdicti,
798 642 938 685 aliisque

196 696 428 731 ecclesiasticis
445 696 632 736 sententiis,
647 695 793 729 censuris
812 701 844 728 et
861 705 936 737 poe·

196 750 263 787 nis,
291 759 308 781 a
331 749 403 782 iure
429 750 479 782 vel
504 749 542 781 ab
569 750 718 788 homine,
746 747 858 792 quavis
887 757 938 780 oc-

197 802 328 836 casione
354 802 403 834 vel
429 804 526 834 causa
550 801 642 841 latis,
671 801 697 833 si
723 802 842 844 quibus
860 810 938 843 quo-

194 855 375 888 modolibet
394 854 570 887 innodatus
589 855 708 894 existit,
726 855 765 886 ad
784 852 936 886 effectum

195 907 421 952 praesentium
455 907 621 940 dumtaxat
655 909 936 950 consequendum,

195 961 314 993 harum
339 960 425 993 serie
450 961 658 993 absolventes
687 966 720 993 et
747 960 935 992 absolutum

195 1012 267 1045 sore
302 1016 476 1046 censentes
496 1039 503 1052 ‚
535 1012 834 1055 supplicationibus
867 1011 935 1044 eius

195 1064 330 1098 nomine
355 1065 450 1098 nobis
476 1075 576 1108 super
601 1065 664 1097 hoc
681 1064 850 1097 humiliter
866 1074 937 1107 por·

196 1117 293 1150 rectis
317 1117 478 1158 inclinati,
500 1118 628 1150 decreta
653 1117 866 1160 praeinserta‚
887 1127 937 1148 au-

197 1169 345 1203 ctoritate
363 1170 552 1212 apostolica,
571 1175 682 1203 tenore
701 1169 935 1213 praesentium,

197 1223 415 1266 approbamus
453 1227 486 1255 et
517 1222 747 1256 confirmamus
766 1248 773 1261 ,
806 1222 935 1265 illisque

195 1275 393 1308 inviolabilis
419 1276 618 1319 apostolicae
647 1275 809 1308 firmitatis
838 1276 938 1308 robur

196 1328 380 1367 adiiein11153
401 1329 487 1361 salva
513 1335 619 1361 tamen
645 1339 773 1371 semper
794 1329 824 1360 in
844 1339 937 1371 prae-

196 1381 302 1414 missis
329 1382 517 1414 auctoritate
536 1388 734 1414 memoratae
755 1381 937 1424 Congrega-

197 1433 294 1467 tionis
315 1434 540 1466 cardinalium.
557 1435 618 1467 Der
633 1442 787 1472 ,mentes
806 1436 935 1468 easdem

196 1492 388 1529 praesentes
413 1487 534 1519 litteras
561 1498 592 1520 se
612 1498 691 1530 :per
716 1487 835 1527 sirmas,
861 1488 938 1520 vali-

197 1539 253 1573 das
275 1545 305 1572 et
327 1539 473 1572 efficaces
492 1540 629 1572 existet:
650 1546 681 1573 et
700 1541 778 1579 fore,
799 1551 936 1583 suosque

195 1592 360 1637 plenarios
385 1598 417 1625 et
441 1592 589 1635 integros
615 1593 746 1626 effectus
772 1594 880 1626 sortiri
907 1601 937 1626 et

197 1647 356 1685 obtinere,
372 1656 407 1678 ac
425 1645 500 1684 illis,
519 1646 556 1678 ad
576 1657 658 1689 quos
675 1652 799 1689 spectat
824 1653 856 1679 ct
876 1658 935 1690 pro

195 1705 342 1743 tempore
367 1698 510 1742 pectabit
530 1699 722 1741 plenissime
742 1699 912 1743 suffragari
927 1727 934 1741 ‚

195 1753 307 1796 sicque
336 1753 369 1785 in
400 1752 588 1795 praemissis
622 1763 681 1794 per
714 1764 935 1797 quoscumque

195 1806 319 1839 iudices
345 1805 528 1839 ordinarios
561 1811 593 1838 et
625 1807 811 1849 delegatos,
839 1809 935 1840 etiam

195 1869 365 1893 causarum
385 1859 494 1902 palatii
513 1859 685 1901 apostolici
704 1861 879 1901 auditores,
894 1861 937 1893 iu-

196 1912 296 1947 dicari
321 1917 352 1946 et
377 1911 507 1945 definiri
533 1913 671 1951 debere,
693 1923 729 1946 ac
754 1913 881 1947 irritum
907 1920 937 1947 et

194 1965 292 1998 inane
317 1964 343 1997 si
369 1974 462 1997 secus
487 1974 586 2007 super
622 1965 672 1997 his
707 1975 723 1997 a
755 1976 936 2009 quoquam,

196 2018 305 2063 quavis
331 2017 531 2056 auctoritate,
553 2018 697 2052 scienter
715 2020 766 2051 vel
784 2019 937 2061 ignoran-

196 2076 257 2112 ter,
277 2070 451 2113 contigerit
468 2070 633 2103 attentari.
649 2070 718 2103 Non
734 2071 936 2105 obstantibus

195 2123 484 2158 constitutionibus
508 2133 545 2155 ac
569 2123 831 2156 ordinationibus
857 2135 937 2167 apo-

195 2177 339 2216 stolicis,
357 2187 408 2216 ac,
429 2181 590 2219 quatenus
613 2186 694 2219 opus
712 2177 766 2216 sit,
781 2176 936 2210 Ordinurn

195 2229 406 2269 huiusmodi,
434 2229 530 2261 etiam
552 2229 746 2269 iuramento,
768 2229 937 2262 confirma-

195 2283 284 2316 tione
299 2281 487 2325 apostolica‚
502 2282 550 2313 vel
568 2282 680 2324 quavis
701 2282 850 2315 firmitate
876 2283 937 2316 alia

195 2336 358 2370 roboratis
377 2361 385 2375 ,
419 2336 548 2368 statutis
572 2340 604 2367 et
629 2336 936 2376 consuetudinibus,

195 2388 378 2434 privilegiis
410 2398 564 2431 quoque,
602 2387 737 2421 indultis
763 2393 795 2421 et
821 2388 936 2422 litteris

195 2441 384 2485 apostolicis
407 2441 440 2473 in
459 2440 657 2473 contrarium
684 2441 937 2484 praemissorum

196 2493 441 2539 quomodolibet
466 2493 645 2534 concessis,
673 2493 876 2527 confirmatis
906 2501 938 2528 et

195 2547 372 2588 innovatis;
396 2546 514 2590 quibus
539 2547 690 2580 omnibus
728 2552 759 2580 et
784 2547 934 2590 singulis,

284 2608 367 2638 Ball.
386 2609 470 2637 Rom.
492 2625 525 2629 ——
549 2609 609 2639 Vol.
629 2609 722 2638 XXII.
868 2609 901 2636 47

1610 164 1674 198 369

981 224 1113 258 illorum
1136 228 1268 258 tenores
1294 223 1525 268 praesentibus
1548 232 1607 265 pro
1625 223 1722 265 plene

981 281 1012 310 et
1041 277 1242 309 sufficienter
1265 276 1428 320 expressis
1454 286 1489 308 ac
1522 275 1561 308 ad
1586 275 1720 307 verbum

981 330 1115 362 insertis
1142 330 1314 369 habentes,
1341 330 1407 363 illis
1428 329 1506 362 alias
1531 328 1562 360 in
1589 338 1647 361 suo
1670 337 1720 359 ro-

980 382 1061 415 bore
1094 383 1348 425 permansuris,
1384 383 1422 416 ad
1460 382 1720 426 praemissorum

982 434 1142 473 ellectum,
1168 436 1228 467 hac
1246 436 1313 468 vice
1335 436 1516 475 dumtaxat,
1536 435 1722 478 specialiter

982 493 1014 520 et
1035 498 1188 530 expresse
1209 489 1420 530 derogamus;
1446 488 1628 530 ceterisque
1647 497 1720 520 con-

983 539 1091 572 trariis
1117 540 1391 583 quibuscumque.

1016 600 1115 626 Datum
1136 601 1248 635 Romae,
1269 601 1339 635 apud
1360 601 1387 627 S.
1410 601 1530 635 Petrum,
1551 601 1600 628 suh
1622 600 1721 628 annulo

981 643 1140 676 Piscatoris,
1161 644 1205 670 die
1226 650 1287 670 xxm
1308 644 1397 671 martii
1418 650 1527 679 mcciv,
1550 644 1722 679 pontificatus

983 686 1067 714 nostri
1086 695 1157 713 anno
1178 694 1216 713 w.

1025 749 1040 792 g
1064 748 1096 782 3.
1124 748 1247 791 Itaque,
1266 748 1363 783 hasce
1390 749 1518 782 litteras
1544 749 1721 783 Clementis

980 801 1040 833 PP.
1068 801 1106 834 XI
1132 801 1325 835 auctoritate
1362 805 1474 835 nostra
1506 802 1623 835 iterum
1664 813 1720 835 nos

981 854 1221 890 confirmantes.
1249 855 1417 887 statuimus
1445 860 1477 887 et
1503 856 1720 894 declaramus,

981 906 1129 938 ministro
1155 907 1299 948 generali
1324 906 1451 939 Ordinis
1474 907 1607 938 fratrum
1622 906 1720 938 Mino-

981 969 1050 991 rum
1077 958 1160 991 beati
1187 959 1370 997 Francisci,
1390 969 1443 1001 qui
1470 958 1639 1001 Capuccini
1667 968 1722 1001 ap-

981 1011 1157 1053 pellantur.
1173 1016 1203 1044 et
1223 1012 1424 1044 secundariis
1439 1011 1664 1052 superioribus
1682 1011 1721 1043 ab

981 1063 1097 1096 eodem
1116 1063 1265 1096 ministro
1281 1063 1425 1106 generali
1444 1063 1720 1106 dependentibus,

981 1120 1144 1158 tamquam
1177 1116 1262 1148 veris
1297 1121 1329 1148 et
1360 1115 1514 1158 legitimis
1546 1115 1620 1147 filiis
1647 1117 1722 1148 bea-

981 1168 1003 1200 ti
1028 1168 1191 1201 Francisci
1211 1195 1218 1208 ‚
1251 1169 1428 1201 convenire
1464 1174 1495 1201 et
1532 1174 1720 1211 competere

980 1221 1012 1253 in
1038 1231 1246 1264 quocumque
1271 1222 1357 1261 loco,
1382 1221 1528 1260 civitate,
1555 1222 1721 1264 provincia

981 1280 1012 1306 et
1037 1285 1154 1316 regno,
1182 1274 1278 1307 etiam
1306 1275 1359 1306 ubi
1386 1274 1439 1306 alii
1466 1274 1613 1306 Tertiarii
1640 1276 1722 1306 eius-

981 1328 1053 1359 dem
1080 1328 1166 1360 beati
1191 1327 1350 1360 Francisci
1379 1328 1439 1359 iam
1466 1333 1550 1366 sunt,
1579 1328 1718 1369 erigere,

981 1380 1151 1412 instituere
1178 1386 1208 1412 et
1235 1380 1369 1412 fundare
1395 1380 1538 1413 Tertium
1564 1380 1719 1412 Ordinem

981 1433 1065 1465 beati
1091 1433 1255 1465 Francisci
1281 1443 1340 1475 pro
1367 1433 1626 1476 quibuscumque
1658 1433 1719 1475 piis

981 1491 1012 1517 et
1037 1486 1161 1518 devotis
1187 1487 1336 1529 personis
1363 1486 1585 1518 saecularibus
1602 1487 1721 1517 utrius-

981 1548 1043 1581 que
1079 1548 1174 1570 sexus
1192 1565 1199 1577 ,
1224 1544 1318 1580 atque
1348 1539 1533 1571 huiusmodi
1553 1539 1648 1571 Teitii
1668 1539 1721 1572 Or-

981 1591 1063 1623 dinis
1081 1592 1320 1633 professoribus
1335 1592 1417 1625 beati
1433 1592 1593 1625 Francisci
1608 1603 1720 1635 scapu-

980 1647 1046 1678 lare
1065 1646 1131 1678 sive
1152 1646 1298 1678 habitum
1317 1656 1389 1678 cum
1409 1647 1542 1689 cingulo
1561 1648 1718 1688 conferre,

980 1700 1011 1732 in
1038 1700 1135 1732 rebus
1165 1700 1388 1743 spiritualibus
1421 1710 1475 1733 eos
1502 1700 1655 1742 dirigere,
1688 1702 1719 1733 in

1724 174 1774 200 An.
1796 174 1824 200 C.
1849 173 1916 201 1726

1781 757 1916 778 Confirmatio

1733 784 1856 807 praedictae
1868 790 1916 804 eou-

1734 812 1847 829 stitntiums
1897 812 1918 830 et

1733 836 1806 856 statuti
1833 836 1918 862 praedi·

1736 869 1770 884 cll.

981 1754 1075 1786 tertia
1099 1755 1215 1796 regula
1232 1754 1316 1786 beati
1337 1753 1499 1786 Francisci
1515 1754 1720 1787 observanda
1761 1778 1764 1779 ν

979 1806 1129 1849 privatin]
1149 1812 1180 1839 et
1200 1806 1328 1849 publice
1345 1807 1463 1839 docere
1489 1812 1520 1840 et
1544 1807 1719 1848 instrucre,

981 1865 1015 1891 ut
1039 1861 1171 1903 pietatis
1197 1865 1228 1893 et
1258 1860 1412 1893 virtutum
1442 1859 1507 1892 Deo
1544 1865 1653 1902 gratos
1689 1866 1721 1893 et

980 1913 1098 1946 uberes
1124 1914 1266 1953 fructus,
1301 1912 1519 1946 benedicente
1552 1912 1688 1946 Domino
1706 1941 1716 1955 ‚

981 1967 1136 2000 emittant.
1150 1968 1196 2000 Ad
1212 1967 1291 1999 baec
1305 1967 1453 1999 volumus
1466 1972 1496 1999 et
1507 1967 1718 2008 declaramus,

980 2021 1163 2063 praedictos
1181 2020 1367 2059 Tertiarios‚
1387 2030 1442 2052 seu
1468 2019 1564 2052 Tertii
1590 2019 1719 2053 Ordinis

980 2073 1065 2106 beati
1090 2072 1254 2105 Francisci
1281 2073 1506 2115 professores,
1534 2072 1591 2104 sub
1625 2073 1719 2105 mini-

980 2132 1046 2158 stro
1071 2126 1216 2169 generali
1243 2124 1373 2157 Ordinis
1400 2125 1533 2157 fratrum
1559 2125 1718 2159 Minorum

980 2178 1249 2221 Capuceinoiwim,
1276 2178 1412 2220 eiusque
1439 2178 1640 2210 secundariis
1666 2189 1717 2211 su-

979 2230 1167 2273 perioribus
1183 2256 1190 2269 ,
1218 2230 1351 2262 omnino
1385 2230 1527 2272 gaudere
1552 2236 1646 2273 atque
1672 2232 1718 2264 uti

979 2292 1075 2325 posse
1094 2287 1124 2315 et
1142 2282 1260 2315 debere
1279 2282 1430 2314 omnibus
1451 2288 1482 2314 et
1503 2283 1639 2325 singulis
1656 2283 1719 2326 pri-

980 2334 1118 2377 vilegiis,
1145 2335 1376 2377 indulgentiis,
1403 2334 1532 2377 gratiis,
1553 2335 1718 2369 favoribus

980 2393 1012 2420 et
1035 2387 1271 2430 praerogativis
1297 2398 1357 2430 per
1376 2388 1460 2420 hanc
1477 2393 1620 2421 sanctam
1637 2389 1719 2432 Apo-

979 2440 1126 2473 stolicam
1151 2440 1268 2473 Sedem
1292 2439 1404 2473 Ordini
1433 2440 1663 2473 Tertiariorum
1700 2451 1718 2474 a

980 2503 1188 2537 quocumque
1202 2492 1351 2525 ministro
1366 2493 1511 2535 generali
1532 2493 1717 2536 dependen-

980 2547 1059 2580 tium
1084 2546 1144 2579 sub
1170 2555 1229 2579 suo
1254 2545 1369 2589 capite,
1395 2546 1450 2589 qui
1475 2556 1558 2579 unus
1576 2551 1624 2580 est
1640 2546 1715 2580 bea-
