<?xml version="1.0" encoding="UTF-8"?>
<!DOCTYPE html PUBLIC "-//W3C//DTD XHTML 1.0 Transitional//EN"
    "http://www.w3.org/TR/xhtml1/DTD/xhtml1-transitional.dtd">
<html xmlns="http://www.w3.org/1999/xhtml" xml:lang="en" lang="en">
 <head>
  <title>
</title>
<meta http-equiv="Content-Type" content="text/html;charset=utf-8" />
  <meta name='ocr-system' content='tesseract 3.04.00' />
  <meta name='ocr-capabilities' content='ocr_page ocr_carea ocr_par ocr_line ocrx_word'/>
</head>
<body>
  <div class='ocr_page' id='page_1' title='image "./bullarumdiplomat22cath_0151.png"; bbox 0 0 2170 3147; ppageno 0'>
   <div class='ocr_carea' id='block_1_1' title="bbox 0 209 924 2668">
    <p class='ocr_par' dir='ltr' id='par_1_1' title="bbox 0 209 924 1989">
     <span class='ocr_line' id='line_1_1' title="bbox 0 209 179 239; baseline -0.017 0"><span class='ocrx_word' id='word_1_1' title='bbox 0 211 41 239; x_wconf 65' lang='lat' dir='ltr'>tn.</span> <span class='ocrx_word' id='word_1_2' title='bbox 62 210 82 237; x_wconf 90' lang='lat' dir='ltr'>G</span> <span class='ocrx_word' id='word_1_3' title='bbox 114 209 179 237; x_wconf 68' lang='lat'>2724</span> 
     </span>
     <span class='ocr_line' id='line_1_2' title="bbox 184 252 921 298; baseline -0.008 -8"><span class='ocrx_word' id='word_1_4' title='bbox 184 256 418 296; x_wconf 81' lang='lat' dir='ltr'>transferendi,</span> <span class='ocrx_word' id='word_1_5' title='bbox 445 261 476 289; x_wconf 88' lang='lat' dir='ltr'>et</span> <span class='ocrx_word' id='word_1_6' title='bbox 506 255 638 298; x_wconf 82' lang='lat' dir='ltr'>quaevis</span> <span class='ocrx_word' id='word_1_7' title='bbox 664 254 727 286; x_wconf 84' lang='lat' dir='ltr'>alia</span> <span class='ocrx_word' id='word_1_8' title='bbox 752 252 828 285; x_wconf 78' lang='lat' dir='ltr'>hic¹</span> <span class='ocrx_word' id='word_1_9' title='bbox 857 262 921 285; x_wconf 90' lang='lat' dir='ltr'>non</span> 
     </span>
     <span class='ocr_line' id='line_1_3' title="bbox 184 305 921 353; baseline -0.008 -10"><span class='ocrx_word' id='word_1_10' title='bbox 184 319 336 353; x_wconf 88' lang='lat' dir='ltr'>expressa</span> <span class='ocrx_word' id='word_1_11' title='bbox 352 336 359 348; x_wconf 95' lang='lat'>,</span> <span class='ocrx_word' id='word_1_12' title='bbox 384 307 582 351; x_wconf 74' lang='lat' dir='ltr'>quibuslibet</span> <span class='ocrx_word' id='word_1_13' title='bbox 616 306 765 339; x_wconf 81' lang='lat' dir='ltr'>fratribus</span> <span class='ocrx_word' id='word_1_14' title='bbox 796 306 835 338; x_wconf 90' lang='lat' dir='ltr'>de</span> <span class='ocrx_word' id='word_1_15' title='bbox 861 305 921 338; x_wconf 90' lang='lat' dir='ltr'>Ob-</span> 
     </span>
     <span class='ocr_line' id='line_1_4' title="bbox 184 358 921 401; baseline -0.009 -5"><span class='ocrx_word' id='word_1_16' title='bbox 184 362 357 401; x_wconf 73' lang='lat' dir='ltr'>sei‘vantia,</span> <span class='ocrx_word' id='word_1_17' title='bbox 383 359 590 399; x_wconf 77' lang='lat' dir='ltr'>Reformatis,</span> <span class='ocrx_word' id='word_1_18' title='bbox 617 358 836 396; x_wconf 82' lang='lat' dir='ltr'>Discalceatis‚</span> <span class='ocrx_word' id='word_1_19' title='bbox 862 358 921 389; x_wconf 81' lang='lat' dir='ltr'>Rc-</span> 
     </span>
     <span class='ocr_line' id='line_1_5' title="bbox 183 410 921 455; baseline -0.008 -7"><span class='ocrx_word' id='word_1_20' title='bbox 183 415 340 455; x_wconf 80' lang='lat' dir='ltr'>collectis,</span> <span class='ocrx_word' id='word_1_21' title='bbox 366 413 541 452; x_wconf 84' lang='lat' dir='ltr'>Tertiariis,</span> <span class='ocrx_word' id='word_1_22' title='bbox 566 412 616 444; x_wconf 82' lang='lat' dir='ltr'>vel</span> <span class='ocrx_word' id='word_1_23' title='bbox 636 420 840 454; x_wconf 87' lang='lat' dir='ltr'>quocumque</span> <span class='ocrx_word' id='word_1_24' title='bbox 859 410 921 443; x_wconf 89' lang='lat' dir='ltr'>alio</span> 
     </span>
     <span class='ocr_line' id='line_1_6' title="bbox 182 463 921 509; baseline -0.009 -8"><span class='ocrx_word' id='word_1_25' title='bbox 182 468 312 501; x_wconf 87' lang='lat' dir='ltr'>nomine</span> <span class='ocrx_word' id='word_1_26' title='bbox 349 465 560 509; x_wconf 88' lang='lat' dir='ltr'>nuncupatis,</span> <span class='ocrx_word' id='word_1_27' title='bbox 592 464 650 497; x_wconf 92' lang='lat' dir='ltr'>sub</span> <span class='ocrx_word' id='word_1_28' title='bbox 688 463 846 506; x_wconf 74' lang='lat' dir='ltr'>regimine</span> <span class='ocrx_word' id='word_1_29' title='bbox 885 473 921 495; x_wconf 88' lang='lat' dir='ltr'>ac</span> 
     </span>
     <span class='ocr_line' id='line_1_7' title="bbox 183 515 922 561; baseline -0.009 -7"><span class='ocrx_word' id='word_1_30' title='bbox 183 520 363 554; x_wconf 71' lang='lat' dir='ltr'>directione</span> <span class='ocrx_word' id='word_1_31' title='bbox 388 519 526 553; x_wconf 87' lang='lat' dir='ltr'>ministri</span> <span class='ocrx_word' id='word_1_32' title='bbox 553 517 715 561; x_wconf 75' lang='lat' dir='ltr'>generalis</span> <span class='ocrx_word' id='word_1_33' title='bbox 734 516 809 550; x_wconf 89' lang='lat' dir='ltr'>dicti</span> <span class='ocrx_word' id='word_1_34' title='bbox 833 515 922 548; x_wconf 87' lang='lat' dir='ltr'>Ordi-</span> 
     </span>
     <span class='ocr_line' id='line_1_8' title="bbox 182 567 919 612; baseline -0.011 -5"><span class='ocrx_word' id='word_1_35' title='bbox 182 574 232 607; x_wconf 86' lang='lat' dir='ltr'>nis</span> <span class='ocrx_word' id='word_1_36' title='bbox 256 572 448 611; x_wconf 82' lang='lat' dir='ltr'>viventibus,</span> <span class='ocrx_word' id='word_1_37' title='bbox 481 571 717 612; x_wconf 86' lang='lat' dir='ltr'>cuiuscumque</span> <span class='ocrx_word' id='word_1_38' title='bbox 742 567 919 610; x_wconf 74' lang='lat' dir='ltr'>dignitatis,</span> 
     </span>
     <span class='ocr_line' id='line_1_9' title="bbox 182 620 921 669; baseline -0.01 -10"><span class='ocrx_word' id='word_1_39' title='bbox 182 625 347 669; x_wconf 70' lang='lat' dir='ltr'>qualitatis</span> <span class='ocrx_word' id='word_1_40' title='bbox 374 630 405 658; x_wconf 89' lang='lat' dir='ltr'>et</span> <span class='ocrx_word' id='word_1_41' title='bbox 429 623 625 657; x_wconf 82' lang='lat' dir='ltr'>conditionis</span> <span class='ocrx_word' id='word_1_42' title='bbox 652 622 791 655; x_wconf 75' lang='lat' dir='ltr'>existant</span> <span class='ocrx_word' id='word_1_43' title='bbox 816 620 921 663; x_wconf 86' lang='lat' dir='ltr'>(caris-</span> 
     </span>
     <span class='ocr_line' id='line_1_10' title="bbox 182 675 921 712; baseline -0.009 -1"><span class='ocrx_word' id='word_1_44' title='bbox 182 679 339 712; x_wconf 84' lang='lat' dir='ltr'>simorum</span> <span class='ocrx_word' id='word_1_45' title='bbox 364 677 397 709; x_wconf 92' lang='lat' dir='ltr'>in</span> <span class='ocrx_word' id='word_1_46' title='bbox 422 676 550 710; x_wconf 90' lang='lat' dir='ltr'>Christo</span> <span class='ocrx_word' id='word_1_47' title='bbox 576 675 716 708; x_wconf 83' lang='lat' dir='ltr'>tiliorum</span> <span class='ocrx_word' id='word_1_48' title='bbox 736 679 921 706; x_wconf 87' lang='lat' dir='ltr'>nostrorum</span> 
     </span>
     <span class='ocr_line' id='line_1_11' title="bbox 182 726 921 773; baseline -0.008 -10"><span class='ocrx_word' id='word_1_49' title='bbox 182 730 268 773; x_wconf 87' lang='lat' dir='ltr'>regis</span> <span class='ocrx_word' id='word_1_50' title='bbox 293 730 521 767; x_wconf 82' lang='lat' dir='ltr'>Romanorum,</span> <span class='ocrx_word' id='word_1_51' title='bbox 548 728 580 760; x_wconf 89' lang='lat' dir='ltr'>in</span> <span class='ocrx_word' id='word_1_52' title='bbox 606 727 836 770; x_wconf 80' lang='lat' dir='ltr'>imperatorem</span> <span class='ocrx_word' id='word_1_53' title='bbox 856 726 921 757; x_wconf 87' lang='lat' dir='ltr'>ele-</span> 
     </span>
     <span class='ocr_line' id='line_1_12' title="bbox 183 779 920 824; baseline -0.008 -8"><span class='ocrx_word' id='word_1_54' title='bbox 183 784 237 824; x_wconf 93' lang='lat' dir='ltr'>cti,</span> <span class='ocrx_word' id='word_1_55' title='bbox 264 794 303 816; x_wconf 89' lang='lat' dir='ltr'>ae</span> <span class='ocrx_word' id='word_1_56' title='bbox 327 783 465 815; x_wconf 88' lang='lat' dir='ltr'>aliorum</span> <span class='ocrx_word' id='word_1_57' title='bbox 491 792 603 824; x_wconf 78' lang='lat' dir='ltr'>regum</span> <span class='ocrx_word' id='word_1_58' title='bbox 636 779 816 822; x_wconf 82' lang='lat' dir='ltr'>theologis,</span> <span class='ocrx_word' id='word_1_59' title='bbox 843 788 920 811; x_wconf 90' lang='lat' dir='ltr'>con—</span> 
     </span>
     <span class='ocr_line' id='line_1_13' title="bbox 183 832 921 870; baseline -0.007 -1"><span class='ocrx_word' id='word_1_60' title='bbox 183 835 402 870; x_wconf 84' lang='lat' dir='ltr'>cionatoribus</span> <span class='ocrx_word' id='word_1_61' title='bbox 440 840 470 867; x_wconf 88' lang='lat' dir='ltr'>et</span> <span class='ocrx_word' id='word_1_62' title='bbox 506 833 712 867; x_wconf 81' lang='lat' dir='ltr'>confessariis</span> <span class='ocrx_word' id='word_1_63' title='bbox 741 832 921 864; x_wconf 79' lang='lat' dir='ltr'>actualibus</span> 
     </span>
     <span class='ocr_line' id='line_1_14' title="bbox 183 885 921 930; baseline -0.009 -7"><span class='ocrx_word' id='word_1_64' title='bbox 183 891 348 923; x_wconf 80' lang='lat' dir='ltr'>dumtaxat</span> <span class='ocrx_word' id='word_1_65' title='bbox 372 886 549 930; x_wconf 86' lang='lat' dir='ltr'>exceptis),</span> <span class='ocrx_word' id='word_1_66' title='bbox 570 886 681 929; x_wconf 89' lang='lat' dir='ltr'>quovis</span> <span class='ocrx_word' id='word_1_67' title='bbox 704 885 806 924; x_wconf 88' lang='lat' dir='ltr'>titulo,</span> <span class='ocrx_word' id='word_1_68' title='bbox 832 894 921 927; x_wconf 85' lang='lat' dir='ltr'>prae-</span> 
     </span>
     <span class='ocr_line' id='line_1_15' title="bbox 183 936 921 980; baseline -0.008 -6"><span class='ocrx_word' id='word_1_69' title='bbox 183 946 284 980; x_wconf 81' lang='lat' dir='ltr'>textu,</span> <span class='ocrx_word' id='word_1_70' title='bbox 313 942 411 973; x_wconf 78' lang='lat' dir='ltr'>causa</span> <span class='ocrx_word' id='word_1_71' title='bbox 436 945 468 973; x_wconf 92' lang='lat' dir='ltr'>et</span> <span class='ocrx_word' id='word_1_72' title='bbox 497 938 682 977; x_wconf 80' lang='lat' dir='ltr'>occasione,</span> <span class='ocrx_word' id='word_1_73' title='bbox 710 942 741 970; x_wconf 89' lang='lat' dir='ltr'>et</span> <span class='ocrx_word' id='word_1_74' title='bbox 758 937 796 970; x_wconf 87' lang='lat' dir='ltr'>ad</span> <span class='ocrx_word' id='word_1_75' title='bbox 815 936 921 969; x_wconf 88' lang='lat' dir='ltr'>cuius-</span> 
     </span>
     <span class='ocr_line' id='line_1_16' title="bbox 182 989 918 1036; baseline -0.01 -9"><span class='ocrx_word' id='word_1_76' title='bbox 182 1004 321 1036; x_wconf 83' lang='lat' dir='ltr'>cumque</span> <span class='ocrx_word' id='word_1_77' title='bbox 358 992 546 1025; x_wconf 79' lang='lat' dir='ltr'>instantiam</span> <span class='ocrx_word' id='word_1_78' title='bbox 572 996 604 1023; x_wconf 90' lang='lat' dir='ltr'>et</span> <span class='ocrx_word' id='word_1_79' title='bbox 628 989 918 1033; x_wconf 79' lang='lat' dir='ltr'>supplicationem,</span> 
     </span>
     <span class='ocr_line' id='line_1_17' title="bbox 184 1042 920 1079; baseline -0.007 -1"><span class='ocrx_word' id='word_1_80' title='bbox 184 1053 246 1079; x_wconf 87' lang='lat' dir='ltr'>tam</span> <span class='ocrx_word' id='word_1_81' title='bbox 271 1057 289 1078; x_wconf 88' lang='lat' dir='ltr'>a</span> <span class='ocrx_word' id='word_1_82' title='bbox 319 1045 414 1078; x_wconf 91' lang='lat' dir='ltr'>nobis</span> <span class='ocrx_word' id='word_1_83' title='bbox 451 1051 482 1077; x_wconf 89' lang='lat' dir='ltr'>et</span> <span class='ocrx_word' id='word_1_84' title='bbox 518 1043 673 1077; x_wconf 87' lang='lat' dir='ltr'>Romanis</span> <span class='ocrx_word' id='word_1_85' title='bbox 710 1042 920 1075; x_wconf 76' lang='lat' dir='ltr'>Pontificibus</span> 
     </span>
     <span class='ocr_line' id='line_1_18' title="bbox 182 1094 920 1142; baseline -0.008 -10"><span class='ocrx_word' id='word_1_86' title='bbox 182 1098 488 1142; x_wconf 82' lang='lat' dir='ltr'>praedecessoribus</span> <span class='ocrx_word' id='word_1_87' title='bbox 514 1097 631 1130; x_wconf 90' lang='lat' dir='ltr'>nostris</span> <span class='ocrx_word' id='word_1_88' title='bbox 657 1102 688 1129; x_wconf 86' lang='lat' dir='ltr'>et</span> <span class='ocrx_word' id='word_1_89' title='bbox 712 1107 730 1128; x_wconf 84' lang='lat' dir='ltr'>a</span> <span class='ocrx_word' id='word_1_90' title='bbox 754 1094 920 1138; x_wconf 87' lang='lat' dir='ltr'>quibusvis</span> 
     </span>
     <span class='ocr_line' id='line_1_19' title="bbox 182 1147 920 1190; baseline -0.008 -6"><span class='ocrx_word' id='word_1_91' title='bbox 182 1153 211 1185; x_wconf 86' lang='lat' dir='ltr'>S.</span> <span class='ocrx_word' id='word_1_92' title='bbox 237 1151 275 1184; x_wconf 83' lang='lat' dir='ltr'>R.</span> <span class='ocrx_word' id='word_1_93' title='bbox 302 1150 334 1183; x_wconf 84' lang='lat' dir='ltr'>E.</span> <span class='ocrx_word' id='word_1_94' title='bbox 361 1150 573 1183; x_wconf 67' lang='lat' dir='ltr'>cardinalium</span> <span class='ocrx_word' id='word_1_95' title='bbox 599 1147 920 1190; x_wconf 75' lang='lat' dir='ltr'>congregationibus,</span> 
     </span>
     <span class='ocr_line' id='line_1_20' title="bbox 183 1200 921 1248; baseline -0.008 -11"><span class='ocrx_word' id='word_1_96' title='bbox 183 1215 278 1248; x_wconf 89' lang='lat' dir='ltr'>quam</span> <span class='ocrx_word' id='word_1_97' title='bbox 303 1204 399 1237; x_wconf 89' lang='lat' dir='ltr'>etiam</span> <span class='ocrx_word' id='word_1_98' title='bbox 417 1204 456 1235; x_wconf 90' lang='lat' dir='ltr'>ab</span> <span class='ocrx_word' id='word_1_99' title='bbox 474 1202 573 1246; x_wconf 87' lang='lat' dir='ltr'>ipsius</span> <span class='ocrx_word' id='word_1_100' title='bbox 598 1202 689 1235; x_wconf 86' lang='lat' dir='ltr'>Sedis</span> <span class='ocrx_word' id='word_1_101' title='bbox 716 1200 921 1244; x_wconf 76' lang='lat' dir='ltr'>Apostolicae</span> 
     </span>
     <span class='ocr_line' id='line_1_21' title="bbox 182 1253 921 1298; baseline -0.009 -7"><span class='ocrx_word' id='word_1_102' title='bbox 182 1258 310 1291; x_wconf 90' lang='lat' dir='ltr'>nunciis</span> <span class='ocrx_word' id='word_1_103' title='bbox 336 1263 389 1290; x_wconf 90' lang='lat' dir='ltr'>aut</span> <span class='ocrx_word' id='word_1_104' title='bbox 406 1257 444 1290; x_wconf 86' lang='lat' dir='ltr'>de</span> <span class='ocrx_word' id='word_1_105' title='bbox 462 1258 560 1290; x_wconf 83' lang='lat' dir='ltr'>latere</span> <span class='ocrx_word' id='word_1_106' title='bbox 581 1255 707 1298; x_wconf 75' lang='lat' dir='ltr'>legatis,</span> <span class='ocrx_word' id='word_1_107' title='bbox 734 1265 768 1287; x_wconf 90' lang='lat' dir='ltr'>ac</span> <span class='ocrx_word' id='word_1_108' title='bbox 794 1253 921 1297; x_wconf 85' lang='lat' dir='ltr'>quibus-</span> 
     </span>
     <span class='ocr_line' id='line_1_22' title="bbox 183 1307 919 1350; baseline -0.01 -6"><span class='ocrx_word' id='word_1_109' title='bbox 183 1311 263 1344; x_wconf 89' lang='lat' dir='ltr'>libet</span> <span class='ocrx_word' id='word_1_110' title='bbox 293 1310 421 1344; x_wconf 86' lang='lat' dir='ltr'>Ordinis</span> <span class='ocrx_word' id='word_1_111' title='bbox 452 1308 639 1342; x_wconf 85' lang='lat' dir='ltr'>huiusmodi</span> <span class='ocrx_word' id='word_1_112' title='bbox 673 1307 919 1350; x_wconf 84' lang='lat' dir='ltr'>superioribus,</span> 
     </span>
     <span class='ocr_line' id='line_1_23' title="bbox 183 1362 924 1406; baseline -0.008 -9"><span class='ocrx_word' id='word_1_113' title='bbox 183 1365 340 1398; x_wconf 86' lang='lat' dir='ltr'>hactenus</span> <span class='ocrx_word' id='word_1_114' title='bbox 358 1362 591 1406; x_wconf 85' lang='lat' dir='ltr'>quoquomodo</span> <span class='ocrx_word' id='word_1_115' title='bbox 610 1366 724 1394; x_wconf 87' lang='lat' dir='ltr'>contra</span> <span class='ocrx_word' id='word_1_116' title='bbox 745 1365 775 1393; x_wconf 87' lang='lat' dir='ltr'>et</span> <span class='ocrx_word' id='word_1_117' title='bbox 793 1364 924 1402; x_wconf 86' lang='lat' dir='ltr'>practer</span> 
     </span>
     <span class='ocr_line' id='line_1_24' title="bbox 184 1414 923 1461; baseline -0.009 -11"><span class='ocrx_word' id='word_1_118' title='bbox 184 1417 349 1461; x_wconf 82' lang='lat' dir='ltr'>regularia</span> <span class='ocrx_word' id='word_1_119' title='bbox 381 1415 509 1449; x_wconf 79' lang='lat' dir='ltr'>Ordinis</span> <span class='ocrx_word' id='word_1_120' title='bbox 541 1414 699 1458; x_wconf 78' lang='lat' dir='ltr'>praedicti</span> <span class='ocrx_word' id='word_1_121' title='bbox 736 1418 855 1445; x_wconf 86' lang='lat' dir='ltr'>statuta</span> <span class='ocrx_word' id='word_1_122' title='bbox 892 1417 923 1444; x_wconf 89' lang='lat' dir='ltr'>et</span> 
     </span>
     <span class='ocr_line' id='line_1_25' title="bbox 184 1467 923 1513; baseline -0.008 -10"><span class='ocrx_word' id='word_1_123' title='bbox 184 1469 377 1513; x_wconf 87' lang='lat' dir='ltr'>apostolicas</span> <span class='ocrx_word' id='word_1_124' title='bbox 401 1467 649 1501; x_wconf 82' lang='lat' dir='ltr'>constitutiones</span> <span class='ocrx_word' id='word_1_125' title='bbox 667 1476 830 1505; x_wconf 84' lang='lat' dir='ltr'>concessa,</span> <span class='ocrx_word' id='word_1_126' title='bbox 849 1476 923 1508; x_wconf 85' lang='lat' dir='ltr'>per-</span> 
     </span>
     <span class='ocr_line' id='line_1_26' title="bbox 183 1522 920 1567; baseline -0.008 -10"><span class='ocrx_word' id='word_1_127' title='bbox 183 1528 282 1567; x_wconf 83' lang='lat' dir='ltr'>petuo</span> <span class='ocrx_word' id='word_1_128' title='bbox 297 1531 495 1561; x_wconf 77' lang='lat' dir='ltr'>revocamus,</span> <span class='ocrx_word' id='word_1_129' title='bbox 517 1522 728 1559; x_wconf 85' lang='lat' dir='ltr'>annullamus,</span> <span class='ocrx_word' id='word_1_130' title='bbox 748 1530 920 1559; x_wconf 74' lang='lat' dir='ltr'>cassamus,</span> 
     </span>
     <span class='ocr_line' id='line_1_27' title="bbox 184 1572 923 1618; baseline -0.007 -9"><span class='ocrx_word' id='word_1_131' title='bbox 184 1576 381 1618; x_wconf 83' lang='lat' dir='ltr'>abrogamus</span> <span class='ocrx_word' id='word_1_132' title='bbox 407 1579 438 1606; x_wconf 86' lang='lat' dir='ltr'>et</span> <span class='ocrx_word' id='word_1_133' title='bbox 462 1574 642 1612; x_wconf 89' lang='lat' dir='ltr'>abolemus,</span> <span class='ocrx_word' id='word_1_134' title='bbox 659 1573 778 1616; x_wconf 87' lang='lat' dir='ltr'>illaque</span> <span class='ocrx_word' id='word_1_135' title='bbox 801 1572 832 1604; x_wconf 92' lang='lat' dir='ltr'>in</span> <span class='ocrx_word' id='word_1_136' title='bbox 850 1582 923 1615; x_wconf 92' lang='lat' dir='ltr'>per-</span> 
     </span>
     <span class='ocr_line' id='line_1_28' title="bbox 184 1626 923 1672; baseline -0.005 -12"><span class='ocrx_word' id='word_1_137' title='bbox 184 1634 319 1672; x_wconf 88' lang='lat' dir='ltr'>petuum</span> <span class='ocrx_word' id='word_1_138' title='bbox 342 1632 513 1668; x_wconf 79' lang='lat' dir='ltr'>revocata,</span> <span class='ocrx_word' id='word_1_139' title='bbox 540 1632 679 1665; x_wconf 89' lang='lat' dir='ltr'>cassata,</span> <span class='ocrx_word' id='word_1_140' title='bbox 706 1626 858 1668; x_wconf 81' lang='lat' dir='ltr'>abrogata</span> <span class='ocrx_word' id='word_1_141' title='bbox 892 1631 923 1657; x_wconf 88' lang='lat' dir='ltr'>et</span> 
     </span>
     <span class='ocr_line' id='line_1_29' title="bbox 184 1679 922 1724; baseline -0.004 -9"><span class='ocrx_word' id='word_1_142' title='bbox 184 1682 313 1722; x_wconf 84' lang='lat' dir='ltr'>abolita,</span> <span class='ocrx_word' id='word_1_143' title='bbox 331 1681 516 1724; x_wconf 90' lang='lat' dir='ltr'>viribusque</span> <span class='ocrx_word' id='word_1_144' title='bbox 535 1686 568 1713; x_wconf 88' lang='lat' dir='ltr'>et</span> <span class='ocrx_word' id='word_1_145' title='bbox 592 1679 708 1712; x_wconf 76' lang='lat' dir='ltr'>effectu</span> <span class='ocrx_word' id='word_1_146' title='bbox 732 1690 830 1711; x_wconf 85' lang='lat' dir='ltr'>vacua</span> <span class='ocrx_word' id='word_1_147' title='bbox 852 1689 922 1712; x_wconf 85' lang='lat' dir='ltr'>esse</span> 
     </span>
     <span class='ocr_line' id='line_1_30' title="bbox 184 1732 922 1777; baseline -0.005 -9"><span class='ocrx_word' id='word_1_148' title='bbox 184 1741 217 1768; x_wconf 87' lang='lat' dir='ltr'>ct</span> <span class='ocrx_word' id='word_1_149' title='bbox 241 1735 318 1775; x_wconf 79' lang='lat' dir='ltr'>sore,</span> <span class='ocrx_word' id='word_1_150' title='bbox 345 1734 532 1777; x_wconf 84' lang='lat' dir='ltr'>neminique</span> <span class='ocrx_word' id='word_1_151' title='bbox 557 1735 719 1766; x_wconf 84' lang='lat' dir='ltr'>ullatenus</span> <span class='ocrx_word' id='word_1_152' title='bbox 745 1732 922 1774; x_wconf 74' lang='lat' dir='ltr'>suffragari,</span> 
     </span>
     <span class='ocr_line' id='line_1_31' title="bbox 185 1786 919 1832; baseline -0.007 -10"><span class='ocrx_word' id='word_1_153' title='bbox 185 1799 292 1832; x_wconf 87' lang='lat' dir='ltr'>neque</span> <span class='ocrx_word' id='word_1_154' title='bbox 332 1788 487 1831; x_wconf 80' lang='lat' dir='ltr'>deinceps</span> <span class='ocrx_word' id='word_1_155' title='bbox 525 1798 541 1820; x_wconf 88' lang='lat' dir='ltr'>a</span> <span class='ocrx_word' id='word_1_156' title='bbox 578 1797 740 1830; x_wconf 88' lang='lat' dir='ltr'>quoquam</span> <span class='ocrx_word' id='word_1_157' title='bbox 783 1786 919 1819; x_wconf 86' lang='lat' dir='ltr'>concedi</span> 
     </span>
     <span class='ocr_line' id='line_1_32' title="bbox 185 1840 922 1884; baseline -0.005 -10"><span class='ocrx_word' id='word_1_158' title='bbox 185 1850 290 1884; x_wconf 87' lang='lat' dir='ltr'>posse,</span> <span class='ocrx_word' id='word_1_159' title='bbox 303 1840 521 1873; x_wconf 84' lang='lat' dir='ltr'>decernimus.</span> <span class='ocrx_word' id='word_1_160' title='bbox 542 1840 729 1872; x_wconf 69' lang='lat' dir='ltr'>Illandantes</span> <span class='ocrx_word' id='word_1_161' title='bbox 747 1844 922 1882; x_wconf 84' lang='lat' dir='ltr'>propterea</span> 
     </span>
     <span class='ocr_line' id='line_1_33' title="bbox 186 1892 921 1932; baseline -0.004 -6"><span class='ocrx_word' id='word_1_162' title='bbox 186 1894 219 1926; x_wconf 90' lang='lat' dir='ltr'>in</span> <span class='ocrx_word' id='word_1_163' title='bbox 243 1893 362 1926; x_wconf 87' lang='lat' dir='ltr'>virtute</span> <span class='ocrx_word' id='word_1_164' title='bbox 395 1898 523 1926; x_wconf 88' lang='lat' dir='ltr'>sanctae</span> <span class='ocrx_word' id='word_1_165' title='bbox 550 1893 774 1932; x_wconf 84' lang='lat' dir='ltr'>obedientiae,</span> <span class='ocrx_word' id='word_1_166' title='bbox 808 1897 839 1925; x_wconf 85' lang='lat' dir='ltr'>et</span> <span class='ocrx_word' id='word_1_167' title='bbox 862 1892 921 1924; x_wconf 89' lang='lat' dir='ltr'>sub</span> 
     </span>
     <span class='ocr_line' id='line_1_34' title="bbox 187 1946 921 1989; baseline -0.003 -9"><span class='ocrx_word' id='word_1_168' title='bbox 187 1946 528 1980; x_wconf 84' lang='lat' dir='ltr'>excommunicationis</span> <span class='ocrx_word' id='word_1_169' title='bbox 559 1946 815 1989; x_wconf 82' lang='lat' dir='ltr'>privationisque</span> <span class='ocrx_word' id='word_1_170' title='bbox 848 1956 921 1978; x_wconf 86' lang='lat' dir='ltr'>suo-</span> 
     </span>
    </p>

    <p class='ocr_par' dir='ltr' id='par_1_2' title="bbox 147 1999 923 2568">
     <span class='ocr_line' id='line_1_35' title="bbox 147 1999 923 2047; baseline -0.001 -16"><span class='ocrx_word' id='word_1_171' title='bbox 147 2042 152 2047; x_wconf 35' lang='lat'><strong>·</strong></span> <span class='ocrx_word' id='word_1_172' title='bbox 188 2009 258 2031; x_wconf 91' lang='lat' dir='ltr'>rum</span> <span class='ocrx_word' id='word_1_173' title='bbox 278 1999 455 2032; x_wconf 85' lang='lat' dir='ltr'>officiorum</span> <span class='ocrx_word' id='word_1_174' title='bbox 473 2010 510 2032; x_wconf 88' lang='lat' dir='ltr'>ac</span> <span class='ocrx_word' id='word_1_175' title='bbox 535 1999 622 2031; x_wconf 81' lang='lat' dir='ltr'>vocis</span> <span class='ocrx_word' id='word_1_176' title='bbox 647 1999 766 2031; x_wconf 82' lang='lat' dir='ltr'>activae</span> <span class='ocrx_word' id='word_1_177' title='bbox 793 2004 823 2031; x_wconf 91' lang='lat' dir='ltr'>et</span> <span class='ocrx_word' id='word_1_178' title='bbox 850 2010 923 2041; x_wconf 88' lang='lat' dir='ltr'>pas-</span> 
     </span>
     <span class='ocr_line' id='line_1_36' title="bbox 190 2051 918 2094; baseline 0 -10"><span class='ocrx_word' id='word_1_179' title='bbox 190 2051 275 2084; x_wconf 86' lang='lat' dir='ltr'>sivae</span> <span class='ocrx_word' id='word_1_180' title='bbox 298 2051 415 2094; x_wconf 79' lang='lat' dir='ltr'>poenis</span> <span class='ocrx_word' id='word_1_181' title='bbox 440 2061 478 2084; x_wconf 89' lang='lat' dir='ltr'>eo</span> <span class='ocrx_word' id='word_1_182' title='bbox 500 2051 570 2094; x_wconf 87' lang='lat' dir='ltr'>ipso</span> <span class='ocrx_word' id='word_1_183' title='bbox 593 2051 806 2093; x_wconf 83' lang='lat' dir='ltr'>incurrendis,</span> <span class='ocrx_word' id='word_1_184' title='bbox 836 2052 918 2084; x_wconf 84' lang='lat' dir='ltr'>‹lile-</span> 
     </span>
     <span class='ocr_line' id='line_1_37' title="bbox 190 2102 922 2146; baseline 0 -10"><span class='ocrx_word' id='word_1_185' title='bbox 190 2104 248 2136; x_wconf 88' lang='lat' dir='ltr'>ctis</span> <span class='ocrx_word' id='word_1_186' title='bbox 271 2102 346 2135; x_wconf 87' lang='lat' dir='ltr'>filiis</span> <span class='ocrx_word' id='word_1_187' title='bbox 363 2102 509 2136; x_wconf 87' lang='lat' dir='ltr'>ministro</span> <span class='ocrx_word' id='word_1_188' title='bbox 527 2108 558 2135; x_wconf 91' lang='lat' dir='ltr'>et</span> <span class='ocrx_word' id='word_1_189' title='bbox 578 2104 800 2136; x_wconf 84' lang='lat' dir='ltr'>commissario</span> <span class='ocrx_word' id='word_1_190' title='bbox 826 2114 922 2146; x_wconf 77' lang='lat' dir='ltr'>gene-</span> 
     </span>
     <span class='ocr_line' id='line_1_38' title="bbox 190 2155 920 2198; baseline 0 -9"><span class='ocrx_word' id='word_1_191' title='bbox 190 2155 309 2189; x_wconf 86' lang='lat' dir='ltr'>ralibus</span> <span class='ocrx_word' id='word_1_192' title='bbox 325 2182 332 2195; x_wconf 88' lang='lat'>‚</span> <span class='ocrx_word' id='word_1_193' title='bbox 371 2165 407 2188; x_wconf 86' lang='lat' dir='ltr'>ac</span> <span class='ocrx_word' id='word_1_194' title='bbox 449 2155 606 2188; x_wconf 85' lang='lat' dir='ltr'>ministris</span> <span class='ocrx_word' id='word_1_195' title='bbox 644 2156 920 2198; x_wconf 83' lang='lat' dir='ltr'>provincialibus,</span> 
     </span>
     <span class='ocr_line' id='line_1_39' title="bbox 190 2207 921 2250; baseline -0.001 -8"><span class='ocrx_word' id='word_1_196' title='bbox 190 2208 395 2247; x_wconf 83' lang='lat' dir='ltr'>custodibus,</span> <span class='ocrx_word' id='word_1_197' title='bbox 435 2207 572 2250; x_wconf 88' lang='lat' dir='ltr'>aliisque</span> <span class='ocrx_word' id='word_1_198' title='bbox 611 2208 755 2240; x_wconf 88' lang='lat' dir='ltr'>eiusdem</span> <span class='ocrx_word' id='word_1_199' title='bbox 794 2208 921 2242; x_wconf 90' lang='lat' dir='ltr'>Ordinis</span> 
     </span>
     <span class='ocr_line' id='line_1_40' title="bbox 191 2260 923 2305; baseline -0.003 -11"><span class='ocrx_word' id='word_1_200' title='bbox 191 2260 434 2305; x_wconf 88' lang='lat' dir='ltr'>superioribus,</span> <span class='ocrx_word' id='word_1_201' title='bbox 451 2265 503 2300; x_wconf 89' lang='lat' dir='ltr'>ut,</span> <span class='ocrx_word' id='word_1_202' title='bbox 521 2260 756 2303; x_wconf 87' lang='lat' dir='ltr'>quamprimum</span> <span class='ocrx_word' id='word_1_203' title='bbox 774 2271 923 2303; x_wconf 85' lang='lat' dir='ltr'>praesen-</span> 
     </span>
     <span class='ocr_line' id='line_1_41' title="bbox 191 2312 922 2347; baseline -0.003 0"><span class='ocrx_word' id='word_1_204' title='bbox 191 2320 237 2347; x_wconf 87' lang='lat' dir='ltr'>tes</span> <span class='ocrx_word' id='word_1_205' title='bbox 262 2318 393 2346; x_wconf 83' lang='lat' dir='ltr'>nostrae</span> <span class='ocrx_word' id='word_1_206' title='bbox 418 2313 543 2346; x_wconf 87' lang='lat' dir='ltr'>litterae</span> <span class='ocrx_word' id='word_1_207' title='bbox 577 2312 616 2345; x_wconf 86' lang='lat' dir='ltr'>ad</span> <span class='ocrx_word' id='word_1_208' title='bbox 641 2323 751 2345; x_wconf 90' lang='lat' dir='ltr'>eorum</span> <span class='ocrx_word' id='word_1_209' title='bbox 777 2313 922 2346; x_wconf 89' lang='lat' dir='ltr'>notitiam</span> 
     </span>
     <span class='ocr_line' id='line_1_42' title="bbox 189 2365 923 2410; baseline -0.001 -10"><span class='ocrx_word' id='word_1_210' title='bbox 189 2365 406 2410; x_wconf 83' lang='lat' dir='ltr'>pervenerint,</span> <span class='ocrx_word' id='word_1_211' title='bbox 444 2375 555 2398; x_wconf 89' lang='lat' dir='ltr'>omnes</span> <span class='ocrx_word' id='word_1_212' title='bbox 580 2370 611 2398; x_wconf 88' lang='lat' dir='ltr'>et</span> <span class='ocrx_word' id='word_1_213' title='bbox 635 2365 779 2408; x_wconf 82' lang='lat' dir='ltr'>singulos</span> <span class='ocrx_word' id='word_1_214' title='bbox 815 2371 923 2408; x_wconf 83' lang='lat' dir='ltr'>patres</span> 
     </span>
     <span class='ocr_line' id='line_1_43' title="bbox 189 2418 908 2453; baseline 0 -1"><span class='ocrx_word' id='word_1_215' title='bbox 189 2426 220 2453; x_wconf 88' lang='lat' dir='ltr'>et</span> <span class='ocrx_word' id='word_1_216' title='bbox 244 2420 359 2452; x_wconf 79' lang='lat' dir='ltr'>fratres</span> <span class='ocrx_word' id='word_1_217' title='bbox 384 2418 513 2451; x_wconf 84' lang='lat' dir='ltr'>Ordinis</span> <span class='ocrx_word' id='word_1_218' title='bbox 532 2418 719 2451; x_wconf 80' lang='lat' dir='ltr'>huiusmodi</span> <span class='ocrx_word' id='word_1_219' title='bbox 739 2418 856 2451; x_wconf 85' lang='lat' dir='ltr'>similia</span> <span class='ocrx_word' id='word_1_220' title='bbox 876 2419 908 2452; x_wconf 90' lang='lat' dir='ltr'>in</span> 
     </span>
     <span class='ocr_line' id='line_1_44' title="bbox 189 2471 922 2514; baseline -0.001 -9"><span class='ocrx_word' id='word_1_221' title='bbox 189 2473 277 2505; x_wconf 89' lang='lat' dir='ltr'>dulta</span> <span class='ocrx_word' id='word_1_222' title='bbox 309 2481 365 2504; x_wconf 87' lang='lat' dir='ltr'>seu</span> <span class='ocrx_word' id='word_1_223' title='bbox 390 2471 563 2514; x_wconf 81' lang='lat' dir='ltr'>privilegia</span> <span class='ocrx_word' id='word_1_224' title='bbox 593 2471 762 2510; x_wconf 77' lang='lat' dir='ltr'>habentes,</span> <span class='ocrx_word' id='word_1_225' title='bbox 799 2472 922 2504; x_wconf 88' lang='lat' dir='ltr'>etiamsi</span> 
     </span>
     <span class='ocr_line' id='line_1_45' title="bbox 188 2524 923 2568; baseline -0.001 -9"><span class='ocrx_word' id='word_1_226' title='bbox 188 2536 205 2559; x_wconf 87' lang='lat' dir='ltr'>a</span> <span class='ocrx_word' id='word_1_227' title='bbox 228 2524 322 2558; x_wconf 89' lang='lat' dir='ltr'>nobis</span> <span class='ocrx_word' id='word_1_228' title='bbox 346 2524 397 2557; x_wconf 86' lang='lat' dir='ltr'>vel</span> <span class='ocrx_word' id='word_1_229' title='bbox 422 2533 440 2557; x_wconf 84' lang='lat' dir='ltr'>a</span> <span class='ocrx_word' id='word_1_230' title='bbox 464 2524 773 2566; x_wconf 84' lang='lat' dir='ltr'>praedecessoribus</span> <span class='ocrx_word' id='word_1_231' title='bbox 799 2525 923 2568; x_wconf 90' lang='lat' dir='ltr'>praedi</span> 
     </span>
    </p>

    <p class='ocr_par' dir='ltr' id='par_1_3' title="bbox 223 2585 884 2668">
     <span class='ocr_line' id='line_1_46' title="bbox 223 2585 850 2620; baseline 0 -6"><span class='ocrx_word' id='word_1_232' title='bbox 223 2588 233 2614; x_wconf 85' lang='lat'>1</span> <span class='ocrx_word' id='word_1_233' title='bbox 257 2586 327 2614; x_wconf 87' lang='lat' dir='ltr'>Edit.</span> <span class='ocrx_word' id='word_1_234' title='bbox 348 2585 428 2613; x_wconf 88' lang='lat' dir='ltr'>Maiu.</span> <span class='ocrx_word' id='word_1_235' title='bbox 451 2585 514 2620; x_wconf 83' lang='lat' dir='ltr'>legit</span> <span class='ocrx_word' id='word_1_236' title='bbox 534 2585 598 2612; x_wconf 79' lang='lat' dir='ltr'>hinc</span> <span class='ocrx_word' id='word_1_237' title='bbox 619 2593 666 2620; x_wconf 86' lang='lat' dir='ltr'>pro</span> <span class='ocrx_word' id='word_1_238' title='bbox 687 2586 731 2612; x_wconf 79' lang='lat' dir='ltr'>hic</span> <span class='ocrx_word' id='word_1_239' title='bbox 749 2587 787 2620; x_wconf 84' lang='lat' dir='ltr'>(a.</span> <span class='ocrx_word' id='word_1_240' title='bbox 803 2586 850 2620; x_wconf 61' lang='lat'>⁵12).</span> 
     </span>
     <span class='ocr_line' id='line_1_47' title="bbox 274 2639 884 2668; baseline 0 0"><span class='ocrx_word' id='word_1_241' title='bbox 274 2641 355 2668; x_wconf 73' lang='lat' dir='ltr'>Ball.</span> <span class='ocrx_word' id='word_1_242' title='bbox 380 2641 462 2667; x_wconf 76' lang='lat' dir='ltr'>Rom.</span> <span class='ocrx_word' id='word_1_243' title='bbox 480 2657 511 2659; x_wconf 97' lang='lat'><strong>—</strong></span> <span class='ocrx_word' id='word_1_244' title='bbox 534 2641 594 2666; x_wconf 72' lang='lat' dir='ltr'><em>Vol.</em></span> <span class='ocrx_word' id='word_1_245' title='bbox 614 2639 704 2667; x_wconf 71' lang='lat' dir='ltr'><em>XXII.</em></span> <span class='ocrx_word' id='word_1_246' title='bbox 852 2641 884 2668; x_wconf 82' lang='lat'>15</span> 
     </span>
    </p>
   </div>
   <div class='ocr_carea' id='block_1_2' title="bbox 764 205 1114 229">
    <p class='ocr_par' dir='ltr' id='par_1_4' title="bbox 764 205 1114 229">
     <span class='ocr_line' id='line_1_48' title="bbox 764 205 1114 229; baseline -0.003 0"><span class='ocrx_word' id='word_1_247' title='bbox 764 205 958 229; x_wconf 81' lang='lat' dir='ltr'>BENEDICTUS</span> <span class='ocrx_word' id='word_1_248' title='bbox 985 205 1041 228; x_wconf 82' lang='lat' dir='ltr'>XIII</span> <span class='ocrx_word' id='word_1_249' title='bbox 1066 205 1114 229; x_wconf 75' lang='lat' dir='ltr'>PP-</span> 
     </span>
    </p>
   </div>
   <div class='ocr_carea' id='block_1_3' title="bbox 941 259 948 2356">
    <p class='ocr_par' dir='ltr' id='par_1_5' title="bbox 941 259 948 2356">
     <span class='ocr_line' id='line_1_49' title="bbox 941 259 948 2356; baseline 0 0"><span class='ocrx_word' id='word_1_250' title='bbox 941 259 948 2356; x_wconf 95' lang='lat' dir='ltr'> </span> 
     </span>
    </p>
   </div>
   <div class='ocr_carea' id='block_1_4' title="bbox 1600 190 1758 224">
    <p class='ocr_par' dir='ltr' id='par_1_6' title="bbox 1600 190 1758 224">
     <span class='ocr_line' id='line_1_50' title="bbox 1600 190 1758 224; baseline 0 -1"><span class='ocrx_word' id='word_1_251' title='bbox 1600 190 1664 224; x_wconf 64' lang='lat'>113</span> <span class='ocrx_word' id='word_1_252' title='bbox 1712 202 1758 223; x_wconf 63' lang='grc' dir='ltr'>ΑΗ.</span> 
     </span>
    </p>
   </div>
   <div class='ocr_carea' id='block_1_5' title="bbox 964 247 1898 2514">
    <p class='ocr_par' dir='ltr' id='par_1_7' title="bbox 964 247 1703 609">
     <span class='ocr_line' id='line_1_51' title="bbox 966 247 1702 294; baseline -0.007 -10"><span class='ocrx_word' id='word_1_253' title='bbox 966 252 1023 284; x_wconf 87' lang='lat' dir='ltr'>ctis</span> <span class='ocrx_word' id='word_1_254' title='bbox 1061 253 1100 285; x_wconf 89' lang='lat' dir='ltr'>de</span> <span class='ocrx_word' id='word_1_255' title='bbox 1127 263 1191 285; x_wconf 88' lang='lat' dir='ltr'>non</span> <span class='ocrx_word' id='word_1_256' title='bbox 1224 252 1388 294; x_wconf 90' lang='lat' dir='ltr'>completo</span> <span class='ocrx_word' id='word_1_257' title='bbox 1426 251 1473 282; x_wconf 80' lang='lat' dir='ltr'>vel</span> <span class='ocrx_word' id='word_1_258' title='bbox 1507 247 1702 291; x_wconf 86' lang='lat' dir='ltr'>complendo</span> 
     </span>
     <span class='ocr_line' id='line_1_52' title="bbox 966 302 1701 348; baseline -0.005 -11"><span class='ocrx_word' id='word_1_259' title='bbox 966 305 1094 347; x_wconf 79' lang='lat' dir='ltr'>integro</span> <span class='ocrx_word' id='word_1_260' title='bbox 1122 311 1268 348; x_wconf 85' lang='lat' dir='ltr'>tempore</span> <span class='ocrx_word' id='word_1_261' title='bbox 1301 304 1494 342; x_wconf 84' lang='lat' dir='ltr'>officiorum,</span> <span class='ocrx_word' id='word_1_262' title='bbox 1521 313 1557 335; x_wconf 77' lang='lat' dir='ltr'>ex</span> <span class='ocrx_word' id='word_1_263' title='bbox 1583 302 1701 345; x_wconf 89' lang='lat' dir='ltr'>quibus</span> 
     </span>
     <span class='ocr_line' id='line_1_53' title="bbox 966 354 1703 400; baseline -0.005 -11"><span class='ocrx_word' id='word_1_264' title='bbox 966 357 1020 390; x_wconf 88' lang='lat' dir='ltr'>illa</span> <span class='ocrx_word' id='word_1_265' title='bbox 1046 358 1215 390; x_wconf 79' lang='lat' dir='ltr'>desumere</span> <span class='ocrx_word' id='word_1_266' title='bbox 1242 356 1471 400; x_wconf 85' lang='lat' dir='ltr'>praetendunt,</span> <span class='ocrx_word' id='word_1_267' title='bbox 1493 354 1703 397; x_wconf 83' lang='lat' dir='ltr'>dispensatio-</span> 
     </span>
     <span class='ocr_line' id='line_1_54' title="bbox 965 405 1701 452; baseline -0.004 -12"><span class='ocrx_word' id='word_1_268' title='bbox 965 419 1037 440; x_wconf 87' lang='lat' dir='ltr'>nem</span> <span class='ocrx_word' id='word_1_269' title='bbox 1073 420 1205 452; x_wconf 88' lang='lat' dir='ltr'>quoquo</span> <span class='ocrx_word' id='word_1_270' title='bbox 1239 410 1334 442; x_wconf 90' lang='lat' dir='ltr'>modo</span> <span class='ocrx_word' id='word_1_271' title='bbox 1371 407 1598 446; x_wconf 81' lang='lat' dir='ltr'>obtinuissent,</span> <span class='ocrx_word' id='word_1_272' title='bbox 1638 405 1701 438; x_wconf 85' lang='lat' dir='ltr'>illis</span> 
     </span>
     <span class='ocr_line' id='line_1_55' title="bbox 966 459 1702 504; baseline -0.001 -12"><span class='ocrx_word' id='word_1_273' title='bbox 966 471 1004 492; x_wconf 90' lang='lat' dir='ltr'>eo</span> <span class='ocrx_word' id='word_1_274' title='bbox 1030 461 1100 503; x_wconf 89' lang='lat' dir='ltr'>ipso</span> <span class='ocrx_word' id='word_1_275' title='bbox 1125 462 1269 504; x_wconf 73' lang='lat' dir='ltr'>privatos</span> <span class='ocrx_word' id='word_1_276' title='bbox 1303 466 1334 493; x_wconf 89' lang='lat' dir='ltr'>et</span> <span class='ocrx_word' id='word_1_277' title='bbox 1358 460 1515 503; x_wconf 84' lang='lat' dir='ltr'>spoliatos</span> <span class='ocrx_word' id='word_1_278' title='bbox 1551 470 1621 492; x_wconf 88' lang='lat' dir='ltr'>esse</span> <span class='ocrx_word' id='word_1_279' title='bbox 1650 459 1702 491; x_wconf 88' lang='lat' dir='ltr'>dc-</span> 
     </span>
     <span class='ocr_line' id='line_1_56' title="bbox 965 513 1701 556; baseline -0.001 -12"><span class='ocrx_word' id='word_1_280' title='bbox 965 513 1096 552; x_wconf 85' lang='lat' dir='ltr'>clareut,</span> <span class='ocrx_word' id='word_1_281' title='bbox 1123 523 1183 546; x_wconf 89' lang='lat' dir='ltr'>nec</span> <span class='ocrx_word' id='word_1_282' title='bbox 1208 524 1403 556; x_wconf 84' lang='lat' dir='ltr'>quemquam</span> <span class='ocrx_word' id='word_1_283' title='bbox 1422 513 1467 545; x_wconf 90' lang='lat' dir='ltr'>eis</span> <span class='ocrx_word' id='word_1_284' title='bbox 1485 513 1516 544; x_wconf 89' lang='lat' dir='ltr'>iu</span> <span class='ocrx_word' id='word_1_285' title='bbox 1535 517 1701 555; x_wconf 78' lang='lat' dir='ltr'>posterum</span> 
     </span>
     <span class='ocr_line' id='line_1_57' title="bbox 964 565 1441 609; baseline -0.002 -11"><span class='ocrx_word' id='word_1_286' title='bbox 964 566 1008 598; x_wconf 92' lang='lat' dir='ltr'>uti</span> <span class='ocrx_word' id='word_1_287' title='bbox 1034 566 1140 598; x_wconf 85' lang='lat' dir='ltr'>sinant</span> <span class='ocrx_word' id='word_1_288' title='bbox 1165 566 1215 598; x_wconf 86' lang='lat' dir='ltr'>vel</span> <span class='ocrx_word' id='word_1_289' title='bbox 1241 565 1441 609; x_wconf 72' lang='lat' dir='ltr'>permittant.</span> 
     </span>
    </p>

    <p class='ocr_par' dir='ltr' id='par_1_8' title="bbox 964 617 1897 2408">
     <span class='ocr_line' id='line_1_58' title="bbox 1008 617 1897 661; baseline -0.004 -10"><span class='ocrx_word' id='word_1_290' title='bbox 1008 619 1022 661; x_wconf 63' lang='lat' dir='ltr'>g</span> <span class='ocrx_word' id='word_1_291' title='bbox 1046 618 1228 652; x_wconf 70' lang='lat' dir='ltr'>3.F1at1es</span> <span class='ocrx_word' id='word_1_292' title='bbox 1257 629 1352 658; x_wconf 87' lang='lat' dir='ltr'>vero,</span> <span class='ocrx_word' id='word_1_293' title='bbox 1378 617 1511 661; x_wconf 83' lang='lat' dir='ltr'>quibus,</span> <span class='ocrx_word' id='word_1_294' title='bbox 1537 628 1594 660; x_wconf 90' lang='lat' dir='ltr'>per</span> <span class='ocrx_word' id='word_1_295' title='bbox 1628 617 1701 650; x_wconf 82' lang='lat' dir='ltr'>dicti</span> <span class='ocrx_word' id='word_1_296' title='bbox 1742 628 1856 651; x_wconf 52' lang='lat' dir='ltr'>sunnia..-</span> <span class='ocrx_word' id='word_1_297' title='bbox 1872 633 1897 647; x_wconf 60' lang='lat' dir='ltr'>ne</span> 
     </span>
     <span class='ocr_line' id='line_1_59' title="bbox 964 655 1898 712; baseline -0.004 -8"><span class='ocrx_word' id='word_1_298' title='bbox 964 671 1092 704; x_wconf 86' lang='lat' dir='ltr'>Oidiuis</span> <span class='ocrx_word' id='word_1_299' title='bbox 1111 672 1372 710; x_wconf 78' lang='lat' dir='ltr'>constitutiones,</span> <span class='ocrx_word' id='word_1_300' title='bbox 1384 676 1572 711; x_wconf 84' lang='lat' dir='ltr'>conventus</span> <span class='ocrx_word' id='word_1_301' title='bbox 1586 670 1616 702; x_wconf 91' lang='lat' dir='ltr'>in</span> <span class='ocrx_word' id='word_1_302' title='bbox 1634 671 1703 712; x_wconf 88' lang='lat' dir='ltr'>qui-</span> <span class='ocrx_word' id='word_1_303' title='bbox 1715 655 1789 700; x_wconf 53' lang='lat'>3:2⁸2?</span> <span class='ocrx_word' id='word_1_304' title='bbox 1808 660 1898 699; x_wconf 55' lang='grc' dir='ltr'>Ξζῖιιιῖ</span> 
     </span>
     <span class='ocr_line' id='line_1_60' title="bbox 966 713 1896 768; baseline -0.001 -12"><span class='ocrx_word' id='word_1_305' title='bbox 966 725 1023 757; x_wconf 91' lang='lat' dir='ltr'>bus</span> <span class='ocrx_word' id='word_1_306' title='bbox 1049 725 1177 768; x_wconf 79' lang='lat' dir='ltr'>degant,</span> <span class='ocrx_word' id='word_1_307' title='bbox 1214 735 1273 768; x_wconf 89' lang='lat' dir='ltr'>pro</span> <span class='ocrx_word' id='word_1_308' title='bbox 1300 735 1357 757; x_wconf 88' lang='lat' dir='ltr'>suo</span> <span class='ocrx_word' id='word_1_309' title='bbox 1383 723 1520 756; x_wconf 85' lang='lat' dir='ltr'>arbitiio</span> <span class='ocrx_word' id='word_1_310' title='bbox 1559 714 1735 766; x_wconf 52' lang='lat' dir='ltr'>deligerssce</span> <span class='ocrx_word' id='word_1_311' title='bbox 1833 717 1842 750; x_wconf 62' lang='grc' dir='ltr'><em>ἒ</em></span> <span class='ocrx_word' id='word_1_312' title='bbox 1857 713 1896 751; x_wconf 59' lang='lat' dir='ltr'>‘iu</span> 
     </span>
     <span class='ocr_line' id='line_1_61' title="bbox 964 757 1897 819; baseline -0.006 -9"><span class='ocrx_word' id='word_1_313' title='bbox 964 787 1154 810; x_wconf 85' lang='lat' dir='ltr'>concessum</span> <span class='ocrx_word' id='word_1_314' title='bbox 1185 783 1252 817; x_wconf 85' lang='lat' dir='ltr'>est,</span> <span class='ocrx_word' id='word_1_315' title='bbox 1279 788 1352 810; x_wconf 90' lang='lat' dir='ltr'>eum</span> <span class='ocrx_word' id='word_1_316' title='bbox 1389 777 1428 809; x_wconf 91' lang='lat' dir='ltr'>ad</span> <span class='ocrx_word' id='word_1_317' title='bbox 1465 757 1762 819; x_wconf 54' lang='lat' dir='ltr'>piaescriptumi&#39;msx</span> <span class='ocrx_word' id='word_1_318' title='bbox 1761 765 1834 805; x_wconf 56' lang='lat'>”¹323</span> <span class='ocrx_word' id='word_1_319' title='bbox 1839 759 1897 811; x_wconf 59' lang='grc' dir='ltr'>Ἰρῖῗ</span> 
     </span>
     <span class='ocr_line' id='line_1_62' title="bbox 965 813 1799 873; baseline -0.004 -10"><span class='ocrx_word' id='word_1_320' title='bbox 965 831 1107 872; x_wconf 82' lang='lat' dir='ltr'>regulae,</span> <span class='ocrx_word' id='word_1_321' title='bbox 1135 841 1230 873; x_wconf 88' lang='lat' dir='ltr'>quam</span> <span class='ocrx_word' id='word_1_322' title='bbox 1253 830 1442 862; x_wconf 85' lang='lat' dir='ltr'>solemniter</span> <span class='ocrx_word' id='word_1_323' title='bbox 1462 834 1627 867; x_wconf 84' lang='lat' dir='ltr'>vov‚eiunt</span> <span class='ocrx_word' id='word_1_324' title='bbox 1650 813 1782 861; x_wconf 49' lang='lat' dir='ltr'>necm&#39;ffl&#39;</span> <span class='ocrx_word' id='word_1_325' title='bbox 1771 815 1799 831; x_wconf 58' lang='lat'>¹¹²</span> 
     </span>
     <span class='ocr_line' id='line_1_63' title="bbox 964 882 1704 925; baseline -0.003 -10"><span class='ocrx_word' id='word_1_326' title='bbox 964 882 1103 923; x_wconf 67' lang='lat' dir='ltr'>dentum,</span> <span class='ocrx_word' id='word_1_327' title='bbox 1129 893 1184 915; x_wconf 80' lang='lat' dir='ltr'>nec</span> <span class='ocrx_word' id='word_1_328' title='bbox 1214 883 1335 922; x_wconf 79' lang='lat' dir='ltr'>locum,</span> <span class='ocrx_word' id='word_1_329' title='bbox 1370 892 1425 915; x_wconf 80' lang='lat' dir='ltr'>nec</span> <span class='ocrx_word' id='word_1_330' title='bbox 1450 882 1601 925; x_wconf 74' lang='lat' dir='ltr'>aliquam</span> <span class='ocrx_word' id='word_1_331' title='bbox 1637 891 1704 913; x_wconf 77' lang='lat' dir='ltr'>rem</span> 
     </span>
     <span class='ocr_line' id='line_1_64' title="bbox 964 933 1701 978; baseline -0.003 -11"><span class='ocrx_word' id='word_1_332' title='bbox 964 935 998 967; x_wconf 75' lang='lat' dir='ltr'>in</span> <span class='ocrx_word' id='word_1_333' title='bbox 1026 936 1082 968; x_wconf 79' lang='lat' dir='ltr'>hoc</span> <span class='ocrx_word' id='word_1_334' title='bbox 1107 935 1228 968; x_wconf 78' lang='lat' dir='ltr'>mundo</span> <span class='ocrx_word' id='word_1_335' title='bbox 1245 935 1450 978; x_wconf 65' lang='lat' dir='ltr'>sibipossint</span> <span class='ocrx_word' id='word_1_336' title='bbox 1475 933 1701 978; x_wconf 77' lang='lat' dir='ltr'>appropriare,</span> 
     </span>
     <span class='ocr_line' id='line_1_65' title="bbox 965 987 1704 1030; baseline -0.003 -10"><span class='ocrx_word' id='word_1_337' title='bbox 965 998 1000 1020; x_wconf 77' lang='lat' dir='ltr'>ex</span> <span class='ocrx_word' id='word_1_338' title='bbox 1028 999 1113 1021; x_wconf 89' lang='lat' dir='ltr'>nunc</span> <span class='ocrx_word' id='word_1_339' title='bbox 1139 994 1170 1021; x_wconf 89' lang='lat' dir='ltr'>et</span> <span class='ocrx_word' id='word_1_340' title='bbox 1196 989 1234 1021; x_wconf 84' lang='lat' dir='ltr'>de</span> <span class='ocrx_word' id='word_1_341' title='bbox 1258 993 1370 1021; x_wconf 87' lang='lat' dir='ltr'>cetero</span> <span class='ocrx_word' id='word_1_342' title='bbox 1397 987 1565 1030; x_wconf 89' lang='lat' dir='ltr'>perpetuis</span> <span class='ocrx_word' id='word_1_343' title='bbox 1593 987 1704 1019; x_wconf 77' lang='lat' dir='ltr'>tuturis</span> 
     </span>
     <span class='ocr_line' id='line_1_66' title="bbox 966 1040 1704 1085; baseline -0.004 -11"><span class='ocrx_word' id='word_1_344' title='bbox 966 1043 1174 1085; x_wconf 85' lang='lat' dir='ltr'>temporibus,</span> <span class='ocrx_word' id='word_1_345' title='bbox 1202 1042 1286 1075; x_wconf 85' lang='lat' dir='ltr'>omni</span> <span class='ocrx_word' id='word_1_346' title='bbox 1307 1052 1366 1073; x_wconf 90' lang='lat' dir='ltr'>usu</span> <span class='ocrx_word' id='word_1_347' title='bbox 1385 1041 1416 1073; x_wconf 91' lang='lat' dir='ltr'>in</span> <span class='ocrx_word' id='word_1_348' title='bbox 1436 1040 1632 1073; x_wconf 83' lang='lat' dir='ltr'>contrarium</span> <span class='ocrx_word' id='word_1_349' title='bbox 1651 1050 1704 1083; x_wconf 91' lang='lat' dir='ltr'>pe-</span> 
     </span>
     <span class='ocr_line' id='line_1_67' title="bbox 966 1093 1705 1138; baseline -0.003 -11"><span class='ocrx_word' id='word_1_350' title='bbox 966 1095 1050 1128; x_wconf 89' lang='lat' dir='ltr'>nitus</span> <span class='ocrx_word' id='word_1_351' title='bbox 1073 1095 1213 1133; x_wconf 76' lang='lat' dir='ltr'>sublato,</span> <span class='ocrx_word' id='word_1_352' title='bbox 1239 1106 1255 1127; x_wconf 88' lang='lat' dir='ltr'>a</span> <span class='ocrx_word' id='word_1_353' title='bbox 1281 1094 1505 1138; x_wconf 82' lang='lat' dir='ltr'>superioribus</span> <span class='ocrx_word' id='word_1_354' title='bbox 1542 1093 1705 1136; x_wconf 80' lang='lat' dir='ltr'>generali-</span> 
     </span>
     <span class='ocr_line' id='line_1_68' title="bbox 966 1146 1705 1191; baseline 0 -12"><span class='ocrx_word' id='word_1_355' title='bbox 966 1148 1023 1179; x_wconf 87' lang='lat' dir='ltr'>bus</span> <span class='ocrx_word' id='word_1_356' title='bbox 1050 1148 1098 1181; x_wconf 88' lang='lat' dir='ltr'>vcl</span> <span class='ocrx_word' id='word_1_357' title='bbox 1130 1147 1386 1191; x_wconf 81' lang='lat' dir='ltr'>provincialibus</span> <span class='ocrx_word' id='word_1_358' title='bbox 1419 1148 1458 1179; x_wconf 87' lang='lat' dir='ltr'>de</span> <span class='ocrx_word' id='word_1_359' title='bbox 1490 1146 1705 1179; x_wconf 86' lang='lat' dir='ltr'>conventibus</span> 
     </span>
     <span class='ocr_line' id='line_1_69' title="bbox 967 1199 1705 1243; baseline -0.003 -10"><span class='ocrx_word' id='word_1_360' title='bbox 967 1201 1012 1233; x_wconf 88' lang='lat' dir='ltr'>eis</span> <span class='ocrx_word' id='word_1_361' title='bbox 1039 1201 1141 1243; x_wconf 74' lang='lat' dir='ltr'>magis</span> <span class='ocrx_word' id='word_1_362' title='bbox 1169 1200 1312 1243; x_wconf 81' lang='lat' dir='ltr'>acceptis</span> <span class='ocrx_word' id='word_1_363' title='bbox 1338 1202 1373 1232; x_wconf 79' lang='lat' dir='ltr'>ea</span> <span class='ocrx_word' id='word_1_364' title='bbox 1399 1210 1460 1243; x_wconf 89' lang='lat' dir='ltr'>qua</span> <span class='ocrx_word' id='word_1_365' title='bbox 1485 1200 1578 1232; x_wconf 77' lang='lat' dir='ltr'>decet</span> <span class='ocrx_word' id='word_1_366' title='bbox 1602 1199 1705 1231; x_wconf 88' lang='lat' dir='ltr'>humi-</span> 
     </span>
     <span class='ocr_line' id='line_1_70' title="bbox 967 1253 1704 1297; baseline -0.001 -11"><span class='ocrx_word' id='word_1_367' title='bbox 967 1254 1053 1287; x_wconf 89' lang='lat' dir='ltr'>litate</span> <span class='ocrx_word' id='word_1_368' title='bbox 1080 1254 1139 1287; x_wconf 86' lang='lat' dir='ltr'>sibi</span> <span class='ocrx_word' id='word_1_369' title='bbox 1167 1254 1332 1297; x_wconf 83' lang='lat' dir='ltr'>provideri</span> <span class='ocrx_word' id='word_1_370' title='bbox 1360 1254 1534 1296; x_wconf 83' lang='lat' dir='ltr'>postulent,</span> <span class='ocrx_word' id='word_1_371' title='bbox 1561 1253 1704 1295; x_wconf 85' lang='lat' dir='ltr'>superio·</span> 
     </span>
     <span class='ocr_line' id='line_1_71' title="bbox 967 1306 1704 1350; baseline -0.003 -11"><span class='ocrx_word' id='word_1_372' title='bbox 967 1318 1017 1340; x_wconf 86' lang='lat' dir='ltr'>res</span> <span class='ocrx_word' id='word_1_373' title='bbox 1053 1312 1159 1340; x_wconf 81' lang='lat' dir='ltr'>autem</span> <span class='ocrx_word' id='word_1_374' title='bbox 1184 1317 1245 1350; x_wconf 92' lang='lat' dir='ltr'>pro</span> <span class='ocrx_word' id='word_1_375' title='bbox 1278 1306 1478 1348; x_wconf 73' lang='lat' dir='ltr'>singulorum</span> <span class='ocrx_word' id='word_1_376' title='bbox 1515 1306 1636 1338; x_wconf 86' lang='lat' dir='ltr'>meritis</span> <span class='ocrx_word' id='word_1_377' title='bbox 1673 1310 1704 1337; x_wconf 83' lang='lat' dir='ltr'>et</span> 
     </span>
     <span class='ocr_line' id='line_1_72' title="bbox 966 1358 1704 1404; baseline 0 -13"><span class='ocrx_word' id='word_1_378' title='bbox 966 1361 1122 1404; x_wconf 82' lang='lat' dir='ltr'>qualitate</span> <span class='ocrx_word' id='word_1_379' title='bbox 1148 1371 1203 1393; x_wconf 77' lang='lat' dir='ltr'>cos</span> <span class='ocrx_word' id='word_1_380' title='bbox 1235 1360 1266 1392; x_wconf 90' lang='lat' dir='ltr'>in</span> <span class='ocrx_word' id='word_1_381' title='bbox 1293 1359 1504 1393; x_wconf 84' lang='lat' dir='ltr'>conventibus</span> <span class='ocrx_word' id='word_1_382' title='bbox 1529 1358 1704 1402; x_wconf 78' lang='lat' dir='ltr'>postulatis</span> 
     </span>
     <span class='ocr_line' id='line_1_73' title="bbox 966 1411 1704 1457; baseline -0.003 -11"><span class='ocrx_word' id='word_1_383' title='bbox 966 1414 1119 1446; x_wconf 79' lang='lat' dir='ltr'>collocati</span> <span class='ocrx_word' id='word_1_384' title='bbox 1157 1418 1342 1457; x_wconf 80' lang='lat' dir='ltr'>procuient,</span> <span class='ocrx_word' id='word_1_385' title='bbox 1382 1412 1465 1444; x_wconf 65' lang='lat' dir='ltr'>sicut</span> <span class='ocrx_word' id='word_1_386' title='bbox 1501 1412 1533 1443; x_wconf 88' lang='lat' dir='ltr'>in</span> <span class='ocrx_word' id='word_1_387' title='bbox 1566 1411 1704 1444; x_wconf 87' lang='lat' dir='ltr'>Domino</span> 
     </span>
     <span class='ocr_line' id='line_1_74' title="bbox 967 1465 1705 1510; baseline -0.006 -10"><span class='ocrx_word' id='word_1_388' title='bbox 967 1467 1120 1510; x_wconf 77' lang='lat' dir='ltr'>expedire</span> <span class='ocrx_word' id='word_1_389' title='bbox 1151 1467 1306 1501; x_wconf 76' lang='lat' dir='ltr'>vidctiut:</span> <span class='ocrx_word' id='word_1_390' title='bbox 1341 1465 1482 1508; x_wconf 81' lang='lat' dir='ltr'>exceptis</span> <span class='ocrx_word' id='word_1_391' title='bbox 1517 1471 1626 1497; x_wconf 86' lang='lat' dir='ltr'>tamen</span> <span class='ocrx_word' id='word_1_392' title='bbox 1661 1465 1705 1496; x_wconf 86' lang='lat' dir='ltr'>al-</span> 
     </span>
     <span class='ocr_line' id='line_1_75' title="bbox 966 1518 1705 1558; baseline -0.007 -5"><span class='ocrx_word' id='word_1_393' title='bbox 966 1532 1037 1553; x_wconf 86' lang='lat' dir='ltr'>mae</span> <span class='ocrx_word' id='word_1_394' title='bbox 1078 1520 1171 1553; x_wconf 80' lang='lat' dir='ltr'>Urbis</span> <span class='ocrx_word' id='word_1_395' title='bbox 1214 1525 1343 1552; x_wconf 83' lang='lat' dir='ltr'>nostrae</span> <span class='ocrx_word' id='word_1_396' title='bbox 1389 1518 1630 1558; x_wconf 81' lang='lat' dir='ltr'>conventibus,</span> <span class='ocrx_word' id='word_1_397' title='bbox 1672 1518 1705 1549; x_wconf 88' lang='lat' dir='ltr'>in</span> 
     </span>
     <span class='ocr_line' id='line_1_76' title="bbox 967 1571 1705 1617; baseline -0.003 -12"><span class='ocrx_word' id='word_1_398' title='bbox 967 1574 1094 1617; x_wconf 86' lang='lat' dir='ltr'>quibus</span> <span class='ocrx_word' id='word_1_399' title='bbox 1120 1579 1231 1616; x_wconf 86' lang='lat' dir='ltr'>utpote</span> <span class='ocrx_word' id='word_1_400' title='bbox 1250 1574 1425 1605; x_wconf 48' lang='lat' dir='ltr'>numerio&amp;</span> <span class='ocrx_word' id='word_1_401' title='bbox 1451 1571 1568 1603; x_wconf 55' lang='lat' dir='ltr'>{anulii</span> <span class='ocrx_word' id='word_1_402' title='bbox 1596 1581 1705 1613; x_wconf 64' lang='lat' dir='ltr'>grasa-</span> 
     </span>
     <span class='ocr_line' id='line_1_77' title="bbox 967 1624 1703 1669; baseline -0.005 -10"><span class='ocrx_word' id='word_1_403' title='bbox 967 1627 1013 1666; x_wconf 82' lang='lat' dir='ltr'>tis,</span> <span class='ocrx_word' id='word_1_404' title='bbox 1038 1637 1096 1660; x_wconf 85' lang='lat' dir='ltr'>uec</span> <span class='ocrx_word' id='word_1_405' title='bbox 1121 1627 1210 1669; x_wconf 85' lang='lat' dir='ltr'>ipsos</span> <span class='ocrx_word' id='word_1_406' title='bbox 1244 1626 1339 1658; x_wconf 85' lang='lat' dir='ltr'>ctiam</span> <span class='ocrx_word' id='word_1_407' title='bbox 1367 1625 1497 1658; x_wconf 81' lang='lat' dir='ltr'>Ordinis</span> <span class='ocrx_word' id='word_1_408' title='bbox 1534 1624 1703 1663; x_wconf 80' lang='lat' dir='ltr'>discretos,</span> 
     </span>
     <span class='ocr_line' id='line_1_78' title="bbox 965 1678 1706 1723; baseline -0.003 -13"><span class='ocrx_word' id='word_1_409' title='bbox 965 1680 1108 1723; x_wconf 85' lang='lat' dir='ltr'>quinon</span> <span class='ocrx_word' id='word_1_410' title='bbox 1135 1678 1255 1711; x_wconf 79' lang='lat' dir='ltr'>suerint</span> <span class='ocrx_word' id='word_1_411' title='bbox 1290 1683 1397 1721; x_wconf 83' lang='lat' dir='ltr'>patres</span> <span class='ocrx_word' id='word_1_412' title='bbox 1430 1678 1593 1709; x_wconf 83' lang='lat' dir='ltr'>Romanae</span> <span class='ocrx_word' id='word_1_413' title='bbox 1631 1687 1706 1719; x_wconf 83' lang='lat' dir='ltr'>pro-</span> 
     </span>
     <span class='ocr_line' id='line_1_79' title="bbox 967 1729 1704 1771; baseline -0.003 -7"><span class='ocrx_word' id='word_1_414' title='bbox 967 1732 1099 1771; x_wconf 79' lang='lat' dir='ltr'>vinciae,</span> <span class='ocrx_word' id='word_1_415' title='bbox 1125 1732 1189 1764; x_wconf 86' lang='lat' dir='ltr'>sive</span> <span class='ocrx_word' id='word_1_416' title='bbox 1216 1731 1254 1763; x_wconf 87' lang='lat' dir='ltr'>de</span> <span class='ocrx_word' id='word_1_417' title='bbox 1287 1730 1512 1767; x_wconf 72' lang='lat' dir='ltr'>observantia,</span> <span class='ocrx_word' id='word_1_418' title='bbox 1543 1729 1607 1762; x_wconf 78' lang='lat' dir='ltr'>sive</span> <span class='ocrx_word' id='word_1_419' title='bbox 1644 1730 1704 1762; x_wconf 71' lang='lat' dir='ltr'>Re-</span> 
     </span>
     <span class='ocr_line' id='line_1_80' title="bbox 967 1782 1703 1825; baseline -0.004 -7"><span class='ocrx_word' id='word_1_420' title='bbox 967 1786 1199 1825; x_wconf 75' lang='lat' dir='ltr'>formatorum,</span> <span class='ocrx_word' id='word_1_421' title='bbox 1236 1784 1284 1816; x_wconf 84' lang='lat' dir='ltr'>vel</span> <span class='ocrx_word' id='word_1_422' title='bbox 1311 1783 1415 1816; x_wconf 85' lang='lat' dir='ltr'>dictae</span> <span class='ocrx_word' id='word_1_423' title='bbox 1441 1782 1533 1815; x_wconf 80' lang='lat' dir='ltr'>Sedis</span> <span class='ocrx_word' id='word_1_424' title='bbox 1570 1783 1703 1815; x_wconf 83' lang='lat' dir='ltr'>servitio</span> 
     </span>
     <span class='ocr_line' id='line_1_81' title="bbox 965 1835 1703 1876; baseline -0.007 -5"><span class='ocrx_word' id='word_1_425' title='bbox 965 1838 1094 1876; x_wconf 83' lang='lat' dir='ltr'>addicti,</span> <span class='ocrx_word' id='word_1_426' title='bbox 1120 1837 1265 1870; x_wconf 86' lang='lat' dir='ltr'>volumus</span> <span class='ocrx_word' id='word_1_427' title='bbox 1292 1836 1330 1868; x_wconf 84' lang='lat' dir='ltr'>de</span> <span class='ocrx_word' id='word_1_428' title='bbox 1357 1835 1478 1868; x_wconf 71' lang='lat' dir='ltr'>familia</span> <span class='ocrx_word' id='word_1_429' title='bbox 1508 1835 1703 1867; x_wconf 85' lang='lat' dir='ltr'>commorari</span> 
     </span>
     <span class='ocr_line' id='line_1_82' title="bbox 966 1889 1703 1935; baseline -0.004 -11"><span class='ocrx_word' id='word_1_430' title='bbox 966 1903 1075 1935; x_wconf 84' lang='lat' dir='ltr'>posse,</span> <span class='ocrx_word' id='word_1_431' title='bbox 1101 1891 1174 1930; x_wconf 83' lang='lat' dir='ltr'>sed,</span> <span class='ocrx_word' id='word_1_432' title='bbox 1203 1889 1340 1933; x_wconf 83' lang='lat' dir='ltr'>expletis</span> <span class='ocrx_word' id='word_1_433' title='bbox 1366 1900 1477 1922; x_wconf 84' lang='lat' dir='ltr'>eorum</span> <span class='ocrx_word' id='word_1_434' title='bbox 1505 1889 1637 1928; x_wconf 80' lang='lat' dir='ltr'>officiis,</span> <span class='ocrx_word' id='word_1_435' title='bbox 1665 1890 1703 1922; x_wconf 81' lang='lat' dir='ltr'>ad</span> 
     </span>
     <span class='ocr_line' id='line_1_83' title="bbox 966 1942 1704 1988; baseline -0.005 -11"><span class='ocrx_word' id='word_1_436' title='bbox 966 1944 1113 1988; x_wconf 80' lang='lat' dir='ltr'>proprias</span> <span class='ocrx_word' id='word_1_437' title='bbox 1153 1943 1335 1987; x_wconf 88' lang='lat' dir='ltr'>provincias</span> <span class='ocrx_word' id='word_1_438' title='bbox 1361 1943 1411 1975; x_wconf 85' lang='lat' dir='ltr'>vel</span> <span class='ocrx_word' id='word_1_439' title='bbox 1452 1942 1490 1974; x_wconf 86' lang='lat' dir='ltr'>ad</span> <span class='ocrx_word' id='word_1_440' title='bbox 1526 1948 1704 1974; x_wconf 73' lang='lat' dir='ltr'>contentus</span> 
     </span>
     <span class='ocr_line' id='line_1_84' title="bbox 965 1995 1704 2039; baseline -0.007 -8"><span class='ocrx_word' id='word_1_441' title='bbox 965 1998 1025 2031; x_wconf 89' lang='lat' dir='ltr'>sibi</span> <span class='ocrx_word' id='word_1_442' title='bbox 1059 2009 1074 2030; x_wconf 88' lang='lat' dir='ltr'>a</span> <span class='ocrx_word' id='word_1_443' title='bbox 1104 1997 1197 2029; x_wconf 85' lang='lat' dir='ltr'>dictis</span> <span class='ocrx_word' id='word_1_444' title='bbox 1228 1995 1455 2039; x_wconf 87' lang='lat' dir='ltr'>superioribus</span> <span class='ocrx_word' id='word_1_445' title='bbox 1491 1995 1704 2037; x_wconf 82' lang='lat' dir='ltr'>assignandos</span> 
     </span>
     <span class='ocr_line' id='line_1_85' title="bbox 966 2048 1704 2095; baseline -0.007 -11"><span class='ocrx_word' id='word_1_446' title='bbox 966 2051 1129 2095; x_wconf 81' lang='lat' dir='ltr'>proticisci</span> <span class='ocrx_word' id='word_1_447' title='bbox 1155 2050 1289 2083; x_wconf 91' lang='lat' dir='ltr'>omnino</span> <span class='ocrx_word' id='word_1_448' title='bbox 1317 2054 1498 2089; x_wconf 85' lang='lat' dir='ltr'>tencantur,</span> <span class='ocrx_word' id='word_1_449' title='bbox 1529 2049 1561 2080; x_wconf 90' lang='lat' dir='ltr'>in</span> <span class='ocrx_word' id='word_1_450' title='bbox 1588 2048 1704 2091; x_wconf 90' lang='lat' dir='ltr'>quibus</span> 
     </span>
     <span class='ocr_line' id='line_1_86' title="bbox 966 2100 1701 2147; baseline -0.005 -11"><span class='ocrx_word' id='word_1_451' title='bbox 966 2103 1154 2147; x_wconf 80' lang='lat' dir='ltr'>guardianis</span> <span class='ocrx_word' id='word_1_452' title='bbox 1190 2102 1281 2142; x_wconf 81' lang='lat' dir='ltr'>suis,</span> <span class='ocrx_word' id='word_1_453' title='bbox 1318 2102 1405 2134; x_wconf 75' lang='lat' dir='ltr'>iuxta</span> <span class='ocrx_word' id='word_1_454' title='bbox 1437 2101 1501 2133; x_wconf 81' lang='lat' dir='ltr'>divi</span> <span class='ocrx_word' id='word_1_455' title='bbox 1538 2100 1701 2133; x_wconf 85' lang='lat' dir='ltr'>Francisci</span> 
     </span>
     <span class='ocr_line' id='line_1_87' title="bbox 965 2152 1702 2195; baseline -0.005 -6"><span class='ocrx_word' id='word_1_456' title='bbox 965 2156 1161 2189; x_wconf 88' lang='lat' dir='ltr'>institutoris</span> <span class='ocrx_word' id='word_1_457' title='bbox 1187 2159 1346 2194; x_wconf 89' lang='lat' dir='ltr'>mentem,</span> <span class='ocrx_word' id='word_1_458' title='bbox 1376 2153 1419 2186; x_wconf 85' lang='lat' dir='ltr'>ita</span> <span class='ocrx_word' id='word_1_459' title='bbox 1443 2152 1491 2185; x_wconf 92' lang='lat' dir='ltr'>illi</span> <span class='ocrx_word' id='word_1_460' title='bbox 1523 2162 1702 2195; x_wconf 87' lang='lat' dir='ltr'>eorumque</span> 
     </span>
     <span class='ocr_line' id='line_1_88' title="bbox 966 2206 1703 2246; baseline -0.008 -4"><span class='ocrx_word' id='word_1_461' title='bbox 966 2209 1043 2242; x_wconf 90' lang='lat' dir='ltr'>socii</span> <span class='ocrx_word' id='word_1_462' title='bbox 1064 2210 1197 2242; x_wconf 84' lang='lat' dir='ltr'>subesse</span> <span class='ocrx_word' id='word_1_463' title='bbox 1223 2208 1379 2246; x_wconf 84' lang='lat' dir='ltr'>debeant,</span> <span class='ocrx_word' id='word_1_464' title='bbox 1398 2211 1433 2238; x_wconf 91' lang='lat' dir='ltr'>ut</span> <span class='ocrx_word' id='word_1_465' title='bbox 1458 2210 1547 2238; x_wconf 83' lang='lat' dir='ltr'>extra</span> <span class='ocrx_word' id='word_1_466' title='bbox 1564 2206 1703 2238; x_wconf 89' lang='lat' dir='ltr'>claustra</span> 
     </span>
     <span class='ocr_line' id='line_1_89' title="bbox 966 2256 1704 2304; baseline -0.007 -10"><span class='ocrx_word' id='word_1_467' title='bbox 966 2262 1087 2304; x_wconf 88' lang='lat' dir='ltr'>absque</span> <span class='ocrx_word' id='word_1_468' title='bbox 1120 2261 1274 2303; x_wconf 77' lang='lat' dir='ltr'>expressa</span> <span class='ocrx_word' id='word_1_469' title='bbox 1310 2256 1519 2292; x_wconf 77' lang='lat' dir='ltr'>eorumdem¹</span> <span class='ocrx_word' id='word_1_470' title='bbox 1553 2258 1704 2300; x_wconf 79' lang='lat' dir='ltr'>guardia-</span> 
     </span>
     <span class='ocr_line' id='line_1_90' title="bbox 966 2310 1704 2357; baseline -0.005 -11"><span class='ocrx_word' id='word_1_471' title='bbox 966 2324 1082 2346; x_wconf 86' lang='lat' dir='ltr'>norum</span> <span class='ocrx_word' id='word_1_472' title='bbox 1106 2313 1252 2357; x_wconf 89' lang='lat' dir='ltr'>qualibet</span> <span class='ocrx_word' id='word_1_473' title='bbox 1276 2311 1343 2345; x_wconf 89' lang='lat' dir='ltr'>vice</span> <span class='ocrx_word' id='word_1_474' title='bbox 1371 2310 1549 2344; x_wconf 77' lang='lat' dir='ltr'>obtinenda</span> <span class='ocrx_word' id='word_1_475' title='bbox 1572 2311 1704 2344; x_wconf 82' lang='lat' dir='ltr'>licentia</span> 
     </span>
     <span class='ocr_line' id='line_1_91' title="bbox 967 2365 1305 2408; baseline -0.006 -10"><span class='ocrx_word' id='word_1_476' title='bbox 967 2366 1054 2399; x_wconf 80' lang='lat' dir='ltr'>exire</span> <span class='ocrx_word' id='word_1_477' title='bbox 1079 2376 1143 2399; x_wconf 91' lang='lat' dir='ltr'>non</span> <span class='ocrx_word' id='word_1_478' title='bbox 1168 2365 1305 2408; x_wconf 87' lang='lat' dir='ltr'>possint.</span> 
     </span>
    </p>

    <p class='ocr_par' dir='ltr' id='par_1_9' title="bbox 967 2417 1886 2514">
     <span class='ocr_line' id='line_1_92' title="bbox 1011 2417 1886 2468; baseline -0.003 -18"><span class='ocrx_word' id='word_1_479' title='bbox 1011 2419 1025 2462; x_wconf 67' lang='lat' dir='ltr'>g</span> <span class='ocrx_word' id='word_1_480' title='bbox 1049 2418 1325 2460; x_wconf 63' lang='lat' dir='ltr'>li.111stipei,ne</span> <span class='ocrx_word' id='word_1_481' title='bbox 1344 2417 1383 2450; x_wconf 90' lang='lat' dir='ltr'>ad</span> <span class='ocrx_word' id='word_1_482' title='bbox 1402 2417 1531 2459; x_wconf 80' lang='lat' dir='ltr'>gradus,</span> <span class='ocrx_word' id='word_1_483' title='bbox 1551 2417 1655 2450; x_wconf 85' lang='lat' dir='ltr'>officia</span> <span class='ocrx_word' id='word_1_484' title='bbox 1674 2421 1705 2449; x_wconf 84' lang='lat' dir='ltr'>et</span> <span class='ocrx_word' id='word_1_485' title='bbox 1727 2423 1796 2468; x_wconf 44' lang='lat' dir='ltr'>1¹ss</span> <span class='ocrx_word' id='word_1_486' title='bbox 1813 2421 1886 2465; x_wconf 48' lang='lat'>[³¹</span> 
     </span>
     <span class='ocr_line' id='line_1_93' title="bbox 967 2455 1867 2514; baseline -0.007 -10"><span class='ocrx_word' id='word_1_487' title='bbox 967 2472 1139 2514; x_wconf 80' lang='lat' dir='ltr'>dignitates</span> <span class='ocrx_word' id='word_1_488' title='bbox 1161 2480 1219 2513; x_wconf 86' lang='lat' dir='ltr'>pei</span> <span class='ocrx_word' id='word_1_489' title='bbox 1243 2470 1446 2502; x_wconf 84' lang='lat' dir='ltr'>emendicata</span> <span class='ocrx_word' id='word_1_490' title='bbox 1471 2469 1547 2502; x_wconf 81' lang='lat' dir='ltr'>sutl&#39;r</span> <span class='ocrx_word' id='word_1_491' title='bbox 1551 2470 1622 2512; x_wconf 79' lang='lat' dir='ltr'>agia</span> <span class='ocrx_word' id='word_1_492' title='bbox 1644 2455 1733 2502; x_wconf 61' lang='lat' dir='ltr'>aui-{¹1</span> <span class='ocrx_word' id='word_1_493' title='bbox 1863 2464 1867 2471; x_wconf 88' lang='grc'>’</span> 
     </span>
    </p>
   </div>
   <div class='ocr_carea' id='block_1_6' title="bbox 966 2504 1897 2572">
    <p class='ocr_par' dir='ltr' id='par_1_10' title="bbox 966 2504 1897 2572">
     <span class='ocr_line' id='line_1_94' title="bbox 966 2504 1897 2572; baseline -0.005 -15"><span class='ocrx_word' id='word_1_494' title='bbox 966 2525 1101 2558; x_wconf 87' lang='lat' dir='ltr'>bitiosus</span> <span class='ocrx_word' id='word_1_495' title='bbox 1126 2528 1233 2566; x_wconf 89' lang='lat' dir='ltr'>pateat</span> <span class='ocrx_word' id='word_1_496' title='bbox 1257 2533 1415 2562; x_wconf 85' lang='lat' dir='ltr'>accessus,</span> <span class='ocrx_word' id='word_1_497' title='bbox 1437 2528 1468 2555; x_wconf 89' lang='lat' dir='ltr'>et</span> <span class='ocrx_word' id='word_1_498' title='bbox 1485 2524 1591 2555; x_wconf 89' lang='lat' dir='ltr'>aditus</span> <span class='ocrx_word' id='word_1_499' title='bbox 1616 2533 1724 2565; x_wconf 84' lang='lat' dir='ltr'>piae·</span> <span class='ocrx_word' id='word_1_500' title='bbox 1715 2504 1743 2572; x_wconf 44' lang='grc' dir='ltr'>ΤΞ·</span> <span class='ocrx_word' id='word_1_501' title='bbox 1738 2533 1764 2546; x_wconf 70' lang='lat'>«111</span> <span class='ocrx_word' id='word_1_502' title='bbox 1780 2507 1897 2551; x_wconf 50' lang='grc' dir='ltr'>ΔιυῘῖἶιυτιιῗ</span> 
     </span>
    </p>
   </div>
   <div class='ocr_carea' id='block_1_7' title="bbox 1002 2557 1897 2620">
    <p class='ocr_par' dir='ltr' id='par_1_11' title="bbox 1002 2557 1897 2620">
     <span class='ocr_line' id='line_1_95' title="bbox 1002 2557 1897 2620; baseline -0.001 -6"><span class='ocrx_word' id='word_1_503' title='bbox 1002 2588 1013 2614; x_wconf 85' lang='grc'>1</span> <span class='ocrx_word' id='word_1_504' title='bbox 1036 2585 1107 2613; x_wconf 83' lang='lat' dir='ltr'>Edit</span> <span class='ocrx_word' id='word_1_505' title='bbox 1127 2585 1210 2613; x_wconf 86' lang='lat' dir='ltr'>Main.</span> <span class='ocrx_word' id='word_1_506' title='bbox 1226 2585 1293 2620; x_wconf 78' lang='lat' dir='ltr'>legit</span> <span class='ocrx_word' id='word_1_507' title='bbox 1308 2585 1479 2613; x_wconf 77' lang='lat' dir='ltr'>earumdem</span> <span class='ocrx_word' id='word_1_508' title='bbox 1494 2586 1531 2619; x_wconf 75' lang='lat' dir='ltr'>(a.</span> <span class='ocrx_word' id='word_1_509' title='bbox 1547 2585 1597 2613; x_wconf 84' lang='grc' dir='ltr'>Τ.)</span> <span class='ocrx_word' id='word_1_510' title='bbox 1750 2558 1803 2577; x_wconf 56' lang='lat' dir='ltr'>mm</span> <span class='ocrx_word' id='word_1_511' title='bbox 1826 2558 1850 2576; x_wconf 55' lang='grc' dir='ltr'>Ι</span> <span class='ocrx_word' id='word_1_512' title='bbox 1841 2557 1897 2571; x_wconf 38' lang='lat' dir='ltr'>em·</span> 
     </span>
    </p>
   </div>
   <div class='ocr_carea' id='block_1_8' title="bbox 1778 198 1896 224">
    <p class='ocr_par' dir='ltr' id='par_1_12' title="bbox 1778 198 1896 224">
     <span class='ocr_line' id='line_1_96' title="bbox 1778 198 1896 224; baseline 0 0"><span class='ocrx_word' id='word_1_513' title='bbox 1778 200 1806 224; x_wconf 76' lang='grc' dir='ltr'>(ἑ.</span> <span class='ocrx_word' id='word_1_514' title='bbox 1829 198 1896 224; x_wconf 65' lang='grc' dir='ltr'>ιῖῗί.</span> 
     </span>
    </p>
   </div>
   <div class='ocr_carea' id='block_1_9' title="bbox 1724 677 1901 756">
    <p class='ocr_par' dir='ltr' id='par_1_13' title="bbox 1724 677 1901 756">
     <span class='ocr_line' id='line_1_97' title="bbox 1724 677 1901 756; baseline 0 2391"><span class='ocrx_word' id='word_1_515' title='bbox 1724 677 1901 756; x_wconf 95' lang='lat' dir='ltr'> </span> 
     </span>
    </p>
   </div>
   <div class='ocr_carea' id='block_1_10' title="bbox 1725 2420 1903 2523">
    <p class='ocr_par' dir='ltr' id='par_1_14' title="bbox 1725 2420 1903 2523">
     <span class='ocr_line' id='line_1_98' title="bbox 1725 2420 1903 2523; baseline 0 0"><span class='ocrx_word' id='word_1_516' title='bbox 1725 2479 1783 2520; x_wconf 95' lang='lat' dir='ltr'>  </span> <span class='ocrx_word' id='word_1_517' title='bbox 1784 2420 1903 2523; x_wconf 95' lang='lat' dir='ltr'> </span> 
     </span>
    </p>
   </div>
   <div class='ocr_carea' id='block_1_11' title="bbox 1714 2560 1897 2600">
    <p class='ocr_par' dir='ltr' id='par_1_15' title="bbox 1714 2560 1897 2600">
     <span class='ocr_line' id='line_1_99' title="bbox 1714 2560 1897 2600; baseline -0.011 0"><span class='ocrx_word' id='word_1_518' title='bbox 1714 2560 1787 2600; x_wconf 69' lang='lat' dir='ltr'>nriiuui</span> <span class='ocrx_word' id='word_1_519' title='bbox 1799 2578 1897 2599; x_wconf 66' lang='lat' dir='ltr'>fratribus</span> 
     </span>
    </p>
   </div>
  </div>
 </body>
</html>
