2170 3147
0 239 35 259 in.
55 231 83 258 C.
102 230 170 258 ¹721

10 870 92 891 Causae
107 876 167 895 praa-

0 900 48 917 ?:ms
72 898 168 917 ductat-a-

1 929 46 943 mus
79 926 99 943 et
125 930 167 944 am-

0 949 98 971 tutionis.

752 230 945 253 EEassDtcTt's
969 230 1024 253 xm
1049 231 1096 253 ΓΡ.

177 279 303 322 piscopi
331 284 362 312 et
384 278 527 321 episcopi
555 278 689 324 praefati
716 279 807 319 regni
835 278 935 316 Nea,

177 333 313 374 politani
341 338 428 364 extra
454 330 664 363 residentiam
702 342 739 363 ex
770 332 831 363 lioc
867 341 912 362 se<

177 387 248 418 culo
276 384 506 426 migraverint,
531 389 563 415 et
588 384 618 415 in
653 383 911 416 controversiain

177 437 281 470 vocari
307 436 486 479 contigerit,
506 447 546 468 an
572 447 681 468 eorum
704 437 789 469 bona
807 436 911 478 spolio

176 490 287 523 subiici
304 489 485 531 deberent),
501 489 648 522 discusso
667 489 725 522 rite
743 500 779 521 ac
799 489 913 521 ordine
934 507 936 524 ·,

178 543 274 576 dubio
288 542 320 575 in
333 542 590 585 Congregatione
605 543 712 574 nostra
729 541 912 584 Spoliorum

175 597 368 638 nuncupata,
380 595 595 627 resolutiones
610 594 789 637 prodierint
807 594 912 626 eidem

176 651 326 682 Gamerae
352 647 558 687 favorabiles,
584 652 615 680 et
635 648 663 679 in
689 647 913 680 executionem

177 701 332 734 eiusmodi
351 700 586 734 resolutionum
606 700 637 732 in
662 700 816 743 praefatis
834 699 910 731 car-ir

177 754 236 787 bus
261 754 399 797 spolium
424 753 561 786 subinde
581 753 713 792 sactum,
732 763 767 785 ac
785 752 914 795 praedi·
935 751 936 755 ’

178 813 248 840 ctae
265 807 416 840 Gamerae
441 817 474 839 re
501 806 568 849 ipsa
586 806 781 849 applicatum
803 805 912 838 suerit:

222 862 236 903 ξ
260 860 291 894 3.
311 860 373 893 Nos
398 859 516 903 itaque,
539 859 833 893 animadvertentes
852 869 912 891 me-

178 913 500 956 moratolnnoeentio
515 913 756 956 praedecessori
776 912 806 944 in
825 922 913 955 prae-

179 967 241 999 fata
265 966 497 999 constitutione
516 976 581 998 non
602 965 696 998 aliam
716 965 811 997 fuisse
827 975 913 997 men-

179 1025 240 1052 tem
266 1024 362 1062 atque
388 1018 570 1058 consilium,
597 1018 656 1050 nisi
682 1023 716 1049 ut
749 1023 913 1060 metropo-

178 1073 371 1112 litanarum,
415 1070 669 1109 cathedralium,
709 1071 911 1114 alffirnnupm

176 1125 382 1158 ecelesiarum
400 1124 638 1168 praedictarum
659 1123 821 1166 angustias
839 1124 912 1155 sub-

178 1180 298 1211 levaret
324 1177 428 1220 (quae
454 1176 548 1210 nobis
571 1177 664 1209 etiam
688 1176 763 1219 ipsis
784 1176 912 1208 abunde

178 1238 272 1265 notae
308 1237 380 1264 sunt.
412 1236 506 1273 atque
543 1235 742 1274 perspectae,
776 1240 845 1263 cum
880 1229 911 1261 in

179 1285 293 1318 eodem
334 1294 436 1327 regno
474 1294 537 1316 non
564 1283 659 1316 modo
696 1283 760 1315 nati
787 1294 822 1315 ac
859 1282 911 1315 diu

178 1337 294 1370 versati
310 1337 420 1376 simus,
441 1347 549 1369 verum
571 1336 666 1369 etiam
686 1336 814 1375 ibidem,
837 1336 912 1367 dum

180 1391 393 1423 cardinalatus
420 1390 625 1432 fungeremur
643 1390 781 1428 honore,
804 1388 915 1432 Sipon-

182 1445 265 1476 tinae
285 1443 425 1487 primum
450 1454 486 1476 ac
511 1443 628 1476 deinde
665 1443 914 1475 Beneventanae

180 1496 440 1540 metropolitanis
473 1495 629 1535 ecelesiis,
653 1494 754 1538 priori
790 1495 915 1527 scilieet

180 1559 239 1592 per
255 1548 440 1588 triennium,
457 1553 487 1581 et
505 1547 676 1591 posteriori
698 1547 827 1590 triginta
844 1553 914 1580 octo

180 1602 310 1634 circiter
342 1611 501 1634 annorum
532 1601 656 1643 spatio,
682 1611 850 1643 quousque
876 1600 913 1632 ad

180 1654 380 1697 apostolicae
407 1653 572 1696 dignitatis
611 1653 771 1696 fastigium
808 1653 914 1686 divina

179 1706 351 1740 clementia
376 1717 434 1740 nos
458 1706 582 1745 extulit,
601 1706 862 1749 praesumimus),
885 1711 916 1738 et

179 1759 380 1802 potissimum
415 1763 599 1802 opportune
629 1759 816 1802 provideret
841 1759 915 1797 ea',

180 1824 261 1858 quae
286 1812 385 1846 sacris
409 1812 666 1855 supellectilibus
689 1817 719 1843 et
737 1811 916 1854 reparatio-

178 1866 271 1899 nibus
302 1865 487 1908 indigerent
519 1875 765 1907 congruumtpte
803 1864 912 1896 subsi-

181 1920 268 1953 dium
288 1918 327 1952 ab
354 1929 462 1951 earum
480 1918 633 1961 praelatis
651 1918 831 1950 viventibus
850 1928 914 1950 non

181 1973 392 2016 accepissent,
419 1973 533 2005 saltem
553 1977 622 2015 post
640 1972 767 2005 illorum
794 1971 915 2004 obitum

183 2036 219 2058 ex
245 2035 354 2058 eorum
380 2024 474 2057 bonis
493 2024 603 2063 iuvari,
622 2024 779 2067 reparari,
797 2024 916 2064 ornari,

183 2079 340 2121 rebusque
357 2079 396 2111 ad
417 2078 559 2111 divinum
578 2078 768 2121 praesertim
794 2079 916 2112 cultum

183 2130 371 2164 necessariis
397 2130 511 2162 instrui
538 2136 685 2173 possent,
717 2141 752 2163 ac
778 2131 915 2174 proinde

183 2193 321 2226 aequum
355 2192 424 2215 esse
458 2188 640 2222 censentes,
676 2188 711 2215 ut
734 2183 859 2216 nullum
884 2183 916 2216 in

183 2236 243 2268 liae
260 2235 392 2268 materia
409 2234 624 2268 constituatur
645 2235 818 2268 discrimen
834 2236 918 2269 inter

182 2288 344 2332 praelatos
370 2293 461 2321 extra
484 2287 694 2321 residentiam
720 2289 768 2321 vel
794 2289 825 2320 in
846 2289 918 2322 resi-

182 2341 291 2375 dentia
324 2341 538 2382 decedentes,
576 2352 647 2374 eum
673 2352 783 2375 eorum
802 2342 917 2374 sactum

181 2393 295 2427 obesse
320 2393 452 2426 minime
474 2394 590 2427 debeat
607 2394 760 2435 ecclesiis,
783 2405 917 2438 quarum

182 2447 277 2487 favor,
302 2447 424 2480 utilitas
458 2453 488 2480 et
521 2447 720 2480 beneficium
746 2448 778 2480 in
805 2448 917 2481 eadem

181 2499 409 2533 innocentiana
435 2499 667 2533 constitutione
691 2500 917 2543 principaliter

181 2552 432 2591 consideratum,
459 2558 553 2595 atque
579 2552 736 2593 Pontifici,
763 2554 916 2597 quemad-

218 2616 228 2642 1
252 2613 341 2642 Potius
358 2613 499 2650 legendum
518 2617 546 2641 ut
561 2623 610 2642 eae
626 2616 663 2650 in,
676 2616 723 2649 r).

956 279 1087 310 modum
1114 289 1149 310 ex
1179 283 1243 311 toto
1269 278 1354 311 illins
1382 284 1492 310 tenore
1524 278 1693 310 manifeste

956 330 1133 373 colligitur,
1171 332 1374 374 propositum
1400 331 1430 363 iu
1468 331 1580 374 primis
1614 331 1691 363 suit:

957 384 1034 416 binc
1065 384 1164 426 igitur
1197 389 1246 416 est
1271 385 1356 426 quod
1385 394 1462 422 ηος,
1487 394 1616 416 omnem
1655 384 1693 416 de

957 442 1065 468 cetero
1091 436 1387 468 controversiarum
1416 447 1452 468 ac
1477 436 1581 469 litium
1608 446 1695 468 occa-

957 488 1080 521 sionem
1097 500 1112 521 e
1132 489 1238 521 medio
1257 490 1395 528 auferre,
1414 490 1693 532 praefaturumque

957 542 1169 574 ecclesiarum
1204 542 1302 584 quieti
1338 547 1369 574 et
1402 543 1626 585 tranquillitati
1664 549 1697 576 et

958 595 1140 634 commodo,
1167 600 1321 637 quantum
1349 595 1380 627 in
1412 595 1548 628 Domino
1581 606 1696 638 possu-

958 658 1036 687 mus,
1056 649 1225 681 consulere
1243 648 1420 691 cupientes
1443 654 1530 680 motu
1550 649 1695 691 proprio,

959 712 994 733 ex
1021 702 1106 733 certa
1130 700 1264 733 scientia
1300 712 1335 733 ac
1371 703 1497 733 matura
1534 701 1696 734 delibera-

959 753 1045 785 tione
1071 753 1202 793 nostris,
1238 754 1342 796 deque
1369 752 1568 796 apostolieae
1600 754 1694 786 nobis

958 806 1130 838 attributae
1172 807 1341 849 potestatis
1378 806 1594 849 plenitudine,
1636 806 1697 839 bac

958 861 1067 891 nostra
1092 864 1251 902 perpetuo
1289 858 1425 892 valitura
1461 859 1695 892 constitutione

957 913 1143 952 statuinuts,
1169 912 1373 945 decernimus
1406 917 1436 944 et
1470 912 1694 953 declaramus,

958 970 1152 998 memoratas
1178 965 1302 998 litteras
1322 965 1517 1008 apostolicas
1542 965 1698 998 Innocen-

958 1018 990 1050 tii
1017 1017 1281 1061 praedecessoris
1308 1028 1400 1050 suum
1427 1018 1604 1060 integrum,
1627 1019 1696 1061 ple-

957 1071 1081 1103 narium
1108 1081 1143 1103 ac
1168 1070 1392 1127 omssiodum
1411 1069 1559 1102 effectum
1579 1077 1609 1104 et
1629 1081 1697 1104 exe-

957 1124 1120 1158 cutionem
1137 1124 1169 1156 in
1189 1129 1353 1167 posterum
1374 1123 1481 1156 sortiri
1500 1134 1536 1155 ac
1550 1123 1697 1156 obtinere

958 1179 1076 1212 debere
1103 1177 1133 1209 in
1160 1177 1326 1220 praedicto
1354 1187 1456 1218 regno
1474 1176 1696 1219 Neapolitano,

958 1230 1124 1274 perpetuis
1151 1229 1263 1261 suturis
1297 1229 1509 1272 temporibus,
1543 1229 1639 1261 etiam
1665 1228 1696 1261 iu

958 1284 1085 1317 casibus
1116 1283 1147 1314 in
1180 1281 1297 1325 quibus
1323 1281 1604 1324 archiepiscopos,
1630 1281 1697 1324 epi-

958 1347 1073 1379 scopos
1099 1342 1129 1368 et
1154 1335 1325 1368 inferiores
1356 1336 1517 1378 praelatos
1549 1334 1698 1378 supradi-

959 1395 1025 1421 ctos
1053 1394 1141 1421 extra
1167 1388 1377 1420 residentiam
1396 1387 1488 1420 obire
1507 1387 1697 1429 eontigerit·,

962 1448 1010 1481 et,
1039 1448 1196 1485 quatenus
1223 1451 1305 1483 opus
1330 1440 1390 1480 sit,
1417 1440 1547 1472 easdem
1572 1441 1698 1473 litteras

958 1495 1151 1537 apostolicas
1177 1494 1214 1526 ad
1242 1504 1354 1525 onmes
1380 1498 1411 1525 et
1443 1492 1588 1535 singulos
1615 1492 1699 1525 eius-

959 1547 1044 1580 modi
1083 1552 1186 1587 motu,
1214 1546 1348 1578 scientia
1373 1551 1405 1578 et
1435 1545 1602 1589 potestatis
1634 1547 1700 1589 ple-

960 1600 1106 1632 nitudine
1132 1600 1264 1642 paribus
1291 1599 1494 1631 extendimus
1520 1599 1701 1642 etamplia-

959 1664 1046 1693 nius3
1075 1652 1294 1695 {ir-aetatisque
1317 1652 1361 1684 Pii
1381 1652 1416 1684 lv
1439 1652 1700 1695 praedecessoris

959 1707 996 1739 de
1027 1706 1141 1749 spoliis
1179 1707 1400 1748 praelatorum
1439 1711 1469 1738 et
1506 1706 1699 1739 elericorum

960 1765 1046 1792 extra
1074 1758 1283 1791 residentiam
1319 1759 1569 1798 decedentium,
1596 1770 1632 1791 ac
1666 1770 1700 1792 o-

959 1812 1085 1845 mnibus
1112 1812 1183 1845 aliis
1211 1812 1347 1844 aliorum
1371 1813 1590 1845 Romanorum
1618 1813 1699 1845 Pon-

936 1898 938 1903 ,
960 1866 1100 1905 titieum,
1127 1866 1150 1897 si
1178 1876 1259 1908 quac
1286 1865 1371 1905 sint,
1398 1865 1699 1904 constitutionilms,

960 1920 1054 1953 etiam
1080 1919 1234 1962 peculiari
1257 1925 1287 1951 et
1306 1919 1468 1951 individua
1488 1921 1563 1951 nota
1583 1919 1700 1961 dignis,

960 1974 995 2005 eii
1023 1978 1146 2005 tantum
1183 1978 1276 2016 parte
1303 1972 1334 2004 in
1361 1983 1423 2014 qua
1448 1972 1610 2015 praesenti
1644 1983 1701 2005 no—

959 2031 1044 2058 strae
1071 2025 1294 2058 constitutioni
1320 2025 1484 2058 adversari
1511 2025 1702 2067 dignoscun-

961 2084 1020 2118 tur⁷
1048 2079 1111 2111 illis
1137 2079 1215 2111 alias
1236 2078 1265 2110 in
1284 2080 1341 2110 sua
1358 2078 1510 2111 firmitate
1529 2088 1565 2110 ac
1583 2079 1702 2111 robore

961 2131 1193 2174 permansuris,
1220 2131 1407 2174 specialiter
1433 2136 1465 2163 et
1492 2141 1645 2174 expresse
1666 2141 1702 2164 ac

961 2184 1159 2227 amplissime
1197 2184 1415 2226 derogamus,
1443 2190 1474 2216 et
1511 2184 1701 2227 ‹tlerogatum

962 2247 1029 2270 esse
1056 2238 1203 2270 volumus
1230 2242 1262 2270 et
1286 2237 1486 2269 mandamus.

1005 2290 1074 2333 gli.
1110 2291 1170 2323 Per
1202 2295 1391 2333 lauraesentes
1422 2295 1530 2323 tamen
1562 2291 1700 2332 casibus,

962 2344 1015 2386 qui
1041 2344 1210 2386 hucusque
1230 2348 1423 2383 evenerunt,
1444 2353 1588 2377 normam
1614 2355 1703 2388 prae-

962 2396 1126 2435 scribere,
1153 2402 1183 2428 et
1209 2396 1313 2439 spolia
1338 2396 1495 2429 hactenus
1522 2398 1621 2437 sacta,
1655 2398 1702 2431 di-

961 2455 1096 2492 ctaeque
1121 2449 1274 2482 Gamerae
1301 2449 1517 2492 Apostolieae,
1536 2449 1568 2482 in
1590 2460 1703 2483 execu-

963 2502 1085 2534 tionem
1116 2502 1353 2534 resolutionum
1386 2507 1587 2535 memoratae
1620 2502 1703 2536 Con-

961 2555 1161 2597 gregationis
1196 2555 1401 2598 Spoliorum,
1426 2561 1460 2588 ut
1494 2556 1700 2599 praefertur,

960 2608 1133 2651 applicata,
1161 2608 1286 2642 irritare
1313 2619 1368 2642 seu
1394 2619 1544 2643 revocare
1570 2619 1634 2643 non
1654 2610 1702 2644 in-

1615 219 1656 253 t‘23
1701 230 1750 255 An.
1773 228 1800 254 c.
1822 228 1888 255 1724

1747 2301 1770 2319 01
1777 2301 1897 2320 dinatinnes

1712 2329 1845 2352 pmudwtao.
