2170 3147
27 251 76 278 An.
95 249 124 277 C.
147 248 214 277 1725

816 246 1008 272 BENEDICTUS
1034 247 1089 272 x111
1114 248 1160 271 1³1³.

220 297 327 337 ser·‚1et
350 296 575 336 nihilominus,
596 307 635 330 ne
663 308 822 340 supernae
849 298 958 330 v-olun

221 349 296 389 tui,
322 349 372 381 cui
400 360 463 381 non
492 354 541 382 est
566 350 619 393 qui
647 350 800 389 lesistat,
823 350 956 382 nimium

220 403 378 435 obluctari
405 402 600 443 xidcrcmm,
620 403 773 446 imposito
792 403 886 435 nobis
912 402 958 434 ιιι-

220 561 251 592 ιιι
272 560 408 594 Domino
431 561 514 602 freti,
533 568 578 601 ut,
598 561 650 604 qui
673 561 768 594 nobis
787 560 957 603 apostolici

219 612 390 646 ministerii
417 619 529 647 auctor
548 614 615 653 fuit,
637 613 779 646 mitteret
805 612 980 651 auxilium

977 302 980 368 Ι

1001 295 1080 328 Eum
1106 296 1159 339 qui
1187 297 1305 329 multus
1343 301 1390 328 est
1426 295 1463 328 ad
1487 294 1739 336 ignoscendum,

1002 354 1029 381 et
1057 349 1223 382 orationes
1242 354 1377 388 vestras,
1397 348 1508 380 ieiunii
1536 353 1629 390 atque
1656 347 1741 380 elee-

1002 411 1150 444 mosynae
1169 401 1289 433 viribus
1308 401 1486 438 roboratas,
1508 401 1544 432 ad
1564 401 1665 432 altare
1685 400 1741 431 Pa-

220 465 259 496 go
284 455 403 488 collum
430 466 470 489 exv
493 455 659 488 charitatis
684 455 881 488 necessitate
900 449 980 495 liu-t
1003 453 1057 485 tris
1094 453 1390 486 misericordiarum
1428 452 1546 494 iugiter
1581 451 1738 485 offeratis.

220 507 342 540 militer
366 508 583 548 submisimus,
600 507 690 540 firnza
707 519 762 550 spe
781 518 817 540 ac
843 507 980 539 fidncia
1003 506 1200 539 Accedamus
1227 516 1306 548 eigo
1333 506 1370 538 ad
1391 506 1431 538 [ιι
1427 516 1487 537 nm
1515 505 1544 536 in
1572 504 1741 537 sanctitate

1002 558 1139 597 anina-,w
1165 570 1179 589 ι
1184 565 1268 591 asiis]
1296 563 1323 589 et
1352 559 1538 600 impollutas
1564 568 1678 589 manus
1703 557 1741 589 ad

1002 610 1092 642 illum
1119 611 1292 643 elevantes.
1322 610 1482 642 Adeamus
1518 620 1588 641 cum
1627 609 1743 641 fiducia

220 665 259 699 de
285 671 396 700 sancto
417 672 449 699 et
473 666 511 699 de
537 666 613 699 Sion
641 671 789 699 tueretur
814 676 882 698 nos.
902 661 980 699 Ve-}
1002 663 1039 695 ad
1068 663 1220 695 tltronum
1247 673 1282 705 gi
1286 664 1378 702 atiac
1413 668 1447 694 ut
1483 662 1742 695 miscticordiam

219 718 386 759 rum,dum
400 718 555 761 assumpti
570 718 678 752 oneris
693 717 848 761 angelicis
862 718 957 751 etiam
978 702 980 740 i
1002 726 1242 759 consequamur
1267 721 1298 748 et
1324 715 1457 758 gratiam
1483 715 1684 748 inveniamus
1710 715 1741 747 in

221 771 364 804 humeris
407 771 601 805 formidandi
637 772 829 814 gravitatem
870 771 957 804 serio
978 779 980 813 ι
1003 768 1120 801 auxilio
1154 774 1351 811 opportuno.
1386 768 1616 801 Praestabilem
1647 779 1745 812 super

219 824 454 867 perpendimus
472 850 479 863 ,
519 824 736 867 miseramque
778 830 980 868 temporumg

220 877 441 910 conditionem
474 887 509 909 ac
539 878 723 909 luctuosum
762 872 980 909 ein-istianac':

214 929 417 972 ¹reipublicae
444 935 559 963 statum
585 931 852 972 contemplamur,
879 929 957 961 anti-

221 982 408 1026 cipaverunt
433 982 558 1025 vigilias
595 982 679 1015 oculi
714 983 823 1021 nostri,
861 986 979 1024 atquc?

221 1035 308 1068 inter
331 1045 497 1069 moerores
522 1040 554 1068 et
580 1035 717 1078 suspiria
739 1036 898 1075 timemus,
918 1046 957 1068 ne

221 1098 293 1121 cum
313 1088 401 1131 regio
415 1088 577 1131 Propheta
592 1089 771 1121 exclamare
787 1098 954 1130 cogamur:

230 1139 306 1174 Veni
329 1142 364 1173 in
386 1140 600 1174 altitudinem
617 1142 724 1179 itteris,
744 1145 772 1173 e!
789 1144 957 1183 lempeslas

221 1192 372 1226 demersit
397 1204 454 1226 me.
476 1193 627 1226 Dolemus
652 1193 815 1236 siquidem
836 1198 867 1226 et
885 1204 957 1235 gra-

222 1247 303 1280 viter
325 1248 486 1289 angimur,
505 1258 564 1280 nos
590 1248 619 1279 in
647 1258 682 1280 ea
709 1253 853 1289 tempora
879 1247 957 1279 inci-

223 1299 317 1340 disse,

223 1354 398 1386 multorum
424 1354 582 1386 videmus.
609 1353 719 1396 Neque
745 1358 875 1385 sanctae
901 1352 955 1385 Dei

226 1563 301 1596 tima
319 1564 443 1596 animae
460 1569 591 1597 nostrae
609 1564 824 1597 amaritudine
839 1564 956 1596 intueri

221 1625 406 1659 possumus.
428 1616 494 1649 Non
515 1622 621 1650 tamen
643 1616 808 1650 deficimus
835 1616 958 1657 animo,

221 1669 277 1702 sed
299 1679 428 1702 omnem
453 1680 543 1713 spem
563 1675 702 1702 nostram
729 1670 759 1702 in
786 1680 858 1703 eum
884 1681 959 1703 con-

223 1722 389 1762 vertimus,
414 1722 466 1766 qui
494 1728 663 1766 sperantes
689 1723 721 1756 in
748 1734 781 1756 se
804 1724 957 1757 confundi
979 1731 980 1740 ¹

357 1301 473 1343 quibus
512 1300 724 1342 refrigescere
766 1299 956 1332 charitatem
977 1327 979 1336 ,

978 1372 979 1383 ι
1001 1353 1140 1392 beamus,

223 1406 386 1439 Ecclesiae
420 1407 544 1445 faciem,
578 1408 639 1449 qna
675 1406 899 1448 multiplicatis
925 1406 980 1446 in,

223 1458 359 1501 regione
391 1458 530 1491 dissidiis
555 1459 704 1497 laceram,
731 1460 792 1501 qua
817 1458 957 1491 liliorum
978 1453 980 1486 ἕ

223 1521 356 1544 suorum
375 1511 562 1544 excessibus
580 1511 804 1550 deformatam,
825 1511 893 1544 sine
911 1512 959 1543 in-
978 1535 980 1547 ‚

979 1741 981 1757 l

221 1785 284 1809 non
310 1776 442 1819 patitur,
470 1780 501 1809 et
526 1777 647 1818 gratiae
674 1787 748 1809 suae
770 1778 907 1810 sustinet
923 1788 981 1819 ac,

223 1828 369 1862 confovet
387 1829 561 1870 praesidio.
575 1828 663 1867 Quod
678 1835 712 1861 ut,
727 1841 798 1862 cum
814 1830 958 1863 omnium
980 1822 981 1852 ἶ

980 1858 982 1882 l

223 1881 450 1921 ecclesiarum,
484 1892 619 1925 quarum
645 1882 738 1915 nobis
764 1882 886 1915 credita
912 1888 981 1915 est'

222 1933 419 1975 sollicitudo,
436 1933 574 1968 utilitate
602 1935 763 1968 demereri
789 1946 824 1968 ac
850 1925 982 1968 conse-5

223 1987 277 2031 qui
294 1988 465 2027 valeamus,
484 1988 522 2020 ad
543 1993 685 2021 vestrum
711 1989 867 2028 omnium,
891 1988 960 2032 qni-
981 2009 982 2019 ι

223 2040 284 2073 bus
309 2050 418 2074 curam
439 2041 632 2084 pastoralem
656 2041 960 2085 impendere‘.pre-

980 2036 983 2088 f
1003 2051 1098 2084 quam
1136 2041 1230 2074 nobis

224 2103 276 2127 ces
294 2104 330 2127 ex
349 2094 402 2137 pio
419 2104 456 2127 ac
473 2094 626 2128 laudabili
646 2095 865 2128 Romanorum
883 2095 959 2128 Pon·

226 2145 346 2180 uncum
364 2147 648 2190 praedecessorum
666 2153 851 2181 nostrorum
870 2159 960 2182 more

226 2198 475 2242 confugiendum
513 2200 673 2239 duximus,

226 2252 339 2285 dentes
379 2252 662 2285 clementissimum
695 2253 865 2286 Dominum
904 2264 961 2287 no-

224 2514 286 2547 sito
304 2520 512 2557 peccatorum
530 2516 676 2558 pondere
695 2516 900 2550 revertamini
923 2517 960 2550 ad

259 2586 270 2612 1
294 2584 340 2612 Vel
361 2586 558 2621 impendimus
579 2586 620 2614 vel
640 2587 808 2621 impendere
828 2587 961 2615 debemus

222 2628 261 2668 tn·
278 2630 317 2666 τ.)

710 2201 826 2233 merito
863 2201 961 2234 confi·
981 2201 983 2207 ⁸

979 1637 980 1641 =
1002 1627 1133 1656 sauros,

1003 821 1174 853 hominum
1216 821 1339 854 malitia
1374 821 1429 854 Dei
1466 821 1647 854 bonitatem
1687 821 1745 854 im-

1002 875 1180 917 ploremus,
1199 880 1244 913 ut,
1262 875 1314 917 qui
1335 875 1388 907 dat
1411 875 1496 907 lasso
1522 874 1685 915 virtutem,
1713 880 1745 908 et

1003 927 1052 959 liis
1072 927 1125 970 qui
1148 938 1212 959 non
1232 932 1307 960 sunt
1334 927 1555 959 fortitudinem
1586 932 1617 960 et
1643 927 1744 960 robur

1002 980 1206 1023 nmltiplicat,
1227 980 1398 1013 confirmet
1416 980 1502 1023 qnod
1521 986 1674 1023 operatus
1696 986 1744 1013 cst

1001 1035 1032 1067 in
1060 1035 1162 1075 nobis,
1189 1045 1313 1077 nosque
1339 1035 1499 1067 confortet
1532 1034 1563 1067 in
1598 1035 1744 1078 potentia

1000 1088 1129 1120 virtutis
1155 1098 1246 1126 suae,
1267 1098 1303 1120 ac
1329 1088 1454 1131 repleat
1479 1087 1645 1129 agnitione
1667 1098 1743 1120 suae

1000 1141 1174 1174 voluntatis
1201 1140 1232 1173 in
1259 1141 1346 1173 omni
1374 1141 1533 1184 sapientia
1563 1147 1593 1174 et
1619 1141 1745 1174 intelle-

1000 1199 1064 1231 ctu,
1091 1194 1261 1227 effundens
1287 1204 1386 1236 super
1411 1204 1469 1226 nos
1496 1194 1645 1236 spiritum
1671 1204 1745 1227 con-

1000 1247 1076 1285 silii,
1104 1257 1169 1289 quo
1197 1247 1280 1279 inter
1306 1252 1348 1279 tot
1378 1257 1484 1279 rerum
1505 1257 1538 1278 ac
1558 1252 1741 1289 temporum

1001 1299 1206 1331 difficultates
1232 1310 1446 1342 agnoscamus
1471 1299 1549 1342 quid
1568 1310 1666 1342 agere
1692 1299 1745 1333 de-

1165 1352 1335 1395 ocnlisque
1363 1363 1398 1385 ac
1422 1358 1530 1385 mente
1553 1363 1683 1396 semper
1707 1354 1741 1385 in

1002 1405 1100 1437 Deum
1128 1405 1271 1444 intentis,
1298 1416 1379 1448 quae
1399 1410 1483 1438 recta
1501 1411 1583 1445 sunt,
1603 1405 1743 1438 salubri-

1002 1464 1050 1491 ter
1074 1457 1293 1501 perficiamus.
1328 1459 1413 1491 Hacc
1439 1464 1543 1491 autem
1570 1464 1603 1491 ut
1628 1459 1743 1492 maiori

1001 1510 1133 1554 spiritus
1166 1511 1280 1544 ardore
1315 1511 1524 1554 uberiorique
1552 1511 1670 1544 fructus
1697 1512 1745 1543 in-

1001 1569 1166 1596 cremento
1181 1564 1270 1604 fiant,
1282 1564 1470 1597 caelestium
1488 1575 1657 1598 munerum
1673 1565 1744 1598 the-

1169 1628 1309 1660 quorum
1350 1617 1631 1660 dispensationem
1667 1618 1742 1652 fidei

1001 1676 1130 1703 nostrae
1157 1671 1318 1703 commisit
1344 1671 1451 1704 divina
1478 1671 1635 1714 dignatio,
1655 1682 1744 1705 rese-

1001 1734 1081 1763 rare,
1109 1728 1140 1756 et
1174 1723 1302 1757 liberali
1336 1734 1433 1757 manu
1465 1735 1601 1767 erogare
1635 1725 1744 1759 decre-

1000 1776 1113 1808 vimus.

1045 1828 1059 1871 ξ
1084 1828 1115 1860 t.
1135 1828 1257 1872 ltaque,
1285 1829 1323 1862 de
1350 1830 1583 1874 omnipotentis
1604 1831 1659 1864 Dei
1685 1832 1744 1864 mi-

1003 1881 1180 1914 sericordia
1217 1892 1252 1914 ac
1282 1882 1452 1916 beatorum
1479 1884 1561 1917 Petri
1596 1889 1628 1917 et
1652 1885 1742 1918 Pauli

1002 1936 1229 1978 apostolorum
1256 1936 1326 1968 eius
1351 1937 1539 1970 auctoritate
1566 1937 1689 1980 confisi,
1705 1948 1742 1970 ex

1004 1988 1056 2021 itta
1093 1988 1215 2031 ligandi
1255 1993 1350 2032 atque
1385 1990 1530 2023 solvendi
1568 1995 1741 2033 potestate,

1266 2042 1440 2082 Dominus,
1477 2043 1551 2076 licet
1584 2043 1742 2086 indignis,

1003 2094 1148 2133 contulit,
1174 2095 1333 2127 universis
1360 2101 1391 2128 et
1416 2095 1550 2138 singulis
1575 2097 1743 2139 utriusque

1004 2157 1098 2179 sexus
1125 2147 1392 2181 christifidelibus
1419 2148 1450 2181 in
1477 2149 1559 2181 alma
1576 2149 1660 2182 Urbe
1686 2160 1744 2183 no-

1004 2203 1069 2233 stra
1087 2201 1293 2244 degentibus,
1313 2202 1367 2244 qui
1385 2202 1522 2234 solemni
1542 2203 1744 2245 processioni

982 2262 1100 2297 ¹quam
1127 2253 1289 2286 dominica
1316 2254 1408 2287 tertia
1438 2260 1514 2297 post
1538 2254 1745 2290 Pentecostes

225 2308 324 2336 strum
349 2304 387 2337 ad
413 2304 584 2347 providum
609 2304 768 2338 Ecclesiae
795 2305 961 2338 militantis
982 2317 983 2348 ς
1004 2305 1044 2338 ab
1078 2306 1214 2340 ecclesia
1240 2307 1269 2340 S.
1295 2306 1413 2340 Mariae
1442 2317 1542 2351 super
1570 2307 1745 2342 Minervam

225 2356 418 2399 gubernium
455 2358 640 2391 necessario
680 2358 773 2391 nobis
813 2358 1042 2400 caelestimad
1077 2359 1250 2392 ecclesiam
1289 2360 1323 2392 B.
1352 2359 1467 2393 Mariae
1504 2361 1543 2393 de
1581 2360 1745 2395 vallicella

225 2409 310 2442 dona
335 2409 538 2452 largiturum,
563 2410 589 2443 si
614 2420 670 2443 vos
695 2411 861 2443 nobiscum
887 2401 984 2444 una-I

224 2461 329 2494 nimes
353 2462 507 2495 scindatis
532 2463 632 2495 corda
656 2468 772 2503 vestra,
806 2470 836 2497 et
862 2464 961 2507 depo·
982 2446 984 2509 i

1005 2417 1222 2455 nuncupatam
1249 2413 1287 2445 de
1313 2413 1424 2446 eadem
1450 2413 1545 2452 Urbe,
1577 2416 1640 2446 una
1672 2425 1745 2447 cum

1006 2465 1245 2498 venerabilibus
1272 2466 1424 2499 fratribus
1452 2466 1572 2500 nostris
1597 2468 1628 2500 S.
1650 2468 1686 2500 R.
1707 2468 1741 2500 E.

1004 2518 1233 2559 cardinalibus,
1258 2528 1386 2552 necnon
1413 2519 1494 2552 etc¹.

1038 2589 1051 2615 1
1075 2587 1184 2624 Reliqua
1203 2589 1362 2624 omittimus,
1380 2590 1443 2625 quia
1459 2589 1552 2617 eadem
1573 2594 1633 2617 sunt
1650 2598 1678 2617 ac
1695 2590 1739 2619 itta

1004 2641 1072 2669 quae
1085 2633 1211 2669 leguntur
1226 2633 1253 2660 in
1270 2636 1335 2662 tom.
1350 2642 1393 2668 xx,
1410 2642 1471 2670 pag.
1483 2634 1499 2661 9
1514 2636 1550 2670 (n.
1573 2635 1609 2671 T.)

1663 237 1700 270 51
1751 245 1800 272 Αιι.
1817 245 1845 273 C.
1864 246 1930 274 172⁸

1779 1841 1866 1862 tuda-uo
1877 1847 1937 1868 prae-

1735 1886 1740 1890 ,
1754 1868 1803 1888 dicti
1821 1869 1917 1890 intuta-21.
