<?xml version="1.0" encoding="UTF-8"?>
<!DOCTYPE html PUBLIC "-//W3C//DTD XHTML 1.0 Transitional//EN"
    "http://www.w3.org/TR/xhtml1/DTD/xhtml1-transitional.dtd">
<html xmlns="http://www.w3.org/1999/xhtml" xml:lang="en" lang="en">
 <head>
  <title>
</title>
<meta http-equiv="Content-Type" content="text/html;charset=utf-8" />
  <meta name='ocr-system' content='tesseract 3.04.00' />
  <meta name='ocr-capabilities' content='ocr_page ocr_carea ocr_par ocr_line ocrx_word'/>
</head>
<body>
  <div class='ocr_page' id='page_1' title='image "./bullarumdiplomat22cath_0404.png"; bbox 0 0 2170 3147; ppageno 0'>
   <div class='ocr_carea' id='block_1_1' title="bbox 256 231 557 271">
    <p class='ocr_par' dir='ltr' id='par_1_1' title="bbox 256 231 557 271">
     <span class='ocr_line' id='line_1_1' title="bbox 256 231 557 271; baseline -0.02 0"><span class='ocrx_word' id='word_1_1' title='bbox 256 244 310 271; x_wconf 72' lang='lat' dir='ltr'>An.</span> <span class='ocrx_word' id='word_1_2' title='bbox 330 242 446 270; x_wconf 67' lang='lat' dir='ltr'><strong>0172ss</strong></span> <span class='ocrx_word' id='word_1_3' title='bbox 492 231 557 266; x_wconf 69' lang='grc'>364</span> 
     </span>
    </p>
   </div>
   <div class='ocr_carea' id='block_1_2' title="bbox 452 287 1214 2524">
    <p class='ocr_par' dir='ltr' id='par_1_2' title="bbox 452 287 1214 2524">
     <span class='ocr_line' id='line_1_2' title="bbox 452 287 1195 335; baseline -0.004 -12"><span class='ocrx_word' id='word_1_4' title='bbox 452 290 585 335; x_wconf 85' lang='lat' dir='ltr'>pretiosi</span> <span class='ocrx_word' id='word_1_5' title='bbox 613 289 732 323; x_wconf 86' lang='lat' dir='ltr'>valoris</span> <span class='ocrx_word' id='word_1_6' title='bbox 761 288 922 329; x_wconf 72' lang='lat' dir='ltr'>existant,</span> <span class='ocrx_word' id='word_1_7' title='bbox 948 292 980 321; x_wconf 87' lang='lat' dir='ltr'>et</span> <span class='ocrx_word' id='word_1_8' title='bbox 1012 287 1051 321; x_wconf 89' lang='lat' dir='ltr'>ad</span> <span class='ocrx_word' id='word_1_9' title='bbox 1078 287 1195 320; x_wconf 84' lang='lat' dir='ltr'>dictam</span> 
     </span>
     <span class='ocr_line' id='line_1_3' title="bbox 453 341 1197 386; baseline -0.007 -10"><span class='ocrx_word' id='word_1_10' title='bbox 453 343 756 377; x_wconf 80' lang='lat' dir='ltr'>confraternitatem</span> <span class='ocrx_word' id='word_1_11' title='bbox 779 352 838 386; x_wconf 88' lang='lat' dir='ltr'>per</span> <span class='ocrx_word' id='word_1_12' title='bbox 856 352 926 379; x_wconf 76' lang='lat' dir='ltr'>nos,</span> <span class='ocrx_word' id='word_1_13' title='bbox 950 348 985 374; x_wconf 93' lang='lat' dir='ltr'>ut</span> <span class='ocrx_word' id='word_1_14' title='bbox 1006 341 1197 384; x_wconf 77' lang='lat' dir='ltr'>praefertur,</span> 
     </span>
     <span class='ocr_line' id='line_1_4' title="bbox 454 395 1199 441; baseline -0.005 -11"><span class='ocrx_word' id='word_1_15' title='bbox 454 408 668 441; x_wconf 84' lang='lat' dir='ltr'>suppressam</span> <span class='ocrx_word' id='word_1_16' title='bbox 696 401 727 429; x_wconf 89' lang='lat' dir='ltr'>et</span> <span class='ocrx_word' id='word_1_17' title='bbox 751 395 922 428; x_wconf 57' lang='lat' dir='ltr'>extinctam</span> <span class='ocrx_word' id='word_1_18' title='bbox 950 395 1199 438; x_wconf 75' lang='lat' dir='ltr'>quomodolibet</span> 
     </span>
     <span class='ocr_line' id='line_1_5' title="bbox 454 448 1200 493; baseline -0.004 -10"><span class='ocrx_word' id='word_1_19' title='bbox 454 450 651 493; x_wconf 80' lang='lat' dir='ltr'>spectantia,</span> <span class='ocrx_word' id='word_1_20' title='bbox 669 460 706 482; x_wconf 82' lang='lat' dir='ltr'>ae</span> <span class='ocrx_word' id='word_1_21' title='bbox 731 449 817 482; x_wconf 88' lang='lat' dir='ltr'>bona</span> <span class='ocrx_word' id='word_1_22' title='bbox 842 449 950 482; x_wconf 87' lang='lat' dir='ltr'>omnia</span> <span class='ocrx_word' id='word_1_23' title='bbox 976 448 1056 481; x_wconf 78' lang='lat' dir='ltr'>assis</span> <span class='ocrx_word' id='word_1_24' title='bbox 1083 448 1200 481; x_wconf 84' lang='lat' dir='ltr'>haere-</span> 
     </span>
     <span class='ocr_line' id='line_1_6' title="bbox 456 500 1200 546; baseline -0.003 -11"><span class='ocrx_word' id='word_1_25' title='bbox 456 503 563 536; x_wconf 87' lang='lat' dir='ltr'>ditarii</span> <span class='ocrx_word' id='word_1_26' title='bbox 597 513 656 546; x_wconf 87' lang='lat' dir='ltr'>per</span> <span class='ocrx_word' id='word_1_27' title='bbox 681 503 845 545; x_wconf 88' lang='lat' dir='ltr'>quondam</span> <span class='ocrx_word' id='word_1_28' title='bbox 880 507 954 534; x_wconf 90' lang='lat' dir='ltr'>tunc</span> <span class='ocrx_word' id='word_1_29' title='bbox 984 501 1016 534; x_wconf 92' lang='lat' dir='ltr'>in</span> <span class='ocrx_word' id='word_1_30' title='bbox 1050 500 1200 534; x_wconf 83' lang='lat' dir='ltr'>humanis</span> 
     </span>
     <span class='ocr_line' id='line_1_7' title="bbox 455 553 1199 599; baseline -0.004 -10"><span class='ocrx_word' id='word_1_31' title='bbox 455 563 607 599; x_wconf 79' lang='lat' dir='ltr'>agentem</span> <span class='ocrx_word' id='word_1_32' title='bbox 634 556 808 599; x_wconf 79' lang='lat' dir='ltr'>Ioseplium</span> <span class='ocrx_word' id='word_1_33' title='bbox 835 554 995 597; x_wconf 78' lang='lat' dir='ltr'>ssonifigli,</span> <span class='ocrx_word' id='word_1_34' title='bbox 1015 554 1091 587; x_wconf 89' lang='lat' dir='ltr'>dum</span> <span class='ocrx_word' id='word_1_35' title='bbox 1113 553 1199 593; x_wconf 71' lang='lat' dir='ltr'>vixit,</span> 
     </span>
     <span class='ocr_line' id='line_1_8' title="bbox 454 607 1201 653; baseline -0.004 -11"><span class='ocrx_word' id='word_1_36' title='bbox 454 610 747 653; x_wconf 70' lang='lat' dir='ltr'>pharmacopolam</span> <span class='ocrx_word' id='word_1_37' title='bbox 764 609 1009 648; x_wconf 79' lang='lat' dir='ltr'>Anconitanum,</span> <span class='ocrx_word' id='word_1_38' title='bbox 1025 619 1061 640; x_wconf 88' lang='lat' dir='ltr'>ac</span> <span class='ocrx_word' id='word_1_39' title='bbox 1079 607 1201 640; x_wconf 84' lang='lat' dir='ltr'>credita</span> 
     </span>
     <span class='ocr_line' id='line_1_9' title="bbox 455 660 1200 704; baseline -0.004 -9"><span class='ocrx_word' id='word_1_40' title='bbox 455 663 577 702; x_wconf 85' lang='lat' dir='ltr'>omnia,</span> <span class='ocrx_word' id='word_1_41' title='bbox 599 662 744 696; x_wconf 74' lang='lat' dir='ltr'>actiones</span> <span class='ocrx_word' id='word_1_42' title='bbox 766 667 795 695; x_wconf 92' lang='lat' dir='ltr'>et</span> <span class='ocrx_word' id='word_1_43' title='bbox 816 663 886 694; x_wconf 89' lang='lat' dir='ltr'>iura</span> <span class='ocrx_word' id='word_1_44' title='bbox 912 671 1140 704; x_wconf 83' lang='lat' dir='ltr'>quaecumque</span> <span class='ocrx_word' id='word_1_45' title='bbox 1162 660 1200 692; x_wconf 86' lang='lat' dir='ltr'>ad</span> 
     </span>
     <span class='ocr_line' id='line_1_10' title="bbox 457 715 1203 757; baseline -0.004 -8"><span class='ocrx_word' id='word_1_46' title='bbox 457 716 580 749; x_wconf 89' lang='lat' dir='ltr'>dictum</span> <span class='ocrx_word' id='word_1_47' title='bbox 608 727 713 748; x_wconf 81' lang='lat' dir='ltr'>assem</span> <span class='ocrx_word' id='word_1_48' title='bbox 742 715 998 748; x_wconf 85' lang='lat' dir='ltr'>haereditarium</span> <span class='ocrx_word' id='word_1_49' title='bbox 1024 715 1203 757; x_wconf 76' lang='lat' dir='ltr'>(pioniodo-</span> 
     </span>
     <span class='ocr_line' id='line_1_11' title="bbox 457 767 1202 812; baseline -0.005 -10"><span class='ocrx_word' id='word_1_50' title='bbox 457 780 599 812; x_wconf 80' lang='lat' dir='ltr'>cumque</span> <span class='ocrx_word' id='word_1_51' title='bbox 621 768 832 812; x_wconf 73' lang='lat' dir='ltr'>pertinentia,</span> <span class='ocrx_word' id='word_1_52' title='bbox 850 773 961 801; x_wconf 74' lang='lat' dir='ltr'>exacta</span> <span class='ocrx_word' id='word_1_53' title='bbox 982 772 1014 799; x_wconf 88' lang='lat' dir='ltr'>et</span> <span class='ocrx_word' id='word_1_54' title='bbox 1031 767 1202 809; x_wconf 76' lang='lat' dir='ltr'>exigenda,</span> 
     </span>
     <span class='ocr_line' id='line_1_12' title="bbox 456 819 1203 866; baseline -0.005 -11"><span class='ocrx_word' id='word_1_55' title='bbox 456 832 588 855; x_wconf 79' lang='lat' dir='ltr'>necnon</span> <span class='ocrx_word' id='word_1_56' title='bbox 615 822 802 866; x_wconf 87' lang='lat' dir='ltr'>scripturas,</span> <span class='ocrx_word' id='word_1_57' title='bbox 821 820 1079 859; x_wconf 78' lang='lat' dir='ltr'>iustificationes,</span> <span class='ocrx_word' id='word_1_58' title='bbox 1102 819 1203 852; x_wconf 85' lang='lat' dir='ltr'>libros</span> 
     </span>
     <span class='ocr_line' id='line_1_13' title="bbox 458 873 1201 916; baseline -0.007 -8"><span class='ocrx_word' id='word_1_59' title='bbox 458 881 490 908; x_wconf 90' lang='lat' dir='ltr'>et</span> <span class='ocrx_word' id='word_1_60' title='bbox 516 875 650 908; x_wconf 77' lang='lat' dir='ltr'>notitias</span> <span class='ocrx_word' id='word_1_61' title='bbox 677 885 814 913; x_wconf 87' lang='lat' dir='ltr'>omnes,</span> <span class='ocrx_word' id='word_1_62' title='bbox 845 880 907 906; x_wconf 88' lang='lat' dir='ltr'>tam</span> <span class='ocrx_word' id='word_1_63' title='bbox 934 873 1080 916; x_wconf 87' lang='lat' dir='ltr'>publicas</span> <span class='ocrx_word' id='word_1_64' title='bbox 1106 883 1201 915; x_wconf 85' lang='lat' dir='ltr'>quam</span> 
     </span>
     <span class='ocr_line' id='line_1_14' title="bbox 459 925 1202 972; baseline -0.004 -11"><span class='ocrx_word' id='word_1_65' title='bbox 459 928 614 972; x_wconf 80' lang='lat' dir='ltr'>privatas,</span> <span class='ocrx_word' id='word_1_66' title='bbox 636 934 668 961; x_wconf 90' lang='lat' dir='ltr'>et</span> <span class='ocrx_word' id='word_1_67' title='bbox 685 928 717 960; x_wconf 92' lang='lat' dir='ltr'>in</span> <span class='ocrx_word' id='word_1_68' title='bbox 738 932 822 962; x_wconf 88' lang='lat' dir='ltr'>statu</span> <span class='ocrx_word' id='word_1_69' title='bbox 842 928 874 960; x_wconf 90' lang='lat' dir='ltr'>in</span> <span class='ocrx_word' id='word_1_70' title='bbox 894 938 958 970; x_wconf 87' lang='lat' dir='ltr'>quo</span> <span class='ocrx_word' id='word_1_71' title='bbox 980 928 1018 960; x_wconf 88' lang='lat' dir='ltr'>de</span> <span class='ocrx_word' id='word_1_72' title='bbox 1036 925 1202 970; x_wconf 74' lang='lat' dir='ltr'>praesenti</span> 
     </span>
     <span class='ocr_line' id='line_1_15' title="bbox 458 981 1204 1025; baseline -0.005 -10"><span class='ocrx_word' id='word_1_73' title='bbox 458 982 679 1025; x_wconf 86' lang='lat' dir='ltr'>reperiuntur,</span> <span class='ocrx_word' id='word_1_74' title='bbox 698 993 732 1014; x_wconf 91' lang='lat' dir='ltr'>ac</span> <span class='ocrx_word' id='word_1_75' title='bbox 748 983 904 1025; x_wconf 82' lang='lat' dir='ltr'>pecunias</span> <span class='ocrx_word' id='word_1_76' title='bbox 918 991 1030 1014; x_wconf 83' lang='lat' dir='ltr'>omnes</span> <span class='ocrx_word' id='word_1_77' title='bbox 1044 981 1082 1012; x_wconf 90' lang='lat' dir='ltr'>ad</span> <span class='ocrx_word' id='word_1_78' title='bbox 1098 990 1204 1023; x_wconf 84' lang='lat' dir='ltr'>quam-</span> 
     </span>
     <span class='ocr_line' id='line_1_16' title="bbox 459 1033 1203 1079; baseline -0.005 -11"><span class='ocrx_word' id='word_1_79' title='bbox 459 1047 600 1079; x_wconf 81' lang='lat' dir='ltr'>cumque</span> <span class='ocrx_word' id='word_1_80' title='bbox 620 1046 779 1068; x_wconf 88' lang='lat' dir='ltr'>summam</span> <span class='ocrx_word' id='word_1_81' title='bbox 806 1034 1032 1072; x_wconf 84' lang='lat' dir='ltr'>ascendentes⁷</span> <span class='ocrx_word' id='word_1_82' title='bbox 1051 1039 1081 1066; x_wconf 89' lang='lat' dir='ltr'>et</span> <span class='ocrx_word' id='word_1_83' title='bbox 1099 1033 1203 1065; x_wconf 89' lang='lat' dir='ltr'>eidem</span> 
     </span>
     <span class='ocr_line' id='line_1_17' title="bbox 459 1087 1205 1131; baseline -0.007 -9"><span class='ocrx_word' id='word_1_84' title='bbox 459 1089 719 1122; x_wconf 87' lang='lat' dir='ltr'>confraternitati</span> <span class='ocrx_word' id='word_1_85' title='bbox 763 1098 822 1131; x_wconf 85' lang='lat' dir='ltr'>per</span> <span class='ocrx_word' id='word_1_86' title='bbox 859 1098 917 1120; x_wconf 88' lang='lat' dir='ltr'>nos</span> <span class='ocrx_word' id='word_1_87' title='bbox 954 1093 988 1119; x_wconf 88' lang='lat' dir='ltr'>ut</span> <span class='ocrx_word' id='word_1_88' title='bbox 1020 1087 1205 1130; x_wconf 83' lang='lat' dir='ltr'>praefertur</span> 
     </span>
     <span class='ocr_line' id='line_1_18' title="bbox 459 1140 1203 1186; baseline -0.005 -11"><span class='ocrx_word' id='word_1_89' title='bbox 459 1153 656 1186; x_wconf 69' lang='lat' dir='ltr'>suppressae</span> <span class='ocrx_word' id='word_1_90' title='bbox 682 1148 713 1175; x_wconf 86' lang='lat' dir='ltr'>et</span> <span class='ocrx_word' id='word_1_91' title='bbox 738 1142 898 1175; x_wconf 74' lang='lat' dir='ltr'>extinctae</span> <span class='ocrx_word' id='word_1_92' title='bbox 925 1142 1032 1183; x_wconf 85' lang='lat' dir='ltr'>(iuxta</span> <span class='ocrx_word' id='word_1_93' title='bbox 1057 1140 1203 1173; x_wconf 89' lang='lat' dir='ltr'>eiusdem</span> 
     </span>
     <span class='ocr_line' id='line_1_19' title="bbox 458 1193 1205 1239; baseline -0.005 -10"><span class='ocrx_word' id='word_1_94' title='bbox 458 1197 609 1239; x_wconf 79' lang='lat' dir='ltr'>Ioseplii,</span> <span class='ocrx_word' id='word_1_95' title='bbox 635 1196 693 1228; x_wconf 89' lang='lat' dir='ltr'>sub</span> <span class='ocrx_word' id='word_1_96' title='bbox 719 1195 798 1239; x_wconf 78' lang='lat' dir='ltr'>quo&#39;</span> <span class='ocrx_word' id='word_1_97' title='bbox 818 1196 857 1227; x_wconf 86' lang='lat' dir='ltr'>ab</span> <span class='ocrx_word' id='word_1_98' title='bbox 877 1194 1028 1227; x_wconf 82' lang='lat' dir='ltr'>humanis</span> <span class='ocrx_word' id='word_1_99' title='bbox 1055 1193 1205 1232; x_wconf 84' lang='lat' dir='ltr'>decessit,</span> 
     </span>
     <span class='ocr_line' id='line_1_20' title="bbox 461 1247 1202 1292; baseline -0.003 -11"><span class='ocrx_word' id='word_1_100' title='bbox 461 1249 707 1292; x_wconf 76' lang='lat' dir='ltr'>dispositionem</span> <span class='ocrx_word' id='word_1_101' title='bbox 747 1248 1021 1281; x_wconf 83' lang='lat' dir='ltr'>testamentariam</span> <span class='ocrx_word' id='word_1_102' title='bbox 1055 1248 1092 1279; x_wconf 90' lang='lat' dir='ltr'>ad</span> <span class='ocrx_word' id='word_1_103' title='bbox 1124 1247 1202 1279; x_wconf 69' lang='lat' dir='ltr'>elle&lt;</span> 
     </span>
     <span class='ocr_line' id='line_1_21' title="bbox 461 1301 1207 1345; baseline -0.004 -10"><span class='ocrx_word' id='word_1_104' title='bbox 461 1309 548 1335; x_wconf 89' lang='lat' dir='ltr'>ctum</span> <span class='ocrx_word' id='word_1_105' title='bbox 579 1309 613 1334; x_wconf 90' lang='lat' dir='ltr'>ut</span> <span class='ocrx_word' id='word_1_106' title='bbox 639 1309 678 1336; x_wconf 92' lang='lat' dir='ltr'>tot</span> <span class='ocrx_word' id='word_1_107' title='bbox 708 1304 909 1345; x_wconf 69' lang='lat' dir='ltr'>capellaniae</span> <span class='ocrx_word' id='word_1_108' title='bbox 932 1303 970 1334; x_wconf 88' lang='lat' dir='ltr'>ab</span> <span class='ocrx_word' id='word_1_109' title='bbox 997 1301 1110 1334; x_wconf 73' lang='lat' dir='ltr'>eadent</span> <span class='ocrx_word' id='word_1_110' title='bbox 1133 1311 1207 1333; x_wconf 89' lang='lat' dir='ltr'>con-</span> 
     </span>
     <span class='ocr_line' id='line_1_22' title="bbox 462 1356 1207 1398; baseline -0.005 -10"><span class='ocrx_word' id='word_1_111' title='bbox 462 1356 679 1393; x_wconf 78' lang='lat' dir='ltr'>fraternitate,</span> <span class='ocrx_word' id='word_1_112' title='bbox 698 1366 758 1398; x_wconf 89' lang='lat' dir='ltr'>per</span> <span class='ocrx_word' id='word_1_113' title='bbox 783 1366 842 1388; x_wconf 84' lang='lat' dir='ltr'>nos</span> <span class='ocrx_word' id='word_1_114' title='bbox 870 1360 903 1387; x_wconf 90' lang='lat' dir='ltr'>ut</span> <span class='ocrx_word' id='word_1_115' title='bbox 927 1356 1111 1398; x_wconf 83' lang='lat' dir='ltr'>praefertur</span> <span class='ocrx_word' id='word_1_116' title='bbox 1136 1363 1207 1397; x_wconf 84' lang='lat' dir='ltr'>sup-</span> 
     </span>
     <span class='ocr_line' id='line_1_23' title="bbox 460 1408 1208 1453; baseline -0.001 -13"><span class='ocrx_word' id='word_1_117' title='bbox 460 1412 574 1453; x_wconf 78' lang='lat' dir='ltr'>pressa</span> <span class='ocrx_word' id='word_1_118' title='bbox 601 1416 632 1441; x_wconf 89' lang='lat' dir='ltr'>et</span> <span class='ocrx_word' id='word_1_119' title='bbox 658 1409 809 1448; x_wconf 79' lang='lat' dir='ltr'>extincta,</span> <span class='ocrx_word' id='word_1_120' title='bbox 837 1409 1054 1450; x_wconf 70' lang='lat' dir='ltr'>erigerentur)</span> <span class='ocrx_word' id='word_1_121' title='bbox 1079 1408 1208 1447; x_wconf 85' lang='lat' dir='ltr'>relicta,</span> 
     </span>
     <span class='ocr_line' id='line_1_24' title="bbox 462 1461 1207 1502; baseline -0.003 -7"><span class='ocrx_word' id='word_1_122' title='bbox 462 1463 568 1495; x_wconf 82' lang='lat' dir='ltr'>eidem</span> <span class='ocrx_word' id='word_1_123' title='bbox 596 1462 768 1495; x_wconf 87' lang='lat' dir='ltr'>conventui</span> <span class='ocrx_word' id='word_1_124' title='bbox 796 1467 828 1494; x_wconf 87' lang='lat' dir='ltr'>et</span> <span class='ocrx_word' id='word_1_125' title='bbox 855 1462 1007 1494; x_wconf 86' lang='lat' dir='ltr'>fratribus</span> <span class='ocrx_word' id='word_1_126' title='bbox 1033 1467 1119 1502; x_wconf 79' lang='lat' dir='ltr'>(cum</span> <span class='ocrx_word' id='word_1_127' title='bbox 1146 1461 1207 1493; x_wconf 81' lang='lat' dir='ltr'>hoc</span> 
     </span>
     <span class='ocr_line' id='line_1_25' title="bbox 464 1514 1208 1558; baseline -0.001 -11"><span class='ocrx_word' id='word_1_128' title='bbox 464 1522 569 1548; x_wconf 84' lang='lat' dir='ltr'>tamen</span> <span class='ocrx_word' id='word_1_129' title='bbox 598 1516 683 1558; x_wconf 86' lang='lat' dir='ltr'>quod</span> <span class='ocrx_word' id='word_1_130' title='bbox 715 1526 800 1548; x_wconf 88' lang='lat' dir='ltr'>nunc</span> <span class='ocrx_word' id='word_1_131' title='bbox 826 1521 856 1547; x_wconf 84' lang='lat' dir='ltr'>et</span> <span class='ocrx_word' id='word_1_132' title='bbox 882 1526 940 1558; x_wconf 90' lang='lat' dir='ltr'>pro</span> <span class='ocrx_word' id='word_1_133' title='bbox 968 1520 1116 1557; x_wconf 86' lang='lat' dir='ltr'>tempore</span> <span class='ocrx_word' id='word_1_134' title='bbox 1143 1514 1208 1546; x_wconf 81' lang='lat' dir='ltr'>exi-</span> 
     </span>
     <span class='ocr_line' id='line_1_26' title="bbox 463 1566 1208 1606; baseline -0.004 -4"><span class='ocrx_word' id='word_1_135' title='bbox 463 1575 586 1602; x_wconf 68' lang='lat' dir='ltr'>stentes</span> <span class='ocrx_word' id='word_1_136' title='bbox 605 1569 750 1601; x_wconf 87' lang='lat' dir='ltr'>eiusdem</span> <span class='ocrx_word' id='word_1_137' title='bbox 769 1568 899 1602; x_wconf 84' lang='lat' dir='ltr'>Ordinis</span> <span class='ocrx_word' id='word_1_138' title='bbox 922 1566 1055 1601; x_wconf 75' lang='lat' dir='ltr'>fratres⁹</span> <span class='ocrx_word' id='word_1_139' title='bbox 1075 1573 1208 1606; x_wconf 87' lang='lat' dir='ltr'>tantum,</span> 
     </span>
     <span class='ocr_line' id='line_1_27' title="bbox 465 1620 1209 1666; baseline -0.003 -11"><span class='ocrx_word' id='word_1_140' title='bbox 465 1629 496 1655; x_wconf 90' lang='lat' dir='ltr'>et.</span> <span class='ocrx_word' id='word_1_141' title='bbox 523 1633 585 1655; x_wconf 89' lang='lat' dir='ltr'>non</span> <span class='ocrx_word' id='word_1_142' title='bbox 613 1622 666 1655; x_wconf 91' lang='lat' dir='ltr'>alii</span> <span class='ocrx_word' id='word_1_143' title='bbox 695 1622 891 1666; x_wconf 74' lang='lat' dir='ltr'>presbyteri,</span> <span class='ocrx_word' id='word_1_144' title='bbox 914 1632 978 1665; x_wconf 88' lang='lat' dir='ltr'>quo</span> <span class='ocrx_word' id='word_1_145' title='bbox 1005 1621 1043 1654; x_wconf 89' lang='lat' dir='ltr'>ad</span> <span class='ocrx_word' id='word_1_146' title='bbox 1070 1620 1209 1663; x_wconf 85' lang='lat' dir='ltr'>disposi-</span> 
     </span>
     <span class='ocr_line' id='line_1_28' title="bbox 466 1674 1206 1718; baseline -0.001 -11"><span class='ocrx_word' id='word_1_147' title='bbox 466 1676 587 1709; x_wconf 83' lang='lat' dir='ltr'>tionem</span> <span class='ocrx_word' id='word_1_148' title='bbox 609 1675 883 1708; x_wconf 82' lang='lat' dir='ltr'>testamentariam</span> <span class='ocrx_word' id='word_1_149' title='bbox 902 1675 1037 1718; x_wconf 85' lang='lat' dir='ltr'>praefati</span> <span class='ocrx_word' id='word_1_150' title='bbox 1063 1674 1206 1718; x_wconf 77' lang='lat' dir='ltr'>Iusepbi,</span> 
     </span>
     <span class='ocr_line' id='line_1_29' title="bbox 465 1728 1210 1773; baseline -0.004 -11"><span class='ocrx_word' id='word_1_151' title='bbox 465 1730 536 1762; x_wconf 86' lang='lat' dir='ltr'>loco</span> <span class='ocrx_word' id='word_1_152' title='bbox 564 1731 818 1773; x_wconf 65' lang='lat' dir='ltr'>capellaniarum</span> <span class='ocrx_word' id='word_1_153' title='bbox 846 1728 1043 1768; x_wconf 87' lang='lat' dir='ltr'>huiusmodi,</span> <span class='ocrx_word' id='word_1_154' title='bbox 1067 1734 1113 1761; x_wconf 89' lang='lat' dir='ltr'>tot</span> <span class='ocrx_word' id='word_1_155' title='bbox 1138 1728 1210 1760; x_wconf 89' lang='lat' dir='ltr'>mis—</span> 
     </span>
     <span class='ocr_line' id='line_1_30' title="bbox 466 1782 1209 1825; baseline -0.003 -9"><span class='ocrx_word' id='word_1_156' title='bbox 466 1795 516 1816; x_wconf 84' lang='lat' dir='ltr'>sas</span> <span class='ocrx_word' id='word_1_157' title='bbox 553 1795 583 1816; x_wconf 85' lang='grc' dir='ltr'>ιιι</span> <span class='ocrx_word' id='word_1_158' title='bbox 621 1784 763 1817; x_wconf 77' lang='lat' dir='ltr'>ecclesia</span> <span class='ocrx_word' id='word_1_159' title='bbox 795 1784 826 1816; x_wconf 83' lang='lat' dir='ltr'>S.</span> <span class='ocrx_word' id='word_1_160' title='bbox 855 1782 1012 1816; x_wconf 87' lang='lat' dir='ltr'>Dominici</span> <span class='ocrx_word' id='word_1_161' title='bbox 1045 1783 1209 1825; x_wconf 79' lang='lat' dir='ltr'>praefatae</span> 
     </span>
     <span class='ocr_line' id='line_1_31' title="bbox 468 1837 1210 1880; baseline -0.003 -11"><span class='ocrx_word' id='word_1_162' title='bbox 468 1837 606 1869; x_wconf 68' lang='lat' dir='ltr'>civitatis</span> <span class='ocrx_word' id='word_1_163' title='bbox 633 1837 856 1870; x_wconf 85' lang='lat' dir='ltr'>Anconitanae</span> <span class='ocrx_word' id='word_1_164' title='bbox 879 1837 914 1870; x_wconf 84' lang='lat' dir='ltr'>jn</span> <span class='ocrx_word' id='word_1_165' title='bbox 940 1842 1134 1880; x_wconf 87' lang='lat' dir='ltr'>perpetuum</span> <span class='ocrx_word' id='word_1_166' title='bbox 1160 1846 1210 1867; x_wconf 87' lang='lat' dir='ltr'>ce-</span> 
     </span>
     <span class='ocr_line' id='line_1_32' title="bbox 466 1883 1210 1933; baseline -0.001 -10"><span class='ocrx_word' id='word_1_167' title='bbox 466 1891 594 1923; x_wconf 81' lang='lat' dir='ltr'>lebrare</span> <span class='ocrx_word' id='word_1_168' title='bbox 620 1897 804 1929; x_wconf 86' lang='lat' dir='ltr'>teneantur,</span> <span class='ocrx_word' id='word_1_169' title='bbox 826 1900 884 1933; x_wconf 87' lang='lat' dir='ltr'>pro</span> <span class='ocrx_word' id='word_1_170' title='bbox 902 1883 1037 1933; x_wconf 74' lang='lat' dir='ltr'>quarum</span> <span class='ocrx_word' id='word_1_171' title='bbox 1065 1890 1210 1922; x_wconf 85' lang='lat' dir='ltr'>celebra-</span> 
     </span>
     <span class='ocr_line' id='line_1_33' title="bbox 469 1943 1210 1978; baseline -0.003 -1"><span class='ocrx_word' id='word_1_172' title='bbox 469 1946 554 1978; x_wconf 80' lang='lat' dir='ltr'>tione</span> <span class='ocrx_word' id='word_1_173' title='bbox 574 1952 602 1977; x_wconf 90' lang='lat' dir='ltr'>et</span> <span class='ocrx_word' id='word_1_174' title='bbox 627 1945 873 1977; x_wconf 75' lang='lat' dir='ltr'>iiianutentione</span> <span class='ocrx_word' id='word_1_175' title='bbox 895 1943 1117 1976; x_wconf 80' lang='lat' dir='ltr'>secundodicti</span> <span class='ocrx_word' id='word_1_176' title='bbox 1138 1954 1210 1976; x_wconf 80' lang='lat' dir='ltr'>con—</span> 
     </span>
     <span class='ocr_line' id='line_1_34' title="bbox 470 1997 1211 2040; baseline -0.003 -9"><span class='ocrx_word' id='word_1_177' title='bbox 470 2005 581 2031; x_wconf 81' lang='lat' dir='ltr'>ventus</span> <span class='ocrx_word' id='word_1_178' title='bbox 604 1999 718 2031; x_wconf 84' lang='lat' dir='ltr'>fratres</span> <span class='ocrx_word' id='word_1_179' title='bbox 740 1998 877 2040; x_wconf 85' lang='lat' dir='ltr'>praefati</span> <span class='ocrx_word' id='word_1_180' title='bbox 898 2003 943 2030; x_wconf 89' lang='lat' dir='ltr'>tot</span> <span class='ocrx_word' id='word_1_181' title='bbox 961 1998 1059 2030; x_wconf 86' lang='lat' dir='ltr'>funda</span> <span class='ocrx_word' id='word_1_182' title='bbox 1078 2002 1109 2029; x_wconf 92' lang='lat' dir='ltr'>et</span> <span class='ocrx_word' id='word_1_183' title='bbox 1127 1997 1211 2029; x_wconf 83' lang='lat' dir='ltr'>bona</span> 
     </span>
     <span class='ocr_line' id='line_1_35' title="bbox 467 2050 1211 2085; baseline -0.003 -1"><span class='ocrx_word' id='word_1_184' title='bbox 467 2052 597 2085; x_wconf 85' lang='lat' dir='ltr'>stabilia</span> <span class='ocrx_word' id='word_1_185' title='bbox 636 2053 683 2085; x_wconf 91' lang='lat' dir='ltr'>vel</span> <span class='ocrx_word' id='word_1_186' title='bbox 720 2053 793 2085; x_wconf 85' lang='lat' dir='ltr'>loca</span> <span class='ocrx_word' id='word_1_187' title='bbox 818 2051 977 2084; x_wconf 86' lang='lat' dir='ltr'>montium</span> <span class='ocrx_word' id='word_1_188' title='bbox 1003 2050 1211 2083; x_wconf 85' lang='lat' dir='ltr'>cameralium</span> 
     </span>
     <span class='ocr_line' id='line_1_36' title="bbox 469 2104 1210 2148; baseline -0.003 -10"><span class='ocrx_word' id='word_1_189' title='bbox 469 2112 501 2139; x_wconf 91' lang='lat' dir='ltr'>et</span> <span class='ocrx_word' id='word_1_190' title='bbox 521 2117 585 2138; x_wconf 89' lang='lat' dir='ltr'>non</span> <span class='ocrx_word' id='word_1_191' title='bbox 612 2105 802 2138; x_wconf 84' lang='lat' dir='ltr'>vacabilium</span> <span class='ocrx_word' id='word_1_192' title='bbox 822 2116 857 2138; x_wconf 82' lang='lat' dir='ltr'>ex</span> <span class='ocrx_word' id='word_1_193' title='bbox 878 2105 1022 2148; x_wconf 87' lang='lat' dir='ltr'>praefato</span> <span class='ocrx_word' id='word_1_194' title='bbox 1040 2114 1112 2137; x_wconf 81' lang='lat' dir='ltr'>asse</span> <span class='ocrx_word' id='word_1_195' title='bbox 1137 2104 1210 2137; x_wconf 80' lang='lat' dir='ltr'>bae-</span> 
     </span>
     <span class='ocr_line' id='line_1_37' title="bbox 468 2159 1213 2192; baseline -0.004 0"><span class='ocrx_word' id='word_1_196' title='bbox 468 2160 621 2192; x_wconf 84' lang='lat' dir='ltr'>reditario</span> <span class='ocrx_word' id='word_1_197' title='bbox 648 2159 850 2192; x_wconf 86' lang='lat' dir='ltr'>desumenda</span> <span class='ocrx_word' id='word_1_198' title='bbox 884 2164 916 2191; x_wconf 92' lang='lat' dir='ltr'>et</span> <span class='ocrx_word' id='word_1_199' title='bbox 948 2168 985 2191; x_wconf 85' lang='lat' dir='ltr'>ex</span> <span class='ocrx_word' id='word_1_200' title='bbox 1017 2168 1131 2191; x_wconf 89' lang='lat' dir='ltr'>eornm</span> <span class='ocrx_word' id='word_1_201' title='bbox 1157 2168 1213 2190; x_wconf 88' lang='lat' dir='ltr'>an-</span> 
     </span>
     <span class='ocr_line' id='line_1_38' title="bbox 469 2212 1213 2254; baseline -0.004 -8"><span class='ocrx_word' id='word_1_202' title='bbox 469 2214 542 2246; x_wconf 84' lang='lat' dir='ltr'>nuis</span> <span class='ocrx_word' id='word_1_203' title='bbox 570 2213 751 2246; x_wconf 80' lang='lat' dir='ltr'>redditibus</span> <span class='ocrx_word' id='word_1_204' title='bbox 777 2223 937 2245; x_wconf 86' lang='lat' dir='ltr'>summam</span> <span class='ocrx_word' id='word_1_205' title='bbox 955 2212 1125 2254; x_wconf 78' lang='lat' dir='ltr'>sexaginta</span> <span class='ocrx_word' id='word_1_206' title='bbox 1146 2222 1213 2244; x_wconf 87' lang='lat' dir='ltr'>scu-</span> 
     </span>
     <span class='ocr_line' id='line_1_39' title="bbox 471 2266 1213 2310; baseline -0.003 -10"><span class='ocrx_word' id='word_1_207' title='bbox 471 2274 577 2301; x_wconf 81' lang='lat' dir='ltr'>torum</span> <span class='ocrx_word' id='word_1_208' title='bbox 607 2274 758 2301; x_wconf 86' lang='lat' dir='ltr'>monetae</span> <span class='ocrx_word' id='word_1_209' title='bbox 794 2278 948 2301; x_wconf 88' lang='lat' dir='ltr'>romanae</span> <span class='ocrx_word' id='word_1_210' title='bbox 981 2277 1040 2310; x_wconf 86' lang='lat' dir='ltr'>pro</span> <span class='ocrx_word' id='word_1_211' title='bbox 1067 2266 1213 2310; x_wconf 87' lang='lat' dir='ltr'>qualibet</span> 
     </span>
     <span class='ocr_line' id='line_1_40' title="bbox 470 2320 1214 2365; baseline -0.003 -11"><span class='ocrx_word' id='word_1_212' title='bbox 470 2322 568 2354; x_wconf 81' lang='lat' dir='ltr'>missa</span> <span class='ocrx_word' id='word_1_213' title='bbox 594 2325 752 2365; x_wconf 83' lang='lat' dir='ltr'>perpetua</span> <span class='ocrx_word' id='word_1_214' title='bbox 781 2322 949 2354; x_wconf 85' lang='lat' dir='ltr'>annuatim</span> <span class='ocrx_word' id='word_1_215' title='bbox 981 2320 1214 2363; x_wconf 78' lang='lat' dir='ltr'>respondentia</span> 
     </span>
     <span class='ocr_line' id='line_1_41' title="bbox 472 2374 1211 2418; baseline -0.003 -11"><span class='ocrx_word' id='word_1_216' title='bbox 472 2385 580 2408; x_wconf 86' lang='lat' dir='ltr'>emere</span> <span class='ocrx_word' id='word_1_217' title='bbox 599 2381 631 2408; x_wconf 91' lang='lat' dir='ltr'>et</span> <span class='ocrx_word' id='word_1_218' title='bbox 657 2375 822 2418; x_wconf 82' lang='lat' dir='ltr'>assignare</span> <span class='ocrx_word' id='word_1_219' title='bbox 840 2374 993 2407; x_wconf 88' lang='lat' dir='ltr'>similiter</span> <span class='ocrx_word' id='word_1_220' title='bbox 1018 2379 1211 2413; x_wconf 55' lang='lat' dir='ltr'>teneantur,</span> 
     </span>
     <span class='ocr_line' id='line_1_42' title="bbox 471 2426 1212 2471; baseline -0.003 -11"><span class='ocrx_word' id='word_1_221' title='bbox 471 2437 541 2460; x_wconf 92' lang='lat' dir='ltr'>cum</span> <span class='ocrx_word' id='word_1_222' title='bbox 569 2428 632 2460; x_wconf 87' lang='lat' dir='ltr'>boc</span> <span class='ocrx_word' id='word_1_223' title='bbox 658 2428 782 2471; x_wconf 88' lang='lat' dir='ltr'>pariter</span> <span class='ocrx_word' id='word_1_224' title='bbox 814 2427 901 2471; x_wconf 91' lang='lat' dir='ltr'>quod</span> <span class='ocrx_word' id='word_1_225' title='bbox 926 2428 1035 2460; x_wconf 90' lang='lat' dir='ltr'>omnia</span> <span class='ocrx_word' id='word_1_226' title='bbox 1059 2426 1212 2459; x_wconf 87' lang='lat' dir='ltr'>anniver-</span> 
     </span>
     <span class='ocr_line' id='line_1_43' title="bbox 472 2480 1213 2524; baseline -0.001 -11"><span class='ocrx_word' id='word_1_227' title='bbox 472 2481 556 2514; x_wconf 89' lang='lat' dir='ltr'>saria</span> <span class='ocrx_word' id='word_1_228' title='bbox 574 2487 606 2513; x_wconf 84' lang='lat' dir='ltr'>et</span> <span class='ocrx_word' id='word_1_229' title='bbox 623 2481 738 2514; x_wconf 85' lang='lat' dir='ltr'>missae</span> <span class='ocrx_word' id='word_1_230' title='bbox 757 2487 950 2524; x_wconf 82' lang='lat' dir='ltr'>perpetuae,</span> <span class='ocrx_word' id='word_1_231' title='bbox 965 2491 982 2514; x_wconf 84' lang='lat' dir='ltr'>a</span> <span class='ocrx_word' id='word_1_232' title='bbox 1000 2480 1213 2514; x_wconf 76' lang='lat' dir='ltr'>testatoribus</span> 
     </span>
    </p>
   </div>
   <div class='ocr_carea' id='block_1_3' title="bbox 471 2559 1214 2639">
    <p class='ocr_par' dir='ltr' id='par_1_3' title="bbox 471 2559 1214 2639">
     <span class='ocr_line' id='line_1_44' title="bbox 509 2559 1214 2595; baseline 0.001 -10"><span class='ocrx_word' id='word_1_233' title='bbox 509 2562 518 2585; x_wconf 87' lang='lat'>1</span> <span class='ocrx_word' id='word_1_234' title='bbox 543 2559 643 2586; x_wconf 83' lang='lat' dir='ltr'>Forsan</span> <span class='ocrx_word' id='word_1_235' title='bbox 659 2560 710 2586; x_wconf 76' lang='lat' dir='ltr'>sab</span> <span class='ocrx_word' id='word_1_236' title='bbox 728 2568 786 2594; x_wconf 70' lang='lat' dir='ltr'>qua</span> <span class='ocrx_word' id='word_1_237' title='bbox 801 2568 898 2595; x_wconf 88' lang='lat' dir='ltr'>nempe</span> <span class='ocrx_word' id='word_1_238' title='bbox 918 2560 1107 2595; x_wconf 75' lang='lat' dir='ltr'>dispositione</span> <span class='ocrx_word' id='word_1_239' title='bbox 1127 2562 1214 2587; x_wconf 78' lang='lat' dir='ltr'>testa—</span> 
     </span>
     <span class='ocr_line' id='line_1_45' title="bbox 471 2604 741 2639; baseline -0.007 -6"><span class='ocrx_word' id='word_1_240' title='bbox 471 2605 622 2633; x_wconf 73' lang='lat' dir='ltr'>mentaria</span> <span class='ocrx_word' id='word_1_241' title='bbox 640 2608 676 2639; x_wconf 76' lang='lat' dir='ltr'>(a.</span> <span class='ocrx_word' id='word_1_242' title='bbox 693 2604 741 2639; x_wconf 85' lang='lat' dir='ltr'>T.).</span> 
     </span>
    </p>
   </div>
   <div class='ocr_carea' id='block_1_4' title="bbox 506 2649 1064 2687">
    <p class='ocr_par' dir='ltr' id='par_1_4' title="bbox 506 2649 1064 2687">
     <span class='ocr_line' id='line_1_46' title="bbox 506 2649 1064 2687; baseline 0.004 -10"><span class='ocrx_word' id='word_1_243' title='bbox 506 2650 522 2677; x_wconf 74' lang='lat'>⁶2</span> <span class='ocrx_word' id='word_1_244' title='bbox 542 2649 613 2677; x_wconf 85' lang='lat' dir='ltr'>Edit.</span> <span class='ocrx_word' id='word_1_245' title='bbox 629 2649 710 2677; x_wconf 61' lang='grc' dir='ltr'>Μαίη.</span> <span class='ocrx_word' id='word_1_246' title='bbox 727 2649 794 2685; x_wconf 85' lang='lat' dir='ltr'>legit</span> <span class='ocrx_word' id='word_1_247' title='bbox 811 2651 941 2685; x_wconf 75' lang='lat' dir='ltr'>fratrum</span> <span class='ocrx_word' id='word_1_248' title='bbox 955 2651 995 2686; x_wconf 80' lang='lat' dir='ltr'>(n.</span> <span class='ocrx_word' id='word_1_249' title='bbox 1012 2651 1064 2687; x_wconf 81' lang='lat' dir='ltr'><strong>T.).</strong></span> 
     </span>
    </p>
   </div>
   <div class='ocr_carea' id='block_1_5' title="bbox 1219 294 1236 2147">
    <p class='ocr_par' dir='ltr' id='par_1_5' title="bbox 1219 294 1236 2147">
     <span class='ocr_line' id='line_1_47' title="bbox 1219 294 1236 2147; baseline 0 0"><span class='ocrx_word' id='word_1_250' title='bbox 1219 294 1236 2147; x_wconf 95' lang='lat' dir='ltr'> </span> 
     </span>
    </p>
   </div>
   <div class='ocr_carea' id='block_1_6' title="bbox 1041 236 1398 263">
    <p class='ocr_par' dir='ltr' id='par_1_6' title="bbox 1041 236 1398 263">
     <span class='ocr_line' id='line_1_48' title="bbox 1041 236 1398 263; baseline -0.003 0"><span class='ocrx_word' id='word_1_251' title='bbox 1041 237 1223 263; x_wconf 70' lang='lat' dir='ltr'>BULLARIUM</span> <span class='ocrx_word' id='word_1_252' title='bbox 1246 236 1398 262; x_wconf 71' lang='lat' dir='ltr'><strong>ROMANUM</strong></span> 
     </span>
    </p>
   </div>
   <div class='ocr_carea' id='block_1_7' title="bbox 1240 283 2001 2576">
    <p class='ocr_par' dir='ltr' id='par_1_7' title="bbox 1240 283 1995 1439">
     <span class='ocr_line' id='line_1_49' title="bbox 1240 283 1977 329; baseline -0.003 -11"><span class='ocrx_word' id='word_1_253' title='bbox 1240 286 1379 329; x_wconf 85' lang='lat' dir='ltr'>aliisque</span> <span class='ocrx_word' id='word_1_254' title='bbox 1412 284 1660 329; x_wconf 79' lang='lat' dir='ltr'>disponentibus</span> <span class='ocrx_word' id='word_1_255' title='bbox 1686 294 1789 328; x_wconf 83' lang='lat' dir='ltr'>usque</span> <span class='ocrx_word' id='word_1_256' title='bbox 1815 283 1848 316; x_wconf 92' lang='lat' dir='ltr'>in</span> <span class='ocrx_word' id='word_1_257' title='bbox 1879 292 1977 326; x_wconf 81' lang='lat' dir='ltr'>prae-</span> 
     </span>
     <span class='ocr_line' id='line_1_50' title="bbox 1242 337 1982 380; baseline -0.004 -8"><span class='ocrx_word' id='word_1_258' title='bbox 1242 345 1367 372; x_wconf 78' lang='lat' dir='ltr'>sentem</span> <span class='ocrx_word' id='word_1_259' title='bbox 1393 339 1478 372; x_wconf 88' lang='lat' dir='ltr'>diem</span> <span class='ocrx_word' id='word_1_260' title='bbox 1504 338 1609 371; x_wconf 85' lang='lat' dir='ltr'>eidem</span> <span class='ocrx_word' id='word_1_261' title='bbox 1641 337 1898 371; x_wconf 81' lang='lat' dir='ltr'>confraternitati</span> <span class='ocrx_word' id='word_1_262' title='bbox 1925 347 1982 380; x_wconf 88' lang='lat' dir='ltr'>per</span> 
     </span>
     <span class='ocr_line' id='line_1_51' title="bbox 1242 390 1984 436; baseline -0.004 -11"><span class='ocrx_word' id='word_1_263' title='bbox 1242 404 1300 426; x_wconf 81' lang='lat' dir='ltr'>nos</span> <span class='ocrx_word' id='word_1_264' title='bbox 1326 398 1360 425; x_wconf 89' lang='lat' dir='ltr'>ut</span> <span class='ocrx_word' id='word_1_265' title='bbox 1393 393 1573 436; x_wconf 79' lang='lat' dir='ltr'>praefertur</span> <span class='ocrx_word' id='word_1_266' title='bbox 1602 402 1796 435; x_wconf 76' lang='lat' dir='ltr'>suppressae</span> <span class='ocrx_word' id='word_1_267' title='bbox 1822 399 1852 423; x_wconf 88' lang='lat' dir='ltr'>et</span> <span class='ocrx_word' id='word_1_268' title='bbox 1881 390 1984 423; x_wconf 84' lang='lat' dir='ltr'>extin—</span> 
     </span>
     <span class='ocr_line' id='line_1_52' title="bbox 1243 444 1984 488; baseline -0.004 -9"><span class='ocrx_word' id='word_1_269' title='bbox 1243 452 1313 479; x_wconf 84' lang='lat' dir='ltr'>ctae</span> <span class='ocrx_word' id='word_1_270' title='bbox 1333 445 1551 485; x_wconf 82' lang='lat' dir='ltr'>demandare&#39;,</span> <span class='ocrx_word' id='word_1_271' title='bbox 1571 456 1587 477; x_wconf 86' lang='lat' dir='ltr'>a</span> <span class='ocrx_word' id='word_1_272' title='bbox 1603 456 1660 488; x_wconf 90' lang='lat' dir='ltr'>pro</span> <span class='ocrx_word' id='word_1_273' title='bbox 1681 451 1827 487; x_wconf 86' lang='lat' dir='ltr'>tempore</span> <span class='ocrx_word' id='word_1_274' title='bbox 1847 444 1984 477; x_wconf 72' lang='lat' dir='ltr'>existen-</span> 
     </span>
     <span class='ocr_line' id='line_1_53' title="bbox 1245 497 1984 532; baseline -0.001 -1"><span class='ocrx_word' id='word_1_275' title='bbox 1245 500 1329 532; x_wconf 87' lang='lat' dir='ltr'>tibus</span> <span class='ocrx_word' id='word_1_276' title='bbox 1365 499 1517 532; x_wconf 88' lang='lat' dir='ltr'>fratribus</span> <span class='ocrx_word' id='word_1_277' title='bbox 1549 497 1774 531; x_wconf 81' lang='lat' dir='ltr'>sccundodicti</span> <span class='ocrx_word' id='word_1_278' title='bbox 1808 504 1984 530; x_wconf 77' lang='lat' dir='ltr'>conventus</span> 
     </span>
     <span class='ocr_line' id='line_1_54' title="bbox 1245 551 1985 594; baseline -0.001 -9"><span class='ocrx_word' id='word_1_279' title='bbox 1245 558 1366 585; x_wconf 86' lang='lat' dir='ltr'>tantum</span> <span class='ocrx_word' id='word_1_280' title='bbox 1393 558 1423 585; x_wconf 87' lang='lat' dir='ltr'>et</span> <span class='ocrx_word' id='word_1_281' title='bbox 1448 563 1514 585; x_wconf 91' lang='lat' dir='ltr'>non</span> <span class='ocrx_word' id='word_1_282' title='bbox 1550 551 1588 584; x_wconf 86' lang='lat' dir='ltr'>ab</span> <span class='ocrx_word' id='word_1_283' title='bbox 1622 551 1692 584; x_wconf 83' lang='lat' dir='ltr'>aliis</span> <span class='ocrx_word' id='word_1_284' title='bbox 1728 551 1926 594; x_wconf 80' lang='lat' dir='ltr'>presbyteris</span> <span class='ocrx_word' id='word_1_285' title='bbox 1953 551 1985 584; x_wconf 90' lang='lat' dir='ltr'>in</span> 
     </span>
     <span class='ocr_line' id='line_1_55' title="bbox 1245 605 1986 649; baseline -0.001 -11"><span class='ocrx_word' id='word_1_286' title='bbox 1245 607 1390 649; x_wconf 80' lang='lat' dir='ltr'>praefata</span> <span class='ocrx_word' id='word_1_287' title='bbox 1415 617 1526 639; x_wconf 90' lang='lat' dir='ltr'>eorum</span> <span class='ocrx_word' id='word_1_288' title='bbox 1553 605 1692 638; x_wconf 80' lang='lat' dir='ltr'>ecclesia</span> <span class='ocrx_word' id='word_1_289' title='bbox 1718 605 1748 638; x_wconf 88' lang='lat' dir='ltr'>S.</span> <span class='ocrx_word' id='word_1_290' title='bbox 1770 605 1926 638; x_wconf 89' lang='lat' dir='ltr'>Dominici</span> <span class='ocrx_word' id='word_1_291' title='bbox 1952 605 1986 638; x_wconf 89' lang='lat' dir='ltr'>in</span> 
     </span>
     <span class='ocr_line' id='line_1_56' title="bbox 1245 657 1983 703; baseline -0.001 -11"><span class='ocrx_word' id='word_1_292' title='bbox 1245 664 1441 703; x_wconf 85' lang='lat' dir='ltr'>perpetuum</span> <span class='ocrx_word' id='word_1_293' title='bbox 1476 657 1637 691; x_wconf 77' lang='lat' dir='ltr'>celebrari</span> <span class='ocrx_word' id='word_1_294' title='bbox 1670 663 1700 690; x_wconf 88' lang='lat' dir='ltr'>et</span> <span class='ocrx_word' id='word_1_295' title='bbox 1725 657 1897 700; x_wconf 86' lang='lat' dir='ltr'>adimpleri</span> <span class='ocrx_word' id='word_1_296' title='bbox 1924 658 1983 691; x_wconf 86' lang='lat' dir='ltr'>de-</span> 
     </span>
     <span class='ocr_line' id='line_1_57' title="bbox 1246 710 1988 753; baseline -0.003 -7"><span class='ocrx_word' id='word_1_297' title='bbox 1246 714 1364 753; x_wconf 87' lang='lat' dir='ltr'>beant,</span> <span class='ocrx_word' id='word_1_298' title='bbox 1391 712 1505 745; x_wconf 85' lang='lat' dir='ltr'>solutis</span> <span class='ocrx_word' id='word_1_299' title='bbox 1533 717 1637 745; x_wconf 87' lang='lat' dir='ltr'>tamen</span> <span class='ocrx_word' id='word_1_300' title='bbox 1663 710 1886 744; x_wconf 82' lang='lat' dir='ltr'>secundodicti</span> <span class='ocrx_word' id='word_1_301' title='bbox 1911 722 1988 744; x_wconf 88' lang='lat' dir='ltr'>con-</span> 
     </span>
     <span class='ocr_line' id='line_1_58' title="bbox 1245 765 1987 808; baseline 0 -10"><span class='ocrx_word' id='word_1_302' title='bbox 1245 772 1360 799; x_wconf 88' lang='lat' dir='ltr'>ventus</span> <span class='ocrx_word' id='word_1_303' title='bbox 1390 765 1543 798; x_wconf 87' lang='lat' dir='ltr'>fratribus</span> <span class='ocrx_word' id='word_1_304' title='bbox 1580 775 1667 797; x_wconf 92' lang='lat' dir='ltr'>nunc</span> <span class='ocrx_word' id='word_1_305' title='bbox 1692 771 1722 798; x_wconf 91' lang='lat' dir='ltr'>et</span> <span class='ocrx_word' id='word_1_306' title='bbox 1747 775 1805 808; x_wconf 89' lang='lat' dir='ltr'>pro</span> <span class='ocrx_word' id='word_1_307' title='bbox 1840 770 1987 808; x_wconf 83' lang='lat' dir='ltr'>tempore</span> 
     </span>
     <span class='ocr_line' id='line_1_59' title="bbox 1246 818 1990 862; baseline -0.003 -10"><span class='ocrx_word' id='word_1_308' title='bbox 1246 819 1457 852; x_wconf 78' lang='lat' dir='ltr'>existentibus</span> <span class='ocrx_word' id='word_1_309' title='bbox 1490 829 1549 862; x_wconf 89' lang='lat' dir='ltr'>per</span> <span class='ocrx_word' id='word_1_310' title='bbox 1581 818 1824 862; x_wconf 85' lang='lat' dir='ltr'>infrascriptum</span> <span class='ocrx_word' id='word_1_311' title='bbox 1849 818 1990 851; x_wconf 85' lang='lat' dir='ltr'>semina-</span> 
     </span>
     <span class='ocr_line' id='line_1_60' title="bbox 1248 871 1990 915; baseline -0.001 -10"><span class='ocrx_word' id='word_1_312' title='bbox 1248 873 1329 905; x_wconf 89' lang='lat' dir='ltr'>rium</span> <span class='ocrx_word' id='word_1_313' title='bbox 1348 873 1485 914; x_wconf 70' lang='lat' dir='ltr'>singulis</span> <span class='ocrx_word' id='word_1_314' title='bbox 1503 872 1671 905; x_wconf 87' lang='lat' dir='ltr'>mensibus</span> <span class='ocrx_word' id='word_1_315' title='bbox 1690 871 1907 915; x_wconf 69' lang='lat' dir='ltr'>eleemosynis</span> <span class='ocrx_word' id='word_1_316' title='bbox 1920 871 1990 904; x_wconf 85' lang='lat' dir='ltr'>mis-</span> 
     </span>
     <span class='ocr_line' id='line_1_61' title="bbox 1246 924 1990 958; baseline -0.001 0"><span class='ocrx_word' id='word_1_317' title='bbox 1246 936 1355 958; x_wconf 87' lang='lat' dir='ltr'>sarum</span> <span class='ocrx_word' id='word_1_318' title='bbox 1381 926 1690 958; x_wconf 76' lang='lat' dir='ltr'>secandodictaram</span> <span class='ocrx_word' id='word_1_319' title='bbox 1710 925 1748 957; x_wconf 89' lang='lat' dir='ltr'>ad</span> <span class='ocrx_word' id='word_1_320' title='bbox 1776 924 1934 958; x_wconf 87' lang='lat' dir='ltr'>rationem</span> <span class='ocrx_word' id='word_1_321' title='bbox 1954 934 1990 957; x_wconf 88' lang='lat' dir='ltr'>u-</span> 
     </span>
     <span class='ocr_line' id='line_1_62' title="bbox 1249 977 1992 1021; baseline 0 -10"><span class='ocrx_word' id='word_1_322' title='bbox 1249 979 1320 1012; x_wconf 87' lang='lat' dir='ltr'>nius</span> <span class='ocrx_word' id='word_1_323' title='bbox 1348 979 1413 1011; x_wconf 91' lang='lat' dir='ltr'>iulii</span> <span class='ocrx_word' id='word_1_324' title='bbox 1440 984 1590 1011; x_wconf 86' lang='lat' dir='ltr'>monetae</span> <span class='ocrx_word' id='word_1_325' title='bbox 1617 979 1780 1021; x_wconf 79' lang='lat' dir='ltr'>praefatae</span> <span class='ocrx_word' id='word_1_326' title='bbox 1806 989 1865 1021; x_wconf 91' lang='lat' dir='ltr'>pro</span> <span class='ocrx_word' id='word_1_327' title='bbox 1892 977 1992 1021; x_wconf 85' lang='lat' dir='ltr'>quali-</span> 
     </span>
     <span class='ocr_line' id='line_1_63' title="bbox 1249 1030 1990 1074; baseline -0.001 -9"><span class='ocrx_word' id='word_1_328' title='bbox 1249 1033 1303 1066; x_wconf 86' lang='lat' dir='ltr'>bet</span> <span class='ocrx_word' id='word_1_329' title='bbox 1328 1032 1423 1065; x_wconf 77' lang='lat' dir='ltr'>missa</span> <span class='ocrx_word' id='word_1_330' title='bbox 1461 1031 1650 1064; x_wconf 81' lang='lat' dir='ltr'>huiusmodi</span> <span class='ocrx_word' id='word_1_331' title='bbox 1677 1037 1708 1064; x_wconf 89' lang='lat' dir='ltr'>et</span> <span class='ocrx_word' id='word_1_332' title='bbox 1733 1030 1906 1074; x_wconf 86' lang='lat' dir='ltr'>stipendiis</span> <span class='ocrx_word' id='word_1_333' title='bbox 1931 1040 1990 1074; x_wconf 89' lang='lat' dir='ltr'>pro</span> 
     </span>
     <span class='ocr_line' id='line_1_64' title="bbox 1249 1084 1993 1129; baseline -0.003 -11"><span class='ocrx_word' id='word_1_334' title='bbox 1249 1086 1505 1129; x_wconf 84' lang='lat' dir='ltr'>adimplemento</span> <span class='ocrx_word' id='word_1_335' title='bbox 1547 1085 1843 1118; x_wconf 72' lang='lat' dir='ltr'>anniversariorum</span> <span class='ocrx_word' id='word_1_336' title='bbox 1880 1084 1993 1116; x_wconf 88' lang='lat' dir='ltr'>huius—</span> 
     </span>
     <span class='ocr_line' id='line_1_65' title="bbox 1250 1138 1992 1181; baseline -0.004 -9"><span class='ocrx_word' id='word_1_337' title='bbox 1250 1140 1337 1172; x_wconf 87' lang='lat' dir='ltr'>modi</span> <span class='ocrx_word' id='word_1_338' title='bbox 1361 1140 1398 1171; x_wconf 88' lang='lat' dir='ltr'>ad</span> <span class='ocrx_word' id='word_1_339' title='bbox 1423 1140 1584 1171; x_wconf 91' lang='lat' dir='ltr'>rationem</span> <span class='ocrx_word' id='word_1_340' title='bbox 1609 1144 1641 1171; x_wconf 88' lang='lat' dir='ltr'>et</span> <span class='ocrx_word' id='word_1_341' title='bbox 1666 1138 1754 1170; x_wconf 88' lang='lat' dir='ltr'>iuxta</span> <span class='ocrx_word' id='word_1_342' title='bbox 1778 1138 1992 1181; x_wconf 82' lang='lat' dir='ltr'>quantitatem</span> 
     </span>
     <span class='ocr_line' id='line_1_66' title="bbox 1249 1191 1994 1236; baseline -0.003 -11"><span class='ocrx_word' id='word_1_343' title='bbox 1249 1193 1389 1236; x_wconf 70' lang='lat' dir='ltr'>persolvi</span> <span class='ocrx_word' id='word_1_344' title='bbox 1417 1199 1604 1226; x_wconf 78' lang='lat' dir='ltr'>consuetam</span> <span class='ocrx_word' id='word_1_345' title='bbox 1621 1192 1660 1224; x_wconf 86' lang='lat' dir='ltr'>ab</span> <span class='ocrx_word' id='word_1_346' title='bbox 1682 1192 1795 1224; x_wconf 75' lang='lat' dir='ltr'>eadem</span> <span class='ocrx_word' id='word_1_347' title='bbox 1817 1191 1994 1224; x_wconf 87' lang='lat' dir='ltr'>confrater-</span> 
     </span>
     <span class='ocr_line' id='line_1_67' title="bbox 1250 1245 1994 1289; baseline -0.001 -11"><span class='ocrx_word' id='word_1_348' title='bbox 1250 1247 1349 1279; x_wconf 86' lang='lat' dir='ltr'>nitate</span> <span class='ocrx_word' id='word_1_349' title='bbox 1376 1257 1434 1289; x_wconf 87' lang='lat' dir='ltr'>per</span> <span class='ocrx_word' id='word_1_350' title='bbox 1460 1257 1519 1278; x_wconf 90' lang='lat' dir='ltr'>nos</span> <span class='ocrx_word' id='word_1_351' title='bbox 1544 1252 1579 1277; x_wconf 89' lang='lat' dir='ltr'>ut</span> <span class='ocrx_word' id='word_1_352' title='bbox 1603 1246 1787 1289; x_wconf 88' lang='lat' dir='ltr'>praefertur</span> <span class='ocrx_word' id='word_1_353' title='bbox 1815 1245 1994 1288; x_wconf 64' lang='lat' dir='ltr'>suppressa</span> 
     </span>
     <span class='ocr_line' id='line_1_68' title="bbox 1250 1300 1993 1342; baseline -0.003 -10"><span class='ocrx_word' id='word_1_354' title='bbox 1250 1306 1281 1332; x_wconf 90' lang='lat' dir='ltr'>et</span> <span class='ocrx_word' id='word_1_355' title='bbox 1306 1300 1470 1341; x_wconf 63' lang='lat' dir='ltr'>enim-m),</span> <span class='ocrx_word' id='word_1_356' title='bbox 1497 1304 1674 1342; x_wconf 86' lang='lat' dir='ltr'>perpetuo,</span> <span class='ocrx_word' id='word_1_357' title='bbox 1697 1304 1810 1331; x_wconf 90' lang='lat' dir='ltr'>tenore</span> <span class='ocrx_word' id='word_1_358' title='bbox 1836 1308 1993 1341; x_wconf 88' lang='lat' dir='ltr'>praesen-</span> 
     </span>
     <span class='ocr_line' id='line_1_69' title="bbox 1251 1351 1995 1396; baseline -0.001 -11"><span class='ocrx_word' id='word_1_359' title='bbox 1251 1354 1351 1393; x_wconf 84' lang='lat' dir='ltr'>tiam,</span> <span class='ocrx_word' id='word_1_360' title='bbox 1379 1352 1476 1386; x_wconf 84' lang='lat' dir='ltr'>etiarn</span> <span class='ocrx_word' id='word_1_361' title='bbox 1502 1353 1704 1396; x_wconf 83' lang='lat' dir='ltr'>applicamus</span> <span class='ocrx_word' id='word_1_362' title='bbox 1741 1357 1774 1384; x_wconf 92' lang='lat' dir='ltr'>et</span> <span class='ocrx_word' id='word_1_363' title='bbox 1805 1351 1995 1395; x_wconf 86' lang='lat' dir='ltr'>incorpora-</span> 
     </span>
     <span class='ocr_line' id='line_1_70' title="bbox 1251 1417 1332 1439; baseline -0.012 0"><span class='ocrx_word' id='word_1_364' title='bbox 1251 1417 1332 1439; x_wconf 86' lang='lat' dir='ltr'>mus.</span> 
     </span>
    </p>

    <p class='ocr_par' dir='ltr' id='par_1_8' title="bbox 1251 1457 2001 2576">
     <span class='ocr_line' id='line_1_71' title="bbox 1295 1457 1992 1504; baseline -0.003 -11"><span class='ocrx_word' id='word_1_365' title='bbox 1295 1461 1309 1504; x_wconf 63' lang='grc' dir='ltr'><strong>ἓ</strong></span> <span class='ocrx_word' id='word_1_366' title='bbox 1334 1460 1365 1494; x_wconf 80' lang='lat'>3.</span> <span class='ocrx_word' id='word_1_367' title='bbox 1394 1459 1532 1503; x_wconf 85' lang='lat' dir='ltr'>Reliqua</span> <span class='ocrx_word' id='word_1_368' title='bbox 1556 1469 1633 1492; x_wconf 91' lang='lat' dir='ltr'>vero</span> <span class='ocrx_word' id='word_1_369' title='bbox 1658 1459 1745 1492; x_wconf 85' lang='lat' dir='ltr'>bona</span> <span class='ocrx_word' id='word_1_370' title='bbox 1768 1457 1896 1499; x_wconf 86' lang='lat' dir='ltr'>omnia,</span> <span class='ocrx_word' id='word_1_371' title='bbox 1930 1468 1992 1498; x_wconf 89' lang='lat' dir='ltr'>res,</span> 
     </span>
     <span class='ocr_line' id='line_1_72' title="bbox 1251 1512 1991 1558; baseline -0.001 -12"><span class='ocrx_word' id='word_1_372' title='bbox 1251 1515 1490 1558; x_wconf 85' lang='lat' dir='ltr'>proprietates,</span> <span class='ocrx_word' id='word_1_373' title='bbox 1517 1523 1652 1553; x_wconf 86' lang='lat' dir='ltr'>census,</span> <span class='ocrx_word' id='word_1_374' title='bbox 1678 1523 1838 1554; x_wconf 82' lang='lat' dir='ltr'>canones,</span> <span class='ocrx_word' id='word_1_375' title='bbox 1867 1512 1991 1552; x_wconf 88' lang='lat' dir='ltr'>domos,</span> 
     </span>
     <span class='ocr_line' id='line_1_73' title="bbox 1253 1567 1994 1612; baseline -0.004 -11"><span class='ocrx_word' id='word_1_376' title='bbox 1253 1568 1374 1608; x_wconf 80' lang='lat' dir='ltr'>vineas,</span> <span class='ocrx_word' id='word_1_377' title='bbox 1402 1567 1547 1612; x_wconf 85' lang='lat' dir='ltr'>praedia,</span> <span class='ocrx_word' id='word_1_378' title='bbox 1575 1567 1820 1610; x_wconf 84' lang='lat' dir='ltr'>possessiones,</span> <span class='ocrx_word' id='word_1_379' title='bbox 1858 1576 1994 1610; x_wconf 84' lang='lat' dir='ltr'>respon-</span> 
     </span>
     <span class='ocr_line' id='line_1_74' title="bbox 1252 1619 1996 1661; baseline -0.001 -8"><span class='ocrx_word' id='word_1_380' title='bbox 1252 1622 1377 1661; x_wconf 75' lang='lat' dir='ltr'>siones,</span> <span class='ocrx_word' id='word_1_381' title='bbox 1405 1622 1543 1661; x_wconf 85' lang='lat' dir='ltr'>fructus,</span> <span class='ocrx_word' id='word_1_382' title='bbox 1570 1622 1641 1654; x_wconf 88' lang='lat' dir='ltr'>loca</span> <span class='ocrx_word' id='word_1_383' title='bbox 1667 1620 1844 1660; x_wconf 85' lang='lat' dir='ltr'>montium,</span> <span class='ocrx_word' id='word_1_384' title='bbox 1869 1625 1901 1653; x_wconf 88' lang='lat' dir='ltr'>et</span> <span class='ocrx_word' id='word_1_385' title='bbox 1925 1619 1996 1652; x_wconf 83' lang='lat' dir='ltr'>iura</span> 
     </span>
     <span class='ocr_line' id='line_1_75' title="bbox 1252 1673 1995 1719; baseline -0.003 -11"><span class='ocrx_word' id='word_1_386' title='bbox 1252 1686 1485 1719; x_wconf 85' lang='lat' dir='ltr'>quaecumque,</span> <span class='ocrx_word' id='word_1_387' title='bbox 1513 1675 1743 1718; x_wconf 85' lang='lat' dir='ltr'>undecumque</span> <span class='ocrx_word' id='word_1_388' title='bbox 1766 1679 1798 1707; x_wconf 88' lang='lat' dir='ltr'>et</span> <span class='ocrx_word' id='word_1_389' title='bbox 1814 1673 1995 1717; x_wconf 80' lang='lat' dir='ltr'>quomodo-</span> 
     </span>
     <span class='ocr_line' id='line_1_76' title="bbox 1253 1726 1997 1773; baseline -0.003 -12"><span class='ocrx_word' id='word_1_390' title='bbox 1253 1739 1392 1773; x_wconf 86' lang='lat' dir='ltr'>cumque</span> <span class='ocrx_word' id='word_1_391' title='bbox 1418 1727 1654 1771; x_wconf 85' lang='lat' dir='ltr'>provenientia,</span> <span class='ocrx_word' id='word_1_392' title='bbox 1688 1727 1784 1760; x_wconf 85' lang='lat' dir='ltr'>etiam</span> <span class='ocrx_word' id='word_1_393' title='bbox 1811 1726 1997 1759; x_wconf 80' lang='lat' dir='ltr'>cuiuscum·</span> 
     </span>
     <span class='ocr_line' id='line_1_77' title="bbox 1253 1779 1998 1826; baseline -0.003 -11"><span class='ocrx_word' id='word_1_394' title='bbox 1253 1793 1315 1826; x_wconf 84' lang='lat' dir='ltr'>que</span> <span class='ocrx_word' id='word_1_395' title='bbox 1349 1782 1493 1826; x_wconf 90' lang='lat' dir='ltr'>speciei,</span> <span class='ocrx_word' id='word_1_396' title='bbox 1529 1780 1742 1825; x_wconf 80' lang='lat' dir='ltr'>quantitatis,</span> <span class='ocrx_word' id='word_1_397' title='bbox 1776 1779 1940 1824; x_wconf 76' lang='lat' dir='ltr'>qualitatis</span> <span class='ocrx_word' id='word_1_398' title='bbox 1966 1785 1998 1813; x_wconf 83' lang='lat' dir='ltr'>et</span> 
     </span>
     <span class='ocr_line' id='line_1_78' title="bbox 1253 1833 1998 1878; baseline -0.004 -9"><span class='ocrx_word' id='word_1_399' title='bbox 1253 1835 1370 1869; x_wconf 87' lang='lat' dir='ltr'>valoris</span> <span class='ocrx_word' id='word_1_400' title='bbox 1404 1836 1563 1875; x_wconf 78' lang='lat' dir='ltr'>existant,</span> <span class='ocrx_word' id='word_1_401' title='bbox 1589 1840 1620 1867; x_wconf 92' lang='lat' dir='ltr'>ct</span> <span class='ocrx_word' id='word_1_402' title='bbox 1652 1834 1832 1878; x_wconf 88' lang='lat' dir='ltr'>usquedum</span> <span class='ocrx_word' id='word_1_403' title='bbox 1865 1833 1998 1867; x_wconf 89' lang='lat' dir='ltr'>admini-</span> 
     </span>
     <span class='ocr_line' id='line_1_79' title="bbox 1253 1887 1997 1931; baseline -0.004 -9"><span class='ocrx_word' id='word_1_404' title='bbox 1253 1895 1364 1929; x_wconf 86' lang='lat' dir='ltr'>strata,</span> <span class='ocrx_word' id='word_1_405' title='bbox 1388 1894 1543 1931; x_wconf 89' lang='lat' dir='ltr'>percepta</span> <span class='ocrx_word' id='word_1_406' title='bbox 1568 1894 1598 1921; x_wconf 86' lang='lat' dir='ltr'>et</span> <span class='ocrx_word' id='word_1_407' title='bbox 1623 1897 1775 1931; x_wconf 83' lang='lat' dir='ltr'>possessa</span> <span class='ocrx_word' id='word_1_408' title='bbox 1800 1898 1860 1930; x_wconf 90' lang='lat' dir='ltr'>per</span> <span class='ocrx_word' id='word_1_409' title='bbox 1877 1887 1997 1920; x_wconf 85' lang='lat' dir='ltr'>dictam</span> 
     </span>
     <span class='ocr_line' id='line_1_80' title="bbox 1254 1941 1999 1984; baseline -0.003 -9"><span class='ocrx_word' id='word_1_410' title='bbox 1254 1942 1553 1975; x_wconf 77' lang='lat' dir='ltr'>confraternitatem</span> <span class='ocrx_word' id='word_1_411' title='bbox 1580 1952 1638 1984; x_wconf 87' lang='lat' dir='ltr'>per</span> <span class='ocrx_word' id='word_1_412' title='bbox 1671 1952 1730 1974; x_wconf 84' lang='lat' dir='ltr'>nos</span> <span class='ocrx_word' id='word_1_413' title='bbox 1755 1947 1791 1973; x_wconf 89' lang='lat' dir='ltr'>ut</span> <span class='ocrx_word' id='word_1_414' title='bbox 1815 1941 1999 1984; x_wconf 85' lang='lat' dir='ltr'>praefertur</span> 
     </span>
     <span class='ocr_line' id='line_1_81' title="bbox 1255 1994 2000 2039; baseline -0.004 -10"><span class='ocrx_word' id='word_1_415' title='bbox 1255 2007 1461 2039; x_wconf 82' lang='lat' dir='ltr'>suppressam</span> <span class='ocrx_word' id='word_1_416' title='bbox 1488 2002 1519 2028; x_wconf 90' lang='lat' dir='ltr'>et</span> <span class='ocrx_word' id='word_1_417' title='bbox 1543 1995 1727 2035; x_wconf 77' lang='lat' dir='ltr'>extinctam,</span> <span class='ocrx_word' id='word_1_418' title='bbox 1745 2000 1777 2027; x_wconf 87' lang='lat' dir='ltr'>et</span> <span class='ocrx_word' id='word_1_419' title='bbox 1794 1994 1899 2027; x_wconf 88' lang='lat' dir='ltr'>eidem</span> <span class='ocrx_word' id='word_1_420' title='bbox 1925 2004 2000 2027; x_wconf 90' lang='lat' dir='ltr'>con·</span> 
     </span>
     <span class='ocr_line' id='line_1_82' title="bbox 1256 2048 1999 2093; baseline -0.004 -10"><span class='ocrx_word' id='word_1_421' title='bbox 1256 2049 1453 2083; x_wconf 85' lang='lat' dir='ltr'>fraternitati</span> <span class='ocrx_word' id='word_1_422' title='bbox 1479 2060 1539 2093; x_wconf 90' lang='lat' dir='ltr'>per</span> <span class='ocrx_word' id='word_1_423' title='bbox 1564 2059 1621 2082; x_wconf 88' lang='lat' dir='ltr'>nos</span> <span class='ocrx_word' id='word_1_424' title='bbox 1646 2055 1681 2081; x_wconf 90' lang='lat' dir='ltr'>ut</span> <span class='ocrx_word' id='word_1_425' title='bbox 1713 2048 1896 2092; x_wconf 84' lang='lat' dir='ltr'>praefertur</span> <span class='ocrx_word' id='word_1_426' title='bbox 1921 2058 1999 2091; x_wconf 85' lang='lat' dir='ltr'>sup-</span> 
     </span>
     <span class='ocr_line' id='line_1_83' title="bbox 1257 2102 2000 2148; baseline -0.003 -12"><span class='ocrx_word' id='word_1_427' title='bbox 1257 2114 1387 2148; x_wconf 85' lang='lat' dir='ltr'>pressae</span> <span class='ocrx_word' id='word_1_428' title='bbox 1421 2109 1453 2136; x_wconf 87' lang='lat' dir='ltr'>et</span> <span class='ocrx_word' id='word_1_429' title='bbox 1483 2103 1642 2136; x_wconf 79' lang='lat' dir='ltr'>extinctae</span> <span class='ocrx_word' id='word_1_430' title='bbox 1668 2102 1904 2146; x_wconf 86' lang='lat' dir='ltr'>competentia,</span> <span class='ocrx_word' id='word_1_431' title='bbox 1929 2112 2000 2145; x_wconf 88' lang='lat' dir='ltr'>spe-</span> 
     </span>
     <span class='ocr_line' id='line_1_84' title="bbox 1256 2155 2000 2201; baseline -0.005 -10"><span class='ocrx_word' id='word_1_432' title='bbox 1256 2158 1377 2191; x_wconf 87' lang='lat' dir='ltr'>ctantia</span> <span class='ocrx_word' id='word_1_433' title='bbox 1396 2163 1426 2191; x_wconf 90' lang='lat' dir='ltr'>et</span> <span class='ocrx_word' id='word_1_434' title='bbox 1447 2157 1653 2201; x_wconf 83' lang='lat' dir='ltr'>pertinentia,</span> <span class='ocrx_word' id='word_1_435' title='bbox 1680 2155 1859 2190; x_wconf 88' lang='lat' dir='ltr'>seminario</span> <span class='ocrx_word' id='word_1_436' title='bbox 1884 2165 2000 2199; x_wconf 88' lang='lat' dir='ltr'>puero-</span> 
     </span>
     <span class='ocr_line' id='line_1_85' title="bbox 1258 2209 1999 2246; baseline -0.005 0"><span class='ocrx_word' id='word_1_437' title='bbox 1258 2224 1327 2246; x_wconf 85' lang='lat' dir='ltr'>rum</span> <span class='ocrx_word' id='word_1_438' title='bbox 1354 2211 1578 2246; x_wconf 84' lang='lat' dir='ltr'>ecclesiastico</span> <span class='ocrx_word' id='word_1_439' title='bbox 1605 2211 1709 2244; x_wconf 86' lang='lat' dir='ltr'>dictae</span> <span class='ocrx_word' id='word_1_440' title='bbox 1731 2209 1868 2243; x_wconf 89' lang='lat' dir='ltr'>civitatis</span> <span class='ocrx_word' id='word_1_441' title='bbox 1894 2210 1999 2243; x_wconf 89' lang='lat' dir='ltr'>Anco-</span> 
     </span>
     <span class='ocr_line' id='line_1_86' title="bbox 1259 2261 2001 2309; baseline -0.005 -10"><span class='ocrx_word' id='word_1_442' title='bbox 1259 2267 1389 2300; x_wconf 87' lang='lat' dir='ltr'>nitanae</span> <span class='ocrx_word' id='word_1_443' title='bbox 1423 2267 1511 2309; x_wconf 82' lang='lat' dir='ltr'>(cum</span> <span class='ocrx_word' id='word_1_444' title='bbox 1540 2264 1740 2305; x_wconf 75' lang='lat' dir='ltr'>obligatione</span> <span class='ocrx_word' id='word_1_445' title='bbox 1771 2269 1880 2296; x_wconf 87' lang='lat' dir='ltr'>tamen</span> <span class='ocrx_word' id='word_1_446' title='bbox 1911 2261 2001 2306; x_wconf 89' lang='lat' dir='ltr'>quod</span> 
     </span>
     <span class='ocr_line' id='line_1_87' title="bbox 1258 2317 2000 2363; baseline -0.008 -10"><span class='ocrx_word' id='word_1_447' title='bbox 1258 2320 1441 2363; x_wconf 83' lang='lat' dir='ltr'>praefatum</span> <span class='ocrx_word' id='word_1_448' title='bbox 1474 2318 1690 2352; x_wconf 87' lang='lat' dir='ltr'>seminarium</span> <span class='ocrx_word' id='word_1_449' title='bbox 1722 2328 1789 2351; x_wconf 89' lang='lat' dir='ltr'>non</span> <span class='ocrx_word' id='word_1_450' title='bbox 1822 2317 1929 2350; x_wconf 87' lang='lat' dir='ltr'>solum</span> <span class='ocrx_word' id='word_1_451' title='bbox 1966 2326 2000 2348; x_wconf 88' lang='lat' dir='ltr'>e-</span> 
     </span>
     <span class='ocr_line' id='line_1_88' title="bbox 1257 2368 2000 2416; baseline -0.007 -10"><span class='ocrx_word' id='word_1_452' title='bbox 1257 2375 1462 2416; x_wconf 60' lang='lat' dir='ltr'>leemosynas</span> <span class='ocrx_word' id='word_1_453' title='bbox 1500 2377 1531 2405; x_wconf 89' lang='lat' dir='ltr'>et</span> <span class='ocrx_word' id='word_1_454' title='bbox 1568 2371 1732 2414; x_wconf 86' lang='lat' dir='ltr'>stipendia</span> <span class='ocrx_word' id='word_1_455' title='bbox 1757 2380 1818 2414; x_wconf 88' lang='lat' dir='ltr'>pro</span> <span class='ocrx_word' id='word_1_456' title='bbox 1843 2368 2000 2411; x_wconf 86' lang='lat' dir='ltr'>adimple-</span> 
     </span>
     <span class='ocr_line' id='line_1_89' title="bbox 1258 2422 2000 2460; baseline -0.007 -1"><span class='ocrx_word' id='word_1_457' title='bbox 1258 2432 1369 2460; x_wconf 90' lang='lat' dir='ltr'>mento</span> <span class='ocrx_word' id='word_1_458' title='bbox 1389 2432 1420 2459; x_wconf 91' lang='lat' dir='ltr'>et</span> <span class='ocrx_word' id='word_1_459' title='bbox 1433 2425 1681 2459; x_wconf 87' lang='lat' dir='ltr'>manutentione</span> <span class='ocrx_word' id='word_1_460' title='bbox 1700 2422 2000 2457; x_wconf 85' lang='lat' dir='ltr'>anniversariorum</span> 
     </span>
     <span class='ocr_line' id='line_1_90' title="bbox 1258 2474 1999 2522; baseline -0.008 -9"><span class='ocrx_word' id='word_1_461' title='bbox 1258 2486 1289 2513; x_wconf 90' lang='lat' dir='ltr'>et</span> <span class='ocrx_word' id='word_1_462' title='bbox 1321 2479 1491 2512; x_wconf 88' lang='lat' dir='ltr'>missarum</span> <span class='ocrx_word' id='word_1_463' title='bbox 1523 2483 1758 2522; x_wconf 86' lang='lat' dir='ltr'>perpetuarum</span> <span class='ocrx_word' id='word_1_464' title='bbox 1795 2474 1999 2516; x_wconf 87' lang='lat' dir='ltr'>huiusmodi,</span> 
     </span>
     <span class='ocr_line' id='line_1_91' title="bbox 1257 2529 1999 2576; baseline -0.008 -9"><span class='ocrx_word' id='word_1_465' title='bbox 1257 2534 1313 2567; x_wconf 87' lang='lat' dir='ltr'>sed</span> <span class='ocrx_word' id='word_1_466' title='bbox 1352 2533 1447 2567; x_wconf 87' lang='lat' dir='ltr'>etiam</span> <span class='ocrx_word' id='word_1_467' title='bbox 1483 2543 1543 2576; x_wconf 89' lang='lat' dir='ltr'>pro</span> <span class='ocrx_word' id='word_1_468' title='bbox 1575 2532 1650 2565; x_wconf 89' lang='lat' dir='ltr'>dote</span> <span class='ocrx_word' id='word_1_469' title='bbox 1688 2537 1719 2564; x_wconf 88' lang='lat' dir='ltr'>et</span> <span class='ocrx_word' id='word_1_470' title='bbox 1752 2529 1999 2563; x_wconf 86' lang='lat' dir='ltr'>manutentione</span> 
     </span>
    </p>
   </div>
   <div class='ocr_carea' id='block_1_8' title="bbox 1257 2600 2001 2686">
    <p class='ocr_par' dir='ltr' id='par_1_9' title="bbox 1257 2600 2001 2686">
     <span class='ocr_line' id='line_1_92' title="bbox 1295 2600 2001 2639; baseline -0.007 -7"><span class='ocrx_word' id='word_1_471' title='bbox 1295 2607 1305 2632; x_wconf 84' lang='lat'>1</span> <span class='ocrx_word' id='word_1_472' title='bbox 1330 2605 1422 2632; x_wconf 88' lang='lat' dir='ltr'>Potius</span> <span class='ocrx_word' id='word_1_473' title='bbox 1445 2604 1507 2639; x_wconf 83' lang='lat' dir='ltr'>lege</span> <span class='ocrx_word' id='word_1_474' title='bbox 1530 2603 1709 2631; x_wconf 77' lang='lat' dir='ltr'>demandata</span> <span class='ocrx_word' id='word_1_475' title='bbox 1736 2600 1778 2629; x_wconf 87' lang='lat' dir='ltr'>vel</span> <span class='ocrx_word' id='word_1_476' title='bbox 1803 2600 2001 2628; x_wconf 78' lang='lat' dir='ltr'>demandatae</span> 
     </span>
     <span class='ocr_line' id='line_1_93' title="bbox 1257 2650 1363 2686; baseline -0.009 -8"><span class='ocrx_word' id='word_1_477' title='bbox 1257 2650 1298 2685; x_wconf 82' lang='grc' dir='ltr'>(ιι.</span> <span class='ocrx_word' id='word_1_478' title='bbox 1314 2650 1363 2686; x_wconf 76' lang='grc' dir='ltr'>Τ,).</span> 
     </span>
    </p>
   </div>
   <div class='ocr_carea' id='block_1_9' title="bbox 1989 232 2170 262">
    <p class='ocr_par' dir='ltr' id='par_1_10' title="bbox 1989 232 2170 262">
     <span class='ocr_line' id='line_1_94' title="bbox 1989 232 2170 262; baseline 0.011 -2"><span class='ocrx_word' id='word_1_479' title='bbox 1989 232 2039 260; x_wconf 77' lang='lat' dir='ltr'>An.</span> <span class='ocrx_word' id='word_1_480' title='bbox 2060 232 2090 261; x_wconf 88' lang='lat' dir='ltr'>C.</span> <span class='ocrx_word' id='word_1_481' title='bbox 2107 232 2170 262; x_wconf 69' lang='lat'>¹726</span> 
     </span>
    </p>
   </div>
   <div class='ocr_carea' id='block_1_10' title="bbox 2003 1466 2170 1595">
    <p class='ocr_par' dir='ltr' id='par_1_11' title="bbox 2003 1466 2170 1595">
     <span class='ocr_line' id='line_1_95' title="bbox 2030 1466 2168 1488; baseline -0.007 0"><span class='ocrx_word' id='word_1_482' title='bbox 2030 1466 2116 1488; x_wconf 82' lang='lat' dir='ltr'>Necnon</span> <span class='ocrx_word' id='word_1_483' title='bbox 2127 1473 2168 1488; x_wconf 75' lang='lat' dir='ltr'>sam</span> 
     </span>
     <span class='ocr_line' id='line_1_96' title="bbox 2003 1494 2166 1520; baseline 0.006 -6"><span class='ocrx_word' id='word_1_484' title='bbox 2003 1495 2063 1514; x_wconf 77' lang='lat' dir='ltr'>nario</span> <span class='ocrx_word' id='word_1_485' title='bbox 2100 1494 2166 1520; x_wconf 73' lang='lat' dir='ltr'>praed</span> 
     </span>
     <span class='ocr_line' id='line_1_97' title="bbox 2004 1523 2170 1546; baseline 0 -6"><span class='ocrx_word' id='word_1_486' title='bbox 2004 1523 2045 1544; x_wconf 77' lang='lat' dir='ltr'>cto,</span> <span class='ocrx_word' id='word_1_487' title='bbox 2054 1526 2100 1541; x_wconf 84' lang='lat' dir='ltr'>cum</span> <span class='ocrx_word' id='word_1_488' title='bbox 2111 1526 2170 1546; x_wconf 81' lang='lat' dir='ltr'>nppot</span> 
     </span>
     <span class='ocr_line' id='line_1_98' title="bbox 2004 1547 2170 1569; baseline -0.006 -1"><span class='ocrx_word' id='word_1_489' title='bbox 2004 1548 2059 1568; x_wconf 77' lang='lat' dir='ltr'>tunts</span> <span class='ocrx_word' id='word_1_490' title='bbox 2073 1547 2170 1569; x_wconf 72' lang='lat' dir='ltr'>ordinati(</span> 
     </span>
     <span class='ocr_line' id='line_1_99' title="bbox 2004 1575 2075 1595; baseline -0.014 0"><span class='ocrx_word' id='word_1_491' title='bbox 2004 1575 2075 1595; x_wconf 85' lang='lat' dir='ltr'>nibus.</span> 
     </span>
    </p>
   </div>
  </div>
 </body>
</html>
