2170 3147
219 199 267 225 An.
286 197 314 225 c.
334 198 404 224 1725
449 187 513 221 4:30

210 1325 307 1345 Exteu‘in
318 1330 367 1343 earu
379 1332 381 1338 ‚
391 1334 397 1338 ·

997 194 1176 218 BULLARIUM

413 244 581 278 adductis¹
614 244 809 282 rationibus,
845 243 882 275 ad
917 243 1176 300 obstruendum¹

414 297 594 336 fraudibus,
639 306 719 339 quae
761 295 870 328 forsan
914 295 945 327 in
986 300 1152 338 posterum
1174 322 1175 344 ἢ

411 350 566 384 committi
593 354 733 392 possent,
761 359 1000 391 quemcumque
1020 348 1151 388 aditum,

411 403 540 435 easdem
567 402 740 434 Alexandri
767 406 795 433 01
822 400 995 433 Clementis
1023 401 1152 443 praede-

411 467 576 490 cessorum
605 456 728 489 litteras
754 466 824 488 cum
856 454 1006 487 omnibus
1033 461 1063 487 et
1088 455 1150 488 sin-

411 510 493 553 gulis
520 509 549 541 in
578 510 622 542 eis
660 509 821 542 contentis
854 507 1091 541 confirmandas
1122 504 1174 541 01Ἰ

412 563 610 597 innovandas
633 572 701 595 csse
729 561 896 602 duximus,
924 566 1035 604 prout,
1063 554 1175 609 motu,

410 616 562 660 proprio,
595 627 630 649 ex
665 617 755 648 certa
786 614 920 648 scientia
958 625 992 647 ac
1028 612 1175 657 matura}

411 670 645 705 ‹letitia-atione
672 668 803 709 nostris,
826 668 933 711 deque
956 668 1151 711 apostolicae

410 724 577 768 potestatis
604 722 817 765 plenitudiue,
855 722 915 754 hac
940 723 1053 754 nostra
1079 732 1152 765 per·

409 784 508 821 petuo
534 776 669 809 valitura
695 775 929 808 constitutione
960 774 1031 807 illas
1065 780 1094 807 et
1120 775 1151 808 in

409 832 455 864 eis
488 835 642 863 contenta
668 838 894 872 quaecumque
932 828 992 869 (iis
1028 833 1151 861 tantum

409 883 550 927 exceptis
581 892 662 925 quae
695 881 811 919 eidem,
828 886 958 914 nostrae
996 873 1174 923 ceiistitu—}

410 936 488 970 tioni
515 936 739 975 adversantur,
764 939 798 966 ut
822 933 924 977 inl'ra)
951 934 1150 978 amplissime
1173 930 1174 940 ¹

408 990 644 1028 confirmanius,
658 987 875 1031 approbamus
895 998 930 1020 ac
949 987 1150 1029 innovamus,

408 1049 455 1083 ct,
483 1048 640 1086 ‹platenus
667 1051 748 1084 opus
775 1040 835 1081 sit,
864 1040 1015 1073 adversus
1042 1052 1151 1084 quem-

407 1108 542 1140 cumque
557 1106 622 1128 non
639 1106 728 1127 usum
750 1104 806 1128 seu
825 1094 1027 1127 contrariun'i
1047 1105 1150 1135 usum,

407 1150 459 1194 qui
486 1160 616 1193 quoquo
644 1149 739 1182 modo
766 1144 938 1192 praetendi
965 1152 1085 1192 posset,
1104 1159 1151 1182 re·
1173 1195 1174 1198 Ἴ

408 1203 579 1241 satuimus,
606 1201 781 1245 pristinum
807 1200 838 1234 in
865 1206 983 1234 statum
1017 1199 1174 1247 reponi-{

409 1267 490 1297 mus,
518 1267 554 1289 ac
579 1255 723 1298 plenarie
750 1255 961 1298 integramus.

1200 193 1356 217 ROMANL'M

1174 245 1175 256 ¹
1197 241 1453 274 submovendam
1486 253 1521 275 ac
1549 243 1678 286 penitus
1704 254 1720 276 e
1746 244 1852 278 medio
1877 246 1939 279 tol-

1198 294 1339 334 lendam,
1358 297 1456 334 motu,
1475 295 1611 328 scientia
1637 301 1668 329 et
1690 298 1857 340 potestatis
1875 298 1938 341 ple-

1174 345 1175 354 ¹
1197 347 1344 379 uitudine
1370 347 1514 390 paribus,
1541 355 1735 383 memoratas
1763 350 1938 384 Alexandri

1197 406 1228 432 et
1268 400 1443 434 Clementis
1486 403 1777 445 praedecessorum
1812 404 1939 438 litteras

1197 458 1310 486 tenore
1345 455 1565 497 praesentium
1604 466 1757 499 expresse
1794 457 1939 491 extendi-

1197 517 1266 538 mus
1293 518 1328 539 ac
1355 508 1548 550 ampliamus
1575 509 1612 541 ad
1639 519 1752 542 omnes
1787 509 1882 543 etiam
1909 517 1940 544 et

1196 558 1343 602 singulos
1369 560 1448 593 alios
1471 561 1651 594 catholicae
1667 561 1832 595 Ecclesiae
1853 562 1940 597 Ordi-

1197 624 1271 652 nes,
1292 615 1564 656 congregationes
1583 626 1617 648 ac
1638 615 1784 648 instituta
1810 617 1938 659 regula-

1197 666 1260 705 ria,
1280 666 1468 707 monastica,
1486 674 1516 700 ct
1534 668 1594 701 alia
1613 679 1818 712 quocumque
1837 670 1939 704 nomi-

1196 730 1234 753 ne
1261 726 1292 753 et
1319 721 1410 754 titulo
1438 728 1635 765 nuncupata,
1674 723 1766 756 nullo
1803 734 1939 767 prorsus

1197 781 1353 818 excepto,
1380 787 1395 807 a
1430 775 1545 818 quibus
1580 782 1611 809 et
1644 778 1683 809 ab
1718 788 1832 810 eorum
1864 789 1939 822 pro-

1198 828 1374 860 fessoribus
1413 828 1569 872 deinceps
1602 829 1694 870 illas,
1722 830 1753 862 in
1788 831 1939 864 omnibus

1197 886 1228 913 et
1254 880 1392 923 singulis
1420 892 1503 924 quae
1530 883 1693 925 praesenti
1714 884 1956 918 constitutioni-

1196 944 1259 967 non
1286 934 1505 974 adversantur,
1534 937 1737 970 exactissime
1775 937 1938 971 observari

1173 1008 1174 1012 =
1196 989 1353 1029 volumus,
1379 989 1600 1032 praecipimus
1619 995 1649 1022 et
1667 991 1868 1032 mandamus,
1884 1002 1940 1035 pe-

1172 1068 1174 1086 3
1196 1042 1290 1075 rinde
1316 1053 1352 1074 ac
1373 1042 1397 1075 si
1425 1043 1583 1086 ipsaemet
1602 1043 1729 1076 litterae
1748 1055 1764 1077 a
1784 1044 1938 1087 praefatis

1172 1095 1174 1136 ξ
1195 1096 1505 1138 praedecessoribus
1547 1097 1666 1129 nostris
1705 1107 1765 1140 pro
1802 1097 1939 1140 singulis

1196 1148 1268 1194 aliis
1287 1149 1475 1190 Ordinibus,
1495 1149 1810 1192 congregationibus
1836 1161 1871 1182 ac
1896 1149 1940 1182 in-

1197 1203 1316 1235 stitutis
1343 1202 1532 1245 praedictis,
1553 1213 1732 1247 eorumque
1749 1204 1940 1246 professori-

1172 1254 1174 1259 “
1196 1256 1254 1288 bus
1281 1256 1557 1300 quilmscumque,
1578 1256 1682 1290 editae
1702 1262 1734 1289 et
1750 1257 1940 1300 promulga-

1197 1314 1247 1342 tae
1268 1309 1415 1349 fuissent,
1433 1315 1464 1342 et
1480 1320 1545 1342 non
1565 1310 1653 1350 alias,
1670 1320 1730 1342 nec
1747 1309 1811 1343 alio
1829 1311 1937 1344 modo.

1945 197 1997 224 An.
2013 198 2042 225 C.
2064 199 2134 227 1725

452 1310 466 1352 ξ
491 1309 522 1342 4.
551 1309 736 1347 Praeterea,
764 1308 822 1341 etsi
849 1308 926 1341 satis
952 1312 1080 1342 constet
1104 1318 1151 1341 sa-

209 1352 255 1371 ‚nm
277 1351 302 1371 ⁸⁴¹
328 1356 619 1397 ‘'¹¹''''‘latmi-rimam
644 1360 868 1406 praedictam‘Z
886 1361 1069 1395 litterarum
1089 1362 1152 1395 dis·
1172 1365 1174 1414 J

209 1379 262 1396 aa:
315 1377 395 1400 mnu
1239 1363 1253 1406 ἓ
1279 1361 1310 1394 5.
1331 1362 1504 1405 Cupientes
1522 1362 1658 1405 insuper
1683 1368 1718 1395 ut
1741 1362 1844 1396 omnis
1863 1374 1940 1396 ansa
1987 1374 2043 1395 1111111
2065 1374 2133 1395 denno

409 1417 604 1460 positionem
638 1426 701 1448 non
739 1416 778 1448 ad
805 1426 861 1448 eos
896 1415 1078 1455 dumtaxat,
1112 1415 1173 1449 de}

1195 1420 1227 1448 et
1251 1416 1378 1449 occasio
1405 1416 1663 1460 quibuscumque
1685 1417 1810 1458 alienis,
1837 1423 1941 1451 extra·
1951 1401 2063 1448 ffiffinugb
2082 1401 2134 1449 ”iiic

209 1411 262 1425 111111]
278 1404 375 1424 mitum.

1952 1454 2061 1480 pontifice.

408 1470 524 1513 quibus
549 1470 706 1513 loquitur,
727 1469 782 1502 sed
801 1469 840 1501 ad
859 1469 1028 1502 universos
1056 1469 1151 1502 etiam
1172 1479 1174 1493 ¹>

407 1525 487 1558 alios
522 1525 687 1567 regulares
711 1523 848 1556 Ordines
874 1523 1051 1566 pertinere,
1080 1534 1150 1557 cum

407 1579 487 1611 ratio
515 1577 576 1612 voti
600 1576 753 1610 solemnis
779 1576 993 1620 paupertatis,
1017 1577 1067 1609 cui
1094 1577 1150 1610 illa

405 1633 500 1665 unice
522 1631 681 1671 innititur,
700 1631 818 1673 vigeat,
839 1630 1013 1673 locumque
1032 1631 1151 1663 babeat

406 1685 586 1727 generatim
613 1684 735 1727 absque
757 1684 823 1716 ulla
841 1693 978 1726 prorsus
999 1682 1149 1716 differen—

407 1739 448 1771 tia
473 1738 503 1770 111
530 1737 679 1771 omnibus
705 1736 889 1777 Ordinibus,
909 1747 1049 1780 quorum
1076 1748 1151 1780 pro-

407 1792 544 1825 l'essores
572 1792 685 1824 eodem
713 1791 912 1834 paupertatis
938 1797 1011 1824 voto
1038 1801 1152 1834 aequa-

405 1846 478 1879 liter
496 1845 761 1887 obstringuntur,
776 1845 935 1887 adeoque,
955 1845 1037 1877 sirut
1052 1845 1148 1878 iidem

405 1899 609 1941 professores
635 1898 919 1931 indiscrii‘ninatiin
957 1898 1041 1931 1111111
1075 1910 1149 1942 pro-

405 1953 513 1996 prium
540 1952 710 1995 possim—nt
728 1962 788 1984 nec
807 1951 974 1994 possidere
995 1957 1148 1995 possunt,

406 2011 454 2044 rt,
482 2005 638 2049 quidquid
667 2005 858 2048 acquirunt,
885 2005 1085 2038 monasterio
1119 2011 1150 2038 01

404 2059 514 2091 Otdini
542 2058 723 2102 acquirunt,
750 2059 793 2091 ita
818 2069 894 2091 sane
921 2059 1043 2102 absque
1081 2060 1148 2092 11110
1171 2075 1172 2094 t

405 2112 598 2151 11ἶ50111111110,
623 2112 751 2155 quaudo
771 2112 808 2145 ad
826 2113 1031 2155 111-0010111105
1051 2114 1151 2146 eecle-

405 2165 548 2197 siasticas
574 2170 802 2205 assumuntur,
831 2165 937 2206 bona,
966 2176 1048 2209 quae
1075 2172 1148 2199 ante

405 2230 514 2250 rarum
553 2218 791 2251 assecutionem
829 2218 1006 2260 habebant,
1041 2228 1149 2252 secum

405 2273 594 2315 atlsportare
621 2272 838 2315 propriosque
862 2271 893 2304 in
919 2283 993 2305 usus
1019 2282 1150 2306 conver-

406 2330 471 2358 t··re
493 2336 694 2368 nequaquam
713 2331 858 2368 possunt,
875 2326 931 2359 >sed
950 2327 1148 2359 monasterio
1170 2366 1171 2369 Ἴ

405 2384 433 2409 vt
461 2377 570 2410 Ordini
599 2378 649 2410 cui
677 2378 833 2421 aequisita
859 2385 941 2417 sunt,
965 2390 1000 2411 ex
1021 2379 1148 2421 integro

405 2431 592 2474 reliuspiere
611 2443 646 2463 ac
665 2442 830 2473 resignare
852 2437 1014 2464 tenentur:
1030 2432 1149 2466 nibilo-
1170 2439 1171 2467 ζ

405 2484 531 2524 miuus,
560 2484 597 2516 ad
633 2495 867 2528 quamcumque
905 2485 1148 2528 ambiguitatem

443 2556 451 2581 1
476 2554 570 2580 Potius·
587 2553 646 2588 lege
663 2555 781 2582 adducti
795 2555 833 2588 (u.
854 2561 903 2587 Τ.).

438 2599 455 2626 2
475 2599 569 2635 Aptius
589 2598 679 2626 forsan
697 2599 921 2634 praedicamina
941 2606 976 2635 ῚᾸ11.
993 2600 1043 2633 T.]s.

1195 1470 1264 1503 neis
1304 1475 1357 1503 aut
1382 1469 1527 1503 subdolis
1553 1470 1792 1513 praedictarum
1818 1470 1941 1504 littera-

1172 1515 1174 1563 {
1196 1533 1266 1555 rum
1295 1523 1624 1565 interpretationibus
1642 1523 1860 1567 praecidatur,
1885 1523 1941 1557 Or-

1172 1573 1375 1624 Jttinumque
1416 1576 1617 1620 regularium
1656 1587 1938 1621 quorumcumque

1172 1625 1414 1674 *piacsatorum
1448 1630 1653 1663 indemnitati
1686 1630 1815 1673 plenius
1843 1630 1939 1664 etiam

1195 1689 1291 1727 atque
1331 1684 1464 1717 uberius
1505 1685 1690 1718 consultum
1727 1685 1785 1726 sit,
1833 1690 1937 1726 motu,

1195 1738 1330 1771 selentia
1356 1744 1385 1770 et
1413 1738 1583 1781 potestatis
1619 1738 1826 1781 plenitudine
1852 1739 1938 1771 simi-

1195 1791 1297 1832 libus,
1324 1792 1475 1824 omnibus
1503 1797 1534 1825 et
1558 1791 1696 1834 singulis
1729 1792 1938 1835 regularibus

1195 1845 1340 1888 personis
1367 1845 1600 1888 cuiuscumque
1626 1845 1775 1886 Ordinis,
1801 1856 1939 1888 congre-

1195 1897 1335 1940 gationis
1354 1909 1389 1931 ac
1417 1898 1564 1938 instituti,
1584 1903 1618 1930 ut
1640 1898 1832 1941 praefertur,
1855 1909 1938 1942 quae

1171 1955 1173 1975 ⁵
1195 1962 1211 1984 a
1236 1952 1331 1984 nobis
1351 1957 1382 1984 et.
1401 1962 1417 1984 a
1435 1952 1581 1984 Romano
1607 1950 1762 1984 Pontilice
1782 1961 1843 1995 pro
1865 1957 1938 1985 tem-

1195 2015 1273 2047 pore
1300 2004 1456 2037 existente
1483 2004 1521 2037 ad
1541 2003 1792 2047 patriarchatus,
1815 2004 1938 2038 archie-

1195 2058 1398 2101 piscopatus,
1426 2057 1650 2101 episcopatus,
1677 2058 1726 2091 vel
1766 2068 1939 2101 quascum-

1195 2122 1257 2155 que
1284 2112 1361 2145 alias
1387 2112 1590 2156 praelaturas
1627 2117 1658 2145 et
1683 2112 1859 2155 dignitates
1886 2123 1938 2146 ee-

1194 2166 1394 2199 clesiasticas
1434 2165 1466 2198 in
1502 2171 1670 2209 posterum
1711 2170 1935 2207 assumentur,

1195 2226 1308 2253 tenore
1335 2219 1555 2262 praesentium
1582 2218 1788 2252 strictissime
1808 2219 1937 2253 interdi-

1194 2273 1297 2305 cimus
1323 2282 1357 2305 ac
1384 2271 1580 2312 iiiiiilieniiiS‚
1606 2282 1645 2304 ne
1672 2282 1778 2305 secum
1806 2271 1939 2316 adsper-

1195 2331 1261 2358 tare
1299 2324 1509 2369 propriisque
1535 2324 1648 2358 usibus
1687 2324 1850 2368 applicare
1883 2335 1937 2358 au-

1170 2378 1172 2384 '
1193 2380 1292 2412 deant
1318 2380 1428 2417 libros,
1448 2378 1614 2421 pecunias,
1636 2378 1770 2418 credita,
1789 2378 1938 2422 deposita

1170 2419 1224 2464 *et
1249 2433 1332 2465 bona
1365 2432 1497 2464 mobilia
1527 2442 1583 2464 seu
1618 2431 1798 2464 immobilia
1831 2430 1938 2465 cuius-

1193 2495 1330 2528 cumque
1367 2485 1495 2526 generis
1534 2490 1565 2517 et
1600 2484 1738 2527 speciei,
1766 2494 1848 2526 quae
1882 2494 1936 2517 eos

1169 2572 1171 2583 Ι
1194 2544 1339 2581 tempore
1365 2548 1442 2570 suae
1470 2537 1687 2580 promotionis
1706 2547 1807 2580 penes
1833 2547 1866 2570 se
1885 2538 1935 2571 vel

1169 2586 1271 2630 {alios
1302 2591 1422 2624 babere
1456 2590 1644 2634 contigerit,
1671 2590 1809 2634 exceptis
1840 2589 1936 2625 dum-

1172 1497 1174 1512 1
