2170 3147
16 220 66 250 Ᾰθ.
81 219 110 247 C.
132 219 200 247 1726

210 272 279 301 tere
296 266 511 310 apostoliehe,
531 266 634 299 anche
653 267 950 301 consistorialmen-

212 325 250 359 te,
267 330 325 363 per
342 320 453 360 Breve,
470 331 488 352 o
508 320 537 352 di
557 326 644 352 moto
664 321 805 362 proprio,
821 321 948 353 benche

211 383 272 406 con
300 373 390 406 titolo
414 383 564 410 oneroso,
582 372 667 415 quali
694 373 765 404 tutti
794 384 853 415 per
878 373 950 406 l'es-

211 425 291 459 setto
318 426 468 458 suddctto
495 425 646 458 d’adcsso
671 425 702 457 in
728 432 887 467 perpetuo
913 426 949 457 ri-

209 479 398 519 vochiamo,
439 479 612 517 cassiamo,
652 478 868 519 abroghiamo
910 478 947 510 ed

210 531 426 570 annulliamo,
458 531 596 563 essendo
631 531 692 563 tale
724 530 754 562 Ia
787 536 894 562 mente
932 541 947 562 e

209 585 338 617 volonth
369 590 476 616 nostra
507 594 671 626 espressa,
699 594 715 615 0
748 584 808 616 che
841 583 907 616 cosi
932 594 949 615 e

209 647 274 669 non
305 636 481 670 altrimenti
512 637 617 669 deliba
649 636 839 678 giudicarsi,
873 636 950 668 deti—

209 688 291 721 nirsi
333 689 370 722 ed
411 689 633 732 interpretarsi
676 688 760 720 dalla
800 688 949 720 suddetta

209 740 470 784 Congregazione
497 742 536 774 da
561 741 612 773 noi
639 741 790 783 deputata
817 751 875 783 pro
892 751 947 772 an-

207 796 295 826 nomt
325 798 354 826 et
386 805 419 827 re
448 794 583 837 ayrarici
616 794 691 826 bene
718 794 857 836 yerenda
895 794 946 826 nel

208 847 404 891 precedente
445 853 559 880 nostro
599 847 847 890 Motoproprio,
885 848 948 880 alla

209 901 304 944 quale
321 899 531 933 concediamo
549 899 780 941 giurisdizione
799 910 814 931 e
833 899 947 931 facoltii

209 951 240 984 di
265 952 430 994 giudicare
456 952 721 995 privativamente
746 963 762 984 a
789 952 947 994 qualsivo-

207 1004 273 1047 glia
299 1005 457 1037 tribunale
484 1015 502 1037 o
527 1004 663 1046 giudici,
692 1005 856 1047 togliendo
894 1004 945 1037 noi

208 1057 247 1090 ad
282 1058 344 1090 essi
377 1063 455 1090 tutte
486 1059 515 1090 le
549 1058 665 1090 facolta
691 1058 727 1090 cd
755 1059 890 1090 anim-ita
916 1058 945 1090 di

208 1109 343 1143 definire
369 1111 406 1143 ed
434 1111 647 1153 interpretare
667 1111 910 1151 diversamente,
929 1122 945 1143 e

207 1164 238 1196 le
264 1163 442 1196 medesime
467 1164 599 1203 facolta,
625 1163 764 1196 autoriia
789 1174 804 1196 e
832 1164 947 1206 giuris-

208 1215 326 1249 dizioni
353 1217 555 1249 unieamente
581 1217 724 1260 spettino
752 1218 813 1249 alla
842 1217 947 1250 mede-

208 1269 289 1301 sima
313 1268 599 1312 Congregazione,
624 1269 762 1303 volendo
793 1270 894 1302 anche
930 1281 946 1303 e

208 1322 404 1356 decretando
422 1323 482 1356 che
508 1324 528 1357 il
547 1329 697 1367 presente
723 1330 832 1357 nostro
851 1324 947 1357 Moto-

206 1376 362 1420 proprio,
389 1377 515 1409 benche
543 1388 607 1410 non
633 1388 792 1410 ammesso
826 1378 866 1410 ne
901 1388 947 1410 re-

208 1429 343 1472 gistrato
381 1429 413 1462 in
449 1430 545 1473 piena
581 1430 714 1475 Camera
750 1441 766 1463 e
803 1429 943 1463 ne’suoi

207 1481 283 1515 libri
301 1493 319 1514 a
336 1488 448 1515 tenore
475 1483 560 1515 della
585 1482 676 1515 Bolia
702 1483 732 1515 di
759 1483 813 1515 Pio
840 1482 876 1515 lv
900 1483 947 1515 De

206 1534 432 1577 reyistrandis,
459 1535 561 1578 vaglia
588 1536 626 1568 ed
652 1535 747 1568 abbia
772 1546 899 1579 sempre
924 1536 945 1568 il

208 1598 267 1621 suo
296 1587 394 1631 pieno
429 1587 550 1627 effetto,
576 1589 768 1622 esecuzione
795 1599 811 1622 e
838 1589 946 1632 vigore

207 1641 291 1675 colla
316 1647 428 1674 nostra
453 1642 607 1685 semplice
633 1642 888 1682 sottoserizione,
907 1644 946 1676 110

208 1704 243 1727 se
267 1694 311 1737 gli
337 1705 430 1737 possa
454 1705 593 1737 opporre
620 1695 650 1728 di
677 1695 879 1735 surrezione,
899 1706 948 1728 or-

208 1747 349 1787 rezione,
368 1748 408 1780 ne
427 1748 457 1780 di
476 1758 576 1780 verun
601 1749 681 1781 altro
699 1749 780 1782 vizio
800 1760 817 1782 0
835 1749 946 1782 (1110110

209 1800 296 1834 della
312 1806 424 1833 nostra
441 1798 571 1834 volontii
589 1802 628 1835 ed
646 1802 844 1836 intenzione.
868 1803 947 1835 Dato

209 1854 262 1887 dal
285 1859 398 1887 nostro
424 1855 554 1897 palazzo
589 1855 768 1898 apostolico
796 1855 826 1888 in
858 1856 948 1889 Vati-

209 1916 299 1947 cano,
321 1914 437 1950 questo
464 1908 494 1940 di
519 1907 560 1940 ⁶28
585 1918 691 1941 marzo
717 1908 814 1941 1726.

440 1961 645 1994 Bssussnic‘rus
672 1961 754 1994 [lim
779 1961 857 1993 XIII.

246 2021 303 2049 Dat.
325 2021 368 2049 die
388 2022 421 2049 28
442 2024 531 2049 martii
554 2023 638 2056 1726,
660 2023 755 2058 pontif.
777 2031 846 2051 auno
867 2030 895 2050 11.

525 2192 628 2225 cxxi.

213 2280 458 2323 Confirmantur
473 2281 651 2324 privilegia
667 2281 852 2313 academiae
870 2281 951 2313 theo-

257 2334 377 2377 loyicae
409 2335 441 2366 in
474 2335 741 2376 arclziqymnasio
764 2334 952 2376 Sapientiae

256 2391 376 2420 erectae
400 2397 562 2427 concessa‚·
581 2386 715 2429 aliaque
731 2386 878 2429 plurima
892 2397 952 2429 pro

256 2440 398 2474 eiusdem
415 2440 589 2472 directione
614 2444 641 2472 et
666 2440 861 2472 incremento
879 2449 951 2472 con-

256 2492 416 2526 ceduntur
439 2503 476 2525 ac
499 2496 692 2525 statattntur
709 2490 729 2523 ¹.

249 2564 261 2590 1
283 2562 442 2590 Huiusmodi
457 2563 602 2589 Academia
620 2562 773 2597 approbata
791 2561 841 2589 fuit
860 2570 875 2589 a
895 2561 953 2590 Cte-

213 2610 303 2635 mente
322 2606 356 2635 XI
376 2611 406 2636 ut
423 2607 451 2635 ln
469 2607 661 2636 constitutione
680 2606 724 2633 liic
743 2607 839 2634 relata.

796 219 989 243 BENEDICTUS
1014 220 1068 243 x111
1093 220 1131 243 PP
1137 236 1143 243 .

1626 207 1692 242 349
1739 217 1792 244 An.
1809 217 1837 244 c.
1858 217 1928 246 1726

1170 267 1354 295 Benedictus
1378 268 1458 301 Papa
1480 267 1558 301 XIII,

1112 312 1147 338 ad
1170 315 1345 346 perpetuam
1371 312 1415 338 rei
1436 311 1617 338 memoriam.

1038 374 1070 405 In
1098 375 1222 406 excelsa
1254 374 1343 406 Sedis
1369 374 1572 416 Apostolicae
1602 373 1733 416 specul-[1

994 427 1171 464 constituti,
1198 427 1261 466 illa,
1289 437 1371 469 quac
1405 438 1421 459 a
1446 427 1598 459 Romanis
1624 425 1733 458 Ponti-

994 479 1107 511 ficibus
1135 480 1438 521 praedecessoribus
1465 480 1594 520 nosti-is,
1621 480 1659 512 ad
1685 490 1734 512 ex-

994 531 1122 563 citanda
1159 542 1321 564 sacrarum
1352 532 1530 564 litterarum
1568 538 1599 564 et
1631 533 1735 564 bona-

994 595 1062 616 rum
1093 584 1340 626 disciplinarum
1373 586 1487 624 studia,
1523 585 1733 627 debitumque

993 637 1102 668 virtuti
1125 637 1284 669 honum-m
1304 638 1558 679 rependendum,
1578 636 1733 680 prudenti

994 689 1151 732 disposita
1176 689 1323 729 consilio,
1346 695 1377 722 ct
1397 690 1479 722 felici
1500 691 1664 732 faustoque
1689 689 1734 721 in-

993 742 1109 774 ctioata
1138 752 1207 774 esse
1234 748 1413 774 noscuntur
1431 743 1604 785 principio,
1625 752 1734 784 prose-

994 795 1057 837 qui,
1075 798 1117 834 et,
1137 800 1292 838 quantum
1313 795 1406 827 nobis
1432 806 1466 828 ex
1494 797 1558 828 alto
1584 794 1734 828 concedi—

994 853 1054 887 tur,
1080 847 1238 890 perlicere
1264 848 1439 887 studemus,
1466 847 1555 886 sicut,
1582 847 1732 880 omnibus

993 906 1136 933 maturae
1162 901 1433 933 considerationis
1461 901 1581 932 trutina
1600 911 1734 943 perpen-

992 954 1044 995 sis,
1061 953 1176 986 rationi
1197 964 1232 986 ac
1250 959 1339 985 recto
1356 953 1462 986 ordini
1482 958 1734 986 consentaneum

993 1007 1060 1039 sore
1086 1007 1118 1038 in
1142 1006 1279 1038 Domino
1306 1006 1512 1038 arbitramur.

1036 1060 1050 1102 ἓ
1074 1059 1105 1092 1.
1126 1059 1211 1092 Alias
1236 1059 1397 1102 siquidem
1426 1065 1617 1092 emanarunt
1634 1070 1650 1092 a
1669 1059 1734 1092 seli·
1771 1069 1864 1091 tium-³
1881 1069 1927 1101 cie-

992 1113 1036 1145 cis
1061 1113 1294 1145 recordationis
1311 1112 1476 1145 Clemente
1495 1113 1555 1146 ΡΡ.
1578 1112 1617 1145 XI
1643 1097 1878 1155 pi·ae-f¹i¹t-⁹i¹.¹i'.-⁵.m‡¹
1897 1102 1928 1142 AR

992 1167 1163 1198 decessore
1182 1172 1302 1204 nostro,
1322 1165 1359 1198 ad
1380 1166 1520 1198 savorem
1540 1156 1815 1198 110111101111110ι’ξῗζῗηι
1844 1155 1928 1170 mmm·

991 1219 1196 1260 theologicae
1222 1224 1424 1261 nuncupatae
1449 1228 1513 1250 non
1539 1218 1581 1250 ita
1606 1218 1732 1260 pridem

992 1271 1024 1303 111
1056 1270 1140 1303 Urbe
1176 1271 1358 1311 institutae,
1398 1270 1526 1303 litterae
1564 1271 1595 1303 in
1634 1270 1731 1303 simili

991 1325 1093 1357 forma
1128 1324 1235 1357 Brevis
1260 1324 1382 1356 tenoris
1414 1325 1469 1367 qui
1500 1324 1662 1367 sequitur,
1688 1323 1732 1356 vi-

992 1378 1132 1410 dehcct:

1035 1430 1174 1463 Clemens
1199 1429 1295 1472 Papa
1318 1428 1378 1468 XI,
1404 1428 1447 1461 ad
1472 1433 1661 1472 perpetuam
1684 1428 1733 1461 rei

990 1483 1193 1515 memoriam.
1222 1482 1425 1515 lnserutabili
1454 1482 1581 1515 divinae
1607 1482 1732 1515 bonita-

992 1535 1049 1576 tis,
1078 1535 1156 1569 etc'.

1770 384 1894 405 Exordium.

1026 1599 1123 1625 Datum
1141 1598 1253 1631 Romae,
1270 1597 1340 1633 apud
1356 1598 1382 1624 S.
1399 1597 1510 1624 Mariam
1528 1597 1665 1629 Maiorem,
1681 1596 1732 1624 sub

991 1643 1087 1669 annulo
1116 1642 1279 1674 piscatoris,
1301 1642 1345 1669 die
1371 1649 1433 1669 xxiii
1461 1642 1555 1677 aprilis
1580 1648 1729 1676 moccxvtll,

991 1687 1164 1723 pontificatus
1185 1686 1268 1713 nostri
1289 1694 1359 1713 anuo
1380 1693 1452 1713 xviii.

1035 1749 1049 1792 ξ
1075 1748 1106 1781 ⁶2.
1134 1748 1210 1782 Cum
1229 1753 1335 1781 autem
1361 1759 1437 1788 nos,
1464 1748 1535 1791 qui,
1562 1748 1638 1781 dum
1663 1759 1731 1781 car·
1769 1760 1927 1790 clusaeprau-

993 1802 1153 1835 dinalatus
1179 1802 1304 1834 honore
1335 1801 1568 1843 fungebamur,
1602 1787 1928 1844 praedi-manig-confisum-

993 1861 1061 1888 ctae
1087 1855 1277 1888 Academiae
1304 1854 1526 1888 functionibus
1552 1860 1584 1888 et
1609 1854 1731 1888 exerci-

995 1909 1168 1941 tationibus
1216 1910 1339 1940 summa
1382 1918 1453 1940 cum
1493 1907 1592 1940 animi
1629 1907 1732 1940 nostri

994 1962 1191 1994 iucunditate
1218 1961 1434 2000 interfuimus
1458 1972 1591 2004 eamque
1612 1971 1734 1994 memo-

994 2021 1062 2047 rato
1087 2014 1243 2047 Clementi
1271 2015 1515 2057 praedecessori
1532 2024 1732 2057 magnopere

995 2068 1309 2107 commendavimus,
1344 2078 1380 2100 ae
1417 2078 1450 2100 re
1486 2067 1556 2110 ipsa
1580 2067 1732 2100 adiuvare

994 2131 1058 2153 11011
1084 2121 1250 2158 defuimus,
1269 2130 1365 2159 nunc,
1387 2120 1431 2152 ita
1456 2120 1651 2162 disponente
1676 2120 1733 2152 Dei

995 2174 1200 2216 providentia
1225 2173 1279 2216 qui
1305 2178 1396 2205 vocat
1412 2183 1449 2205 ca
1467 2183 1548 2215 quae
1573 2183 1640 2205 non
1659 2176 1734 2205 sunt

997 2232 1146 2269 tanquam
1188 2236 1224 2258 ca
1265 2236 1346 2269 quae
1379 2230 1478 2264 sunt,
1514 2225 1553 2257 ad
1589 2224 1733 2267 supremi

996 2281 1197 2321 apostolatus
1224 2279 1388 2321 fastigium
1420 2279 1511 2310 nullo
1536 2278 1613 2311 licet
1637 2277 1735 2310 meri-

998 2337 1102 2364 torum
1136 2338 1323 2364 nostrorum
1358 2330 1510 2373 sull'ragio
1548 2331 1670 2372 evecti,
1698 2341 1734 2364 ac

996 2385 1129 2428 provide
1155 2384 1401 2417 considerantes
1434 2389 1587 2427 quantum
1625 2385 1735 2427 splen-

997 2437 1083 2469 doris
1109 2443 1204 2480 atque
1226 2438 1406 2470 ornamenti
1428 2438 1530 2469 almae
1549 2437 1626 2469 Urbi
1645 2448 1734 2480 prae-

997 2491 1088 2529 fatae,
1115 2500 1241 2523 necnon
1267 2490 1413 2523 utilitatis
1432 2490 1602 2523 universae
1628 2490 1734 2533 reipu-

1035 2562 1043 2587 1
1076 2561 1188 2596 Reliqua
1216 2561 1274 2588 vide
1300 2561 1326 2587 iu
1356 2564 1411 2589 tom
1430 2569 1492 2594 xxi,
1513 2569 1576 2596 pag.
1599 2561 1649 2589 785
1669 2570 1687 2588 α
1706 2564 1733 2588 et

996 2614 1043 2641 seq
1063 2608 1102 2641 (11.
1118 2606 1168 2639 Τ.).
