2170 3147
214 203 264 227 An.
286 202 314 226 e.
336 201 402 226 1:225
448 191 512 224 1170

405 251 516 282 damus
555 249 706 289 omnibus
743 254 773 281 et
805 248 942 291 singulis
979 248 1150 281 abbatibus

407 302 621 344 regularibus,
647 301 723 334 licet
750 301 916 344 perpetuis
943 301 1150 334 solumunodo

408 355 531 388 ratione
558 354 866 393 administrationis,
897 359 931 385 ut
956 354 1150 397 praefertur,

406 408 460 451 qui
488 406 690 440 monasteriis
727 406 963 450 cuiuscumque
995 406 1125 439 Ordinis
1143 434 1150 447 ,

406 460 675 504 congregationis
711 471 748 494 ac
785 460 924 493 instituti
963 460 1002 493 de
1040 466 1151 493 cetero

406 513 646 556 praeficientur,
667 519 713 554 ut,
733 514 816 546 iufra
842 523 961 546 annum
982 525 999 546 a
1020 513 1071 546 die
1098 524 1153 546 eo-

406 578 476 599 rum
497 567 669 600 electionis
689 567 956 610 computandum,
972 567 1151 600 solemnem

408 620 671 653 benedictionem
698 620 737 653 ab
764 620 938 663 episcopis,
958 620 989 652 in
1010 630 1151 662 quorum

406 673 610 706 dioecesibus
636 673 837 706 monasteria
854 672 1047 713 consistunt,
1068 672 1153 704 iuxta

407 727 504 759 ritum
540 727 573 759 in
608 726 790 770 pontificali
824 736 960 759 romano
993 725 1154 769 praeseri-

408 786 509 823 ptum,
527 780 660 813 omnino
679 779 866 822 suscipiant,
886 781 934 812 vcl
953 780 1067 812 saltem
1082 789 1152 812 eam

409 840 456 867 ter
481 833 519 866 ab
553 833 633 877 ipsis
670 833 839 866 humiliter
872 833 1054 876 postulent,
1085 843 1153 866 ser-

406 889 476 920 vata
497 887 599 920 forma
620 885 743 919 sancita
765 886 796 918 in
818 896 887 928 cap.
915 885 1098 919 Slatuimus
1115 885 1153 919 de

405 939 579 984 supplencl.
599 939 722 983 neyligy.
739 938 920 983 praelator.
948 938 1038 977 Quod
1058 939 1082 971 si
1104 951 1153 973 se-

407 1006 461 1027 cus
491 994 636 1033 fecerint,
664 993 702 1025 ab
729 992 836 1025 officio
862 1003 921 1036 per
946 1003 1065 1026 annum
1089 994 1153 1026 sint

408 1049 479 1092 ipso
511 1048 580 1080 iure
614 1046 776 1090 suspensi.
805 1046 960 1079 Volumus
989 1052 1093 1080 tamen
1121 1053 1153 1080 et

407 1112 557 1145 expresse
586 1101 789 1134 declaramus
822 1100 909 1143 quod
940 1100 1073 1143 ipsimet
1098 1102 1152 1134 ab·

407 1156 498 1189 butes
526 1154 638 1195 electi,
665 1154 802 1187 durante
829 1154 974 1197 praefato
1003 1155 1151 1195 termino,

406 1220 441 1241 ac
466 1207 614 1247 interim,
643 1206 752 1240 omnia
778 1206 889 1239 munia
914 1206 1091 1241 abbatialia
1116 1207 1154 1240 li-

407 1264 485 1295 berc
512 1272 548 1295 ae
576 1261 662 1294 licite
699 1270 853 1293 exercere
885 1260 1012 1303 possint
1045 1265 1077 1294 et
1102 1271 1153 1294 va-

407 1317 514 1356 leant,
536 1314 690 1358 quodque
713 1313 812 1346 abbas
831 1314 932 1346 semel
958 1313 1153 1347 benedictus

407 1370 524 1402 iterum
550 1367 816 1401 benedictionem
847 1372 960 1410 petere
994 1367 1044 1400 vel
1071 1367 1153 1400 obti-

407 1433 487 1455 nerc
514 1432 578 1455 non
607 1425 774 1460 teneatur,
805 1419 930 1453 tametsi
964 1420 1002 1453 ad
1029 1420 1149 1463 guber-

409 1476 496 1509 nium
531 1475 734 1508 diversorum
771 1474 1043 1507 monasteriorum
1077 1474 1153 1507 alia-

410 1540 478 1562 rum
512 1528 608 1562 etiam
643 1527 829 1560 dioecesum
864 1527 1038 1560 translatus
1069 1527 1154 1560 exti-

412 1583 495 1616 terit.

455 1637 470 1680 g
495 1636 525 1669 Ξ).
553 1635 712 1675 Quoniam
739 1645 812 1668 vero
839 1634 991 1667 nonnulli
1010 1645 1045 1667 cx
1066 1645 1155 1678 prae-

310 1708 314 1719 «
346 1683 506 1723 „saletis
533 1688 703 1722 abbatibus
724 1687 928 1731 regularibus
950 1687 1153 1731 apostolicis,

304 1760 313 1772 η
347 1732 447 1775 ”ιῘι·ιῙιιῑ
484 1742 661 1783 asseritur,
695 1741 810 1774 muniti
845 1747 919 1773 sunt
951 1741 1155 1784 privilegiis,

360 1786 530 1841 visquibus
569 1797 674 1839 ampla
715 1795 791 1839 ipsis
833 1794 985 1828 tribuitur
1022 1795 1156 1828 facultas

357 1866 382 1878 m·
393 1842 400 1873 ἶ
413 1849 610 1893 suscipiendi
630 1848 893 1882 benediCtionem
906 1860 922 1881 a
937 1858 1153 1891 quocumque,

338 1892 374 1906 '⁹'
413 1915 507 1947 quem
535 1903 719 1943 maluerint,
737 1902 898 1935 catholico
924 1901 1068 1935 antistite
1086 1912 1156 1944 gra·
1176 1919 1177 1924 =

413 1957 488 1989 tiam
528 1962 558 1989 ct
595 1956 862 1989 connuunionem
900 1955 1036 1988 Sanctae
1063 1954 1154 1988 Sedis

413 2009 614 2053 Apostolicae
642 2008 799 2042 habente:
827 2019 902 2049 nos,
930 2008 1024 2041 iustis
1050 2014 1079 2040 et
1107 2020 1155 2040 ra-

412 2062 625 2095 tionabilibus
651 2062 781 2095 adducti
812 2061 1010 2101 rationibus,
1039 2066 1152 2102 motu,

410 2116 544 2149 scicntia
570 2127 606 2148 ac
637 2115 806 2158 potestatis
839 2115 1045 2159 plenitudine
1072 2115 1154 2158 pari-

410 2170 488 2209 bus,
515 2169 685 2201 statuimus
723 2173 820 2212 atque
858 2168 1085 2208 decernimus,
1121 2174 1156 2200 ut

411 2222 568 2254 eiusmodi
608 2222 742 2254 abbates
774 2221 804 2253 in
832 2227 1019 2264 posterum,
1045 2232 1111 2254 non
1139 2232 1154 2254 a

410 2285 616 2318 quocumque
643 2274 802 2315 antistite,
832 2275 890 2307 sed
917 2285 933 2307 a
960 2274 1155 2308 dioecesano

411 2333 534 2360 tantum
561 2327 731 2370 episcopo,
752 2328 800 2361 vel
828 2339 844 2360 a
871 2328 1128 2371 metropolitano
1145 2355 1153 2369 ,

411 2381 491 2413 intra
519 2380 724 2424 praedictum
746 2381 932 2422 termmum,
951 2381 1153 2414 benedictio-

410 2446 483 2467 nem
523 2433 656 2466 omnino
694 2434 859 2478 suscipere
898 2440 1090 2475 teneantur-3
1125 2440 1155 2468 ct

413 2493 572 2530 quatenus
613 2487 688 2526 illc,
726 2498 823 2530 quein
861 2487 960 2520 abbas
996 2488 1153 2530 elegerit,

414 2540 509 2573 tertio
537 2540 702 2572 humiliter
728 2541 905 2583 requisitus
930 2540 989 2584 ipsi
1020 2541 1153 2583 petitam

413 2592 676 2626 benedictionem
713 2592 873 2636 impertiri
909 2593 1065 2626 detrectet
1100 2598 1155 2626 aut

990 199 1171 224 BULLARIUM
1196 200 1351 224 ROMANUM

1942 203 1992 228 An.
2014 203 2041 228 C.
2059 203 2126 231 1725

1194 249 1358 292 negligat,
1388 254 1485 290 tunc,
1513 255 1545 283 et
1578 261 1614 284 eo
1641 251 1808 284 dumtaxat
1838 261 1935 290 casu,

1194 302 1342 334 eamdem
1379 302 1642 336 benedictionem
1680 315 1695 336 a
1727 314 1935 347 quocumque

1194 355 1357 388 catholico
1389 355 1533 389 antistite
1569 357 1667 389 abbas
1702 357 1804 389 libere
1835 356 1936 390 susci-

1195 419 1273 451 pere
1300 409 1402 452 possit
1427 414 1459 442 et
1484 411 1605 450 valeat;
1637 421 1672 442 ac
1701 409 1744 443 ita
1769 410 1934 453 perpetuis

1195 462 1311 494 suturis
1345 462 1546 505 temporibus
1573 463 1693 506 ubique
1729 463 1850 496 servari
1881 473 1935 496 vo-

1195 516 1300 548 lumus
1327 521 1358 548 et
1384 516 1587 549 mandamus.

1240 569 1311 612 53.
1347 569 1496 602 Ceterum
1534 569 1691 602 eiusmodi
1728 569 1852 602 indulta
1884 579 1937 602 ex·
1969 582 2129 613 muninime

1197 622 1337 666 emptiva
1352 622 1390 654 ab
1407 622 1607 665 obligatione
1626 621 1824 666 suscipiendi
1842 608 2030 656 bene-‘'⁸gm
2046 612 2118 635 ''⁰⁵⁵¹‘'

1197 674 1372 708 dictionem
1391 686 1407 707 a
1424 675 1559 718 proprio
1585 675 1741 719 episcopo
1767 675 1831 708 illis
1848 675 1938 710 durn-

1197 733 1282 760 taxat
1307 727 1476 760 abbatibus
1494 755 1501 767 ,
1529 728 1647 771 quibus
1680 728 1719 761 ab
1754 728 1939 771 Apostolica

1195 780 1277 814 Sede
1293 781 1414 814 directe
1430 790 1587 814 concessa
1607 781 1747 822 suerunt,
1766 782 1853 815 iuxta
1873 792 1940 815 mo-

1197 834 1271 867 dum
1298 845 1394 878 supra
1417 831 1606 878 expressum
1632 834 1867 878 suffragentur:
1887 846 1938 869 re-

1196 887 1295 931 liquis
1322 892 1426 920 autem
1460 888 1653 928 abbatibus,
1679 888 1734 932 qui
1761 898 1799 921 ea
1824 898 1859 921 ex
1886 899 1940 932 ge-

1196 940 1298 974 nerali
1328 945 1451 974 tantum
1479 941 1724 984 privilegiorum
1750 941 1823 975 aliis
1847 941 1939 975 Ordi-

1197 994 1311 1036 nibus,
1346 994 1658 1037 congregationibus
1696 995 1744 1028 vel
1782 994 1938 1029 institutis

1196 1058 1426 1081 concessorum
1453 1048 1750 1081 communicatione
1776 1048 1834 1081 sibi
1852 1059 1940 1082 com-

1195 1106 1309 1145 petere
1335 1102 1573 1145 praetendunt,
1599 1101 1731 1135 minime
1768 1100 1940 1145 suffragari

1195 1165 1293 1198 posse
1319 1166 1379 1188 nec
1406 1155 1537 1196 debere,
1556 1155 1763 1189 decernimus
1783 1161 1815 1189 et
1833 1155 1940 1189 decla-

1196 1219 1314 1241 ramus.
1453 1236 1456 1240 .

1240 1262 1254 1304 ἓ
1281 1260 1310 1294 4.
1339 1260 1407 1299 Quo
1434 1272 1510 1295 vero
1536 1261 1575 1295 ad
1601 1261 1750 1302 abbates,
1781 1261 1900 1306 quibus
1922 1272 1939 1295 a
1958 1271 2132 1302 *Quoadattosa-

1197 1314 1351 1347 Romanis
1383 1314 1594 1347 Pontificibus
1631 1299 2133 1359 praedecessoribus21¹3?02¹3‘¹¹¹¹¹'⁸‘¹²⁰'

1197 1367 1318 1400 nostris
1344 1367 1508 1401 indultum
1536 1367 1594 1400 suit
1625 1374 1660 1401 ut
1692 1380 1709 1401 a
1742 1368 1810 1401 suis
1844 1379 1941 1413 supe·

1197 1421 1339 1454 rioribus
1359 1421 1576 1464 regularibus,
1595 1423 1644 1455 vel
1663 1421 1703 1454 ab
1722 1432 1836 1455 eorum
1853 1432 1942 1466 prae·

1198 1474 1270 1507 latis
1307 1474 1485 1517 delegatis,
1511 1475 1774 1509 benedictionem
1812 1486 1941 1510 sumere

1197 1527 1344 1571 possint,
1364 1529 1413 1561 vel
1432 1528 1527 1561 etiam
1546 1539 1605 1572 per
1621 1529 1764 1572 speciale
1781 1528 1942 1563 indultum

1198 1581 1412 1624 apostolicum
1449 1591 1640 1614 concessum
1679 1582 1740 1615 suit
1778 1587 1811 1614 ut
1846 1582 1942 1616 electi

1199 1635 1382 1668 habeantur
1397 1645 1454 1678 pro
1469 1634 1649 1668 benedictis
1665 1635 1704 1668 ab
1723 1635 1795 1679 ipso
1810 1635 1941 1670 Summo

1198 1688 1362 1728 Pontifiee‚
1382 1688 1464 1721 nibil
1486 1689 1620 1721 omnino
1637 1688 1854 1722 innovandum
1869 1698 1941 1722 esse

1199 1741 1372 1782 sancimus,
1392 1746 1422 1774 et
1443 1741 1632 1785 apostolica,
1651 1741 1768 1786 quibus
1788 1741 1940 1785 gaudent,

1198 1793 1366 1838 privilegia
1397 1794 1519 1838 ubique
1556 1794 1748 1828 inconcusse
1774 1794 1940 1828 observari

1199 1848 1418 1891 praecipimus
1445 1853 1475 1881 et
1500 1848 1701 1881 mandamus.

1242 1902 1256 1944 ξ
1281 1901 1311 1934 5.
1335 1901 1507 1934 Universos
1533 1901 1662 1933 demum
1689 1900 1875 1944 episcopOS,
1896 1906 1943 1934 at·
1973 1908 2136 1946 inniteturepi-

1199 1964 1261 1997 quc
1289 1954 1385 1987 etiam
1412 1953 1693 1997 archiepiscopOS,
1713 1964 1730 1987 a
1752 1954 1870 1997 quibus
1889 1938 2134 1992 be-ffiop'ffiffuiips'ssffli

1200 2006 1343 2040 nedictio
1360 2006 1533 2039 tribuenda
1548 2006 1617 2047 erit,
1633 2017 1813 2049 eorumque
1828 2006 1942 2040 officia·
1952 1989 2136 2053 ziiisiss‘ifuffiii'ss·

1199 2061 1245 2093 les
1272 2060 1459 2093 assistentes
1477 2065 1508 2093 et
1526 2059 1692 2093 ministros
1717 2070 1941 2105 quoscumque
1952 2047 2135 2090 ssffiffi‘sshffimffl

1198 2113 1230 2146 in
1255 2113 1390 2146 Domino
1410 2113 1580 2146 hortamur
1597 2124 1633 2146 ac
1652 2113 1877 2155 admonemus,
1893 2118 1940 2155 ut,

1198 2166 1369 2200 occasione
1395 2165 1549 2199 similium
1574 2166 1860 2208 benedictionum,
1888 2178 1944 2201 ex-

1198 2220 1324 2252 cutiant
1342 2230 1376 2253 ac
1395 2230 1529 2263 prorsus
1545 2220 1722 2253 emundent
1736 2229 1850 2253 manus
1868 2230 1941 2254 suas

1199 2273 1237 2306 ab
1256 2274 1342 2307 omni
1369 2284 1521 2307 munere:
1543 2274 1621 2317 qum
1647 2273 1741 2307 etiam
1768 2273 1943 2318 praedictis

1199 2327 1416 2370 praesulibus,
1435 2327 1494 2360 sub
1516 2328 1620 2371 poena
1639 2326 1804 2360 interdicti
1822 2327 1862 2360 ab
1880 2337 1941 2360 usu

1199 2380 1434 2424 pontificalium
1470 2390 1530 2424 per
1562 2390 1705 2419 annum,
1733 2385 1877 2413 vetamus
1906 2390 1942 2413 ac

1199 2433 1396 2473 lnbibemus,
1416 2444 1455 2466 ne
1479 2439 1540 2466 tam
1559 2438 1634 2465 ante
1655 2443 1751 2475 quam
1778 2438 1852 2475 post
1872 2443 1942 2466 eas-

1199 2487 1271 2519 dem
1286 2486 1543 2526 benedictiones,
1559 2496 1735 2528 earumque
1752 2485 1879 2525 intuitu,
1891 2496 1942 2518 cu-

1199 2539 1388 2582 iuscumque
1408 2539 1537 2581 generis
1552 2544 1604 2571 aut
1618 2537 1750 2582 speciei,
1767 2538 1862 2571 etiam
1877 2537 1942 2572 bel-

1198 2591 1353 2624 lariorum
1381 2597 1412 2625 et
1436 2591 1698 2632 comestibilium,
1725 2601 1861 2625 munera
1889 2592 1940 2626 vel
