2170 3147
0 236 41 263 ln.
60 233 88 260 C.
110 232 174 260 1758

13 1403 133 1427 Clausulam

760 232 953 257 BENEDlCTUS
979 233 1037 257 xm
1063 233 1111 257 PP-

178 280 361 321 sententiis,
386 282 533 313 censuris
552 285 584 313 et
600 282 724 324 poenis,
741 292 757 314 a
777 281 846 314 iure
864 281 913 314 vel
934 283 936 300 ¹
957 282 1094 315 versiam
1121 282 1279 323 revocari,
1306 288 1360 316 aut
1384 283 1424 316 ad
1443 282 1597 317 terminos
1612 281 1691 314 iuris

178 332 217 365 ab
236 332 381 372 homine,
407 333 519 376 quavis
545 333 717 366 occasione
744 335 792 366 vel
819 336 915 366 eausa

178 385 261 422 latis,
285 386 310 418 si
334 385 450 428 quibus
472 386 719 428 quomodolibet
739 386 913 419 innodatae

178 437 329 478 existunt,
356 439 394 470 ad
422 437 568 470 effectum
587 438 807 480 praesentium
826 439 913 471 dum-

178 497 262 524 taxat
286 491 573 535 consequendum,
601 491 717 523 harum
745 490 827 523 serie
862 492 900 523 ab

178 546 340 577 solventes
377 550 407 576 et
441 544 604 576 absolutas
631 544 699 576 sore
725 548 912 582 censentes,

178 597 361 630 huiusmodi
383 596 679 640 supplicationibus
703 596 857 635 inclinati,
877 607 914 628 ac
935 616 936 639 ;

178 650 271 682 etiam
298 655 383 683 motu
409 650 553 694 proprio,
579 661 615 682 ae
641 660 676 682 ex
703 652 791 682 certa
808 650 914 682 seien-

179 703 220 735 tia
246 708 277 735 et
303 705 426 735 matura
450 703 685 736 deliberatione
712 702 841 741 nostris,
861 703 914 735 de-

178 765 241 798 que
266 757 463 799 apostolieae
488 755 658 799 potestatis
685 755 913 798 plenitudine,

180 815 295 841 terram
316 809 513 842 sloneilionis
529 809 727 852 praedictam
742 807 784 840 in'
800 807 911 840 civita-

180 866 242 894 tem
278 861 477 894 lloneilionis
515 861 763 904 nuncupandam
803 867 914 893 tenore

178 914 397 957 praesentium
425 919 582 957 perpetuo
604 913 756 956 erigimus
775 918 806 945 et
824 913 916 945 insti-

180 966 313 1005 tuimus3
331 977 366 999 ac
385 972 501 999 terram
522 966 717 1008 praedictam
741 965 878 998 civitatis
892 965 913 1005 ²,

179 1018 301 1052 incolas
325 1024 356 1051 et
376 1019 572 1051 habitatores
596 1019 778 1061 praedictos
800 1018 913 1050 civium

178 1072 307 1104 nomine
333 1072 531 1110 decoramus,
548 1072 590 1103 ita
606 1076 711 1103 tamen
732 1076 765 1102 ut
783 1081 866 1103 nunc
885 1076 916 1103 et
936 1068 938 1121 j
959 1074 1148 1116 plenissime
1174 1074 1365 1117 suffragari,
1402 1075 1514 1119 sieque
1547 1077 1577 1108 in
1604 1088 1697 1120 prae-

178 1135 236 1168 pro
254 1130 398 1167 tempore
421 1125 560 1157 existens
577 1124 749 1167 episcopus
767 1124 915 1157 Sutrinus

179 1177 210 1209 in
236 1180 272 1210 ea
298 1177 443 1210 residere
474 1176 606 1209 minime
646 1182 793 1210 teneatur
812 1204 819 1217 ‚
859 1177 914 1209 sed
937 1186 938 1223 ᾖ

179 1236 261 1264 terra
288 1230 488 1269 huiusmodi,
505 1230 534 1262 in
557 1229 715 1263 civitatem
735 1230 779 1262 sie
798 1235 913 1269 erecta,

178 1284 357 1316 cathedrali
375 1282 532 1315 ecelesiae
551 1281 746 1321 Sutriuensi,
764 1287 794 1314 ut
815 1281 913 1325 prius⁷

178 1336 321 1369 subiecta
347 1341 524 1368 remaneat.

222 1389 236 1432 ἓ
261 1388 292 1421 3.
322 1389 558 1427 [tecernentes‚
577 1388 706 1421 easdem
727 1393 916 1431 praesentes

178 1442 301 1475 litteras
326 1448 354 1474 et
382 1441 411 1473 iu
439 1441 484 1473 eis
511 1446 661 1473 contenta
679 1451 915 1484 quaecumque,

180 1495 276 1528 etiam
305 1505 341 1527 ex
368 1506 405 1527 eo
432 1495 518 1538 quod
546 1495 741 1537 quicumque
769 1494 799 1526 in
825 1504 917 1537 prae-

178 1548 285 1581 missis
311 1548 358 1580 ius
385 1549 432 1580 vel
459 1548 615 1579 interesse
644 1547 824 1587 babentes,
858 1558 914 1580 seu

179 1602 299 1634 habere
315 1601 557 1644 quomodolibet
575 1601 836 1643 praetendentes,
853 1601 915 1633 illis

178 1664 245 1686 non
271 1653 498 1686 consenserint
517 1679 524 1693 ‚
552 1663 612 1685 nee
644 1653 681 1685 ad
717 1663 753 1685 ea
786 1653 913 1692 vocati,

179 1707 265 1739 citati
292 1711 324 1738 et
348 1705 472 1745 auditi,
499 1716 604 1749 neque
631 1716 758 1745 causae,
780 1712 916 1749 propter

180 1770 258 1804 quas
284 1764 474 1803 praesentes
499 1759 692 1798 emanarint,
720 1759 917 1792 sufficienter

180 1812 350 1852 adductae,
377 1810 560 1844 verificatae
587 1817 618 1843 et
643 1810 832 1844 iustificatae
853 1812 918 1844 sue-

180 1865 268 1903 rint,
293 1870 347 1896 aut
378 1874 413 1896 ex
451 1864 513 1896 alia
549 1864 750 1906 quantumvis
774 1864 916 1906 legitima

181 1921 213 1950 et
236 1917 437 1960 privilegiata
463 1919 581 1955 rausa,
609 1917 729 1955 colore,
748 1922 915 1961 praetextu

182 1974 214 2002 et
238 1969 353 2012 eapite,
373 1969 466 2001 etiam
487 1969 519 2001 in
546 1980 681 2012 corpore
700 1970 777 2002 iuris
795 1971 915 2009 clauso,

182 2022 278 2055 etiam
305 2023 458 2061 enormis,
485 2023 728 2055 enormissimae
755 2028 783 2055 et
811 2023 917 2055 totalis

183 2073 364 2112 laesionis,
393 2076 481 2107 nullo
515 2085 656 2117 unquam
695 2080 840 2118 tempore
878 2076 916 2108 de

183 2126 406 2170 subreptionis
433 2128 479 2159 vel
506 2127 708 2170 obreptionis
735 2133 789 2160 aut
814 2128 913 2160 nulli-

185 2179 256 2212 tatis
280 2179 377 2219 vitio,
403 2190 460 2212 seu
487 2180 676 2213 intentionis
704 2186 844 2221 nostrae,
864 2187 918 2214 aut

183 2233 340 2266 interesse
366 2232 553 2265 habentium
587 2236 765 2267 consensus
783 2261 790 2275 ,
817 2235 918 2268 aliove

184 2285 333 2329 quolibet
373 2285 468 2318 etiam
503 2286 709 2329 quantumvis
740 2297 857 2329 magno
887 2293 918 2320 et

183 2339 405 2379 substantiali,
432 2349 466 2371 ac
492 2338 666 2382 incogitato
692 2344 724 2372 et
753 2340 918 2383 inexcogi-

184 2392 273 2425 tabili
303 2391 566 2435 individuamque
596 2391 840 2435 expressionem
874 2403 920 2425 re-

183 2444 330 2487 quirente
357 2444 482 2477 defectu
510 2444 636 2484 notari,
658 2445 850 2487 impugnari,
872 2445 919 2477 in-

183 2496 298 2539 fringi,
327 2497 517 2536 retraetari,
555 2497 587 2529 in
620 2497 677 2548 ius
702 2497 748 2530 vel
782 2503 916 2531 eontro-

219 2568 229 2594 1
254 2566 401 2602 Praeposit.
424 2567 455 2594 in
477 2575 524 2594 nos
544 2566 667 2594 addimus
686 2567 725 2602 (n.
743 2568 791 2600 T.)-

217 2612 233 2638 2
253 2610 349 2637 Vocem
368 2611 493 2639 civitatis
513 2618 562 2637 nos
582 2610 705 2638 addimus
726 2612 764 2646 (a.
782 2611 830 2646 T.).

935 685 937 708 l

958 335 1093 374 reduci,
1118 341 1171 368 aut
1206 336 1359 369 adversus
1395 336 1467 369 illas
1505 335 1694 379 aperitionis

958 387 1044 427 oris,
1072 388 1285 421 restitutionis
1311 389 1341 421 in
1370 389 1539 432 integrum,
1565 389 1693 421 aliudve

957 441 1187 484 quodcun‘tque
1213 441 1304 482 iuris,
1331 442 1403 474 faeti
1431 443 1479 475 vel
1505 442 1625 484 gratiae
1646 452 1695 473 re-

957 492 1096 524 medium
1123 492 1306 536 impetrari,
1332 505 1387 527 seu
1416 495 1589 538 impetrato
1606 522 1613 535 ,
1641 499 1696 527 aut

958 544 1053 577 eliani
1080 551 1188 584 motu,
1215 546 1347 579 scientia
1372 553 1402 579 et
1427 548 1596 590 potestatis
1629 549 1696 591 ple-

958 597 1103 631 nitudine
1129 599 1262 642 paribus
1288 610 1441 632 concesso
1467 601 1516 633 vel
1536 607 1694 639 emanato,

958 651 1141 693 quempiam
1176 652 1206 684 in
1241 652 1360 685 iudicio
1406 654 1454 686 vel
1492 658 1579 685 extra
1614 653 1694 686 illud

958 704 1000 735 uti
1028 715 1084 736 seu
1111 716 1144 737 se
1170 705 1279 738 iuvare
1306 707 1372 738 ullo
1399 707 1494 739 modo
1514 717 1617 749 posse,
1637 707 1694 739 sed

960 756 1043 799 ipsas
1070 764 1259 800 praesentes
1284 759 1407 791 litteras
1432 769 1563 803 semper
1579 759 1694 798 firmas,

958 809 1077 841 validas
1111 816 1140 842 et
1175 811 1319 843 efficaces
1357 812 1496 845 existere
1534 818 1564 844 et
1602 812 1696 851 sore,

936 873 1097 905 >suosque
1131 864 1295 906 [denarios
1322 870 1353 896 et
1383 865 1526 907 integros
1563 865 1695 898 etl'ectus

959 915 1067 947 sortiri
1095 921 1125 948 et
1151 916 1338 956 obtinere‚‚
1367 929 1400 949 at·
1429 918 1518 955 illis,
1545 918 1582 950 ad
1613 929 1695 961 quos

959 973 1083 1011 spectat
1112 975 1142 1000 et
1168 979 1225 1012 pro
1253 974 1399 1012 tempore
1426 971 1696 1014 quandocumque

959 1021 1141 1063 spectabit,
1178 1022 1207 1053 in
1240 1023 1392 1055 omnibus
1426 1028 1456 1055 et
1493 1034 1550 1065 per
1587 1024 1696 1056 omnia

959 1126 1064 1159 missis
1101 1138 1162 1170 per
1194 1138 1415 1171 quoscumque
1452 1129 1577 1161 iudices
1610 1129 1697 1162 ordi-

961 1179 1069 1212 narios
1094 1185 1124 1212 et
1160 1180 1354 1219 delegatos,
1396 1181 1489 1213 etiam
1527 1192 1696 1214 causarum

937 1227 939 1248 ³
960 1232 1066 1274 palatii
1102 1233 1273 1275 apostoli-ei
1300 1234 1479 1271 auditores,
1499 1240 1530 1266 et
1554 1234 1585 1267 S.
1605 1235 1639 1266 R.
1660 1234 1693 1266 E.

959 1285 1180 1325 vainei-arium,
1207 1296 1242 1317 ac
1267 1286 1346 1319 alios
1372 1286 1575 1325 cardinales,
1600 1287 1696 1319 etiam

937 1337 998 1369 *de
1026 1337 1124 1369 latere
1151 1338 1290 1380 legatos,
1317 1343 1347 1370 et
1371 1339 1451 1371 alios
1477 1349 1696 1382 quoseutncpie

959 1389 1071 1431 quavis
1098 1390 1336 1432 praeminentia
1362 1397 1394 1423 et
1426 1397 1585 1434 potestate
1619 1392 1710 1424 sun-‘

959 1448 1072 1484 gentes
1092 1450 1123 1476 et
1149 1445 1336 1484 t'uncturos,
1367 1445 1492 1477 sublata
1517 1445 1562 1477 eis
1587 1450 1619 1478 et
1644 1455 1697 1478 eo—

961 1506 1028 1528 rum
1054 1496 1187 1529 cuilibet
1219 1497 1329 1540 quavis
1355 1497 1449 1530 aliter
1478 1497 1640 1532 iudicandi
1667 1505 1698 1531 et.

961 1549 1200 1592 interpretandi
1236 1550 1385 1583 facultate
1415 1556 1447 1583 et
1478 1550 1694 1590 auctoritate,

961 1602 1094 1634 iudicari
1121 1608 1152 1634 et
1177 1601 1301 1635 definiri
1329 1603 1445 1636 debere
1468 1631 1474 1643 ,
1506 1614 1541 1636 ac
1571 1603 1695 1636 irritum

961 1658 991 1684 et
1016 1652 1112 1685 inane
1139 1653 1162 1684 si
1190 1663 1284 1686 secus
1302 1664 1401 1696 super
1420 1653 1468 1686 liis
1489 1664 1506 1686 a
1523 1664 1696 1697 quoquam,

960 1705 1071 1748 quavis
1097 1705 1298 1745 auctoritate,
1325 1706 1466 1739 scienter
1485 1707 1532 1739 vel
1551 1706 1698 1750 ignoran-

961 1763 1025 1797 ter,
1052 1759 1228 1800 eontigerit
1254 1758 1413 1791 attentari.

1003 1811 1017 1853 ἓ

960 1868 991 1896 et
1008 1863 1269 1896 ordinationibus
1294 1864 1499 1907 apostolicis,
1520 1870 1569 1903 et,
1589 1870 1700 1908 quate-

938 1925 939 1940 ι
961 1927 1019 1948 nus
1037 1927 1118 1960 opus
1134 1917 1184 1956 sit,
1197 1922 1301 1949 terrae
1318 1917 1615 1960 praet'atae,aliisve
1630 1919 1700 1961 qui-

960 1970 1084 2008 busris,
1107 1970 1203 2002 etiam
1230 1969 1435 2009 iuramento,
1452 1970 1699 2004 confirmatione

960 2022 1151 2065 apostolica,
1179 2023 1226 2055 vel
1253 2022 1365 2065 quavis
1392 2021 1542 2056 firmitate
1562 2023 1624 2056 alia
1651 2034 1702 2056 ro-

961 2075 1083 2107 boratis
1108 2101 1115 2114 ,
1149 2075 1278 2108 statutis
1314 2080 1345 2107 et
1380 2075 1697 2117 consuetudinibus,

961 2127 1143 2170 privilegiis
1170 2138 1327 2171 quoque,
1360 2127 1495 2160 indultis
1520 2133 1551 2160 et
1581 2128 1700 2161 litteris

961 2179 1172 2221 apostolicis,
1199 2179 1365 2222 quibusvis
1390 2180 1539 2222 personis
1565 2181 1700 2221 etlocis,

962 2231 1021 2263 sub
1048 2231 1305 2275 quibuscumque
1332 2232 1504 2265 verborum
1531 2233 1700 2266 tenoribus

962 2288 994 2315 et
1020 2283 1147 2322 formis,
1174 2295 1209 2317 ac
1235 2294 1306 2316 cum
1331 2284 1499 2327 quibusvis
1524 2285 1621 2319 etiam
1647 2286 1701 2319 de-

963 2336 1199 2379 rogatoriarum
1226 2338 1462 2380 derogatoriiS,
1479 2338 1617 2382 aliisque
1632 2339 1700 2373 esti-

962 2389 1155 2429 cacioribus,
1174 2390 1402 2423 efficacissimis
1416 2396 1448 2424 et
1462 2391 1601 2425 insolitis
1616 2393 1701 2426 ctau=

963 2441 1065 2481 subs,
1094 2441 1361 2485 irritantibusque
1388 2449 1418 2475 et
1450 2443 1521 2476 aliis
1551 2444 1700 2485 decretis,

962 2494 994 2528 in
1020 2505 1141 2538 genere
1167 2498 1216 2529 vel
1247 2497 1278 2528 in
1312 2497 1446 2539 specie,
1483 2508 1519 2530 ac
1553 2495 1631 2531 alias
1668 2499 1699 2531 in

963 2549 1157 2582 contrarium
1176 2549 1422 2592 quomodolibet
1438 2550 1623 2591 concessis,
1645 2562 1699 2594 ap-

962 2603 1105 2647 probatis
1132 2607 1163 2635 et
1196 2602 1375 2643 itmovatis;
1407 2602 1524 2646 quibus
1549 2604 1698 2638 omnibus

1592 223 1656 257 653
1703 233 1755 259 An.
1776 233 1805 259 c.
1826 233 1890 260 17'28

1042 1810 1074 1843 4.
1095 1810 1164 1843 Non
1184 1810 1389 1844 obstantibus
1410 1811 1698 1845 constitutionibus
1732 1819 1894 1846 firmentum·
