2170 3147
21 215 70 244 An.
85 211 115 242 C.
136 212 205 240 1726

44 1699 145 1724 moniales
153 1702 208 1724 eius-

29 1729 74 1751 dem
83 1730 110 1750 ab
121 1729 209 1750 Ordina-

27 1756 53 1778 rii
64 1757 207 1777 iurisdictione

29 1783 143 1804 eximuntur
153 1799 159 1808 ,
184 1788 209 1803 ae

27 1809 122 1834 regimini
146 1815 209 1834 supe-

27 1836 104 1864 riorum
111 1836 161 1856 dicti
171 1836 209 1856 Or·

28 1861 81 1883 diuis
93 1862 209 1884 subiiciunt·

27 1889 68 1911 tur.

785 212 980 237 BENEDICTUS
1004 212 1061 235 x111
1086 212 1135 236 PP.

215 261 392 305 apostolica
409 261 602 294 auctoritate
621 261 721 293 factae
739 271 804 293 non
830 260 949 293 fuerint

214 325 250 347 ac
275 324 449 356 expressus
473 312 636 345 Ordinarii
666 313 728 345 loci
762 313 947 345 huiusmodi

215 367 356 410 desuper
380 376 562 399 consensus
600 375 665 397 non
703 365 947 404 intercesserit,

215 425 246 452 et
271 430 310 452 ne
336 420 375 452 de
396 419 544 452 eiusdem
562 417 751 450 monasterii
775 417 949 449 stabilitate

214 473 282 505 ullo
306 482 447 514 unquam
475 477 622 514 tempore
649 469 804 502 haesitat-i
824 469 951 501 contin-

215 530 286 567 gat,
311 525 498 558 monasterii
524 523 659 567 praefati
684 522 776 556 statui
802 527 834 555 et
858 522 951 554 stabi-

215 577 310 619 litati,
337 577 561 621 dictarumque
586 576 760 620 priorissae
779 581 810 609 et
827 575 952 608 monia-

214 631 294 664 lium
319 631 590 664 conscientiarum
616 629 716 673 quieti
743 633 773 662 et
799 628 952 671 tranquil·

214 683 298 716 litati
315 684 348 716 in
366 684 551 727 praemissis
569 689 752 726 opportune
767 681 950 724 providere,

216 745 338 780 easque
363 736 559 780 specialibus
585 735 748 769 favoribus
779 739 810 767 et
840 733 952 776 gratiis

214 789 371 833 prosequi
397 790 543 822 volentes
563 815 570 828 ‚
594 798 722 821 necnon
748 797 857 820 earum
890 786 954 818 sin-

216 842 346 885 gulares
367 853 526 885 personas
552 852 568 874 a
588 841 755 884 quibusvis
774 850 954 873 excommu-

214 895 387 928 nicationis
418 900 450 928 et
478 895 667 934 interdicti,
690 894 826 936 aliisque
852 894 953 926 eccle-

216 947 354 981 siasticis
379 948 558 987 sententiis,
584 947 728 980 censuris
758 952 790 979 et
821 946 953 989 poenis,

216 1011 233 1033 a
249 1001 318 1034 iure
342 1001 391 1033 vel
417 1000 456 1032 ab
475 1000 619 1041 homine,
640 999 752 1043 quavis
781 999 954 1032 occasione

215 1054 266 1087 vel
295 1055 391 1086 causa
414 1053 504 1093 tatis,
525 1053 551 1085 si
568 1052 686 1096 quibus
708 1051 955 1095 quomodolibet

216 1105 391 1139 innodatae
417 1106 559 1138 existunt
580 1132 588 1145 ,
614 1106 653 1138 ad
678 1104 826 1138 effectum
861 1115 954 1148 prae-

216 1159 356 1192 sentium
382 1164 505 1192 tantum
531 1158 813 1202 consequendum,
839 1158 952 1190 harum

217 1212 302 1245 serie
328 1212 531 1245 absolventes
557 1217 589 1244 et
613 1211 777 1245 absolutas
798 1211 865 1244 sore
884 1221 955 1244 cen-

217 1270 338 1306 sentes,
365 1270 453 1299 motu
478 1263 610 1308 proprio
637 1270 668 1298 et
687 1275 723 1297 ex
742 1265 832 1297 certa
849 1263 955 1296 scien-

217 1319 261 1352 tia
279 1346 286 1359 ,
307 1319 411 1362 deque
436 1318 635 1362 apostolicae
660 1317 827 1362 potestatis
853 1317 956 1360 pleni·

217 1371 344 1412 tudine,
370 1372 507 1415 praefati
532 1371 721 1405 monasterii
753 1371 953 1404 erectionem

217 1430 249 1459 et
272 1425 511 1459 institutionem
527 1453 535 1466 ‚
559 1430 594 1458 ut
616 1425 801 1469 praefertur
826 1425 925 1458 factas
945 1451 952 1465 ,

217 1479 397 1523 apostolica
433 1478 624 1512 auctoritate
648 1478 812 1522 praefata,
840 1483 954 1511 tenore

216 1531 459 1576 praesentium,
492 1536 655 1575 perpetuo
680 1531 899 1575 approbamus
925 1535 956 1564 et

217 1585 459 1626 confirmamus,
479 1590 523 1625 et,
543 1589 702 1628 quatenus
728 1594 808 1628 opus
826 1584 885 1626 sit,
904 1595 954 1616 sa-

218 1649 331 1672 namus
356 1644 388 1672 et
412 1639 666 1672 convalidamus.

262 1692 277 1736 5
301 1691 333 1725 3.
361 1693 405 1725 Ac
430 1691 506 1725 dicti
541 1691 729 1724 monasterii
766 1690 954 1734 priorissam

220 1750 252 1778 et
274 1745 448 1785 moniales,
467 1756 553 1778 nunc
577 1750 609 1778 et
632 1755 693 1788 pro
720 1750 865 1788 tempore
892 1744 953 1777 exi-

220 1804 352 1840 stenteS,
369 1799 407 1831 ab
425 1799 612 1832 omnimoda
626 1798 849 1831 iurisdictione
866 1808 956 1841 prae-

219 1851 275 1885 sati
300 1851 444 1885 moderni
471 1856 502 1884 et
525 1861 584 1894 pro
609 1857 756 1894 tempore
789 1850 955 1884 existentis

219 1905 458 1949 archiepiscopi
494 1904 750 1944 Braeharensis,
787 1915 823 1938 ac
859 1904 954 1937 etiam

217 1959 352 2003 praefati
377 1958 524 1991 moderni
550 1963 580 1991 et
616 1968 675 2001 pro
712 1961 856 2001 tempore
891 1958 956 1990 evi-

218 2012 333 2044 stentis
373 2011 518 2045 eiusdem
559 2011 758 2054 parochialis
799 2010 954 2044 ecclesiae

218 2065 357 2098 rectoris
374 2091 381 2105 ,
407 2065 502 2098 etiam
529 2069 687 2108 perpetuo
719 2064 889 2097 eximimus
925 2070 956 2097 et

218 2118 394 2152 liberamus
412 2145 419 2158 ‚
446 2128 482 2150 ac
507 2117 695 2150 immediato
720 2128 779 2160 pro
809 2122 954 2161 tempore

219 2171 424 2205 existentium
439 2171 645 2213 superiorum
661 2171 857 2213 regularium
869 2181 957 2214 prae-

220 2224 274 2257 fati
299 2224 446 2264 Ordinis,
473 2235 490 2257 a
511 2224 628 2267 quibus
654 2228 724 2256 actu
751 2229 908 2266 reguntur
926 2229 955 2256 et

220 2277 461 2320 gubernantur,
495 2275 709 2309 iurisdictioni
743 2286 779 2308 ac
805 2275 956 2318 regimini

219 2330 417 2370 subiicimus,
439 2340 510 2362 cum
535 2329 685 2362 facultate
711 2328 834 2362 eisdem
860 2339 956 2371 supe-

220 2383 361 2416 rioribus
375 2382 579 2425 regularibus
592 2392 651 2425 pro
663 2387 811 2424 tempore
824 2381 958 2414 existen·

221 2437 305 2469 tibus
331 2435 479 2469 tradendi
504 2434 682 2478 priorissae
708 2440 739 2467 et
762 2434 957 2467 monialibus

221 2489 373 2532 praefatis
399 2498 485 2521 nunc
510 2493 541 2521 et
565 2498 624 2531 pro
651 2492 801 2530 tempore
820 2487 958 2520 existen-

222 2541 307 2575 tibus
333 2547 395 2574 tam
413 2540 614 2584 probationis
632 2551 728 2584 quam
747 2540 958 2583 professionis

221 2595 349 2636 velum,
375 2594 419 2628 ita
453 2599 561 2628 tamen
593 2598 628 2627 ut
658 2593 815 2628 moniales
835 2620 843 2636 ,
875 2603 957 2637 quac

1631 197 1695 232 387
1741 206 1789 233 An.
1806 205 1833 234 c.
1854 205 1924 234 1726

991 261 1024 293 in
1049 260 1163 293 eodem
1188 259 1383 292 monasterio
1409 258 1467 291 sub
1493 257 1580 290 illius
1619 256 1731 299 regula

992 313 1192 355 recipientur
1217 317 1248 345 et
1273 312 1483 345 admittentur
1507 311 1539 343 in
1567 311 1729 351 futurum,

993 364 1139 397 habitum
1165 375 1224 407 per
1249 364 1327 397 alias
1345 363 1502 397 moniales
1520 362 1658 406 praefati
1678 361 1732 394 Or-

993 417 1076 449 dinis
1103 417 1221 459 gestari
1242 417 1371 449 solitum
1389 415 1565 459 suscipere,
1584 420 1631 454 et,
1652 420 1733 446 tem-

993 479 1072 512 pore
1098 469 1301 512 probationis
1326 469 1435 512 elapso
1456 495 1462 508 ‚
1490 467 1730 511 professionem

994 532 1051 564 per
1076 521 1209 553 easdem
1233 521 1337 554 emitti
1363 526 1554 553 consuetam
1581 529 1732 562 expresse

995 575 1168 613 emittere,
1195 574 1358 616 regulam,
1385 584 1513 606 necnon
1539 577 1733 616 perpetuam

995 627 1202 666 clausuram,
1230 637 1266 659 ac
1289 627 1392 667 ritus,
1420 636 1537 667 mores,
1561 630 1734 659 consuetu-

996 679 1087 712 dines
1113 685 1144 712 et
1170 680 1334 722 regularia
1360 679 1504 712 instituta
1529 678 1664 722 praefati
1682 677 1735 710 Or-

996 733 1081 765 dinis
1118 743 1270 772 servare,
1305 732 1486 776 divinisque
1518 731 1669 764 laudibus
1702 735 1735 763 et

995 785 1109 819 officiis
1136 785 1287 818 insistere
1312 785 1452 818 debeant
1474 790 1504 817 et
1525 789 1710 817 teneantur.

1040 838 1054 882 ἓ
1080 838 1110 870 4.
1138 838 1177 870 Et
1201 838 1334 881 insuper
1359 838 1464 871 eidem
1485 836 1681 871 monasterio
1699 836 1735 868 il·
1780 845 1858 872 aisque
1876 851 1929 866 non·

997 891 1126 934 liusque
1150 891 1326 934 priorissae
1353 896 1384 924 et
1419 890 1614 924 monialibus
1649 873 1929 925 nuncssffip'fssffigl}

997 950 1028 977 et
1052 955 1112 988 pro
1145 949 1290 987 tempore
1325 944 1562 983 existentibus,
1590 943 1677 986 quod
1705 929 1828 978 &53¹5ssss
1863 925 1931 946 ¹⁰d¹¹¹'

997 998 1083 1030 mnia
1098 1007 1209 1030 earum
1224 998 1319 1038 bona,
1335 1007 1370 1029 ac
1388 996 1584 1040 quicumque
1603 1005 1732 1035 census,

999 1056 1119 1091 terrae,
1140 1051 1271 1090 domus,
1297 1050 1535 1093 possessiones,
1561 1051 1648 1082 bona
1672 1059 1735 1082 mo-

997 1105 1075 1137 bilia
1100 1110 1131 1138 et
1155 1103 1349 1144 immobilia,
1375 1103 1486 1147 quovis
1505 1103 1637 1136 nomine
1657 1112 1736 1135 nun-

998 1163 1130 1201 cupata,
1156 1168 1215 1201 per
1240 1167 1461 1201 quoscumque
1487 1156 1736 1196 christifideles,

998 1210 1029 1242 in
1055 1217 1250 1254 perpetuum
1268 1211 1318 1243 vel
1344 1210 1383 1243 ad
1409 1215 1555 1253 tempus,
1573 1209 1735 1251 simulque

998 1265 1045 1297 vel
1068 1264 1258 1304 successive,
1279 1274 1338 1308 pro
1356 1268 1552 1306 augumento
1571 1263 1734 1295 bonorum

998 1317 1184 1352 monasterii
1211 1317 1407 1357 huiusmodi,
1429 1321 1461 1350 et
1485 1315 1676 1349 monialium
1702 1314 1735 1347 in

998 1383 1037 1405 eo
1062 1382 1121 1416 pro
1147 1377 1296 1415 tempore
1326 1370 1517 1414 degentium
1547 1380 1603 1402 seu
1637 1368 1736 1402 alicu-

998 1426 1048 1459 ius
1074 1436 1183 1459 earum
1209 1424 1326 1458 intuitu
1349 1424 1400 1457 vel
1424 1422 1706 1466 contemplatione
1726 1448 1734 1462 ,

998 1490 1036 1512 ao
1061 1479 1157 1512 etiam
1183 1478 1277 1511 titulo
1304 1478 1548 1521 eleemosynae,
1573 1476 1622 1508 vel
1657 1475 1736 1507 alias

998 1532 1244 1575 quomodolibet
1269 1531 1395 1571 donata,
1422 1530 1586 1572 assignata
1611 1533 1644 1561 et
1664 1538 1736 1561 ero-

997 1590 1092 1628 gata,
1127 1595 1164 1618 ac
1194 1585 1410 1629 imposterum
1445 1582 1619 1623 donanda,
1659 1580 1738 1614 assi-

997 1638 1127 1682 gnanda
1151 1643 1183 1671 et
1208 1638 1382 1681 eroganda,
1409 1648 1447 1670 ex
1473 1646 1559 1670 nunc
1583 1639 1679 1679 prout
1705 1638 1738 1667 et

998 1697 1167 1735 postquam
1193 1692 1323 1732 donata,
1351 1691 1513 1734 assignata
1544 1694 1576 1723 et
1606 1693 1739 1732 erogata

999 1745 1137 1785 fuerint,
1165 1745 1286 1784 libera,
1312 1744 1469 1777 immunia
1494 1749 1525 1777 et
1551 1749 1701 1786 exempta
1719 1753 1737 1775 a

999 1798 1131 1831 decimis
1156 1804 1186 1831 et
1211 1798 1282 1831 aliis
1300 1798 1559 1841 quibuscumque
1579 1796 1735 1829 oneribus

999 1856 1031 1883 et
1049 1851 1310 1894 impositionibus
1328 1860 1396 1883 esse
1412 1850 1553 1883 debeant
1576 1849 1633 1892 (ita
1647 1849 1734 1892 quod

998 1904 1092 1937 liceat
1116 1904 1294 1947 priorissae
1319 1909 1351 1937 et
1375 1902 1573 1936 monialibus
1599 1912 1687 1934 nunc
1706 1907 1737 1935 et

998 1967 1056 2000 pro
1083 1962 1228 2000 tempore
1253 1956 1464 1990 existentibus
1489 1956 1641 1998 praefatis
1666 1965 1737 1988 cor-

999 2011 1159 2052 poralem,
1196 2010 1318 2042 realem
1344 2013 1376 2042 et
1400 2009 1559 2041 actualem
1585 2008 1735 2048 illorum,

998 2063 1182 2106 iuriumque
1212 2067 1244 2095 et
1279 2061 1549 2105 pertinentiarum
1586 2071 1738 2105 quarum-

999 2126 1136 2159 cumque
1162 2115 1417 2159 possessionem‚
1432 2125 1492 2158 per
1509 2125 1553 2154 se,
1567 2116 1617 2147 vel
1636 2114 1736 2147 aliurn

999 2179 1055 2201 seu
1078 2169 1156 2202 alios
1182 2179 1292 2202 earum
1319 2179 1355 2201 ac
1380 2168 1456 2201 dieti
1474 2167 1662 2201 monasterii
1681 2177 1738 2200 no-

998 2223 1152 2262 minibus,
1179 2222 1311 2265 propria
1335 2221 1528 2254 auctoritate
1555 2220 1656 2253 libere
1682 2230 1738 2262 ap-

999 2276 1205 2319 prehendere
1240 2280 1272 2307 et
1303 2274 1544 2317 apprehensam
1577 2277 1736 2316 perpetuo

999 2329 1140 2361 retinere
1156 2356 1163 2369 ‚
1190 2328 1312 2361 fructus
1337 2338 1465 2371 quoque
1486 2354 1492 2367 ,
1521 2327 1667 2360 redditus
1707 2331 1738 2359 et

1000 2386 1176 2424 proventus
1195 2407 1202 2421 ,
1226 2380 1316 2421 iura,
1343 2380 1557 2413 obventiones
1584 2385 1615 2412 et
1648 2390 1737 2412 emo-

1000 2436 1144 2467 lumenta
1168 2444 1205 2467 ex
1231 2434 1276 2469 eis
1311 2433 1538 2477 provenientia
1571 2443 1737 2476 quaecum-

1001 2498 1063 2531 que
1087 2487 1276 2531 percipere,
1302 2486 1448 2529 exigere,
1473 2487 1599 2526 levare,
1627 2495 1737 2518 arren-

1000 2540 1086 2580 dare,
1110 2541 1229 2580 locare,
1255 2539 1427 2579 dislocare,
1445 2549 1481 2572 ac
1498 2539 1529 2571 in
1548 2548 1736 2571 communes

1001 2603 1113 2627 earum
1137 2597 1170 2626 et
1193 2592 1270 2627 dicti
1294 2591 1483 2627 monasterii
1509 2602 1584 2625 usus
1609 2596 1642 2624 et
1676 2591 1738 2624 uti-
