2170 3147
1 203 49 231 An.
71 202 101 230 C.
120 202 187 230 1725

19 1953 130 1973 ctaueutao
141 1958 186 1974 curn

7 1979 154 2004 derogatam«.

773 205 965 229 BENEDICTI'S

197 257 343 284 revocata
365 278 372 292 ,
400 258 538 292 cassata,
564 253 720 296 abrogata
745 259 777 285 et
802 254 931 293 abolita,

195 304 382 347 viribusque
409 309 436 337 et
465 305 577 338 effectu
604 316 702 338 vacua
717 316 787 338 esse
806 311 836 338 et
854 306 932 345 sore,

195 357 384 400 neminique.
410 358 572 391 ullatenus
597 357 786 400 suffragari,
826 369 932 401 neque

196 410 234 442 de
260 415 369 444 cetero
405 420 420 442 a
450 422 611 454 quoquam
645 410 779 443 concedi
814 410 955 453 possem

195 462 307 506 sicque
332 474 391 506 per
416 474 633 506 quoscumque
660 462 781 495 iudices
803 463 933 494 ordina-

195 514 261 547 rios
288 520 317 548 et
344 516 511 558 delegatos
530 542 537 555 ‚
562 516 658 548 etiam
684 525 851 548 causarum
876 525 932 557 pa·
953 543 955 564 ἰ

194 568 262 600 latii
299 569 469 611 apostolici
504 568 693 607 auditores,
732 567 864 600 iudicari
902 572 954 613 et¹

195 620 321 653 definiri
349 622 484 662 debere,
512 632 548 654 ac
572 621 697 654 irritum
725 626 756 653 et
781 621 887 661 inane,
907 620 931 652 si
953 661 954 668 ἵ

953 669 954 688 ³
976 683 1156 715 eorumque
1183 673 1257 705 totis
1278 673 1445 706 tenoribus
1463 673 1625 717 specialis,
1643 683 1714 716 spe-

194 684 287 707 secus
312 685 410 718 super
434 675 485 708 his
504 687 520 707 a
541 685 715 718 quoquam,
742 674 852 717 quavis
879 685 933 706 au-

194 728 366 767 ctoritate,
393 727 536 761 scienter
560 729 608 760 vel
636 728 834 770 ignoranter,
854 737 931 759 con-

193 779 303 822 tigerit
320 781 483 821 attentari,
503 781 722 814 decernimus.
742 780 929 812 Mandantes

192 838 376 875 propterea,
395 833 425 865 in
444 833 560 866 virtute
575 838 701 865 sanctae
714 832 929 872 obedientiae,

193 895 229 918 ac
242 885 299 918 sub
316 886 660 919 excommunicationis
677 885 929 929 privationisque

193 948 329 971 suorum
362 938 541 971 officiorum
574 938 726 982 vocisque
752 938 871 971 activae
900 943 931 970 et,

192 991 340 1034 passivae
367 991 479 1034 poenis
505 1002 543 1024 eo
561 992 632 1034 ipso
651 991 865 1030 incurrendis,
884 991 930 1023 di-

193 1044 284 1077 lectis
309 1044 384 1077 filiis
412 1045 554 1087 generali
574 1045 710 1088 aliisque
729 1044 832 1077 dictae
850 1043 931 1076 Con-

193 1098 392 1140 gregationis
425 1098 595 1130 abbatibus
626 1103 655 1130 et
687 1097 928 1140 superioribus,

192 1156 236 1189 ut,
263 1150 502 1194 quamprimum
521 1156 709 1193 praesentes
729 1155 857 1182 nostrae
880 1150 930 1182 lit-
950 1163 952 1196 3

950 1197 952 1251 ζ
973 1202 1226 1245 praemissorum
1246 1202 1404 1242 effectum,
1426 1203 1486 1235 hac
1504 1203 1570 1235 rice
1589 1203 1713 1236 dumta-

950 1254 952 1263 '
974 1261 1035 1294 xat,
1054 1256 1240 1298 specialiter
1258 1260 1289 1288 et
1310 1266 1461 1299 expresse
1491 1256 1709 1298 derogamus;

194 1208 280 1235 terae
307 1204 346 1236 ad
372 1215 485 1237 eorum
512 1204 660 1236 notitiam
693 1203 928 1246 pervenerint,

193 1267 308 1290 omnes
334 1262 365 1289 et
390 1257 534 1299 singulos
560 1257 737 1290 monachos
751 1256 931 1299 Congrega-

195 1310 292 1342 tionis
319 1309 506 1343 huiusmodi
532 1310 651 1343 similia
682 1309 828 1348 indulta,
864 1309 930 1353 pri-

193 1362 307 1405 vilegia
327 1390 334 1402 ,
361 1363 624 1405 praerogativas,
650 1362 872 1395 immunitates
900 1367 930 1395 et

193 1416 416 1459 exemptiones
441 1415 610 1456 habentes,
638 1416 710 1448 illos
729 1426 766 1448 eo
782 1416 853 1458 ipso
868 1415 930 1458 pri-

192 1474 282 1502 vatos
308 1473 340 1501 et
364 1468 519 1512 spoliatos
544 1479 615 1501 esse
643 1469 837 1508 declarent,
869 1478 930 1501 nec

193 1532 388 1565 quemquam
407 1522 471 1554 illis
485 1522 529 1554 uti
546 1522 653 1554 sinant
666 1522 713 1554 vel
729 1521 928 1564 permittant,

192 1575 420 1608 inobedientes
444 1575 610 1618 quoslibet.
635 1580 666 1607 et
697 1575 837 1608 rebelles
874 1585 930 1618 op-

192 1628 339 1671 portunis
364 1628 443 1660 iuris
481 1634 512 1661 et
538 1628 609 1660 sacti
636 1628 809 1667 remediis,
844 1628 931 1660 iuxta

193 1682 356 1725 regularia
372 1681 640 1725 Congregationis
651 1687 681 1714 et
693 1681 821 1714 Ordinis
837 1692 931 1725 prae-

195 1734 350 1768 dictorum
386 1740 502 1768 statuta
528 1735 704 1779 apostolica
739 1735 929 1768 auctoritate

195 1787 390 1828 confirmata,
408 1788 494 1821 omni
513 1794 545 1820 et
566 1798 767 1831 quacumque
787 1788 929 1831 appella—

196 1840 292 1880 tione,
319 1841 547 1874 reclamatione
573 1847 604 1875 et
630 1851 761 1874 recursu
789 1840 929 1880 remotis,

197 1894 446 1936 compescendo.

241 1946 256 1989 §
280 1946 310 1979 3.
338 1946 407 1979 Non
434 1947 639 1980 obstantibus
665 1947 868 1990 praemissis,
896 1951 953 1980 act

199 1998 364 2040 quibusvis
390 2000 507 2032 litteris
534 2001 723 2043 apostolicis
740 2011 838 2044 super
856 2012 930 2033 cou-

199 2051 346 2084 cessione
371 2062 428 2083 seu
455 2052 701 2085 confirmatione
719 2054 930 2093 indultorum,

200 2103 456 2145 privilegiorum,
483 2106 792 2147 praerogativarum,
818 2107 932 2139 immu-

199 2155 333 2187 nitatum
360 2161 390 2188 et
415 2158 655 2199 exemptionum
682 2158 866 2191 huiusmodi
893 2170 928 2192 c-

200 2208 362 2248 manalis,
405 2209 540 2252 aliisque
578 2210 866 2244 constitutionibus
902 2218 933 2244 et

200 2261 464 2293 ordinationibus
489 2263 686 2305 apostolicis,
713 2274 839 2296 necnon
858 2265 932 2297 Con-

200 2314 399 2356 gregationis
438 2319 469 2346 et
502 2313 628 2347 Ordinis
664 2316 929 2358 praedictorum,

200 2365 295 2398 etiam
321 2366 514 2406 iuramento,
540 2367 787 2401 confirmatione
804 2375 934 2412 aposto-

198 2418 271 2459 lica,
298 2420 346 2452 vel
373 2420 483 2463 quavis
510 2420 657 2454 firmitate
679 2422 740 2454 alia
761 2422 932 2463 roboratis,

199 2472 326 2504 statutis
353 2479 383 2505 et
416 2474 720 2515 consuetudinibus,
754 2475 932 2518 privilegiis

200 2535 348 2568 quoque,
376 2526 506 2559 indultis
536 2532 566 2559 et
593 2527 707 2560 litteris
736 2529 930 2571 apostolicis,

199 2579 256 2612 sub
283 2579 537 2624 quibuscumque
563 2581 733 2614 verborum
765 2582 932 2616 tenoribus

991 205 1047 228 xtn
1072 205 1120 228 rr.
1610 195 1675 228 1⁶25
1721 204 1768 230 An.
1791 202 1818 230 C.
1836 204 1906 231 1725

977 258 1008 285 et
1035 253 1165 293 formis,
1190 263 1225 285 ac
1249 264 1319 286 cum
1347 252 1512 296 quibusvis
1539 253 1633 285 etiam
1659 254 1714 286 de—

976 306 1211 348 rogatoriarum
1238 306 1471 347 derogatoriis,
1502 305 1638 348 aliisque
1671 306 1714 338 et’-

976 359 1200 398 fieacioribus,
1242 358 1470 391 efficacissimis
1508 363 1539 390 et
1575 358 1713 391 insolitis

977 411 1147 451 clausulis,
1174 411 1377 444 irritantibus
1404 417 1435 443 ct
1459 411 1530 444 aliis
1556 411 1714 451 decretis,

976 464 1006 495 in
1033 464 1228 496 contrarium
1254 464 1505 506 praemissorum
1538 464 1715 507 quomodo-

975 516 1056 548 libet
1081 516 1260 555 concessis,
1277 516 1474 549 confirmatis
1488 522 1520 549 et
1538 517 1711 556 innovatis;

976 568 1092 611 quibus
1118 568 1269 600 omnibus
1296 573 1328 601 et
1346 568 1495 611 singulis,
1512 569 1635 601 etiamsi
1656 579 1713 611 pro

975 621 1108 653 illorum
1142 620 1312 654 sufficienti
1344 621 1557 663 derogatione
1584 621 1623 654 de
1648 621 1713 654 illis

975 726 1078 765 eilica,
1094 736 1250 768 expressa
1268 732 1299 759 et
1316 726 1490 765 individua,
1508 737 1544 759 ai:
1558 727 1596 759 de
1615 728 1713 759 verbo

975 779 1012 812 ad
1031 779 1176 819 verbum,
1196 789 1261 812 nou
1280 784 1386 811 autem
1406 790 1464 822 per
1482 780 1641 812 clausulas
1658 789 1714 821 ge-

974 833 1103 865 nerales
1129 832 1214 865 idem
1245 832 1477 874 importantes‚
1509 832 1630 865 mentio
1656 842 1711 865 seu

974 885 1104 928 quaevis
1131 885 1192 917 alia
1218 885 1382 927 expressio
1409 885 1561 918 habenda
1587 890 1641 917 aut
1658 885 1713 917 ali-

974 948 1035 981 qua
1061 938 1122 970 alia
1154 938 1314 981 exquisita
1347 938 1447 971 forma
1473 938 1520 980 [ad
1554 938 1616 971 boe
1647 948 1714 970 ser-

973 991 1074 1023 vanda
1101 991 1205 1031 soret,
1233 991 1363 1024 illorum
1394 996 1527 1024 tenores
1559 1001 1713 1035 praeseu-

951 1042 952 1062 ³
974 1043 1058 1076 tibus
1083 1054 1143 1087 pro
1162 1045 1260 1087 plene
1279 1048 1311 1076 et
1327 1044 1523 1077 sufficienter
1547 1044 1711 1087 expressis

951 1107 1008 1128 *ac
1032 1097 1071 1129 ad
1099 1097 1233 1129 verbum
1265 1096 1393 1129 insertis
1426 1097 1584 1129 babentes
1603 1124 1610 1137 ,
1649 1096 1712 1129 iltis

973 1149 1051 1182 alias
1082 1149 1113 1181 in
1148 1160 1206 1182 suo
1240 1150 1359 1183 robore
1394 1150 1637 1193 permansuris,
1673 1151 1710 1183 ad

973 1308 1154 1352 ceterisque
1179 1308 1351 1341 contrariis
1379 1308 1650 1352 quibuscumque.

1016 1361 1088 1404 §53
1124 1361 1278 1394 Volumus
1313 1367 1423 1394 autem
1456 1365 1490 1394 ut
1522 1361 1710 1395 earumdem
1764 1372 1824 1392 imm
1852 1375 1906 1392 isan.

972 1414 1193 1458 praesentium
1212 1415 1392 1447 litterarum
1411 1414 1635 1457 transumptis,
1655 1425 1710 1447 seu
1723 1402 1858 1424 ‘'¹'''¹''“'‘¹''''

974 1469 1143 1511 exemplis,
1169 1468 1263 1501 etiam
1289 1468 1471 1511 impressis,
1500 1467 1573 1501 etim*

1016 1521 1129 1554 Datum
1155 1521 1287 1561 Romae,
1313 1521 1399 1564 apud
1425 1520 1455 1553 S.
1477 1521 1626 1563 Petrum,
1652 1522 1712 1554 sub

973 1575 1094 1607 annulo
1134 1574 1333 1614 piscatoris,
1369 1574 1420 1606 die
1455 1584 1541 1607 xxvn
1576 1573 1712 1614 ianuarii

950 1637 1142 1667 'Mocexxm
1163 1627 1372 1670 pontificatus
1402 1627 1504 1660 nostri
1534 1637 1619 1659 anuo
1645 1637 1666 1659 1.

1009 1690 1065 1716 Dat.
1084 1689 1127 1716 die
1142 1689 1174 1716 27
1192 1689 1308 1716 ianuarii
1330 1689 1407 1723 1725,
1426 1688 1526 1723 pontif.
1546 1697 1618 1715 auno
1636 1694 1651 1714 t.

1298 1805 1384 1837 XLV.

974 1876 1166 1908 Declaralur
1190 1876 1289 1908 irrita
1318 1875 1427 1908 electio
1459 1879 1487 1907 el
1520 1874 1714 1907 consecratio

1019 1929 1161 1962 Cornelii
1185 1929 1358 1962 Sleenoren
1380 1928 1414 1961 in
1432 1928 1713 1971 archiepiscopum.

1021 1982 1271 2015 Clo-aiecn‘mmz
1297 1982 1319 2015 ⁴².

1155 2053 1336 2080 Benedictus
1359 2054 1438 2086 Papa
1459 2053 1535 2080 xm.

1240 2106 1347 2133 Dilecti
1367 2106 1422 2133 filii
1438 2128 1445 2140 ‚

1008 2151 1140 2178 salutem
1161 2154 1192 2177 et.
1212 2150 1407 2184 apostolicam
1427 2150 1680 2177 benedictionem.

1018 2211 1082 2249 Qua
1113 2211 1333 2244 sollieitudine
1369 2211 1406 2243 ad
1445 2211 1626 2244 animarum
1663 2219 1909 2271 ve-wfsstltrcrffidge

974 2268 1111 2296 strarum
1138 2265 1273 2296 salutem
1300 2263 1380 2296 haec
1398 2263 1511 2296 Sancta
1536 2263 1635 2297 Sedes
1661 2264 1907 2324 fld'lt'l‘ssllt'ss⁸n³0”1,f‘}‘'

1012 2370 1020 2395 1
1047 2369 1159 2404 Reliqua
1175 2373 1300 2405 utsupra
1317 2377 1378 2404 pag.
1395 2369 1428 2397 59
1446 2369 1460 2395 b
1477 2370 1515 2401 (11.
1534 2370 1583 2402 aa).

1009 2413 1026 2439 2
1046 2413 1104 2439 Alia
1124 2417 1209 2440 const.
1232 2414 1274 2440 ed.
1298 2420 1437 2446 iiiimxxv,
1458 2414 1500 2440 die
1529 2414 1560 2439 13
1587 2414 1692 2449 augusti
1706 2437 1712 2447 ,

975 2458 1070 2493 pontis.
1087 2464 1115 2492 tt,
1134 2458 1287 2484 declaratur
1302 2459 1375 2484 nulla
1391 2458 1487 2486 electio
1508 2459 1624 2485 Cornelii
1647 2459 1713 2485 Ber-

975 2502 1088 2529 chaman
1111 2502 1136 2528 in
1158 2503 1393 2537 archiepiscopum
1414 2503 1635 2537 Ultraiectinum,
1651 2512 1710 2529 cum

974 2547 1121 2574 indictione
1148 2547 1438 2574 excommunicationis
1467 2548 1535 2575 latae
1564 2548 1712 2575 sententiae

974 2590 1137 2618 audentibus
1157 2591 1233 2618 illum
1254 2599 1425 2619 consecrare.
