2170 3147
1000 200 1182 225 BULthnIUM

418 249 555 279 vasaten)
582 248 735 281 emeritos
756 248 841 281 cives
868 254 1156 283 connumerentur.

417 301 518 344 Atque
547 302 622 333 hinc
653 302 748 334 nohis
773 302 967 335 universalis
992 303 1160 336 Ecclesiae

417 355 565 396 regimini
601 356 800 398 praepositis
836 356 973 389 maxime
1008 357 1160 391 Convenit

416 408 595 450 apostolisa
623 419 699 440 voce
726 410 917 441 eorumdem
952 410 1158 442 sanctitatem

415 461 634 498 manifestare,
661 467 693 492 ut
720 472 843 501 omnes,
864 467 953 495 tanto
973 463 1157 505 patrocinio

415 512 445 545 in
472 513 570 546 caelis
597 514 727 553 1111111111,
760 515 959 559 optimisque
988 516 1059 558 piae
1086 516 1158 549 illo-

416 577 487 598 111111
513 567 772 600 conversationis
804 569 963 611 exemplis
996 569 1155 609 instructi,

414 630 472 662 per
496 621 577 652 viam
604 621 717 653 salutis
736 621 891 654 incedere
910 623 1049 662 valeant,
1070 623 1156 655 unde

414 678 445 705 ct
470 673 531 716 ipsi
553 674 702 713 tandein,
732 675 828 706 huius
854 675 936 707 vitae
963 686 1058 708 cursu
1086 677 1157 709 seli-

414 727 493 758 (zitcr
537 734 782 768 consummato,
826 739 939 761 eorum
987 730 1155 762 consortio

414 780 545 822 adiungi
573 788 771 822 mercantur,
799 793 937 825 quorum
966 793 1000 815 se
1034 783 1155 825 regulis

413 834 616 867 conformare
637 835 846 868 studuerunt.
875 836 984 879 ltaque
1007 847 1076 875 nos,
1095 837 1155 869 hac

414 887 464 917 die
492 887 521 919 in
551 889 708 922 honorem
734 890 950 922 antecessoris
977 891 1079 923 nostri
1101 890 1155 923 Sit-

1207 199 1362 226 ROMANUM

1206 249 1363 283 illibatam
1390 250 1536 291 servavit,
1563 255 1627 283 tum
1653 250 1790 284 maxime
1815 251 1849 284 in
1874 251 1948 285 aula

1206 304 1290 346 regia
1308 303 1548 347 Hispaniarum,
1567 316 1631 348 quo
1649 305 1858 338 tredccennis
1875 315 1947 338 cum

1204 359 1396 400 parentibus
1424 359 1456 391 in
1473 359 1628 391 comitatu
1648 359 1763 391 Mariae
1783 359 1947 402 Augustae

1203 411 1349 454 petierat,
1376 412 1534 444 caelestes
1561 412 1629 444 eius
1655 412 1752 444 animi
1779 412 1871 445 dotes
1895 423 1948 456 pa-

1204 470 1346 497 tuerunt.
1385 465 1431 497 lbi
1470 466 1556 498 enim
1582 476 1655 498 rara
1680 465 1749 498 eius
1775 465 1878 508 pietas
1914 466 1946 499 in

1203 517 1271 550 dies
1297 517 1471 560 prodiens,
1497 517 1642 551 omnium
1662 519 1777 552 oculos
1799 523 1831 552 et
1851 519 1948 552 admi·

1202 570 1363 603 rationem
1390 573 1423 604 in
1449 582 1481 603 se
1507 572 1684 611 convertit,
1710 572 1810 605 nullis
1832 573 1946 605 mundi

1202 623 1367 656 illecebris
1391 624 1698 656 innocentissimum
1723 635 1860 667 puerum
1880 625 1945 658 alio

1202 677 1426 710 trahentibus:
1445 677 1533 710 cuius
1553 678 1647 711 etiam
1667 683 1770 711 tactus
1791 677 1945 722 pudoris*

1202 729 1261 762 fuit
1273 758 1280 770 ‚
1299 736 1334 763 ut
1351 737 1514 765 matronas
1531 732 1792 775 consanguineas
1815 743 1944 776 quoque

1201 794 1236 816 ac
1260 789 1396 817 matrem
1416 785 1520 828 ipsam
1542 785 1712 828 adspicere
1739 791 1770 820 et
1795 797 1944 819 seorsum

1200 837 1319 880 alloqui
1347 837 1523 879 resugeret.
1550 838 1642 877 Quin,
1668 844 1701 871 ut
1726 839 1781 872 Dei
1810 839 1943 873 famula-

1201 895 1265 922 tum
1293 890 1390 922 tutius
1422 892 1698 934 amplecteretur,
1735 893 1783 925 vix
1820 903 1944 926 annum

1951 202 2002 231 An.
2019 203 2050 232 c.
2069 203 2141 241 1⁷26.

1200 943 1360 976 decimum
1388 944 1535 987 quintum
1567 955 1734 987 egressus,
1770 945 1802 978 in
1835 946 1946 980 Socie-

1200 1000 1296 1029 tatem
1332 997 1404 1029 Iesu
1441 998 1581 1040 migrare
1618 998 1807 1032 constituit:
1849 1010 1945 1043 quam

1199 1050 1433 1093 cogitationem
1471 1052 1581 1084 nullae
1611 1062 1724 1095 regum
1756 1057 1788 1085 et
1821 1053 1943 1096 princi-

1199 1114 1274 1146 pum
1297 1103 1484 1143 blanditiae,
1505 1104 1613 1137 nullae
1632 1116 1648 1137 a
1667 1105 1856 1148 parentibus
1876 1111 1942 1139 toto

1199 1156 1352 1189 triennali
1379 1157 1488 1200 spacio
1514 1157 1682 1191 adhibitae
1709 1158 1880 1192 machinae
1905 1164 1941 1192 ex

1198 1210 1267 1242 eius
1293 1210 1401 1243 animo
1428 1212 1569 1244 evellere
1595 1216 1783 1254 potuerunt.

1242 1262 1256 1305 ἓ
1282 1262 1313 1295 02.
1342 1262 1458 1304 Quare,
1479 1263 1673 1297 mirantibus
1695 1269 1726 1297 et
1750 1265 2137 1322 lugentibus„0{?s?l⁸²3lt.{352

1198 1317 1471 1359 consanguineis,
1509 1317 1643 1350 Romam
1681 1318 1807 1358 iturus,
1848 1318 2136 1375 siccisffiffirtxgdinffffig

1198 1370 1301 1403 oculis
1341 1371 1425 1403 avito
1466 1381 1499 1403 sc
1532 1371 1717 1415 principatu
1757 1371 2160 1432 abdicavit‚Rssqtffigptssssgffi¹

1197 1423 1296 1467 inque
1322 1425 1404 1456 alma
1430 1424 1509 1457 AEde
1535 1425 1716 1458 Lauretana
1734 1431 1852 1465 votum,
1875 1433 2137 1481 (lilofltluiihsltlisaon'ignivffl

412 941 508 972 vestri
535 942 734 975 confessoris
771 948 866 986 atque
899 942 1063 986 pontilicis
1089 943 1153 977 Deo

412 996 515 1033 sacra,
542 1006 613 1027 cum
641 994 761 1037 ingenti
789 996 987 1030 exultatione
1015 1002 1046 1029 et
1070 998 1155 1030 ccle-

411 1046 530 1080 britate
557 1048 587 1080 in
625 1049 792 1081 basilicam
828 1050 986 1093 Principis
1015 1052 1154 1094 Aposto-

411 1100 516 1132 lorum
535 1102 779 1142 convenientes,
798 1103 983 1146 angelicum
1004 1104 1153 1137 iuvenem

411 1152 510 1196 inque
549 1155 689 1197 regulari
728 1156 843 1188 militia
884 1157 1152 1199 probatissimum

410 1206 565 1239 clericum
603 1208 767 1251 Aloysium
804 1209 986 1252 Gonzagam
1023 1215 1154 1243 sancto-

411 1270 479 1291 rum
507 1261 624 1293 canoni
644 1261 901 1305 adscripsimus,
934 1269 968 1296 ut
998 1264 1154 1296 christifi-

410 1312 499 1345 deles
526 1313 556 1345 in
585 1314 654 1346 cius
671 1315 793 1347 meritis
813 1315 952 1349 solemni
974 1317 1152 1360 praeconio

408 1367 446 1398 ad
473 1367 527 1399 Dei
555 1368 690 1409 gloriam
718 1369 902 1402 recolendis
923 1370 1102 1414 propitium
1122 1371 1151 1403 iu

409 1421 500 1452 eaelo
527 1421 774 1463 deprecatorem
801 1423 984 1456 obtineant.

213 1480 394 1530 &3332333335331
452 1475 466 1513 ξ
492 1474 522 1506 Χ1,
558 1475 769 1515 castellione,
806 1476 930 1510 Galliae
968 1477 1151 1521 Cisalpinae
1198 1487 1271 1510 eum
1298 1476 1350 1519 pia
1374 1482 1479 1510 mater
1510 1477 1695 1511 incolumen
1713 1478 1856 1522 paritura
1873 1479 1939 1512 Deo
1951 1485 2135 1534 ggpttffiinsecon.

211 1524 444 1580 3;‡'u‹3·tl=·ffr?¹13=·hla‹l
466 1528 545 1559 sines
558 1528 722 1561 tllantuani
743 1530 877 1563 ducatus
898 1531 1002 1564 nobili
1019 1532 1151 1575 oppido,
1196 1540 1229 1562 sc
1268 1531 1509 1571 obstrinxerat,
1555 1532 1738 1565 incredibili
1781 1532 1940 1575 religione

212 1567 303 1606 anecd*
329 1570 348 1580 ‘⁴
366 1570 376 1581 ‘¹
408 1581 491 1622 quos]
521 1581 717 1614 discriminis
744 1585 837 1615 causa
869 1583 1071 1617 Sciam-orum
1096 1596 1151 1628 ap-
1195 1583 1366 1625 persolvit.
1394 1584 1517 1618 Romae
1544 1595 1621 1618 vero
1648 1585 1680 1618 in
1705 1585 1868 1629 primariis
1888 1596 1939 1619 se-

407 1634 558 1676 peliatur,
588 1635 829 1669 marchionatus
855 1636 1036 1670 olins-dein
1063 1639 1151 1681 prin-
1195 1642 1284 1679 ptem
1327 1638 1476 1671 ecclesiis
1520 1639 1619 1671 Deum
1659 1638 1837 1682 propitium
1878 1639 1939 1672 sibi

406 1687 530 1729 cipatus
559 1688 653 1721 titulo
682 1688 821 1732 insigni,
842 1700 878 1722 ex
898 1690 1052 1733 primaria
1070 1690 1151 1724 Gon·
1172 1715 1173 1723 ,
1195 1696 1366 1733 precatus,
1409 1702 1481 1724 mox
1519 1692 1551 1724 in
1588 1692 1719 1725 domum
1760 1692 1939 1736 probandis

406 1741 482 1781 zaga
498 1740 619 1774 familia
635 1752 676 1775 vn
692 1741 764 1774 idus
783 1742 913 1775 martias
928 1753 1014 1775 anno
1033 1743 1148 1776 Christi
1172 1761 1173 1764 =
1195 1743 1363 1785 spiritibus
1388 1744 1540 1777 Societati
1566 1745 1636 1778 lesu
1664 1755 1784 1778 nomen
1817 1746 1939 1779 daturis

407 1793 529 1826 domini
570 1804 717 1828 ntovain
761 1800 854 1829 natus
892 1800 943 1829 cst
983 1797 1146 1839 Aloysius,
1171 1790 1173 1807 ¹
1195 1797 1387 1830 destinatam
1418 1799 1558 1831 maximo
1584 1799 1703 1841 gaudio
1729 1799 1936 1840 convolavit,

406 1851 500 1879 antea
526 1847 708 1890 baptizatus
747 1860 845 1892 quam
873 1854 956 1882 totus
982 1850 1014 1882 in
1041 1851 1147 1883 lucem
1171 1847 1172 1866 ³
1194 1850 1246 1882 ubi
1274 1851 1398 1883 eximiis
1425 1852 1494 1884 eius
1532 1852 1704 1885 virtutibus
1741 1852 1935 1895 patefactis,

406 1899 521 1932 editus.
562 1900 609 1932 Ab
636 1901 712 1944 ipsis
746 1903 902 1936 infantiae
928 1909 959 1936 et
985 1914 1022 1935 eo
1048 1904 1149 1946 magis
1170 1913 1172 1943 ς’
1194 1903 1342 1946 votisque
1369 1909 1481 1947 postea
1503 1905 1709 1947 regularibus
1729 1906 1767 1938 de
1788 1916 1878 1939 more
1897 1906 1936 1939 ab

405 1953 564 1994 pucritiae
602 1955 792 1997 primordiis
825 1966 943 1999 magna
969 1957 999 1989 in
1026 1957 1082 1990 illo
1118 1963 1150 1990 et
1170 1984 1172 2002 3
1193 1967 1231 1990 eo
1252 1958 1456 2000 nuncupatis,
1481 1958 1510 1990 in
1530 1959 1684 1991 clericum
1703 1959 1857 1999 adscitus,
1876 1959 1938 2002 pri-

404 2006 503 2038 multa
529 2007 655 2040 suturae
682 2009 863 2042 sanctitatis
886 2016 1078 2051 argumenta
1095 2022 1148 2054 ap-
1169 2008 1171 2046 1
1193 2010 1320 2053 misquc
1347 2010 1518 2044 ordinibus
1544 2011 1689 2045 initiatus
1716 2018 1784 2045 est:
1819 2014 1937 2055 quanta

405 2065 595 2100 paruerunt,
625 2071 705 2103 quae
724 2062 758 2094 Β.
778 2061 912 2096 Carolus
931 2063 1146 2097 Borromaeus
1169 2070 1170 2105 ζ
1192 2063 1389 2096 verecundia
1416 2074 1449 2096 se
1480 2065 1716 2107 spectandum,
1748 2067 1935 2108 quantaque

405 2110 436 2143 S.
465 2112 502 2145 P..
529 2112 563 2145 E.
602 2114 776 2148 cardinalis
814 2121 844 2148 et
876 2116 1146 2161 archiepiscopus
1169 2110 1400 2156 humilitate,
1439 2118 1640 2160 paupertatis
1677 2118 1784 2151 studio
1821 2118 1935 2161 suique

405 2164 656 2200 lllediolancnsis
682 2178 789 2201 coram
817 2168 960 2209 miratus,
986 2169 1079 2203 illum
1097 2170 1148 2203 ad·
1168 2151 1170 2212 1
1191 2175 1379 2213 contemptu
1413 2170 1530 2204 viliora
1563 2171 1670 2204 officia
1703 2172 1788 2205 ultro
1824 2171 1933 2204 subire

405 2218 467 2250 huc
494 2220 700 2255 duodennem
734 2223 765 2255 in
797 2224 895 2256 rebus
921 2223 1037 2257 divinis
1063 2224 1144 2257 adeo
1167 2213 1169 2243 Ι
1190 2223 1353 2265 gestiens,
1388 2234 1422 2256 sc
1451 2224 1507 2257 toti
1534 2223 1611 2257 Urbi
1645 2224 1873 2258 admirandum
1899 2235 1934 2258 0-

404 2271 597 2306 instructum
617 2276 753 2318 reperit,
774 2281 808 2308 ut
830 2276 962 2318 dignum
985 2277 1146 2320 putaverit
1189 2276 1361 2317 stcnderit‚
1388 2278 1506 2310 oculati
1533 2283 1564 2310 et
1588 2277 1814 2321 probatissimi
1836 2281 1932 2312 testes

405 2336 499 2366 quem
535 2328 740 2362 sanctissimo
772 2329 994 2363 Eucharistiae
1031 2341 1141 2364 sacra·
1188 2329 1368 2362 litterarum
1395 2330 1614 2363 monumentis
1641 2331 1930 2374 consignaverunt.

404 2386 514 2410 mento
541 2380 604 2411 suis
636 2382 784 2413 manibus
811 2383 881 2426 ipsc
914 2383 1038 2426 primus
1072 2384 1144 2417 refi-
1187 2382 1249 2415 Sed
1276 2383 1345 2416 eius
1386 2383 1528 2416 charitas
1565 2383 1743 2427 praecipuo
1780 2393 1930 2417 sermone

405 2438 500 2462 curet.
526 2432 604 2464 'l'mu
631 2434 764 2466 veroin
790 2436 904 2477 patriis
940 2437 1074 2470 aedibus
1113 2442 1144 2470 et
1187 2437 1388 2470 celebranda
1426 2442 1491 2477 est,
1526 2437 1646 2481 quippe
1684 2447 1765 2480 quae
1791 2437 1948 2486 maxima.

404 2483 597 2525 florentiae,
620 2487 672 2518 ubi
700 2488 850 2531 Aloysius
876 2491 1036 2523 novennis
1072 2490 1143 2524 Dei·
1186 2489 1266 2530 snit,
1295 2495 1325 2522 et
1350 2490 1539 2533 praesertim
1566 2491 1683 2523 enituit
1708 2491 1782 2523 dum
1808 2500 1844 2524 ex
1871 2500 1926 2524 an—

404 2546 501 2578 parae
529 2537 744 2581 virginitatem
785 2551 872 2575 suam
909 2543 1004 2583 vovit,
1046 2554 1141 2586 quam
1186 2553 1290 2576 nonae
1316 2543 1428 2586 inopia
1453 2553 1548 2576 saevo
1584 2543 1616 2576 in
1655 2543 1739 2576 Urbe
1778 2544 1927 2587 contagio

404 2600 535 2633 semper
561 2594 623 2625 111111
647 2602 718 2625 cum
744 2594 932 2628 innocentia
955 2596 1140 2639 baptismali
1224 2607 1231 2631 1
1256 2604 1358 2633 Forsan
1378 2605 1523 2641 legendum
1543 2609 1639 2634 laneus
1655 2606 1752 2641 pudor
1772 2606 1810 2642 (a.
1827 2607 1877 2643 T.).
