2170 3147
21 191 71 218 An.
92 188 120 217 C.
138 188 207 216 1726

56 718 202 743 Promntgatnr

20 745 65 766 eins
71 746 202 766 canonizatio

19 772 47 793 ab
53 771 93 792 hoc
102 771 202 792 pontifice

20 798 107 820 solemni
116 799 157 819 ritu
167 803 202 824 pe-

20 827 86 846 racto.

790 186 982 211 L‘Extssntesrs
1009 185 1065 208 Xlll
1091 185 1138 209 ΓΡ.

213 235 327 269 similis
369 234 545 268 memoriae
590 235 780 267 decessores
824 237 954 266 nostros

214 289 345 322 Paulum
371 288 394 319 V
420 294 450 320 et
476 288 641 320 Urbanuu‘i
663 288 739 325 t'ttt,
760 288 825 330 qui,
848 287 953 319 lacobi

214 341 386 375 virtutibus
411 346 440 373 et
467 341 630 373 miraculis
650 340 888 382 comprobatis,
910 340 955 372 of-

213 394 320 427 ficium
360 395 398 426 de
437 404 475 426 eo
513 393 649 425 recitare
683 392 876 434 missamque
922 392 953 424 in

213 447 281 480 eius
306 447 466 479 honorem
492 446 645 478 universo
671 445 782 477 Ordini
820 445 952 477 fratrum

212 499 380 537 minorum,
406 509 442 531 ac
469 498 525 531 toti
551 497 684 537 civitati,
712 496 854 529 dioecesi
873 496 954 529 Nea-

213 552 402 595 politanae,
427 551 516 584 cuius
552 556 709 594 patronus
737 551 859 582 electus
886 550 955 582 fue-

215 610 285 644 rat,
313 604 444 637 decreto
470 603 650 647 apostolico
687 602 854 635 celebrare
880 612 954 645 per-

213 656 314 689 misit.

257 709 272 753 g
307 708 338 741 Ξ).
380 708 502 741 Deinde
541 708 634 741 novis
674 708 838 741 miraculis
878 711 954 750 post

214 761 320 795 lacobi
347 760 622 794 beatificationem
656 771 714 804 per
750 760 954 793 venerabiles

214 814 330 847 fratres
356 819 486 846 nostros
510 813 540 846 S.
569 813 607 845 R.
634 813 666 846 E.
693 813 875 846 cardinales
902 823 954 846 co-

214 877 281 899 ram
307 866 401 899 nobis
427 866 458 898 in
485 876 619 899 examen
646 865 815 905 adductis,
843 865 953 899 deces-

213 929 388 962 sorumque
406 923 590 952 nostrorum
605 917 893 951 constitutionibus
907 928 954 950 re-

213 971 373 1015 spondere
399 971 532 1004 omnino
559 971 705 1014 repertis,
729 971 828 1014 inque
852 970 954 1004 tribus

213 1023 413 1058 consistoriis
432 1029 463 1056 et
479 1024 626 1066 plenario
645 1028 805 1056 conventu
826 1033 953 1055 eorum-

213 1076 286 1110 dem
320 1075 556 1109 venerabilium
594 1075 729 1109 fratrum
766 1080 952 1108 nostrorum

213 1129 243 1161 S.
270 1129 308 1162 P..
334 1129 369 1162 E.
398 1128 614 1162 cardinalium
649 1134 747 1173 atque
773 1129 868 1162 etiam
899 1139 954 1172 pa-

214 1181 449 1220 triarcharum,
482 1181 804 1224 archiepiscoporum
831 1187 862 1214 et
888 1181 955 1225 epi-

213 1244 386 1278 scoporum
405 1234 572 1267 nobiscum
591 1234 710 1267 Romae
732 1234 954 1277 praesentium

213 1288 274 1321 rite
299 1288 480 1332 perpensis,
505 1288 649 1320 unanimi
676 1288 862 1320 eorumdem
880 1298 954 1320 sen-

215 1341 314 1374 tentia
349 1351 407 1384 per
443 1340 534 1374 Sedis
571 1340 777 1384 Apostolicae
808 1341 954 1373 notarios

214 1404 320 1427 coram
339 1393 433 1426 nobis
452 1395 596 1437 excepta,
621 1400 686 1426 tum
705 1404 764 1437 pro
782 1394 816 1426 B.
836 1394 953 1427 lacobo

214 1452 400 1481 sanctorum
427 1448 649 1481 confessorum
685 1447 774 1480 fastis
802 1448 954 1480 adnume-

215 1500 316 1534 rando
343 1511 454 1543 regum
486 1506 517 1532 et
541 1501 724 1544 principum
762 1501 954 1535 christiano-

214 1563 283 1586 rum
296 1553 586 1597 supplicationibus
600 1558 729 1586 sanctae
745 1554 953 1596 Apostolicae

213 1606 287 1640 Sedi
304 1606 464 1650 porrectis
483 1606 579 1639 etiam
606 1605 692 1640 Ordo
711 1607 843 1640 fratrum
859 1607 953 1640 Mino-

213 1670 284 1693 rum
320 1669 393 1692 eum
430 1659 644 1703 Neapolitana
673 1666 704 1693 et
730 1661 886 1694 Asculana
912 1661 955 1694 ei-

213 1712 366 1745 vitatibus
406 1722 480 1745 suas
524 1712 772 1754 adjunxissent,
814 1715 953 1747 solemni

214 1766 441 1800 caeremoniae
468 1771 500 1799 et
524 1767 663 1800 maximo
696 1767 769 1800 ritui
797 1769 836 1801 de
863 1780 954 1802 more

214 1819 419 1863 complendis
455 1819 506 1852 die
543 1820 684 1861 indicta,
718 1831 841 1865 perque
884 1832 955 1855 ora-

216 1871 321 1905 tiones
347 1898 354 1912 ,
393 1871 513 1904 ieiunia
549 1878 581 1905 et
620 1874 845 1917 eleemosynas
893 1885 954 1918 ope

215 1924 450 1968 omnipotentis
486 1924 541 1957 Dei
574 1925 812 1959 ferventissime
838 1927 955 1971 implo-

216 1979 305 2018 rata,
343 1988 379 2011 ac
414 1977 595 2017 universis,
626 1989 707 2021 quae
734 1989 769 2012 cx
796 1979 827 2012 S.
855 1980 892 2013 R.
919 1981 953 2013 E.

217 2031 390 2074 disciplina
430 2032 616 2074 peragenda
656 2036 765 2071 erant,
803 2033 955 2076 religiose

217 2084 373 2128 peractis,
401 2084 531 2117 tandem
558 2084 618 2117 hac
652 2085 704 2118 die
738 2086 770 2118 in
796 2086 955 2119 honorem

217 2137 435 2170 antecessoris
471 2138 574 2170 nostri
612 2137 774 2181 pontificis
810 2145 841 2172 et
877 2150 957 2173 mar-

218 2191 296 2236 tyris
319 2191 508 2224 Melchiadis
539 2190 603 2224 Deo
630 2193 737 2233 sacra,
769 2203 831 2236 qua
863 2193 957 2226 etiam

217 2244 377 2278 incarnati
416 2244 512 2277 Verbi
553 2245 742 2288 mysterium
783 2245 814 2277 in
852 2248 959 2279 annua

219 2297 440 2331 translationis
466 2298 569 2330 almae
600 2297 718 2330 Domus
755 2298 957 2332 Lauretanae

218 2351 376 2385 memoria
402 2351 578 2391 recolitur,
616 2361 675 2384 nos
710 2351 771 2394 ipsi
798 2354 861 2384 una
885 2362 956 2384 cum

218 2405 333 2438 iisdem
371 2403 613 2436 venerabilibus
651 2403 801 2436 fratribus
838 2405 957 2437 nostris

218 2457 250 2491 S.
270 2457 304 2490 R.
321 2457 356 2490 E.
380 2457 612 2497 cardinalibus,
631 2456 836 2500 patriarchis,
856 2458 960 2490 archi-

218 2509 380 2554 episcopis
399 2514 431 2542 et
456 2508 630 2552 episcopis,
645 2519 681 2542 ae
694 2509 862 2553 utriusque
880 2510 959 2544 cleri

219 2568 252 2597 et
281 2563 396 2607 populi
430 2563 613 2606 frequentia
648 2562 680 2594 in
717 2568 959 2597 sacrosanctam

307 2625 388 2654 Bull.
405 2625 490 2654 Rom.
511 2640 545 2646 —
570 2625 630 2652 1⁷02.
653 2624 746 2654 XXII.
889 2625 924 2653 59

1638 173 1701 205 4155

997 232 1165 265 basilicam
1206 232 1365 275 Principis
1410 232 1630 275 apostolorum
1674 230 1738 262 nco

998 285 1222 328 supplicantes
1247 285 1479 324 convenimus3
1512 284 1587 323 ubi,
1617 285 1736 321 semel,

999 338 1114 370 iterum
1141 344 1173 371 et
1199 339 1294 372 tertio
1316 349 1374 382 pro
1399 339 1467 371 viro
1494 338 1549 371 Dei
1575 338 1692 370 Iacobo
1722 348 1738 369 a

998 390 1140 424 Marchia
1155 391 1184 423 in
1201 397 1384 424 sanctorum
1400 391 1621 424 confessorum
1641 401 1738 422 cano-

999 453 1071 475 nem
1091 444 1266 477 referendo
1286 454 1345 487 per
1365 444 1583 477 venerabilem
1606 444 1736 475 fratrem

999 501 1147 527 nostrum
1161 495 1367 529 Franciscum
1387 496 1418 530 S.
1435 497 1472 529 R.
1489 497 1522 529 E.
1548 496 1736 539 episcopiun

999 548 1195 581 cardinalem
1213 549 1408 591 Ostiensem,
1426 550 1641 583 Barberinum
1661 560 1739 581 nun-

998 607 1161 643 cupatum,
1174 602 1319 644 repetitis
1332 603 1495 645 precibus,
1509 609 1580 645 post
1594 607 1737 635 cantatas

999 653 1037 685 de
1063 664 1154 687 more
1181 655 1362 695 orationes,
1399 661 1429 688 et
1462 656 1601 698 Spiritus
1630 655 1736 687 Sancti

999 707 1134 749 gratiam
1161 707 1344 741 humillime
1377 708 1579 748 invocatam,
1608 708 1646 740 ad
1679 708 1738 740 lio-

998 770 1109 792 norem
1134 766 1263 793 sanctae
1290 768 1321 794 et
1346 762 1530 794 individuae
1557 760 1736 800 Trinitatis,

999 812 1072 845 fidei
1108 813 1286 846 catholicae
1313 815 1564 853 exaltationem,
1590 819 1620 846 et
1656 813 1740 846 clui-

999 865 1121 897 stianae
1147 865 1317 908 religionis
1351 866 1605 905 incrementum,
1633 871 1739 898 aueto-

999 917 1091 950 ritate
1117 918 1350 961 omnipotentis
1376 919 1431 951 Dei
1458 919 1572 959 Patris,
1593 918 1677 958 Filii,
1709 924 1740 950 et

998 969 1137 1013 Spiritus
1162 970 1291 1011 Sancti,
1319 976 1351 1004 et
1374 971 1546 1004 beatorum
1577 972 1739 1013 apostolo-

998 1033 1067 1055 rum
1105 1023 1189 1055 Petri
1216 1029 1247 1056 et
1272 1023 1378 1063 Pauli,
1406 1036 1442 1057 ac
1467 1026 1594 1063 nostra,
1622 1024 1659 1056 de
1687 1034 1739 1055 re-

998 1075 1192 1108 nerahilium
1220 1077 1354 1109 fratrum
1381 1081 1569 1110 nostrorum
1588 1076 1619 1109 S.
1642 1076 1679 1108 R.
1702 1075 1735 1108 E.

998 1128 1232 1167 cardinalium,
1266 1130 1545 1173 patriarchatum,
1580 1128 1739 1172 arcl‘iiepi-

998 1192 1171 1225 scoporum
1203 1188 1234 1216 et
1256 1183 1486 1226 episcoporum
1512 1182 1680 1216 nobiseum
1706 1182 1740 1214 in

998 1233 1148 1278 plenario
1183 1240 1344 1268 conventu
1378 1235 1530 1268 basilicae
1567 1235 1738 1267 Vaticanae

997 1287 1219 1331 praesentium
1235 1288 1374 1321 consilio
1393 1293 1423 1321 et
1440 1288 1584 1320 unanimi
1603 1298 1739 1320 eonsen-

999 1352 1050 1381 su,
1074 1342 1204 1373 beatum
1228 1341 1376 1374 Iacobum
1403 1353 1418 1374 a
1445 1341 1586 1374 Marchia
1610 1341 1738 1373 Ordinis

1000 1395 1132 1427 fratrum
1160 1394 1336 1435 Minorum,
1365 1395 1403 1428 de
1430 1396 1521 1428 cuius
1548 1395 1736 1432 sanctitate,

999 1447 1073 1480 fidei
1099 1448 1296 1488 sinceritate,
1315 1454 1346 1481 et
1378 1454 1561 1481 ceterarum
1586 1448 1739 1480 virtutum

999 1512 1035 1533 ac
1060 1500 1292 1534 miraculorum
1318 1501 1513 1534 excellentia
1538 1502 1633 1544 plane
1663 1512 1740 1532 cou-

999 1554 1105 1586 stabat
1130 1559 1161 1586 et,
1185 1559 1321 1593 constat,
1350 1555 1411 1586 una
1437 1565 1509 1586 eum
1537 1553 1640 1586 beatis
1659 1553 1739 1585 't'tm-

999 1606 1081 1638 rIbio
1107 1606 1357 1650 archiepiscopo
1394 1607 1525 1639 Liuiano
1550 1607 1738 1639 confessoie

999 1660 1172 1703 pontifice,
1201 1666 1232 1693 et
1261 1661 1384 1702 Agnete
1422 1660 1579 1693 Politian&
1614 1661 1737 1701 virgine

1000 1714 1102 1746 nostri
1128 1713 1257 1746 Ordinis
1284 1713 1562 1753 Praedicatorum,
1592 1719 1737 1746 sanctum

1000 1777 1070 1800 esse
1098 1766 1318 1806 definivimus,
1355 1772 1539 1799 sanctorum
1575 1767 1739 1799 confesso-

999 1831 1109 1854 sorum
1144 1831 1208 1853 non
1246 1819 1437 1863 pontificum
1474 1820 1589 1853 canoni
1617 1821 1739 1853 adscri-

999 1875 1142 1908 bendum
1168 1873 1383 1913 decrevimus,
1402 1879 1501 1916 prout
1518 1874 1739 1916 praesentium

1001 1934 1113 1961 tenore
1139 1927 1321 1966 definimus,
1347 1926 1551 1959 decernimus
1574 1932 1602 1958 et
1621 1928 1741 1960 adscri-

999 1980 1124 2020 bimus,
1158 1980 1372 2023 eumdemque
1398 1990 1456 2023 per
1481 1990 1594 2012 omnes
1612 1980 1740 2013 christi-

1001 2033 1112 2067 fideles
1129 2038 1292 2076 tamquam
1307 2042 1380 2065 vere
1407 2038 1553 2065 sanctum
1581 2033 1739 2066 honorari

1001 2087 1221 2119 mandavimus
1254 2091 1287 2119 et
1318 2087 1526 2126 mandamus,
1560 2091 1739 2119 statuentes

1001 2145 1035 2172 ut
1059 2140 1098 2173 ab
1123 2140 1266 2173 Ecclesia
1292 2139 1463 2172 universali
1489 2139 1521 2171 in
1547 2139 1616 2171 eius
1635 2140 1740 2173 liono-

1001 2204 1069 2226 rem
1095 2194 1191 2226 aedes
1216 2203 1327 2226 sacrae
1354 2198 1386 2225 et
1411 2193 1537 2233 altaria,
1565 2193 1597 2225 in
1624 2193 1741 2236 quibus

1002 2247 1204 2280 incruentum
1241 2245 1435 2279 sacrificium
1467 2246 1533 2279 Deo
1566 2245 1740 2287 offeratur,

1002 2299 1165 2333 aedificari
1202 2305 1233 2332 et
1269 2299 1469 2339 consecrari,
1501 2304 1533 2332 et
1564 2299 1741 2342 quotannis

1002 2363 1031 2386 iv
1065 2353 1222 2385 kalendas
1262 2352 1476 2391 decembres,
1511 2362 1575 2395 quo
1613 2352 1664 2385 die
1701 2353 1739 2385 ad

1003 2406 1177 2438 caelestem
1212 2405 1351 2448 patriam
1387 2405 1539 2444 evolavit,
1566 2404 1634 2437 eius
1661 2405 1742 2438 festa

1002 2457 1164 2490 solemnia
1180 2462 1215 2489 ut
1232 2458 1334 2490 sancti
1352 2457 1551 2491 confessoris
1569 2468 1634 2491 non
1661 2468 1742 2501 pon-

1004 2510 1096 2544 tificis
1122 2510 1281 2543 celebrari
1307 2510 1445 2554 possint.

1047 2563 1062 2608 ἓ
1086 2563 1118 2597 3.
1137 2563 1275 2608 Insuper
1293 2563 1406 2598 eadem
1424 2565 1616 2599 auctoritate
1640 2565 1742 2599 omni-

1750 183 1799 209 An.
1819 182 1847 208 C.
1867 181 1933 209 1726

1790 2570 1935 2596 tmititgmtiao
