2170 3147
223 222 272 249 An.
290 222 319 249 C.
344 221 412 248 17⁶2ss

252 1397 408 1423 Exi-»quuicvrum

225 1423 343 1451 ‹tupi-iano.

253 2351 365 2373 clausulae
381 2351 415 2372 de-

230 2383 360 2405 togaton-iae.

459 212 523 244 2⁴22

414 270 597 302 sententiae
622 280 660 303 eo
686 270 757 313 ipso
793 279 853 313 per
886 268 1157 302 contrafacientes

415 322 610 355 incurrentia
636 325 766 365 poena,
792 322 943 355 omnibus
969 327 1001 355 et
1023 321 1159 363 singulis

416 376 567 408 fratribus
606 375 814 408 Reform-atis·
838 375 967 407 Ordinis
1001 374 1158 418 praedicti

414 439 500 461 nunc
526 435 554 460 et
582 439 640 471 pro
669 434 815 471 tempore
835 428 1048 461 existentibus
1075 426 1160 459 inhi-

414 481 552 521 bentes,
580 492 619 513 nc
648 481 805 524 deinceps
839 492 937 524 super
971 480 1159 523 praemissis

415 544 567 567 eorumve
587 535 760 567 occasione
789 535 903 567 fratres
930 534 969 567 de
987 534 1161 567 Observan-

416 588 457 620 tia
496 588 684 620 huiusmodi
721 589 916 628 molestare,
956 587 1161 631 inquietare,

416 641 619 684 perturbare,
642 647 695 673 aut
721 651 853 684 quoquo
879 642 976 674 modo
1002 641 1162 684 impedire
1183 646 1185 679 ξ

416 693 558 725 audeant
598 694 647 725 vel
690 699 928 735 praesumant3
955 692 1067 735 sicque
1103 702 1163 735 per

416 756 639 789 quoscumque
674 745 798 779 iudices
823 746 1008 779 ordinarios
1026 751 1058 779 et
1075 746 1164 779 dele-

418 805 522 842 gatos,
543 800 638 832 etiam
658 810 826 832 cinisarum
853 799 965 843 palatii
992 798 1162 842 apostolici

416 854 597 893 auditores,
621 865 656 885 ac
674 853 704 885 S.
729 853 766 886 R.
786 853 820 886 E.
841 852 1038 891 cardinales,
1065 853 1162 885 etiam

417 906 456 939 de
483 907 583 939 latere
617 907 741 949 legatos
774 912 804 938 et
834 906 915 939 alios
940 916 1163 949 quoscumque

417 960 609 993 auctoritate
628 966 658 993 et
676 965 838 1003 potestate
857 960 1029 1002 fungentes
1047 965 1078 992 et
1096 960 1165 991 sun-

418 1019 548 1053 cturos,
583 1014 708 1047 sublata
741 1013 785 1046 eis
819 1019 851 1046 et
883 1024 996 1046 eorum
1030 1012 1165 1046 cuilibet

418 1067 531 1110 quavis
557 1067 653 1099 aliter
684 1066 844 1099 iudicandi
872 1071 904 1099 et
927 1065 1163 1108 interpretandi

417 1119 570 1152 facultate
598 1126 626 1151 et
654 1119 857 1158 auctoritate,
881 1119 1001 1162 ubique
1027 1118 1163 1150 iudicari

418 1179 451 1205 et
476 1173 602 1205 deliniri
629 1173 770 1211 debere,
799 1183 835 1204 ac
860 1172 986 1204 irritum
1013 1177 1044 1204 et
1069 1167 1186 1204 inane¹

419 1225 444 1258 si
471 1236 565 1258 secus
592 1236 690 1267 super
722 1225 772 1257 liis
797 1235 814 1257 a
844 1235 1026 1267 quoquam,
1053 1219 1187 1267 quavis'

419 1279 620 1313 auctoritate„
641 1278 783 1310 scienter
805 1278 852 1310 vel
872 1278 1072 1319 ignoranter,
1092 1287 1166 1310 con-

420 1331 526 1374 tigerit
555 1331 725 1369 attentari,
753 1331 976 1364 decernimus.

464 1387 478 1427 g'
503 1384 534 1417 3.
558 1384 718 1425 Quocirca
744 1385 986 1417 venerabilibus
1013 1384 1164 1417 fratribus

420 1437 630 1480 patriarchis.
656 1437 925 1480 archiepiscopis,
947 1437 1109 1480 episcopis
1135 1429 1188 1470 et'

422 1491 548 1523 dilectis
590 1490 664 1522 filiis
706 1491 850 1523 locorum
890 1490 1069 1524 Ordinariis
1108 1501 1167 1533 per

420 1549 610 1586 praesentes
637 1548 726 1576 motu
749 1543 845 1576 simili
865 1544 1074 1583 mandamus,
1094 1554 1166 1587 qua-

421 1603 517 1629 tenus
540 1596 620 1639 ipsi,
640 1598 687 1629 vel
715 1607 828 1629 eorum
856 1597 1010 1639 quilibet,
1027 1607 1087 1640 per
1112 1607 1166 1635 se,

421 1651 471 1683 vel
498 1650 606 1689 alium,
627 1661 682 1682 seu
702 1650 793 1689 alios,
809 1650 865 1682 ubi
883 1655 914 1683 et
932 1650 1062 1693 quando
1085 1661 1166 1693 opus

424 1703 540 1741 suerit,
567 1710 598 1735 et,
623 1702 749 1745 quoties
785 1713 844 1745 pro
879 1709 971 1745 parte
1006 1703 1165 1736 dictorum

423 1757 557 1789 fratrum
577 1757 616 1789 dc
635 1755 847 1788 obser-vanua
866 1756 986 1789 suerint
1002 1757 1164 1799 requisiti,

423 1811 468 1844 eis
494 1809 632 1842 efficacis
659 1809 862 1842 defensionis
886 1810 1050 1852 praesidio
1083 1810 1163 1842 assi-

422 1868 557 1902 stentes,
577 1863 696 1895 saciant
720 1862 916 1895 auctoritate
943 1865 1051 1896 nostra
1077 1873 1167 1906 prae-

422 1917 518 1948 missa
556 1916 641 1947 iuxta
673 1916 895 1958 praesentium
935 1915 1166 1949 continentiam

423 1975 454 2002 et
471 1969 719 2012 dispositionem
737 1968 928 2009 observari,
948 1969 1167 2002 contradicto-

423 2085 488 2108 non
516 2081 671 2119 parentes
701 2086 760 2118 per
790 2075 986 2116 sententias,
1014 2086 1168 2109 censuras

424 2135 456 2162 et
480 2140 600 2171 poenas
628 2129 880 2169 ecclesiasticas,
900 2130 1028 2173 aliaque
1048 2141 1168 2173 oppor-

425 2188 500 2215 tuna
527 2182 604 2214 iuris
630 2188 661 2215 et
683 2183 753 2214 sacti
773 2183 930 2223 remedia,
946 2184 1168 2226 appellatione

425 2236 604 2279 postposita
632 2237 884 2278 compescendo,
906 2236 1054 2269 invocato
1074 2237 1168 2269 etiam

427 2289 464 2321 ad
492 2289 572 2327 boc,
601 2288 625 2319 si
654 2299 734 2331 opus
761 2289 869 2327 suerit,
896 2289 1016 2322 auxilio
1043 2288 1168 2321 brachii
1191 2289 1192 2301 ¹

427 2342 615 2373 saecularis.
636 2341 702 2373 Non
730 2342 935 2374 obstantibus
953 2341 1030 2374 dicti
1049 2341 1169 2384 Grego-

428 2394 465 2427 rii
492 2395 753 2437 pi·aeil‹.21:essoi·is
782 2395 916 2436 litteris,
943 2406 980 2428 ac
1006 2399 1115 2428 nostra
1140 2402 1171 2428 et

427 2447 644 2481 Cancellariuc
673 2448 876 2490 Airiostolicae
905 2449 1017 2491 regula
1039 2449 1078 2481 de
1102 2448 1171 2481 iure

427 2501 572 2545 quaesito
593 2512 655 2533 non
676 2503 831 2540 tollendo,
851 2502 986 2545 aliisque
1005 2502 1171 2545 quibusvis

428 2555 720 2588 constitutionibus
746 2560 777 2587 et
801 2555 1062 2588 ordinationibus
1087 2566 1173 2598 apo-

429 2608 566 2649 stolicis,
595 2619 641 2640 nc«
657 2619 719 2640 uon
739 2607 865 2640 Ordinis
891 2619 925 2641 ac
954 2609 1089 2641 fratrum
1112 2608 1173 2642 Re-

1001 220 1181 244 mmmmm
1208 220 1362 244 noirAxt‘u

1203 270 1416 302 formatorum
1453 270 1719 312 praedictorum,
1747 270 1944 313 illorumque

1203 327 1432 362 conventuum,
1454 323 1625 356 domorum
1652 328 1682 355 et
1707 324 1866 364 locorum,
1894 328 1944 356 et-

1204 374 1264 407 iam
1291 375 1490 415 iuramento,
1518 375 1765 410 confirmatione
1791 377 1947 420 apostoli-

1181 428 1259 468 ]ca‚
1287 429 1335 461 vel
1363 429 1472 472 quavis
1499 428 1649 462 firmitate
1682 430 1745 462 alia
1775 429 1946 469 roboratis,

1204 482 1329 514 statutis
1355 487 1385 514 et
1402 481 1705 520 consuetudinibus,
1723 482 1818 514 etiam
1837 481 1948 514 imme-

1204 534 1429 575 morabilibus,
1447 534 1628 577 privilegiis
1653 545 1797 578 quoque,
1814 535 1949 568 indultis

1205 593 1238 620 et
1262 587 1379 620 litteris
1397 588 1595 630 apostolicis,
1615 588 1674 620 sub
1693 588 1949 632 quibuscumque

1207 640 1380 674 verborum
1404 640 1573 673 tenoribus
1599 646 1629 673 et
1654 641 1783 681 formis,
1809 651 1846 674 ac
1878 651 1948 674 cum

1206 693 1369 736 quibusvis
1395 694 1490 725 etiam
1516 694 1796 736 derogatoriarum
1816 694 1951 737 deroga-

1208 746 1308 785 toriis‚
1330 746 1467 790 aliisque
1494 746 1729 780 efficacioribus
1754 752 1786 780 et
1810 747 1949 780 insolitis

1207 799 1385 839 clausulis,
1419 799 1689 842 irritantibusque
1725 805 1756 832 et
1788 799 1859 832 aliis
1896 800 1951 834 de-

1207 852 1316 892 cretis,
1335 852 1430 885 etiam
1456 863 1516 896 per
1541 853 1671 886 modum
1697 853 1807 886 statuti
1833 864 1951 897 perpe-

1209 904 1277 946 tui,
1306 906 1401 938 etiam
1427 911 1538 945 motu,
1565 906 1701 939 scientia
1726 912 1758 939 et
1781 906 1951 950 potestatis

1208 959 1412 1001 plenitudine
1439 959 1614 998 similibus,
1636 959 1733 992 etiam
1758 959 1882 993 iteratis
1907 959 1953 993 vi-

1208 1011 1299 1044 cibus
1325 1012 1497 1049 concessis,
1512 1013 1701 1055 approbatis
1720 1019 1752 1045 et
1772 1012 1950 1053 innovatis;

1208 1065 1324 1108 quibus
1346 1065 1497 1098 omnibus
1522 1072 1553 1099 et
1575 1066 1723 1108 singulis,
1750 1066 1875 1100 etiamsi
1893 1077 1952 1110 pro

1209 1120 1340 1152 illorum
1365 1119 1536 1152 sufficienti
1574 1120 1787 1161 derogatione
1817 1120 1856 1152 de
1888 1119 1951 1153 illis

1208 1182 1389 1214 eorumque
1415 1173 1489 1205 totis
1516 1172 1684 1205 tenoribus
1709 1172 1870 1215 specialis,
1887 1183 1954 1216 spe-

1209 1224 1309 1260 cifica.
1328 1225 1490 1258 individua
1513 1232 1544 1258 et
1562 1236 1725 1268 expressa,
1745 1236 1781 1258 ac
1799 1226 1838 1259 de
1856 1226 1952 1260 verbo

1209 1278 1247 1310 ad
1273 1278 1415 1317 verbum,
1435 1289 1499 1311 non
1518 1284 1623 1312 autem
1643 1290 1703 1322 per
1719 1280 1879 1313 clausulas
1898 1290 1953 1323 ge-

1209 1332 1337 1364 nerales
1364 1332 1448 1364 idem
1482 1332 1713 1374 imponantes,
1746 1332 1868 1366 mentio
1897 1343 1952 1366 seu

1210 1384 1340 1427 quaevis
1366 1384 1427 1417 alia
1454 1385 1620 1428 expressio
1651 1386 1801 1419 habenda
1825 1391 1879 1419 aut
1902 1385 1955 1419 ali-

1210 1448 1271 1480 qua
1288 1437 1351 1470 alia
1369 1437 1525 1481 exquisita
1546 1439 1646 1471 soi-ina
1664 1439 1701 1472 ad
1721 1439 1783 1472 hoc
1798 1439 1954 1472 servanda

1211 1491 1302 1530 soret,
1322 1496 1454 1524 tenores
1480 1491 1680 1532 huiusmodi,
1700 1503 1736 1525 ac
1753 1492 1779 1525 si
1798 1493 1838 1526 de
1857 1492 1954 1526 verbo

1210 1545 1248 1576 ad
1273 1544 1418 1583 verbum,
1437 1544 1518 1577 nihil
1536 1545 1666 1586 penitus
1691 1545 1811 1578 omisso
1837 1550 1868 1578 et
1892 1546 1956 1579 for-

1209 1599 1259 1630 ma
1285 1598 1315 1630 in
1343 1597 1408 1630 illis
1435 1598 1552 1630 tradita
1578 1599 1769 1638 observata,
1796 1600 1956 1642 exprime-

1211 1657 1324 1684 rentur
1342 1657 1374 1684 et
1391 1651 1628 1689 insererentur,
1643 1652 1873 1695 praesentibus
1896 1662 1954 1696 pro

1211 1706 1307 1748 plene
1329 1711 1359 1737 et
1376 1704 1575 1738 sufficienter
1593 1705 1756 1749 expressis
1775 1711 1807 1738 et
1824 1705 1956 1738 insertis

1212 1758 1383 1798 habentes,
1404 1758 1467 1791 illis
1493 1759 1571 1791 alias
1596 1758 1629 1790 in
1654 1770 1713 1791 suo
1741 1759 1858 1791 robore
1884 1768 1958 1802 pcr-

1212 1811 1383 1851 mansuris,
1398 1812 1435 1844 ad
1450 1808 1703 1854 praemissorum
1719 1811 1881 1850 effectum,
1897 1811 1957 1844 hac

1212 1865 1279 1897 rice
1313 1865 1494 1904 dumtaxat,
1523 1865 1709 1906 specialiter
1741 1869 1773 1897 et
1802 1874 1955 1907 expresse

1212 1918 1427 1960 derogamus,
1464 1918 1647 1961 ceterisque
1682 1918 1854 1950 contrariis
1889 1917 1958 1960 qui-

1189 1995 1190 2000 ,
1212 1973 1434 2015 buscumqne,
1461 1977 1516 2004 aut
1541 1972 1565 2004 si
1593 1971 1756 2014 aliquibus
1781 1971 1958 2003 communi-

423 2032 474 2055 res
500 2022 664 2065 quoslibet
689 2027 719 2054 ct
744 2022 885 2054 rebelles
919 2032 954 2055 ac
979 2022 1168 2065 praemissis
1189 2020 1190 2024 ’

1213 2031 1260 2059 ter
1287 2027 1334 2058 vel
1361 2025 1485 2057 divisim
1513 2026 1552 2056 ab
1580 2025 1693 2057 eadem
1724 2024 1764 2056 sit
1795 2024 1878 2057 Sede
1909 2023 1957 2056 in-

1213 2079 1338 2112 dultum
1375 2078 1461 2119 quod
1503 2077 1676 2117 interdici,
1715 2077 1870 2120 suspendi
1907 2076 1956 2110 vel

1214 2131 1486 2165 excommunicari
1514 2141 1578 2164 non
1606 2130 1734 2173 possint
1751 2140 1810 2172 per
1835 2129 1960 2163 litteras

1214 2185 1410 2229 apostolicas
1436 2195 1499 2216 non
1528 2183 1684 2216 facientes
1706 2185 1836 2226 plenam
1857 2188 1889 2216 et
1905 2193 1958 2216 ex·

1214 2248 1358 2282 pressam
1386 2242 1416 2270 et
1441 2237 1479 2269 ad
1506 2237 1639 2269 verbum
1673 2237 1711 2270 de
1744 2236 1873 2269 indulto
1899 2236 1959 2268 hu-

1214 2290 1354 2323 iusmodi
1381 2289 1593 2322 mentionem.

1258 2344 1272 2387 ξ
1297 2343 1329 2376 li.
1356 2343 1508 2376 Volumus
1545 2347 1652 2375 autem
1683 2343 1771 2386 quod
1806 2351 1959 2385 praesen-

1215 2396 1293 2429 tium
1321 2397 1501 2428 litterarum
1530 2396 1760 2438 transumptis,
1780 2395 1875 2428 etiam
1901 2395 1958 2428 im-

1215 2449 1357 2492 pressis,
1391 2460 1485 2481 manu
1519 2449 1657 2481 alicuius
1685 2448 1804 2481 notarii
1836 2447 1958 2491 publici

1214 2502 1418 2545 subscriptis,
1438 2508 1469 2534 ct
1487 2502 1592 2544 sigillo
1612 2512 1773 2544 personae
1790 2501 1822 2533 in
1844 2501 1960 2534 ecccle-

1214 2555 1343 2587 siastica
1376 2555 1533 2597 dignitate
1566 2554 1763 2587 constitutae
1802 2553 1955 2594 munitis,

1215 2608 1329 2642 eadem
1356 2618 1488 2650 prorsus
1507 2607 1584 2641 tides
1602 2607 1724 2650 uinique
1744 2612 1806 2641 tam
1826 2607 1857 2640 in
1877 2607 1959 2641 iudi-

1958 222 2005 248 An.
2022 221 2051 249 C.
2072 222 2138 251 ¹725

2010 2346 2073 2369 Fides
2099 2349 2153 2369 imu-

1969 2376 2107 2401 sumptorum.
