2170 3147
9 255 58 283 Αη.
78 253 107 282 C.
123 253 192 282 1724

30 525 52 546 B.
61 525 132 546 tantari
142 529 189 543 onn-

8 558 42 572 lnl
53 558 131 572 ΠΙΟΙΊΗΠ
142 557 190 571 ⁸:11}-

7 579 81 600 ctitate
96 579 162 599 clara.

40 2216 138 2238 Iniuriam
154 2218 185 2237 to-

0 2243 103 2267 termina,
119 2246 158 2264 otc.

790 253 983 279 BENEDICTUS
1009 255 1062 279 XIII
1089 255 1136 279 PP-

201 302 284 335 nihil
310 301 442 344 pauperi
468 301 608 334 dandum
636 307 835 344 suppeteret,
860 303 938 345 piis-

201 353 301 387 sime¹
335 354 450 386 coniux
484 354 584 387 semel
622 359 718 397 atque
755 355 871 387 iterum
909 355 936 387 ei

201 408 424 451 obseqnutura
458 408 555 440 ollam
593 418 726 440 vacuam
763 412 935 446 scrutatur,

199 471 294 503 quam
321 461 448 494 tandem
471 461 543 493 cibo
563 461 693 503 plenam
719 461 853 503 reperit,
873 471 937 503 quo

200 523 322 557 pauper
347 514 493 547 esuriens
519 513 646 546 abunde
665 512 868 546 reficeretur.
885 513 937 545 Ea-

201 566 273 599 dem
299 567 523 600 beati‘lsidori
549 566 662 599 coniux
681 566 776 599 Maria
794 576 811 598 a
825 565 937 608 Capite

200 625 384 663 nuncupata
401 620 550 652 virtutum
570 625 602 653 et
622 630 749 652 morum
770 619 937 652 sanctitate

200 673 394 705 venerabilis
423 672 554 716 viroque
587 683 643 705 suo
669 673 763 715 plane
788 672 938 715 persimi-

201 725 239 758 lis
263 725 347 769 apnd
373 725 530 768 Hispanos
550 725 661 758 habita
681 729 738 758 est.
765 726 846 758 [linc
867 725 936 758 eius

201 778 443 821 antiquissimus
468 779 575 811 cultus
606 788 623 811 a
655 778 728 821 piae
759 778 936 811 memoriae

200 831 369 864 decessore
402 836 513 865 nostro
549 831 736 864 Innocentio
763 831 814 864 ΧΗ
850 841 935 864 anno

199 883 317 917 Christi
343 884 464 917 domini
484 894 637 919 niucxcvn
657 884 788 927 probari
804 885 934 923 meruit,

199 936 231 969 in
257 947 387 970 examen
407 938 561 970 adductus
579 948 637 981 per
655 937 857 970 venerabiles
876 937 936 970 sra-

201 995 264 1023 tres
285 990 398 1023 S.R.E.
419 990 610 1031 cardinales,
637 991 799 1024 referente
817 991 935 1024 Ioanne

199 1042 370 1076 Francisco
396 1043 531 1077 diacono
562 1043 718 1077 cardinali
743 1043 774 1077 S.
804 1043 934 1077 Adriani

199 1095 323 1129 Albano
346 1103 543 1140 nuncupato,
569 1107 642 1130 mox
667 1097 812 1131 eiusdem
838 1098 934 1131 Inno-

198 1149 295 1182 centii
308 1150 340 1183 in
359 1151 514 1184 cathedra
531 1151 616 1184 beati
634 1151 719 1185 Petri
745 1161 934 1185 successore

198 1202 301 1236 felicis
325 1203 562 1237 recordationis
592 1203 757 1237 Clemente
782 1204 821 1236 XI
845 1210 935 1237 ante-

197 1264 326 1288 cessore
343 1261 467 1289 nostro.
494 1257 639 1300 Magnam
660 1256 774 1290 Isidori
801 1257 935 1290 charita-

197 1313 273 1348 tem,
308 1319 373 1342 non
410 1313 532 1343 tantum
570 1321 647 1354 erga
682 1311 842 1350 homines,
878 1311 934 1344 sed

197 1371 276 1405 erga
300 1362 369 1405 ipsa
394 1363 571 1396 animantia
596 1363 742 1407 caelique
767 1363 910 1397 volatilia
926 1390 933 1403 ,

197 1414 280 1447 Deus
305 1416 510 1458 pergratam²
533 1416 594 1449 sibi
615 1426 685 1449 esse
705 1416 933 1449 manifestavit.

197 1466 464 1512 Quandoquidem
495 1469 672 1512 asperrima
697 1470 832 1513 hyeme,
860 1470 934 1503 dum

198 1519 306 1553 omnia
329 1521 457 1554 nivibus
483 1527 515 1554 et
546 1522 648 1565 glaeie
674 1527 825 1555 concreta
850 1522 935 1565 rige-

197 1578 281 1613 rent,
294 1573 447 1614 Isidorus,
464 1574 603 1607 tritieum
621 1576 708 1608 mola
726 1575 934 1608 frumentaria

197 1626 367 1660 terendum
386 1627 560 1668 advehens,
576 1628 744 1671 palumbas
762 1628 844 1661 l'ame
861 1639 934 1661 con-

196 1678 294 1711 sectas
319 1679 490 1713 arboribus
513 1685 635 1714 moeste
660 1680 837 1714 insidentes
862 1691 933 1714 con-

196 1731 345 1774 spicatus,
370 1733 456 1776 quod
471 1759 478 1773 ,
495 1732 566 1767 nive
595 1734 702 1766 omnia
721 1739 864 1776 tegente,
881 1734 933 1767 de-

196 1790 282 1818 esset
304 1786 392 1818 unde
417 1786 598 1827 alerentur,
625 1786 693 1829 ipse
720 1792 836 1820 terram
860 1787 931 1821 nire

195 1838 342 1880 detersit,
369 1845 491 1873 tantum
518 1840 615 1873 tritici
640 1851 806 1884 spargens,
833 1851 933 1884 quan-

195 1896 261 1924 tum
286 1892 447 1935 palumbis
480 1893 606 1926 alendis
642 1893 718 1926 satis
753 1904 823 1927 csse
847 1894 931 1927 arbi-

195 1949 344 1978 traretur.
364 1945 493 1979 Factum
512 1946 678 1989 displicuit
695 1946 786 1979 socio
806 1945 929 1985 Isidori,

194 1997 233 2030 ab
257 2009 296 2032 eo
328 2005 499 2043 propterea
534 2000 696 2043 correpti,
722 2000 787 2033 Deo
824 2006 930 2033 tamen

194 2061 400 2096 nequaqnam
414 2053 586 2096 displicuit,
605 2053 659 2097 qni
679 2053 827 2093 triticum,
843 2054 929 2096 qnod

195 2111 375 2147 supererat,
399 2105 442 2139 ita
464 2106 559 2146 auxit,
592 2112 627 2139 ut
650 2111 766 2149 postea
797 2106 879 2140 niliil
898 2117 930 2140 -a

195 2167 288 2191 sacco
313 2163 490 2192 extractum
515 2160 691 2194 videretur.

238 2211 253 2254 ἓ
277 2211 309 2244 4.
337 2211 465 2245 Iniuriis
492 2213 749 2258 quibuscun'tque
766 2226 800 2249 se
821 2216 931 2250 incon-

194 2274 320 2298 cussum
339 2275 468 2308 semper
487 2266 641 2307 ostendit,
659 2267 765 2310 deque
786 2269 931 2303 fraudata

193 2319 302 2361 opera,
329 2317 405 2351 lieet
430 2319 522 2359 salso,
547 2325 723 2360 accusatus,
743 2321 806 2354 hoc
833 2332 930 2364 aegre

193 2380 259 2404 non
285 2371 370 2410 tulit,
395 2371 474 2414 quin
500 2372 607 2414 potius
628 2377 741 2415 pacate
761 2375 932 2417 respondit

194 2428 417 2457 accusatorum
442 2424 575 2458 arbitrio
601 2435 635 2459 se
660 2426 740 2459 liero
758 2437 816 2460 suo
841 2427 932 2460 satis-

194 2476 362 2509 facturum.
389 2476 485 2510 Probi
523 2477 581 2510 viri
607 2477 722 2511 fiducia
761 2479 794 2513 in
829 2480 929 2513 Deum

195 2534 283 2563 tanta
309 2529 379 2570 suit,
404 2536 438 2563 ut
463 2530 571 2564 omnia
592 2531 667 2565 lieet
686 2542 804 2575 magna
821 2538 853 2566 et
873 2533 932 2566 dis-

230 2600 240 2626 1
261 2599 361 2628 Forsan
373 2601 509 2635 piissima
524 2609 573 2637 pro
585 2602 719 2637 piissime
730 2602 838 2639 legend.
849 2603 930 2639 (uxr).

228 2643 244 2670 2
265 2643 336 2673 Edit.
359 2645 441 2675 Main.
463 2645 527 2681 legit
543 2649 719 2682 peryratum
739 2647 777 2683 (a.
794 2647 842 2683 τ.).

980 302 1074 335 sicilia
1088 308 1176 337 certo
1194 310 1353 347 speraret.
1373 304 1614 348 Quamljilurima
1631 314 1717 348 prae-

980 356 1130 389 cellentis
1156 356 1250 389 liuius
1276 357 1400 390 virtutis
1424 359 1572 401 exempla
1604 368 1717 391 occur-

980 413 1070 447 runt,
1111 419 1147 441 ex
1188 409 1305 451 quibus
1344 420 1444 442 unum
1481 410 1611 443 silentio
1652 420 1716 444 non

980 460 1244 502 praeteribimus.
1272 462 1303 494 In
1329 465 1421 495 sacra
1449 463 1527 496 aede
1560 463 1717 496 orationis

979 513 1150 546 dulcedine
1187 519 1320 557 captus,
1346 516 1383 547 ad
1420 515 1525 548 socios
1561 516 1650 558 pium
1676 517 1715 549 de

980 576 1069 598 more
1105 567 1285 599 convivium
1324 568 1519 601 instruentes
1552 579 1627 602 sero
1662 569 1716 602 de-

979 619 1120 659 scendit·,
1135 629 1242 663 neque
1261 620 1329 663 ipse
1344 630 1438 661 unns,
1452 621 1509 653 sed
1528 631 1714 664 pauperum,

979 671 1032 714 qni
1057 682 1129 704 eum
1155 678 1190 704 ut
1214 678 1337 715 patrem
1363 673 1591 716 sequebantur,
1616 684 1716 717 grege

978 724 1115 768 stipatus
1152 725 1336 758 descendit:
1373 726 1455 759 niliil
1493 737 1528 759 ex
1567 727 1716 760 convivio

979 785 1109 821 praeter
1134 779 1317 822 portionem
1342 789 1486 813 seorsum
1513 791 1573 823 pro
1599 790 1637 813 eo
1654 790 1717 813 ser-

979 837 1083 865 vatam
1109 839 1291 876 supererat:
1314 833 1355 866 ob
1380 833 1622 867 multitudinem
1649 844 1719 867 esu-

980 885 1133 918 rientium
1157 887 1265 919 tristes
1286 886 1391 920 socios
1416 887 1503 920 bono
1521 887 1630 920 animo
1648 897 1717 920 csse

980 939 1072 972 iussit
1095 939 1236 972 Isidorus
1262 950 1353 972 suam
1380 940 1563 982 portionem
1600 939 1717 973 viritim

979 991 1063 1024 inter
1088 1002 1144 1025 eos
1169 992 1392 1025 dividendam:
1410 1002 1482 1025 mox
1509 992 1621 1025 Isidori
1644 1002 1718 1035 por-

980 1044 1021 1078 tio
1047 1050 1110 1077 tam
1136 1045 1269 1089 copiosa
1294 1045 1467 1089 reperitur,
1487 1050 1601 1078 utnon
1619 1046 1717 1079 modo

978 1103 1168 1140 praesentes
1194 1097 1328 1137 affatim,
1355 1099 1412 1131 sed
1444 1099 1595 1131 absentes
1621 1098 1718 1131 etiam

979 1161 1110 1194 pascere
1129 1151 1283 1195 potuerit.
1302 1151 1365 1184 Sed
1383 1151 1467 1184 aliis¹
1487 1162 1618 1195 quoque
1635 1151 1719 1184 mul-

980 1204 1016 1238 tis
1043 1209 1073 1237 et
1104 1204 1229 1247 magnis
1265 1203 1456 1237 miraculis²
1481 1204 1595 1237 Isidori
1619 1204 1716 1237 etiam

979 1267 1054 1290 num
1080 1257 1215 1290 viventis
1232 1257 1346 1290 merita
1364 1262 1396 1290 et
1413 1257 1616 1290 sanctitatem
1633 1257 1716 1291 Deus

979 1310 1143 1354 patefecit.
1175 1311 1261 1343 Ilero
1291 1310 1376 1343 enim
1414 1311 1446 1343 in
1482 1320 1584 1354 agro,
1618 1321 1716 1354 quem

978 1364 1122 1397 Isidorus
1148 1365 1272 1405 arabat,
1295 1364 1426 1405 sitienti,
1445 1375 1559 1408 aquam
1585 1365 1617 1398 in
1642 1365 1715 1399 loco

978 1417 1063 1450 sicco
1088 1423 1119 1450 et
1143 1417 1286 1460 undique
1311 1417 1412 1458 arido,
1437 1419 1591 1460 percussa
1618 1421 1714 1458 terra,

978 1476 1162 1503 manantem
1177 1470 1313 1512 aperuit,
1333 1480 1416 1513 quae
1434 1470 1591 1504 haetenus
1608 1477 1717 1504 manat

977 1522 1136 1565 perennis,
1162 1523 1262 1556 nullis
1280 1533 1422 1566 unquam
1444 1524 1522 1557 solis
1543 1523 1714 1557 ardoribus

977 1575 1145 1609 exsiccata.
1174 1575 1232 1608 Ei3
1256 1577 1303 1609 vis
1328 1576 1435 1609 divina
1468 1576 1575 1610 inesse
1600 1577 1716 1621 digno-

975 1628 1084 1668 scitur,
1110 1629 1261 1672 Deusqne
1286 1639 1344 1672 per
1369 1629 1482 1663 Isidori
1509 1630 1714 1664 intercessio-

975 1691 1047 1715 nem
1074 1683 1106 1715 in
1140 1683 1266 1726 aegris‘
1291 1683 1329 1716 ad
1363 1693 1432 1716 eam
1470 1684 1713 1718 confluentibus

975 1735 1104 1769 assidua
1128 1736 1220 1779 signa
1245 1741 1413 1780 operatur.

1018 1788 1076 1832 §sm
1093 1789 1148 1822 llis
1169 1789 1306 1832 aliisque
1321 1790 1569 1833 quamplurimis
1580 1790 1636 1824 Dei
1651 1801 1716 1825 ser-

973 1948 1098 1982 Domini
1110 1957 1220 1989 mcxxx,
1233 1954 1413 1993 postquam,
1423 1955 1602 1993 praeeunte
1613 1960 1716 1984 sacra-

972 2006 1081 2035 mento
1116 2001 1339 2044 poenitentiae
1372 2002 1555 2046 humilique
1588 2003 1715 2037 conses-

971 2054 1071 2095 sione,
1084 2064 1161 2088 suos
1179 2055 1218 2087 ad
1236 2065 1344 2088 veram
1357 2055 1510 2099 pietatem
1524 2061 1555 2089 et
1572 2056 1715 2090 charita-

974 2111 1037 2140 tem
1055 2107 1191 2141 ferventi
1210 2108 1352 2141 efficacia
1369 2109 1568 2150 cohortatus,
1589 2108 1713 2152 Corpus

973 2161 1099 2194 Domini
1127 2171 1200 2194 cum
1227 2164 1350 2195 summa
1376 2162 1536 2205 religione
1559 2163 1716 2206 suscepis-

972 2219 1031 2247 set.
1050 2213 1139 2247 Servi
1157 2213 1212 2248 Dei
1233 2224 1351 2258 corpus
1371 2215 1431 2248 sub
1450 2215 1522 2248 (Ιίο5
1541 2220 1624 2248 totos
1641 2226 1718 2259 qua·

973 2267 1121 2310 draginta
1145 2277 1246 2301 annos
1264 2267 1297 2300 in
1312 2268 1511 2302 coemeterio
1529 2268 1716 2312 depositum

1009 2339 1019 2364 1
1043 2337 1125 2372 Male,
1147 2341 1175 2365 ut
1194 2342 1275 2373 puto,
1296 2337 1362 2366 edit.
1388 2338 1474 2366 Main.
1495 2339 1562 2374 legit
1586 2339 1642 2368 alii
1667 2347 1715 2375 pro

973 2381 1044 2409 aius
1063 2382 1103 2416 (a.
1120 2382 1173 2415 T.).

1009 2427 1025 2452 2
1045 2427 1199 2462 Praeposit.
1229 2435 1285 2462 per
1313 2427 1469 2463 importune
1499 2427 1559 2456 heic
1587 2428 1716 2457 insertam

975 2470 1120 2497 abjicimus
1138 2472 1177 2505 (n.
1194 2471 1243 2503 τ.).

1009 2515 1026 2541 3
1046 2515 1113 2542 lllale
1128 2515 1195 2543 edit.
1210 2515 1287 2543 lllain.
1300 2516 1364 2552 legit
1379 2517 1417 2546 Ει
1434 2526 1482 2553 pro
1497 2518 1536 2546 Ei
1552 2519 1589 2553 (n.
1602 2518 1652 2551 Τ.).

1010 2560 1027 2586 4
1046 2559 1165 2588 Pessime
1181 2560 1245 2588 edit.
1260 2561 1344 2588 Main.
1366 2562 1430 2597 legit
1450 2563 1531 2597 (tyris
1551 2571 1598 2599 pro
1618 2563 1715 2599 aceris

973 2604 1014 2639 (a.
1031 2605 1081 2638 T.).

1010 2649 1026 2677 5
1045 2648 1115 2679 Edit.
1136 2649 1216 2680 Mani.
1238 2650 1303 2688 legit
1322 2651 1372 2679 sub
1391 2651 1444 2681 ctz'u
1463 2651 1504 2687 (n.
1524 2652 1575 2688 T.).

1660 246 1680 281 3
1726 255 1775 283 An.
1796 255 1824 284 c.
1844 256 1912 285 ΠΜ

1767 1798 1817 1820 tems
1842 1800 1912 1822 otum«

1726 1831 1782 1847 anno
1798 1833 1875 1851 nexu.
1892 1831 1911 1849 et

973 1853 1030 1875 vus
1060 1852 1119 1885 per
1150 1853 1279 1876 omnem
1309 1843 1494 1886 Hispaniam
1526 1844 1662 1877 celebris
1683 1850 1912 1879 etruuttoimsmm-

1707 1897 1713 1903 ,
1726 1885 1777 1906 pero
1793 1887 1868 1907 corpus
1882 1882 1913 1901 in-

973 1895 1118 1936 illustriS,
1143 1895 1196 1939 pie
1229 1896 1310 1929 obiit
1340 1896 1425 1930 circa
1449 1907 1570 1930 annum
1595 1897 1714 1931 Christi
1727 1910 1806 1931 aarum
1833 1909 1912 1935 repeti-
