2170 3147
204 143 252 166 An.
275 143 290 164 tl

330 140 396 167 172ss
442 130 506 163 082

399 188 520 218 I'auluui
555 188 588 217 ‹le
623 187 730 216 Amicis
761 184 906 215 notarium
941 184 1091 223 publicum
1126 194 1139 212 a

399 237 536 274 Pratulis,
561 240 693 274 rogatum
723 234 776 264 sub
800 234 845 263 die
869 242 906 263 xn
929 232 1055 262 ianuarii
1079 241 1142 271 pro-

400 286 482 323 ximi,
503 285 586 314 cuius
609 284 691 323 copia
715 283 829 323 publica
854 282 1017 321 interisque
1041 281 1141 319 legali-

401 334 466 363 tatis
484 333 605 369 munita,
625 332 707 368 inihi,
721 336 790 369 etc.,
809 331 925 368 tradita,
942 329 1144 370 praesentibus

400 382 566 417 inserenda,
585 380 694 410 tenoris
711 379 834 409 inferius
857 378 1045 416 registraiidi,
1063 382 1090 407 et
1114 378 1143 407 in

401 431 457 459 viin
480 430 574 459 dictae
599 429 797 468 praeinsertae
815 427 983 467 pontificiae
1006 426 1144 456 licentiae

400 478 593 517 aceeptandi,
619 482 645 506 ct
678 477 737 506 una
760 485 873 506 mecum
906 475 1020 505 notario
1050 474 1145 513 legiti-

403 537 477 556 nnnu
501 527 681 566 stipulante:
700 530 728 555 et
751 535 783 555 ex
809 526 895 555 causa
919 529 947 554 et
970 524 1055 554 titulo
1078 533 1146 553 6011-

400 576 544 605 ressionis
563 574 731 604 huiusmodi
755 574 783 603 in
807 573 1034 612 emphyteusim,
1052 572 1146 602 dictus

401 624 652 653 eminentissimus
674 627 702 652 et
725 621 987 652 reveremlissimus
1009 620 1146 651 dominus

402 672 559 702 cardinalis
576 672 657 711 Finy,
676 671 764 700 abbas
780 669 1048 700 commendatarius
1065 678 1147 708 prae-

402 732 482 756 sens,
501 730 553 761 pro
573 731 602 751 se
626 725 653 750 et
677 719 898 750 successoribus
920 720 950 749 in
974 719 1075 748 eadem
1099 718 1147 748 al)-

403 771 483 800 batia
507 771 614 800 virtute
636 770 728 800 dictae
760 768 928 808 pontificiae
956 767 1094 798 licentiae
1117 771 1148 796 ut

402 829 489 860 snpra
514 819 661 855 obtentae,
685 818 773 849 cessit
796 827 912 857 quoque
941 822 969 847 et
994 816 1148 846 renuncia-

403 869 454 903 vit,
479 873 548 905 etc.,
573 868 671 897 t'avore
695 867 766 897 dicti
783 866 961 896 venerabilis
978 864 1147 895 monasterii

403 922 430 947 et
443 916 668 946 reverendorum
687 914 1148 951 monachorumMurronensium,

404 971 435 995 ut
457 976 556 1005 supra,
571 965 691 994 absente
713 964 874 1003 stipulante
892 963 1042 1003 praedict-Cr
1060 963 1149 992 inter-

404 1014 541 1043 ventione
565 1014 662 1042 omnia
685 1017 711 1042 et
735 1012 849 1050 singula
876 1012 950 1048 iura,
975 1016 1044 1048 ete„
1068 1011 1148 1041 nullo

404 1063 480 1100 iure,
504 1066 572 1096 etc.,
597 1061 653 1090 nisi
677 1061 788 1090 directo
811 1060 940 1089 dominio
969 1064 996 1089 et
1019 1059 1149 1098 proprie-

405 1116 461 1141 tate
485 1110 627 1140 bonorum
646 1109 777 1139 eiusdem
794 1108 939 1145 abbatiae,
957 1112 1044 1147 atque
1060 1108 1150 1136 infra-

404 1160 513 1199 scripto
536 1168 634 1189 aimuo
658 1163 799 1198 perpetuo
822 1168 954 1194 canone,
980 1156 1147 1196 pactisque,

405 1208 559 1247 capitulis,
594 1207 853 1243 conventionibus,
890 1205 1148 1245 promissionibus,

406 1256 622 1287 eadueitatibus
645 1261 672 1285 et
699 1257 764 1285 aliis
789 1256 913 1285 inferius
937 1254 1148 1294 exprimendis,

405 1312 433 1337 tt
456 1316 513 1336 non
533 1306 617 1343 alias,
635 1306 729 1342 aliter,
747 1314 799 1335 nec
822 1305 879 1334 alio
902 1304 999 1339 modo,
1023 1307 1092 1340 etc.,
1116 1303 1151 1332 de

406 1367 474 1395 quo,
493 1360 564 1393 etc.,
582 1356 620 1384 ita
638 1355 728 1394 quod,
746 1358 815 1392 etc.,
833 1354 866 1382 ad
885 1352 1063 1388 babendum,
1080 1356 1149 1388 etc.,

408 1413 530 1443 ponens,
550 1408 618 1439 etc.,
644 1403 727 1439 dans,
760 1407 828 1438 etc.,
863 1401 1054 1438 constituens,
1079 1404 1150 1436 etc.,

407 1458 434 1483 et
456 1453 561 1488 donec,
586 1458 654 1485 etc.,
688 1452 851 1489 coustituit,
876 1455 945 1489 etc.,
977 1450 1068 1487 omni,
1093 1454 1149 1479 ete.

408 1502 487 1532 llauc
503 1506 598 1531 autem
618 1501 646 1530 in
663 1500 878 1539 emphyteusin]
896 1503 1064 1539 perpetuam
1085 1508 1151 1528 con·

407 1552 569 1581 cessionem
585 1549 769 1588 supradictus
785 1548 1035 1578 eminentissimus
1058 1552 1086 1577 et
1108 1556 1152 1576 re-

408 1600 638 1629 verelnlissimus
654 1598 790 1627 dominus
805 1597 963 1627 cardinalis
979 1596 1152 1626 Franciscus

408 1649 552 1678 Antonius
569 1648 650 1685 Finy,
676 1656 732 1685 quo
756 1656 842 1685 supra
867 1646 984 1675 nomine
1007 1649 1035 1675 et
1054 1645 1152 1683 vigore

408 1696 592 1736 supradictae
610 1695 777 1734 pontiliciae
794 1694 941 1731 licentiae,
961 1694 1028 1723 fecit
1043 1693 1153 1722 facere-

408 1756 463 1784 que
486 1745 558 1774 dixit
581 1748 610 1773 et
632 1743 802 1777 declaravit,
822 1748 889 1779 etc.,
916 1752 984 1780 erga
1007 1746 1035 1771 et
1058 1742 1093 1771 ad
1115 1742 1153 1770 sa-

410 1804 508 1824 vorem
532 1794 602 1823 dicti
626 1792 864 1823 reverendissimi
882 1791 974 1831 patris
991 1790 1104 1821 abbatis
1126 1795 1154 1820 et

408 1843 638 1873 reverendorum
676 1841 886 1871 monachorum
923 1840 1152 1870 Caelestinorum

410 1892 578 1922 monasterii
601 1891 822 1927 Murronensis,
853 1895 884 1920 ut
917 1900 1025 1929 supra,
1051 1889 1154 1919 absen-

409 1942 569 1981 stipnlante
598 1940 745 1979 praedicta
773 1940 938 1969 interventa
971 1948 1023 1978 pro
1057 1948 1153 1968 [innuo

411 1995 550 2030 perpetuo
573 2000 685 2019 canone
712 1995 862 2020 scutorum
892 1988 1152 2028 quadragintorum

410 2040 652 2077 sexagintatriuiu
683 2043 816 2068 monetae
844 2047 982 2068 romanae
1010 2038 1044 2067 de
1075 2037 1154 2066 iuliis

410 2090 509 2118 ‹let-em
535 2098 585 2127 pro
613 2088 741 2127 quolibet
775 2092 857 2117 scuto
890 2086 1095 2116 solvendorum
1128 2090 1153 2115 et

410 2137 674 2174 exburswdorum,
693 2141 776 2175 prout
794 2136 870 2166 idem
892 2135 1154 2165 reverciulissimus

412 2191 492 2225 pater
527 2186 615 2214 abbas
647 2185 784 2214 (lominus
807 2184 986 2214 Caelestinus
1009 2183 1152 2219 Galliauo,

412 2238 582 2273 procurator
600 2234 744 2271 generalis
761 2233 940 2272 praedictis,
959 2232 1066 2261 nedum
1091 2232 1153 2261 vice

411 2288 438 2312 ct
461 2283 578 2312 nomine
601 2282 670 2312 dicti
695 2282 869 2311 venerabilis
893 2281 1063 2311 monasterii
1081 2281 1153 2311 Con-

411 2331 588 2368 grcgationis
621 2331 865 2367 Caelestiuornm,
901 2330 1092 2368 omniumque
1125 2334 1153 2358 et

413 2380 594 2415 >iugulorum
618 2380 679 2409 cius
703 2380 948 2410 monasteriorum
966 2380 995 2409 in
1015 2380 1151 2417 solidum,

413 2428 508 2456 aninlo
533 2432 627 2456 taint—n
651 2434 783 2467 respectu
807 2429 841 2457 ad
869 2429 974 2458 dictam
1004 2427 1152 2457 venerabi-

413 2476 468 2504 lem
487 2475 745 2513 Congregationem
769 2481 796 2506 et
819 2480 914 2506 cetera
928 2477 990 2506 eius
1009 2480 1153 2505 monaste-

413 2523 454 2552 ria
478 2522 602 2553 habendi
627 2524 833 2555 relevationem
858 2535 872 2554 a
896 2525 1042 2563 praedicto
1067 2534 1151 2554 vene-

987 136 1169 159 BULLARIUM
1196 136 1353 160 ROMANUM

1187 183 1271 214 rabili
1295 184 1473 214 monasterio
1489 185 1672 215 Murronensi
1696 185 1724 215 in
1748 195 1833 222 casu,
1858 189 1929 224 etc.,

1186 233 1298 263 solvere
1323 240 1350 264 et
1372 233 1530 264 exbursare
1548 235 1693 274 promisit,
1714 244 1803 274 seque
1822 234 1931 273 obliga-

1188 281 1239 319 vit,
1263 286 1333 320 etc.,
1357 282 1436 312 dicto
1453 283 1688 312 eminentissimo
1704 286 1732 312 et
1748 282 1932 312 reverendis-

1187 331 1259 360 simo
1296 331 1414 361 donnino
1447 331 1587 361 cardinali
1628 331 1783 361 Francisco
1807 331 1933 361 Antonio

1188 377 1270 416 Finv,
1296 377 1436 407 moderno
1459 377 1557 407 abbati
1579 377 1840 414 connueiulatario,
1857 377 1934 407 eius-

1188 436 1243 466 que
1260 427 1289 456 in
1306 426 1385 456 dicta
1400 426 1517 456 abbatia
1533 426 1826 466 successoribus‚pro
1839 427 1935 466 seipso

1188 480 1216 505 et
1237 475 1279 505 eis
1302 476 1378 506 dicto
1394 475 1629 506 eminentissimo
1646 480 1673 505 et
1690 475 1934 505 reverendissimo

1189 524 1306 554 domiuo
1337 524 1478 553 cardinali
1513 523 1586 562 Finy
1620 527 1786 562 praesente,
1810 527 1880 561 etc.,
1904 523 1934 553 in

1190 573 1302 603 duabus
1317 572 1512 602 solutionibus
1532 571 1815 611 aequalibus,prim;⁴i
1831 581 1936 611 nempe

1190 622 1220 651 in
1240 621 1398 651 testivitate
1420 620 1448 651 S.
1467 620 1583 650 loannis
1604 620 1748 658 Baptistae
1771 629 1870 649 mense
1892 619 1937 649 iu-

1190 670 1243 707 nii,
1267 675 1296 700 et
1318 670 1409 699 altera
1434 669 1462 698 in
1487 668 1645 698 festivitate
1674 669 1704 698 S.
1721 668 1839 698 Ioannis
1867 677 1937 707 apo-

1191 719 1257 749 stoli
1281 723 1309 748 ct
1331 717 1525 756 evangelistae
1555 726 1654 747 mense
1683 716 1846 747 decembris
1872 726 1938 747 cur-

1191 767 1295 805 sentis,
1314 771 1341 797 et
1362 766 1466 796 deinde
1485 765 1642 795 cuiuslibet
1664 765 1733 795 anni
1750 764 1785 795 ab
1801 764 1886 794 hodie
1907 765 1937 794 iu

1192 821 1341 856 posterum
1355 814 1552 852 decurrentis,
1565 814 1610 843 hie
1624 814 1744 852 Romae,
1754 812 1856 851 libere,
1867 816 1937 851 etc.,

1192 866 1276 902 alias,
1304 869 1375 901 etc.,
1401 864 1437 894 de
1460 863 1580 903 quibus,
1604 866 1672 900 etc.,
1700 871 1765 892 cum
1789 862 1939 892 infrascri-

1193 916 1250 955 ptis
1273 920 1371 945 tamen
1395 913 1500 952 pactis,
1530 912 1678 951 capitulis,
1709 911 1938 950 conditionibus,

1192 962 1404 994 caducitatibus
1420 965 1449 991 et
1471 960 1535 990 aliis
1559 961 1634 990 inter
1650 960 1727 999 ipsas
1749 964 1848 999 partes
1870 959 1942 990 ami-

1192 1013 1328 1043 cabiliter
1360 1010 1512 1041 conventis
1540 1014 1568 1040 et
1598 1008 1795 1047 concordatis,
1818 1008 1940 1039 iuviola-

1193 1062 1350 1100 biliterque
1375 1058 1576 1097 observandis,
1600 1061 1629 1088 et
1651 1062 1782 1088 materno
1805 1066 1940 1088 sermone

1193 1109 1346 1149 appositiS,
1371 1108 1527 1138 videlicet:

1237 1170 1248 1185 (ι
1283 1158 1304 1187 Ε
1328 1157 1566 1196 primieramente
1589 1156 1613 1186 si
1635 1155 1788 1195 conviene,
1812 1165 1894 1186 come
1916 1155 1940 1185 si
1953 1165 2017 1185 Pacta
2029 1164 2128 1190 quaedam

1194 1209 1208 1237 e
1227 1207 1305 1237 detto
1328 1207 1357 1236 di
1379 1215 1476 1245 sopra,
1500 1206 1554 1235 che
1578 1205 1654 1235 nella
1672 1209 1806 1245 presente
1821 1214 1941 1235 conces·
1951 1193 2129 1244 ilffissiei1²ssisissm

1195 1257 1276 1286 sione
1300 1265 1356 1285 non
1381 1255 1404 1285 s'
1419 1254 1578 1284 intendano
1594 1254 1629 1283 ne
1647 1253 1730 1284 siano
1751 1253 1898 1293 compresi
1920 1254 1941 1284 li

1195 1305 1322 1335 suddetti
1347 1304 1457 1342 Luoghi
1480 1304 1509 1333 di
1532 1304 1627 1333 Monte
1643 1303 1671 1333 di
1688 1304 1777 1334 Roma
1801 1303 1940 1343 spettanti

1195 1364 1209 1382 a
1230 1354 1304 1383 detta
1331 1353 1442 1390 ahazia,
1461 1361 1504 1382 ina
1522 1352 1623 1391 quelli,
1641 1351 1669 1381 di
1688 1351 1857 1390 qualunque
1879 1360 1942 1381 ere-

1196 1402 1290 1439 zione,
1326 1401 1587 1438 denominazioue,
1620 1400 1727 1440 qualita
1762 1409 1777 1429 e
1810 1399 1942 1439 quantita

1196 1451 1289 1488 siano,
1316 1450 1427 1480 restino
1451 1459 1465 1479 e
1488 1449 1621 1479 debbano
1648 1453 1759 1479 restare
1782 1458 1796 1478 a
1820 1448 1941 1478 comodo

1196 1500 1223 1530 di
1257 1500 1335 1529 detto
1365 1499 1504 1529 moderno
1536 1498 1770 1528 eminentissimo
1797 1497 1881 1527 abate
1914 1501 1942 1528 et

1197 1549 1262 1578 altri
1295 1548 1457 1579 successori
1490 1548 1518 1577 in
1552 1548 1629 1578 detta
1661 1547 1773 1585 ahazia,
1802 1547 1942 1577 senzaehe

1196 1598 1267 1628 detti
1292 1597 1459 1628 venerabile
1482 1601 1646 1627 monastero
1669 1607 1683 1626 e
1706 1596 1859 1626 reverendi
1882 1605 1943 1626 mo-

1197 1647 1261 1677 naci
1284 1646 1442 1676 lllorronesi
1473 1655 1556 1685 sopra
1586 1656 1601 1675 e
1631 1655 1681 1685 per
1711 1654 1798 1675 causa
1826 1645 1854 1674 di
1884 1644 1943 1674 essi

1198 1705 1321 1735 possano
1338 1695 1525 1734 pretendere,
1543 1694 1720 1724 domandare
1737 1703 1753 1723 o
1769 1693 1942 1731 conseguire

1197 1754 1263 1774 cosa
1285 1744 1401 1781 alcuna,
1428 1743 1535 1782 perche
1562 1743 1633 1779 cosi,
1658 1752 1719 1772 ecc.
1750 1741 1892 1778 Secondo,
1917 1741 1942 1771 si

1197 1793 1338 1823 eonvieue
1375 1801 1424 1831 per
1458 1796 1536 1831 patto
1569 1800 1714 1831 espresso,
1749 1791 1801 1820 6116
1824 1791 1896 1820 oltre
1922 1791 1942 1820 il

1197 1842 1330 1872 suddetto
1353 1851 1450 1871 annuo
1474 1844 1614 1880 perpetuo
1637 1849 1748 1870 canone
1771 1839 1806 1870 da
1826 1840 1942 1879 pagarsi

1198 1901 1279 1922 coine
1295 1900 1392 1930 sopra,
1409 1890 1541 1921 delibatio
1558 1894 1668 1920 restare
1692 1898 1705 1919 a
1730 1889 1828 1919 earieo
1843 1898 1858 1919 e
1874 1898 1943 1929 peso

1197 1940 1225 1970 di
1258 1940 1336 1970 detto
1368 1938 1536 1969 venerabile
1565 1942 1732 1968 monastero
1755 1938 1943 1968 Morronense

1199 1993 1270 2019 tutte
1294 1989 1320 2018 le
1343 1998 1425 2027 spese
1444 1988 1489 2018 del
1514 1987 1746 2018 inanteuimento
1761 1986 1790 2016 di
1806 1986 1863 2016 due
1878 1996 1943 2025 cap-

1200 2037 1306 2076 pellani
1325 2037 1400 2066 della
1424 2036 1506 2066 solita
1529 2036 1619 2073 adoga
1649 2035 1676 2065 di
1706 2035 1802 2065 ducati
1831 2039 1905 2065 sette
1928 2044 1943 2063 e

1197 2095 1286 2124 grana
1318 2089 1447 2116 sessanta
1478 2085 1503 2114 al
1534 2085 1626 2114 banco
1653 2084 1727 2114 della
1750 2084 1892 2114 Nunziata
1914 2083 1943 2113 di

1198 2135 1311 2175 Napoli,
1336 2145 1350 2165 e
1373 2135 1448 2164 della
1473 2143 1555 2173 spesa
1580 2143 1631 2173 per
1647 2133 1673 2163 16
1692 2134 1747 2163 due
1766 2134 1836 2163 feste
1859 2132 1943 2163 solite

1199 2184 1269 2213 sarsi
1292 2185 1320 2213 in
1344 2183 1462 2213 ciascun
1486 2192 1573 2220 anno,
1591 2182 1666 2211 delle
1689 2181 1878 2221 suppellettili
1899 2190 1944 2210 sa-

1198 2242 1246 2261 cre
1270 2242 1284 2262 e
1306 2232 1351 2262 del
1377 2232 1609 2261 manteaimeuto
1641 2231 1669 2260 di
1693 2230 1845 2260 sabbriche
1867 2229 1943 2260 della

1198 2281 1294 2310 chiesa
1319 2281 1352 2310 ed
1369 2280 1435 2310 altri
1459 2280 1566 2317 edistzi,
1591 2279 1624 2309 ed
1650 2279 1718 2318 ogni
1741 2279 1812 2309 altra
1836 2278 1944 2318 qualsi-

1204 2330 1295 2368 roglia
1313 2339 1406 2369 spesa,
1426 2333 1505 2358 tauto
1519 2328 1665 2358 ordinaria
1683 2332 1792 2367 quanto
1805 2327 1944 2357 straordi-

1200 2379 1294 2414 naria,
1320 2387 1370 2417 per
1393 2378 1413 2407 il
1437 2378 1666 2407 manteuimento
1689 2385 1704 2406 e
1726 2375 1944 2414 miglioramen-

1199 2431 1228 2457 to
1250 2427 1295 2457 dei
1320 2426 1387 2456 beni
1403 2426 1431 2455 di
1448 2426 1524 2455 detta
1548 2425 1645 2463 badia,
1663 2425 1770 2464 perche
1792 2425 1863 2461 cosi,
1881 2433 1941 2454 ecc.

1197 2475 1298 2513 Terzo,
1323 2475 1347 2504 si
1373 2474 1515 2504 conviene
1539 2483 1590 2512 per
1613 2478 1690 2512 patto
1714 2482 1859 2512 espresso,
1889 2472 1942 2502 6116

1197 2524 1275 2553 detto
1294 2523 1461 2553 venerabile
1484 2526 1649 2552 monastero
1669 2531 1683 2552 6
1706 2520 1859 2551 reverendi
1881 2529 1941 2550 mo-

1931 139 1980 164 An.
2002 139 2031 164 C.
2055 139 2140 189 ¹728·
