2170 3147
9 207 56 232 Αη.
79 206 109 231 ις.
134 204 200 232 1725
785 206 980 230 REM-:merus
1008 207 1065 231 xm
1089 208 1137 231 ΓΡ,
1608 201 1670 235 199
1719 212 1756 237 An
1794 212 1821 237 c,
1844 211 1912 239 ¹725

199 259 230 286 et
254 263 357 294 casus,
382 253 414 286 in
441 253 557 297 quibus
583 252 681 287 laicos
707 253 935 296 delinquentes
956 292 958 308 ι
979 254 1114 289 valitura
1150 258 1380 292 constitutione
1414 258 1573 302 imprimis
1611 260 1716 303 provi-

199 305 626 340 ceelesiasticaimmunitate
641 316 846 350 nequaquam
861 318 936 349 gau·
956 311 958 351 {
980 309 1050 341 dam
1078 311 1245 343 memorati
1275 310 1420 354 Gregorii
1452 313 1714 355 praedecessoris

199 359 276 392 dere
301 359 400 392 voluit
425 364 457 391 et
482 359 642 398 decrevit;
671 369 706 391 ae
731 359 868 401 insuper
893 359 936 391 iu-
979 361 1243 395 constitutionem
1270 375 1342 396 cum
1361 366 1511 398 omnibus
1530 370 1561 398 et
1579 365 1714 408 singulis

198 412 284 445 dices
310 412 498 451 constituit,
527 411 598 455 qni,
625 412 656 444 in
689 411 935 444 occurrentibus
978 412 1011 445 in
1038 415 1074 445 ea
1100 415 1259 447 contentis
1282 421 1378 459 atque
1398 417 1562 460 dispositis
1589 418 1714 461 ampHs-

198 464 348 503 casibus,
386 475 426 497 an
463 464 616 497 delictum
650 469 737 497 esset
769 474 871 497 necne
903 464 935 496 in
956 475 958 516 ’ὓ
979 464 1058 497 sime
1093 466 1331 508 confirmamus,
1367 470 1586 512 approbamus
1612 475 1643 503 ct
1667 471 1715 503 in-

198 517 310 550 eadem
343 517 540 560 Gregoriana
576 516 805 550 constitutione
843 527 936 550 exce-
956 522 957 539 ³
978 528 1144 556 novamus=
1170 525 1210 559 et,
1236 526 1397 563 quatenus
1423 532 1503 564 opus
1528 523 1580 563 sit,
1608 523 1716 556 erimi-

198 575 299 612 ptum,
318 579 515 612 cognoscere
535 576 565 603 et
583 570 746 604 declarare
765 569 934 610 deberent·,
979 581 1056 603 num
1083 571 1115 604 in
1140 572 1195 605 illa
1220 580 1429 617 exceptorum
1464 575 1527 607 reis
1561 580 1592 608 et
1616 575 1717 608 delin-

199 628 388 666 certamque
422 623 549 656 demum
587 623 722 656 sormam
757 622 788 654 in
823 629 932 655 extra·
956 622 957 627 ’
980 623 1154 666 quentibus
1191 624 1427 658 immunitatem
1466 626 1715 660 ecclesiasticam

197 675 304 708 ctione
341 675 585 719 praedictorum
623 675 882 718 delinquentium
920 687 933 706 :s
980 675 1146 719 suffragari
1169 688 1373 722 nequaquam
1394 680 1512 712 debere
1542 682 1659 713 iterum
1682 692 1716 714 ac

198 729 278 762 locis
304 728 500 761 immunibus
527 728 764 762 observandam
783 728 936 761 stabilivit
980 728 1019 761 de
1060 740 1144 762 novo
1185 731 1390 764 decernimus
1429 737 1461 764 et
1496 732 1714 766 declaramus.

198 787 229 814 et
252 772 486 814 inviolabiliter
520 782 560 814 ab
594 781 745 813 omnibus
778 786 935 823 perpetuo
956 817 957 823 ἵ
980 781 1163 823 Praeterea,
1179 793 1241 815 non
1258 783 1380 826 absque
1407 785 1492 826 gravi
1513 784 1608 816 animi
1628 785 1716 818 nosri

163 873 168 875 λ
197 833 361 868 observari
388 834 563 874 mandavit,
591 834 867 877 quemadmodum
904 833 935 866 in
981 833 1095 866 dolore
1121 834 1427 876 animadvertentes,
1455 837 1496 869 ob
1522 842 1645 870 auctam
1674 843 1718 870 at-

197 887 360 931 praedicta
396 887 649 928 constitutione,
675 897 760 920 anno
786 887 935 919 incarna-
956 885 957 923 J
980 897 1041 929 que
1067 886 1099 919 in
1126 887 1192 920 dies
1218 888 1469 922 invalescentem
1488 900 1717 933 perversorum

197 939 488 973 tionisdominieae
501 950 610 980 mxci,
628 940 827 973 ixkalendas
844 938 934 980 iunii,
956 981 957 987 ἵ
980 939 1148 972 hominum
1174 940 1327 974 malitiam
1346 968 1352 981 ‚
1381 952 1476 984 saepe
1515 953 1550 974 ae
1586 943 1717 985 saepius

200 995 420 1037 promulgata,
447 993 580 1026 ulterius
606 993 799 1027 continetur.
955 1001 957 1024 3
979 993 1219 1035 nonnullaalia
1240 994 1347 1036 gravia
1366 994 1502 1027 crimina
1524 996 1716 1038 perpetrari,

31 1057 187 1088 emamu-
241 1047 256 1089 ἓ
281 1046 310 1078 2.
339 1045 495 1084 Quoniam
522 1057 597 1079 vero
634 1051 706 1089 post
731 1046 848 1079 editam
875 1046 935 1078 hu-
979 1055 1061 1087 quae
1089 1056 1150 1078 non
1178 1046 1283 1079 minus
1300 1074 1307 1088 ,
1335 1057 1428 1090 quam
1455 1047 1508 1080 illa
1534 1048 1566 1080 in
1600 1047 1718 1091 Grego-

5 1084 336 1140 {fiffis's‘sst'ffiffiiusmodi
363 1099 646 1139 constitutionem,
673 1099 713 1132 ob
747 1099 852 1132 varias
878 1099 934 1132 do-
955 1097 956 1119 ἶ
979 1097 1068 1131 riana
1095 1100 1336 1140 constitutione,
1363 1106 1395 1133 ut
1420 1101 1609 1144 praefertur,
1627 1112 1718 1135 exce-

5 1139 99 1159 ¹²¹¹⁰⁰'³'
198 1157 321 1185 ctorum
347 1163 418 1185 eam
444 1152 728 1195 interpretantium
755 1152 934 1185 sententias
955 1148 957 1159 '
979 1157 1044 1194 pta,
1064 1153 1225 1195 publicam
1251 1154 1390 1197 quietem
1417 1155 1718 1199 perturbantzpro-

198 1209 229 1237 et
253 1204 371 1237 variam
398 1204 509 1237 itidem
543 1205 704 1237 curiarum
742 1203 934 1237 ecelesiasti—
955 1207 956 1210 ’
978 1205 1076 1244 inde,
1105 1205 1143 1238 ad
1170 1206 1430 1250 delinquentium
1467 1207 1655 1250 audaciam,
1682 1219 1718 1242 ac

197 1269 304 1291 carum
321 1258 353 1290 in
373 1258 458 1291 illius
478 1258 670 1291 executione
696 1259 832 1301 praxim,
858 1258 935 1290 mul·
979 1258 1138 1292 eiusmodi
1159 1259 1351 1293 delictorum
1370 1261 1595 1304 ¹frequentiam,
1616 1273 1717 1305 quan-

199 1311 324 1356 tiplices
350 1312 578 1344 contentiones
604 1322 701 1356 super
733 1322 806 1344 vero
833 1317 934 1343 recto·
955 1313 956 1316 ’
980 1318 1045 1346 tum
1070 1312 1138 1345 fieri
1165 1313 1292 1355 poterit,
1311 1314 1535 1355 coercendam,
1553 1325 1613 1358 pro
1640 1326 1716 1358 apo-

197 1375 259 1409 que
284 1365 354 1398 eius
391 1375 489 1397 sensu
526 1365 610 1397 inter
647 1364 865 1397 ecclesiastica
903 1369 935 1397 et
955 1399 957 1411 ,1
978 1365 1083 1398 stoliei
1111 1367 1252 1398 muneris
1279 1366 1379 1399 nostri
1407 1366 1518 1400 debito
1549 1378 1608 1407 ea,
1635 1378 1716 1411 quae

199 1417 378 1452 saecularia
420 1417 594 1451 tribunalia
620 1422 749 1450 exortae
787 1417 932 1458 snerunt;
979 1418 1114 1451 int'erius
1154 1419 1409 1463 explicabuntur,
1436 1420 1607 1453 statuenda
1643 1431 1717 1454 cen-

197 1471 406 1514 quamplures
433 1471 565 1503 Romani
586 1470 768 1510 Pontifices,
795 1481 829 1503 ae
846 1481 934 1514 prae·
978 1471 1113 1505 suimus.

197 1524 307 1558 sertim
335 1523 406 1567 piae
429 1524 607 1557 memoriae
633 1524 781 1557 Clemens
802 1523 850 1563 lx,
868 1523 935 1557 Cle·
955 1535 956 1539 ’
1022 1525 1036 1567 ἓ
1060 1525 1092 1558 4.
1120 1524 1194 1558 Cum
1212 1525 1317 1569 itaque
1335 1525 1503 1569 praedicta
1520 1525 1716 1569 Gregoriana
1793 1540 1910 1559 nivern-0

197 1587 288 1610 mens
313 1578 338 1610 X
365 1583 395 1610 et
420 1577 568 1610 Clemens
592 1577 640 1618 XI,
664 1577 934 1621 praedecessores
955 1572 956 1619 i
977 1578 1208 1611 constitutione
1235 1585 1360 1612 cautum
1387 1579 1428 1612 sit
1453 1585 1486 1612 ut
1512 1580 1650 1623 publicis
1675 1568 1909 1614 la-ssi12⁴.1¹‘i1¹1¹,'‘'¹¹⁶‘¹⁰

198 1630 350 1664 similiter
374 1631 489 1670 nostri,
516 1631 554 1664 de
581 1631 733 1673 praefatis
756 1631 934 1664 contentio·
955 1640 956 1643 ’
979 1631 1136 1670 tronibus,
1162 1631 1352 1675 viarumque
1378 1633 1625 1675 grassatoribus,
1660 1635 1714 1678 qui

199 1684 292 1717 nibus
319 1683 459 1716 dilucida
484 1695 614 1717 casuum
646 1689 856 1727 exceptorum
882 1694 935 1716 ex·-
978 1684 1093 1717 itinera
1119 1685 1324 1728 frequentata
1349 1687 1397 1718 vel
1429 1686 1576 1729 publicas
1604 1693 1717 1720 stratas

197 1737 372 1781 plicatione
405 1737 635 1770 submovendis
665 1748 730 1770 non
756 1737 868 1777 semel,
893 1736 935 1768 si-
955 1761 957 1765 y
978 1738 1140 1779 obsident,
1167 1745 1219 1771 aut
1246 1739 1381 1772 viatores
1401 1750 1435 1771 ex
1456 1739 1580 1773 insidiis
1608 1751 1718 1783 aggre-

198 1796 251 1823 cnt
271 1790 468 1833 accepimus,
489 1791 722 1831 deliberarunt,
740 1790 935 1823 faciliorem·
955 1797 957 1808 ¹
980 1790 1119 1832 «liuntur,
1142 1791 1325 1825 immunitas
1348 1792 1564 1825 ecelesiastica
1584 1793 1716 1827 minime

198 1854 260 1887 que
286 1843 419 1886 iusuper
445 1854 499 1877 cos
520 1844 677 1887 probandi
698 1850 728 1877 et
750 1844 933 1877 declarandi
979 1843 1189 1887 suffragetur,
1218 1855 1281 1877 non
1310 1844 1386 1877 levis
1412 1850 1517 1878 autem
1552 1845 1638 1879 inter
1662 1847 1719 1880 do·

198 1897 402 1937 methodum,
428 1902 459 1929 ut
487 1897 634 1930 ciusdem
660 1897 807 1940 Gregorii
841 1908 934 1941 prae·
979 1903 1083 1931 ctores
1099 1898 1281 1931 emerserit'
1298 1899 1527 1940 controversia,
1544 1910 1582 1932 an
1599 1900 1715 1943 qnisev

198 1950 379 1984 decessoris
406 1961 498 1983 mens
524 1951 654 1994 plenius
681 1951 862 1984 executioni
881 1951 935 1984 de·
979 1951 1074 1984 unieo
1101 1958 1171 1984 actu
1197 1952 1346 1996 publicus
1381 1953 1464 1985 latro
1499 1959 1531 1986 et
1555 1959 1719 1996 grassator

197 2003 414 2044 mandaretur,
445 2004 542 2037 curiis
580 2004 808 2038 ecclesiasticis
841 2015 936 2048 prae·
980 2005 1040 2038 diei
1067 2005 1180 2049 possit,
1201 2007 1249 2039 vel
1268 2008 1377 2049 plures
1395 2006 1432 2039 ad
1451 2006 1482 2039 id
1502 2011 1592 2040 aetus
1610 2007 1719 2050 requi-

197 2057 337 2090 scribere
362 2055 567 2099 cogitabant3
594 2058 649 2091 sed
668 2057 705 2091 ab
726 2057 796 2091 aliis
823 2058 936 2091 distra-
956 2093 958 2105 ᾖ
980 2064 1105 2091 rantur:
1132 2069 1200 2100 nos,
1221 2059 1380 2092 eiusmodi
1406 2060 1656 2093 controversiam
1675 2061 1717 2094 di·

198 2109 238 2142 eti
265 2111 362 2150 curis,
386 2120 422 2143 ae
455 2110 585 2144 interim
612 2116 714 2145 morte
752 2111 932 2155 praeventi,
956 2108 958 2128 ³
981 2110 1098 2144 rimcre
1114 2111 1332 2152 intendentes,
1350 2112 1475 2145 unicam
1496 2118 1614 2145 tantum
1633 2123 1718 2156 gras-

199 2162 360 2196 destinata
384 2163 540 2206 perficere
567 2165 794 2208 nequiverunt.
957 2164 1140 2198 sationem
1179 2164 1209 2197 in
1250 2165 1299 2198 via
1334 2165 1462 2209 publica
1500 2171 1554 2198 ant
1589 2166 1716 2200 vicinali

22 2222 187 2269 „ess'gss‘mffiss
243 2216 258 2259 ξ
282 2215 313 2249 3.
335 2216 415 2249 Hine
434 2216 594 2259 igiturest
614 2218 699 2260 quod
719 2229 785 2258 nos,
804 2219 935 2251 omnino
981 2217 1150 2250 admissam
1179 2218 1323 2251 siuntessm
1351 2218 1388 2251 ad
1415 2219 1478 2251 hoe
1504 2224 1539 2250 ut
1564 2219 1635 2262 quis
1662 2231 1717 2263 pn-

6 2253 354 2321 itqguivif‘fflexexpedire
392 2270 588 2303 arbitrantes
622 2277 652 2302 ut
679 2271 836 2303 eiusmodi
864 2281 937 2304 con-
981 2270 1085 2303 blieus
1121 2272 1203 2303 latro
1237 2277 1266 2304 et
1304 2277 1469 2314 grassator
1506 2271 1567 2304 dici
1601 2272 1714 2313 valeat,

7 2307 62 2321 Md
78 2308 171 2328 ‘’mm''
201 2321 364 2354 troversiis
385 2321 456 2355 [inis
477 2323 649 2366 aliquando
669 2324 866 2367 imponatur,
885 2334 937 2357 eo·
982 2323 1155 2356 dmmnodo
1206 2329 1312 2356 tamen
1353 2324 1490 2366 grassati
1535 2335 1621 2357 mors
1662 2331 1717 2358 aut

200 2374 412 2418 rumdcmque
442 2376 732 2418 praedecessorum
759 2377 812 2420 pio
842 2381 937 2419 atque
982 2376 1200 2409 membrorum
1228 2376 1386 2410 mutilatio
1412 2382 1519 2410 secuta
1546 2377 1654 2418 suerit,
1675 2384 1716 2411 te-

199 2427 319 2460 salubri
338 2428 508 2471 proposito
527 2429 746 2469 inhaerentes,
762 2434 846 2462 motu
862 2439 938 2472 pro·
958 2445 961 2469 t
982 2440 1057 2462 nore
1084 2430 1302 2472 praesentium
1325 2430 1495 2463 desinimus
1521 2436 1551 2464 et
1578 2432 1716 2465 declara-

199 2480 281 2522 prio,
307 2491 343 2513 ex
371 2484 457 2514 certa
493 2482 625 2514 seientia
653 2488 683 2514 et
709 2484 833 2514 matura
859 2481 938 2515 deti·
958 2470 961 2520 i
982 2492 1061 2514 nius.
1100 2482 1232 2524 lnsuper
1262 2483 1301 2514 ab
1336 2484 1576 2516 ecclesiasticae
1602 2484 1715 2516 immn-

199 2532 366 2566 beratione
393 2534 522 2574 nostris,
545 2534 647 2577 deque
667 2534 864 2577 apostolieae
884 2545 939 2577 po-
959 2529 961 2581 ξ
983 2534 1088 2566 nitatis
1115 2535 1273 2567 beneficio
1301 2536 1500 2569 excludimus
1538 2543 1631 2580 atque
1668 2547 1716 2569 re-

199 2586 321 2620 testatis
337 2585 552 2631 plenitudine,
573 2587 632 2619 hae
650 2588 756 2620 nostra
779 2592 936 2631 perpetuo
1020 2597 1026 2622 ¹
1053 2595 1121 2623 Edit.
1138 2595 1216 2624 Main.
1234 2596 1297 2632 legit
1313 2598 1427 2626 emersit
1440 2598 1479 2633 (R.
1497 2598 1545 2630 T.).
