2170 3147
202 200 254 225 An.
275 197 391 225 01725
437 188 501 221 4ss03

253 260 332 279 Deinde
358 259 383 278 ab

202 287 279 306 eisdem
317 286 385 305 [ratii-

439 245 531 282 Quod
561 244 691 287 quidem
719 244 887 276 decretum
906 244 973 287 ipse
992 245 1138 278 Clemens
1160 248 1161 280 I

989 196 1169 221 BULLARHJM
1194 195 1345 222 ROMANUM

1181 246 1350 279 admittere
1386 247 1509 286 noluit,
1547 247 1604 280 sed
1642 251 1748 280 votum
1784 247 1924 291 proximi

201 313 238 332 »ωε
250 313 320 332 saue
333 313 346 330 1:
349 319 383 331 .....
397 297 629 339 praedecessor
655 307 712 339 per
738 307 810 328 suas
843 297 872 328 iu
915 297 1010 330 simili
1039 298 1139 330 forma
1160 283 1162 310 ’
1182 299 1315 341 capituli
1335 300 1498 342 generalis
1525 301 1669 344 desuper
1694 301 1818 345 exquiri
1836 312 1926 334 man-

200 341 317 363 preputium
337 344 384 363 par-

200 366 284 385 emur»
314 350 504 384 »affatui-ovis
543 350 593 382 die
631 359 686 381 xxv
723 350 796 382 maii
834 360 940 383 unccx
972 350 1280 394 expeditas[davit.
1316 353 1462 397 Cumque
1502 354 1655 395 interim,
1690 355 1749 387 sub
1789 355 1926 388 obtentu

200 394 314 411 instantiae
338 396 383 416 pre·

201 421 269 438 nit-tae
312 417 383 440 suere,

201 451 255 470 quae
271 445 297 463 al·
309 444 383 463 vad-zui

200 473 292 491 reiectae
322 473 368 490 suut
379 487 383 493 ,

201 500 221 517 et
230 497 350 517 mandatum
363 499 381 516 ut

201 526 270 543 vntum
296 530 383 549 preximi

201 551 288 575 capituli
299 557 383 575 genera<

200 577 383 603 §semim-enuit.

396 403 518 435 litteras
545 401 748 445 approbavit.
1160 397 1162 413 ³

440 456 453 499 g
536 455 680 488 Subinde
698 466 772 488 vero
793 467 901 489 coram
924 457 1038 490 eadem
1058 457 1138 490 Con·
1160 445 1162 489 ξ

395 509 584 552 gregatione
600 508 787 552 particulari
803 509 1016 543 cardinalium
1031 512 1138 544 variae

397 562 565 594 instantiae
580 573 640 605 pro
654 568 745 606 parte
760 568 1012 606 procuratorum
1035 564 1139 597 dictae

395 617 664 659 Congregationis
684 617 827 659 fratrum,
845 619 897 661 qui
919 625 993 651 tunc
1011 619 1041 651 in
1057 620 1140 652 alma
1162 616 1163 663 ξ

398 670 481 702 Ι”ι·1)ο
502 670 676 712 degebant,
694 676 863 713 promotae
884 672 1030 704 suerunt:
1050 683 1140 705 nem·
1161 668 1163 704 ἔ

399 734 455 766 pe,
484 724 559 766 quia
593 723 879 757 constitutionibus
908 725 1064 767 praefatis
1091 708 1163 766 etv—i

397 787 510 819 presse
529 777 704 809 cavebatur
730 777 895 810 neminem
921 778 950 810 in
975 778 1138 812 eiusmodi
1162 770 1163 800 i

396 831 678 874 Congregassone,
699 831 752 874 qui
779 831 811 863 in
838 831 949 875 aliquo
977 843 1012 865 ex
1040 833 1140 865 sacris
1162 826 1164 832 ¹

397 884 567 916 ordinibus
590 884 782 917 constitutus
801 884 896 924 soret,
916 884 1052 926 admitti,
1072 887 1141 919 nul·
1162 882 1164 898 ¹

398 940 528 981 lumque
546 938 674 970 fratrem
691 949 727 970 ex
743 937 906 978 admissis,
921 939 970 971 vel
987 938 1142 983 deinceps

398 990 629 1031 admittendis,
656 992 694 1024 ad
721 991 795 1024 illos
821 992 1007 1035 promoveri
1029 1003 1139 1036 posse,

398 1045 482 1088 quod
503 1045 700 1077 tribueretur
727 1045 859 1077 facultas
887 1045 1070 1079 sacerdotes
1089 1047 1141 1079 ad·
1163 1055 1164 1060 ¹

398 1098 557 1138 mittendi,
572 1099 621 1130 vel
639 1098 751 1130 fratres
767 1098 804 1130 ad
820 1098 949 1131 eosdem
969 1109 1078 1132 sacros
1096 1110 1142 1132 or·
1163 1102 1165 1107 “

398 1153 491 1185 dines
505 1152 729 1196 promovenda
744 1153 896 1195 quodque
915 1153 1140 1196 superioribus

397 1217 432 1238 ac
450 1206 579 1249 ipsimet
596 1206 760 1248 praesecto
777 1205 924 1248 generali
941 1205 1046 1239 dictae
1062 1206 1142 1239 Con-

397 1259 594 1302 gregatiOnis
612 1258 882 1300 interdiceretur,
902 1269 942 1292 ne
962 1259 1016 1302 qui
1035 1260 1141 1293 eidem

397 1313 649 1356 Congregationi
675 1312 916 1353 inserviissent‚
937 1323 995 1346 seu
1017 1313 1141 1355 donati,

396 1373 429 1399 ut
443 1367 539 1410 vulgo
555 1367 730 1410 appellant,
747 1366 894 1407 fuissent,
911 1367 941 1399 in
960 1367 1012 1400 illa
1031 1367 1143 1400 admit-

399 1426 521 1453 terent:
541 1425 572 1452 et
591 1420 730 1463 insuper,
743 1430 812 1452 eum
831 1419 862 1452 in
881 1420 1003 1453 eisdem
1023 1421 1143 1453 consti-

398 1474 577 1506 tutionibus
606 1473 850 1517 disponeretur,
871 1474 1141 1508 convocationem

397 1529 553 1561 vocalium
580 1528 621 1560 ad
648 1527 842 1561 electionem
870 1527 965 1560 futuri
985 1528 1140 1571 praesceti

398 1582 563 1624 generalis
582 1583 620 1615 ad
641 1581 792 1614 vicarium
813 1583 999 1625 generalem
1017 1585 1141 1626 specta-

397 1646 441 1675 re,
461 1641 491 1668 et
509 1636 696 1678 contingere
716 1640 826 1678 posset
845 1635 967 1667 dictum
985 1635 1140 1668 vicarium

397 1690 582 1732 generalem
603 1689 651 1722 vel
671 1688 839 1728 decedere,
856 1690 903 1722 vel
922 1689 1067 1732 legitimo
1087 1690 1142 1722 iin-

396 1743 600 1786 pedimento,
623 1742 794 1785 quominus
819 1743 857 1775 ad
884 1743 1043 1776 eiusmodi
1066 1755 1141 1777 con-

396 1798 598 1830 vocationem
621 1797 798 1840 procedere
821 1797 952 1837 valeret,
981 1798 1139 1838 detineri,

397 1850 532 1893 petitum
571 1851 676 1883 suerat
713 1850 844 1883 decerni
879 1851 967 1893 quod
1003 1856 1078 1884 tunc
1112 1857 1139 1884 et

397 1915 435 1936 vo
462 1914 537 1936 casu
563 1904 744 1947 pertineret
765 1904 802 1936 ad
831 1904 1037 1937 assistentem
1063 1904 1142 1937 anti-

397 1957 542 1999 quiorem
569 1957 746 2000 capitulum
773 1959 928 2000 generale
962 1968 1140 1991 convocare

397 2016 427 2042 et
453 2011 496 2043 illi
519 2010 727 2054 praesidere:
746 2021 782 2043 ac
804 2011 947 2051 demum,
969 2012 1140 2045 eveniente

395 2064 483 2096 obitu
506 2064 830 2107 vice-praesectorum
851 2064 1050 2107 generalium
1069 2075 1141 2108 pro-

395 2117 571 2150 vinciarum
598 2118 750 2150 Lirnauae
784 2122 836 2149 aut
861 2117 1057 2158 Mexicanae‚
1085 2128 1140 2150 scu

397 2171 549 2215 liraeseeti
577 2172 806 2214 cuiuscumque
829 2171 1028 2215 provinciae,
1048 2182 1139 2215 prae-

397 2226 495 2257 fectus
523 2225 651 2258 noviter
675 2226 798 2257 electus
824 2235 939 2257 munus
964 2224 1141 2268 vice—prae-

397 2279 470 2310 sceti
505 2278 667 2320 generalis
704 2279 742 2311 ad
782 2279 919 2312 formam
950 2280 1139 2312 earumdem

395 2332 680 2372 constitutionum,
702 2332 827 2365 etiamsi
855 2331 1137 2366 confirmationem

396 2395 470 2418 suae
509 2385 678 2417 electionis
717 2396 733 2418 a
765 2391 947 2419 memorato
973 2386 1139 2429 praesecto

396 2438 539 2481 generali
567 2439 712 2471 nondum
739 2439 957 2481 obtinuisset,
984 2451 1139 2474 exercere
1161 2447 1163 2451 ’

396 2498 518 2535 posset.
540 2492 654 2524 Verum
674 2493 817 2535 praefata
831 2493 1049 2536 Congregatio
1068 2505 1141 2537 par-

397 2544 540 2577 ticularis
565 2545 779 2577 cardinalium
803 2546 989 2580 huiusmodi
1016 2547 1139 2580 instan-

478 455 497 477 Φ

481 480 509 488 ...ι

395 2597 453 2631 tias
473 2609 509 2631 ac
527 2597 704 2642 petitiones
723 2598 774 2631 dic
793 2609 862 2632 xxxi
879 2599 1016 2632 ianuarii
1031 2609 1139 2634 MDCCX

1160 407 1268 448 {quod
1294 406 1431 439 dilectus
1464 406 1548 440 tilius
1582 407 1679 440 frater
1704 408 1883 441 Rodericus
1910 419 1926 441 a

1182 458 1284 491 Cruce
1301 465 1378 493 tunc
1396 466 1537 493 assertus
1555 461 1737 504 praefectus
1763 462 1925 503 generalis

1160 494 1163 554 ⁴3
1183 512 1286 545 dictae
1302 512 1571 556 Congregationis
1591 514 1723 547 fratrum
1741 524 1804 547 non
1824 515 1927 549 suerat

1161 595 1163 614 ,ἵ
1184 566 1310 599 auditus
1348 567 1378 599 in
1414 567 1640 611 propositione
1667 567 1779 600 habita
1804 567 1856 601 die
1881 579 1926 602 xu

1184 620 1296 662 aprilis
1317 630 1437 654 noccix
1463 631 1572 653 coram
1599 620 1711 653 eadem
1737 619 1924 664 Congrege-

1184 673 1271 706 tione
1309 673 1495 716 particulari
1531 673 1765 713 cardinalium,
1803 673 1928 707 carissi-

1184 737 1254 758 mus
1282 727 1313 759 in
1339 726 1466 760 Christo
1499 727 1585 760 filius
1621 732 1732 760 noster
1756 727 1928 772 Philippus

1185 779 1415 822 Hispaniarum
1435 790 1488 813 ret<
1509 780 1700 819 catholicus,
1721 781 1858 814 retentis
1876 791 1928 813 su-

1162 838 1164 848 *
1184 832 1340 875 predictis
1360 832 1535 866 Clementis
1557 834 1822 877 praedecessoris
1848 834 1929 868 litte-

1185 885 1237 925 ris,
1258 892 1366 929 partes
1389 887 1426 919 ad
1449 887 1599 920 eumdem
1618 887 1816 921 Clementem
1836 899 1929 932 prae-

1186 939 1406 980 decessorem,
1426 946 1462 972 ut
1486 942 1526 973 ab
1553 952 1591 974 eo
1618 942 1817 975 voluntatem
1839 953 1928 976 suam

1163 1003 1284 1036 ‚super
1320 994 1510 1037 praemissis
1548 995 1668 1028 certius
1696 996 1927 1038 explorarent,

1186 1047 1383 1086 remisisset,
1418 1054 1637 1092 porrectoque
1674 1049 1736 1092 ipsi
1774 1049 1929 1084 Clementi

1185 1101 1435 1143 praedecessori
1471 1113 1529 1145 pro
1567 1108 1660 1145 parte
1695 1103 1805 1136 dilecti
1833 1103 1930 1136 etiam

1185 1152 1242 1186 filii
1270 1154 1376 1187 fratris
1402 1154 1569 1189 Michaelis
1595 1166 1612 1188 a
1632 1155 1858 1199 Conceptione
1881 1157 1930 1189 di-

1186 1207 1227 1239 cti
1248 1207 1354 1240 fratris
1373 1208 1524 1241 lloderici
1548 1210 1768 1252 procuratoris
1790 1210 1928 1254 supplici

1185 1260 1300 1293 libello
1317 1287 1324 1300 ,
1349 1266 1380 1293 et
1406 1261 1524 1294 iterum
1550 1262 1723 1295 commissa
1747 1262 1794 1296 rei
1821 1263 1932 1306 cogni-

1186 1313 1275 1347 tione
1311 1314 1418 1347 eidem
1451 1315 1704 1358 Congregationi
1738 1317 1930 1359 particulari

1186 1367 1423 1407 cardinalium,
1461 1368 1511 1401 die
1545 1379 1563 1401 v
1597 1368 1753 1401 februarii
1790 1379 1931 1403 MDccxw

1186 1421 1347 1453 emanavit
1367 1421 1406 1453 ab
1426 1423 1463 1454 ea
1481 1422 1648 1454 decretum
1662 1432 1723 1466 per
1737 1422 1817 1455 alias
1831 1423 1931 1466 ipsius

1185 1473 1362 1507 Clementis
1387 1475 1652 1518 praedecessoris
1679 1475 1710 1508 in
1732 1475 1802 1519 pari
1831 1476 1931 1510 forma

1186 1527 1296 1561 Brevis
1323 1528 1374 1561 die
1401 1539 1464 1562 xxu
1487 1529 1673 1562 decembris
1699 1530 1931 1574 subsequentis

1186 1582 1350 1614 consectas
1387 1581 1510 1615 litteras
1544 1582 1658 1615 itidem
1685 1582 1931 1626 confirmatum,

1163 1651 1164 1680 ξ
1186 1646 1262 1678 quo,
1281 1635 1490 1679 persistendo
1511 1636 1543 1668 in
1563 1636 1682 1669 decisis
1705 1638 1813 1680 quoad
1835 1649 1930 1672 revo-

1186 1689 1347 1722 cationem
1374 1690 1584 1723 decretorum
1606 1690 1638 1723 in
1665 1691 1808 1734 capitulo
1834 1703 1931 1736 gene-

1186 1741 1246 1775 rali
1273 1753 1359 1776 anno
1385 1753 1515 1784 IuDCCIv,
1543 1749 1577 1776 ut
1601 1744 1803 1787 praefertur,
1826 1745 1930 1779 edito-

1186 1806 1277 1837 rum,
1304 1802 1335 1829 et
1369 1797 1638 1830 convocationem
1679 1797 1755 1831 dicti
1796 1799 1930 1842 capituli

1186 1850 1363 1893 generalis,
1390 1851 1554 1883 mandavit
1571 1862 1630 1895 per
1654 1857 1728 1884 vota
1753 1857 1881 1886 secreta
1898 1853 1930 1886 in

1187 1903 1302 1936 eodem
1333 1904 1485 1947 proximo
1519 1904 1662 1948 capitulo
1699 1905 1844 1948 generali
1871 1917 1928 1939 ex-

1186 1956 1278 1999 quiri,
1295 1967 1371 1989 num
1388 1957 1543 2000 expedire
1559 1957 1661 1991 dictae
1676 1957 1931 2001 Congregationi

1162 2026 1164 2043 ι
1187 2010 1321 2043 fratrum
1347 2011 1489 2044 officium
1521 2011 1676 2054 praefecti
1711 2012 1873 2055 generalis
1898 2012 1930 2045 in

1185 2069 1355 2108 posterum
1375 2065 1443 2098 sore
1463 2065 1502 2098 ad
1522 2065 1724 2106 sexennium,
1747 2076 1804 2098 seu
1823 2065 1931 2109 potius

1185 2118 1400 2159 novennium,
1427 2120 1560 2152 exclusa
1581 2118 1714 2152 omnino
1747 2118 1833 2152 illius
1857 2129 1931 2164 per-

1185 2172 1357 2215 petuitate.

1229 2225 1243 2268 §5
1274 2225 1305 2259 3.
1334 2224 1549 2264 Quamobrem
1593 2226 1734 2270 capitulo
1776 2227 1926 2270 generali

1186 2278 1372 2312 huiusmodi
1395 2289 1481 2312 anno
1506 2288 1646 2313 MDccxx1
1672 2280 1704 2312 in
1731 2279 1860 2313 civitate
1880 2280 1925 2313 Li-

1185 2334 1277 2364 mana
1304 2332 1484 2374 velehrato,
1503 2333 1618 2377 illique
1644 2333 1851 2377 praesidente
1871 2343 1925 2367 ve-

1184 2386 1320 2419 nerabili
1362 2387 1459 2420 Fratre
1491 2387 1742 2431 archiepiscopo
1767 2387 1923 2429 Limano,

1185 2445 1259 2482 post
1285 2446 1447 2483 peractam
1474 2441 1667 2474 electionem
1698 2441 1773 2474 dicti
1801 2441 1928 2484 praese-

1184 2492 1223 2524 cti
1251 2494 1427 2534 generalis,
1450 2493 1593 2527 discussa
1612 2494 1699 2526 ineo
1724 2504 1761 2526 ac
1787 2494 1928 2527 resoluta

1185 2545 1314 2578 suerunt
1334 2551 1482 2579 enarrata
1501 2552 1619 2590 puncta
1639 2547 1768 2579 inhunc
1786 2547 1926 2587 modum,

1183 2598 1353 2632 videlicet:

1937 199 1983 225 An.
2006 200 2034 227 C.
2053 201 2119 232 1755

1976 2234 2124 2256 Resotnuones

1939 2262 2044 2288 praedicti
2089 2267 2125 2282 ca-

1938 2288 1999 2314 pituli
2020 2289 2124 2314 generati·

1938 2321 2025 2336 uocem
2042 2316 2068 2335 ad
2088 2320 2124 2335 cu-

1939 2341 1970 2362 ius
2003 2343 2072 2362 votum
2101 2347 2123 2362 o·

1937 2368 1996 2388 mnia
2036 2367 2123 2389 remissa

1939 2394 2028 2415 snei-ani.
