2170 3147
223 248 277 274 An.
296 247 325 275 c.
345 247 412 274 ¹727
460 236 524 271 580

233 1578 352 1599 Nonnullae
362 1579 416 1610 alia-e

233 1606 328 1626 ⁰¹⁰⁵d‘m
364 1610 619 1662 PL{isssspetitionem
639 1624 669 1651 et
694 1618 805 1651 cnixas
830 1629 945 1660 preces
970 1618 1064 1650 nobis
1083 1618 1173 1650 exhi-

232 1658 290 1705 rar
307 1662 417 1711 ..serat

234 1633 301 1652 tiones
311 1633 336 1652 ad
345 1633 380 1653 hui

234 1712 289 1733 dam.

420 301 455 327 ut.
480 295 527 327 sui
552 295 648 328 liberi
674 299 705 327 et
725 294 809 327 cives
827 294 859 326 in
878 293 994 326 divinis
1019 292 1115 326 rebus
1134 298 1166 325 et

420 347 563 380 moribus
601 346 786 379 christianis
817 345 1018 389 reipublicae
1049 355 1166 388 geren-

421 401 480 433 dae
493 400 630 432 maxime
649 399 842 432 necessariis
860 410 919 442 per
937 399 1079 442 optimos
1099 408 1166 430 ma-

421 453 539 495 gistros
553 453 790 491 imbuerentur3
807 457 1058 495 proptereaque,
1074 462 1167 494 prae-

412 512 471 546 -ter
495 505 726 548 grammaticae
751 506 838 545 artis,
860 505 1090 537 humaniorum
1116 505 1167 538 lit-

421 565 576 598 terarum,
591 564 622 592 et
639 559 847 602 eloquentiae
872 564 1115 602 praeceptores,
1133 568 1166 590 se
1188 571 1189 579 ι

422 613 532 646 multis
562 612 602 645 ab
634 611 708 644 hinc
737 612 830 644 annis
866 612 1032 655 publicum
1070 611 1189 644 etiam'

422 665 656 708 philosophiae
682 665 901 708 professorem
928 664 994 696 suis
1012 663 1168 706 impensis

423 718 626 756 instituisse3
650 729 722 750 cum
743 723 849 750 autem
874 717 963 750 idem
989 718 1166 749 honestum

425 884 657 921 congregatum
685 878 761 916 fuit,
789 877 973 910 decrevisse
998 877 1165 920 professo-

425 984 507 1017 alios
532 983 729 1022 instituere,
756 993 855 1014 unum
881 983 1007 1014 scilicet
1040 980 1093 1024 qui
1123 991 1169 1012 sa-

426 1048 514 1069 cram
530 1037 730 1078 theologiam
747 1036 966 1078 praelegeret,
982 1035 1168 1068 aliumvero

426 1090 481 1132 qui
508 1090 556 1121 ius
583 1088 784 1132 pontificium
806 1094 837 1121 et
859 1088 950 1120 civile
972 1087 1093 1130 pariter
1107 1093 1169 1119 tra·
1191 1106 1192 1117 t

427 1144 539 1181 deret,
567 1148 739 1184 utrumque
777 1141 964 1182 eligendum
991 1141 1030 1172 ab
1057 1141 1169 1172 eodem

426 1195 565 1228 consilio
584 1195 730 1237 generali
756 1194 890 1226 civitatis
917 1193 1167 1230 Camerinensis,

427 1259 498 1281 cum
525 1247 768 1280 conditionibus
798 1253 830 1279 et
855 1257 961 1279 annuo
993 1245 1171 1278 honorario

427 1311 485 1334 suo
511 1306 659 1344 tempore
685 1300 901 1340 stabiliendis,
919 1306 968 1339 ut,
987 1299 1037 1331 liis
1064 1299 1172 1341 dispo·
1194 1302 1195 1343 f
1217 1310 1298 1342 opus
1326 1300 1365 1331 de
1392 1310 1450 1331 suo
1477 1300 1617 1331 instituit
1647 1300 1751 1333 bonae
1783 1301 1961 1334 memoriae

842 1353 1038 1385 universitas
1076 1352 1171 1384 studii
1194 1353 1195 1395 ζ
1217 1353 1402 1385 Bcrnardus
1419 1353 1626 1385 Bonioaunes
1644 1353 1885 1386 Camerinensis
1900 1353 1963 1396 epi-

1195 1437 1196 1441 ,
1217 1416 1335 1448 scopus
1361 1405 1466 1438 eidem
1491 1405 1612 1438 civitati
1639 1411 1801 1449 perpetuo
1826 1407 1963 1447 largitus

428 1354 498 1386 sitis
531 1359 561 1387 et
597 1354 816 1393 introductis,

428 1407 593 1449 generalis
614 1418 684 1440 cum
703 1407 918 1450 infrascriptis
943 1405 1123 1449 privilegiis
1143 1410 1173 1438 et

427 1460 564 1492 indultis
589 1460 779 1492 auctoritate
798 1461 910 1491 nostra
936 1460 968 1491 in
994 1458 1107 1491 eadem
1132 1458 1174 1490 ci-

426 1512 524 1545 vitate
549 1513 743 1554 erigeretur.

472 1567 487 1609 g
512 1566 543 1598 ΞΣ.
564 1566 696 1598 Interim
715 1566 828 1598 eadem
851 1565 1065 1598 communitas
1083 1575 1173 1596 suam

429 1673 510 1706 bens
524 1673 649 1715 rogavit
670 1678 704 1705 ut
724 1683 760 1705 ex
774 1672 977 1713 benignitate
995 1671 1175 1714 apostolica

429 1727 613 1759 concedere
633 1726 851 1768 dignaremur,
866 1730 1027 1768 quatenus
1049 1725 1087 1756 ad
1108 1735 1174 1756 rem

431 1786 494 1813 tam
512 1779 712 1812 laudabilem
724 1778 959 1822 perficiendam
976 1777 1021 1809 uti
1040 1783 1175 1820 possent

431 1833 530 1865 scutis
549 1838 678 1865 eentum
697 1838 729 1864 et
756 1831 868 1874 viginti
888 1831 1005 1863 annuis
1022 1837 1173 1863 monetae
1196 1843 1198 1851 =

431 1896 598 1924 romanae,
615 1895 698 1928 quae
721 1895 739 1917 a
755 1884 889 1917 Camera
907 1886 1018 1916 nostra
1037 1884 1176 1926 Aposto-

432 1938 492 1970 lica
518 1948 644 1980 proque
675 1938 730 1970 illa
757 1948 773 1969 a
800 1936 1006 1969 thesaurario
1039 1936 1198 1969 civitatis*

432 1991 672 2023 CamerInensis
705 1991 881 2034 quotannis
914 1991 1085 2023 solvuntur
1117 2000 1176 2032 pro

433 2045 549 2078 salario
575 2044 737 2088 capitanei
770 2055 826 2076 seu
857 2044 971 2077 iudicis
998 2043 1098 2076 exteri
1125 2053 1178 2085 ap-

432 2098 645 2140 pellationum
666 2099 705 2130 ab
724 2098 840 2130 eodem
867 2096 1006 2129 consilio
1033 2096 1177 2138 generali

435 2152 609 2193 eligendo,
636 2162 774 2194 quorum
801 2156 963 2183 scutorum
990 2156 1120 2182 centum
1149 2154 1179 2181 et

434 2206 546 2247 viginti
573 2205 680 2248 portio
698 2216 764 2237 una
789 2204 946 2247 applicari
972 2204 1078 2246 possit
1103 2204 1180 2235 sala-

435 2259 483 2290 rio
504 2258 656 2291 ροιιιιιιάι
662 2269 691 2290 ιιι
716 2258 935 2301 professorum
955 2268 1067 2289 sacrae
1087 2257 1202 2289 theo-

1190 976 1192 1014 ⁵,
1213 981 1262 1013 nis
1295 981 1357 1013 sibi

1001 244 1182 268 BULLARIUM
1207 243 1364 267 ROMANUM

1208 298 1399 325 exerceatur
1422 291 1462 325 ab
1478 303 1545 325 uno
1564 303 1601 325 ex
1620 292 1685 324 suis
1710 291 1834 325 civibus
1859 291 1953 325 iuris-

1186 367 1187 378 ι
1208 345 1364 378 consultis
1388 355 1448 389 per
1472 346 1644 379 consilium
1675 345 1827 388 generale
1853 350 1950 388 quot-

1186 438 1188 445 ⁴
1209 397 1303 430 annis
1329 398 1482 441 eligendo
1511 409 1585 431 cum
1610 398 1830 441 assignatione
1855 399 1950 441 aequi

1187 450 1318 496 {salarii
1358 457 1390 484 et
1415 452 1544 494 legibus
1576 457 1608 484 et
1641 451 1885 484 conditionibus
1913 452 1952 484 ab

1209 504 1281 546 ipso
1311 505 1454 546 generali
1488 504 1628 536 consilio
1659 504 1860 537 statuendis:
1885 514 1954 537 non

1210 556 1413 589 obstantibus
1447 557 1706 600 quibuscumque
1732 557 1955 600 dispositioni-

1210 609 1271 641 bus
1296 610 1402 643 statuti
1428 610 1637 653 municipalis
1655 616 1687 643 et
1712 610 1957 643 consuetudini-

1188 695 1190 706 Α
1210 662 1269 694 bus
1288 663 1319 694 in
1339 663 1538 695 contrarium
1560 663 1768 696 facientibus.
1787 664 1867 701 Quia
1880 674 1955 697 vero

1189 707 1334 759 Jsumma
1365 717 1427 748 iam
1465 716 1611 758 exposita
1647 727 1713 749 non
1746 717 1862 749 sufficit
1894 727 1955 760 pro

424 771 620 804 desiderium
647 772 679 803 in
713 771 758 804 eis
784 772 887 813 magis
912 776 1109 813 augeretur,
1135 781 1167 801 so
1189 772 1190 798 ἒ

424 826 457 856 in
483 825 627 866 generali
653 824 802 862 consilio,
830 824 916 867 quod
945 834 1030 855 anno
1057 824 1168 865 elapso
1190 828 1191 857 1
1212 831 1283 853 crae
1311 821 1497 863 theologiae
1524 827 1554 854 et
1578 822 1659 854 iuris
1685 822 1833 855 canonici
1859 834 1895 855 ac
1913 823 1957 856 ci-

1190 874 1298 913 :vilis‚
1323 875 1408 907 idem
1435 875 1607 908 consilium
1634 877 1789 917 generale
1815 876 1959 909 decrevit

425 942 494 964 rum
520 941 692 963 numerum
719 931 824 963 adhuc
854 940 995 971 augere,
1022 930 1168 971 duosque
1190 933 1192 945 '

1213 778 1320 800 annuo
1344 768 1463 801 salario
1489 769 1659 811 utriusque
1686 769 1886 812 professoris
1912 780 1957 802 sa-

1213 939 1229 960 a
1255 928 1351 960 nobis
1378 928 1548 961 humiliter
1573 929 1736 972 postulare
1766 935 1800 961 ut
1820 934 1958 971 quotan-

1391 981 1503 1013 liceret
1538 982 1659 1013 fructus
1690 983 1835 1014 locorum
1866 992 1959 1015 mon-

1214 1034 1292 1065 tium
1311 1034 1517 1065 cameralium
1538 1044 1601 1066 uon
1629 1034 1821 1066 vacabilium
1850 1034 1960 1077 trigin-

1215 1091 1330 1126 taocto,
1343 1093 1438 1129 atque
1454 1087 1677 1128 octogintasex
1694 1087 1958 1128 centesimorum‚

1213 1150 1286 1172 cum
1312 1139 1418 1172 obulis
1441 1146 1513 1172 octo
1532 1146 1563 1172 et
1580 1140 1757 1182 sexaginta,
1770 1141 1844 1183 piae
1860 1141 1961 1174 abun-

1214 1193 1348 1225 dantiae
1373 1193 1462 1236 opcri
1496 1200 1683 1236 nuncupato
1710 1194 1855 1227 eiusdem
1887 1195 1962 1227 civi-

1193 1273 1194 1282 ,
1216 1247 1289 1279 tatis
1307 1246 1384 1279 olim
1403 1246 1584 1288 assignatis,
1603 1257 1745 1279 sumere.
1764 1246 1854 1285 Quod
1873 1248 1961 1290 pium

1219 1460 1412 1502 quingentas
1446 1459 1542 1491 tritici
1572 1459 1734 1500 sarcinas,
1759 1459 1871 1499 rubia,
1899 1460 1964 1492 hoc

1219 1517 1288 1551 est,
1316 1522 1485 1544 mensuras
1511 1517 1655 1546 trecenta
1679 1518 1710 1545 et
1745 1512 1965 1556 Septuaginta-

1218 1566 1362 1608 quinque
1390 1565 1638 1605 constituentes,
1663 1564 1754 1597 cuius
1782 1565 1827 1608 pii
1853 1565 1963 1608 operis

1196 1618 1457 1651 administratio
1491 1629 1551 1661 per
1587 1618 1746 1661 quaedam
1779 1618 1920 1661 capitula
1947 1629 1964 1651 a

1219 1672 1290 1714 piae
1313 1671 1485 1704 memoriae
1506 1678 1714 1704 antecessore
1733 1677 1846 1704 nostro
1864 1672 1963 1704 Paulo

1219 1725 1304 1768 Papa
1321 1725 1341 1756 V
1358 1725 1543 1767 apostolicis
1563 1724 1679 1757 litteris
1693 1724 1882 1757 confirmata
1901 1725 1963 1757 iam

1220 1779 1288 1816 fuit,
1308 1778 1496 1820 civibusque
1518 1788 1554 1810 ac
1574 1778 1719 1819 generali
1745 1777 1883 1811 consilio
1909 1777 1965 1810 Ca-

1219 1832 1395 1863 merincusi
1423 1831 1552 1870 tradita,
1579 1831 1623 1863 ita
1648 1836 1683 1862 ut
1708 1840 1766 1873 per
1793 1836 1856 1862 tres
1881 1830 1965 1863 cives

1220 1884 1392 1926 quotannis
1418 1884 1602 1926 eligendos,
1623 1889 1654 1915 et,
1671 1883 1881 1926 praesidente
1902 1883 1966 1926 epi-

1220 1948 1338 1980 scopo,
1364 1937 1477 1969 eadem
1503 1936 1742 1969 administratio
1778 1941 1963 1979 perageret.

1198 1991 1344 2036 kDeinde
1369 1991 1428 2022 sub
1454 1990 1651 2023 recolendae
1677 1989 1855 2022 memoriae
1880 1995 1967 2022 ante-

1221 2054 1349 2076 cessore
1369 2054 1500 2086 quoque
1519 2049 1630 2076 nostro
1649 2043 1813 2076 Clemente
1831 2043 1916 2085 Papa
1930 2043 1966 2082 X,

1199 2122 1201 2141 J
1221 2108 1294 2129 cum
1311 2097 1463 2129 frumenti
1483 2097 1646 2138 quantitas
1665 2095 1810 2128 eiusdem
1830 2095 1873 2138 pii
1892 2105 1968 2138 ope-

1223 2151 1266 2182 ris
1302 2150 1611 2193 supei·.·1b¹1ndat·et,
1654 2149 1760 2192 portio
1798 2149 1966 2181 rublorum

1201 2223 1202 2239 2
1223 2204 1312 2236 mille
1332 2203 1463 2236 vendita
1490 2202 1548 2235 fuit
1574 2202 1679 2245 pretio
1705 2207 1870 2234 scutorum
1890 2212 1968 2244 qua-

1224 2262 1298 2289 tuor
1328 2256 1465 2289 millium
1498 2260 1727 2287 sexcentorum
1761 2254 1969 2297 vigintiquin-

435 2311 539 2352 logi-10
558 2317 588 2344 et
612 2311 781 2352 utriusque
807 2311 898 2349 iuris,
922 2311 1047 2353 reliqua
1072 2316 1202 2342 atittm:
1223 2320 1286 2352 que
1304 2315 1400 2351 atque
1425 2309 1520 2340 unius
1537 2308 1625 2341 oboli
1645 2313 1795 2341 monetae
1814 2317 1966 2340 romtnae

435 2364 555 2396 saluio
581 2375 706 2397 memor
709 2365 751 2396 iti
778 2364 892 2396 iudicis
918 2369 949 2396 et
973 2363 1128 2396 solutioni
1151 2375 1183 2396 o·
1201 2350 1298 2396 tintle
1334 2367 1492 2420 percepto
1523 2372 1662 2404 cumque
1689 2361 1894 2394 facultatibus
1919 2360 1967 2393 rei

436 2427 549 2448 nerum
575 2427 657 2458 quae
684 2417 732 2459 ips
738 2428 753 2449 c
787 2417 898 2449 subire
932 2417 1059 2449 flebam
1088 2417 1135 2449 Pi
1130 2404 1203 2449 ιο-1
1226 2427 1338 2449 necess
1342 2416 1417 2448 ariis
1443 2415 1593 2458 impenso
1612 2415 1642 2446 in
1662 2415 1825 2457 emptione
1852 2424 1970 2447 memo-

438 2474 527 2500 tcrea
552 2469 665 2500 cadem
696 2469 910 2501 communitas
943 2469 1180 2502 Camerinensis
1202 2472 1203 2504 t
1225 2475 1368 2502 ratorum
1396 2470 1542 2501 locorum
1575 2467 1730 2500 montium
1761 2466 1967 2499 canit-ratium

439 2521 499 2552 sibi
535 2532 551 2552 a
584 2521 678 2553 nobis
705 2522 840 2554 concedi
875 2523 998 2564 pariter
1027 2505 1203 2564 flagitat-iri

440 2578 474 2604 ut
499 2573 530 2605 in
553 2578 722 2616 posterum
749 2575 888 2606 ollicium
915 2580 946 2607 et
971 2586 1087 2607 munus
1109 2585 1182 2617 pro-

1225 2532 1288 2554 non
1317 2521 1506 2554 vacahilium
1535 2520 1740 2561 trigintaocto
1765 2525 1861 2561 atque
1882 2523 1969 2551 octo-

1201 2550 1203 2639 !
1224 2574 1369 2616 gintascx
1396 2573 1650 2606 centesimorum
1673 2582 1744 2603 cum
1769 2571 1875 2604 obolis
1895 2577 1968 2604 octo

440 2626 524 2658 xime
564 2626 730 2658 memorati
771 2627 886 2659 iudicis
922 2628 1180 2670 appellationum
1224 2632 1255 2659 et
1279 2627 1458 2669 sexaginta.
1487 2626 1565 2659 Cum
1589 2631 1694 2658 autem
1715 2630 1798 2658 totus
1822 2624 1901 2657 assis
1921 2624 1967 2668 pii

1957 246 2015 271 An:
2029 246 2060 273 G.
2075 247 2142 276 ¹⁷21
2167 260 2170 261 ⁷
