2170 3147
0 227 43 266 in.
57 239 86 265 c.
109 236 175 264 1727

60 842 168 863 nennium

0 869 126 889 irai-adiciam.

34 1299 168 1321 «minimuum

0 1326 45 1346 elati
61 1326 148 1347 itucreii.

5 2456 123 2477 Clausulas-n

45 2560 123 2584 Dureau
129 2562 158 2583 tio

0 2587 136 2608 intui-iorum.

771 238 924 262 emmim·
931 238 964 262 US
991 239 1048 262 xm
1074 239 1121 263 1³1².

183 297 219 318 ae
242 284 379 329 proinde
405 285 498 318 nobis
527 286 710 328 supplicato
744 291 778 318 ut
806 297 919 330 perpe·

184 344 272 371 tuum
289 337 451 371 silentium
470 349 487 371 a
502 338 595 371 nobis
616 350 713 382 super
731 339 918 372 huiusmodi

182 390 446 434 oppositionibus
473 396 537 424 tam
562 391 619 424 Dei
645 391 765 434 gloriae
789 402 823 424 ac
849 392 918 434 paci

182 449 212 476 et
238 444 338 487 quieti
364 444 549 487 provinciae
575 444 759 487 praedictae
786 444 918 487 eiusque

181 496 406 539 religiosorum
428 496 714 539 praeiudicialibus
734 497 919 539 imponere-

181 553 250 581 tur:
270 559 329 581 nos
346 549 525 592 supplicem
543 549 690 582 libellum
709 550 802 582 nobis
821 560 920 592 super

180 601 367 645 praemissis
392 608 576 645 porrectum
603 603 640 635 ad
666 603 813 637 eamdem
839 602 919 635 Con-

181 654 404 696 gregationem
440 656 638 688 remisimus.
666 655 750 693 Quae
787 655 916 698 quidem

181 705 394 749 Congregatio
422 708 524 740 edidit
550 718 642 740 suum
675 708 842 741 decretum
878 705 940 740 te-r

181 759 268 792 noris
294 760 347 803 qui
374 760 520 804 sequitur
537 789 544 803 ,
569 761 738 795 videlicet:

223 826 309 857 Sacra
331 828 522 866 Congregatio
545 837 633 867 super
655 827 812 867 disciplina
833 837 917 866 regu-

180 878 257 916 lari,
281 877 400 908 attentis
423 877 568 913 narratis,
592 880 619 906 et
642 877 749 907 auditis
772 877 916 916 archiepi-

179 937 268 967 scopo
290 926 487 963 Messanensi,
510 927 646 966 episcopo
669 926 862 965 Syracusano,
887 930 915 956 et

179 976 289 1006 vicario
312 975 465 1014 capitulari
488 976 640 1006 Catanensi
654 998 661 1011 ‚
683 976 828 1004 referente
845 974 915 1004 emi-

179 1025 352 1056 nentissimo
384 1024 526 1063 Spinula,
560 1024 711 1062 decrevit,
745 1023 820 1062 quod
850 1032 915 1062 par-

179 1078 222 1104 tes
245 1074 363 1103 omnino
390 1073 587 1112 acquiescant.
617 1073 724 1103 Romae
753 1081 820 1102 xviii
849 1072 912 1102 iulii

178 1129 346 1152 MDccxxvu.
362 1139 394 1143 -
414 1121 519 1150 Iosaru
542 1121 680 1151 RENATrs
696 1120 852 1150 cardinalis
867 1120 914 1150 IM-

179 1179 333 1207 PEfflALlS,
358 1170 531 1208 praefectus.
557 1188 590 1191 —
616 1170 646 1199 F.
671 1170 826 1209 episcopus
849 1169 913 1199 Elu-

178 1219 260 1249 sinus
276 1243 283 1256 ,
306 1219 495 1249 secretarius,

221 1290 236 1335 §
261 1288 292 1323 2.
319 1290 396 1323 Cum
423 1296 541 1329 autem,
567 1290 650 1323 sicut
676 1290 779 1323 dictus
800 1290 911 1322 Petrus

178 1348 371 1387 procurator
397 1343 489 1376 nobis
521 1354 624 1386 nuper
661 1343 779 1386 exponi
817 1342 910 1382 fecit,

177 1397 246 1441 ipse
271 1397 436 1430 decretum
462 1397 646 1430 huiusmodi
683 1408 742 1440 pro
780 1395 912 1428 firmiori

176 1452 264 1486 illius
289 1451 499 1484 subsistentia
524 1458 556 1484 et
573 1451 810 1491 observatione,
837 1462 912 1494 apo-

176 1505 309 1538 stolicae
323 1504 577 1538 confirmationis
592 1510 720 1537 nostrae
732 1504 911 1547 patrocinio

177 1557 369 1591 communiri
395 1569 597 1601 suni-mopere
624 1558 805 1590 desideret:
838 1568 910 1598 nos,

176 1611 280 1654 ipsun]
308 1611 435 1644 Petrum
462 1611 657 1653 specialibus
690 1610 849 1643 l'aroribus
882 1616 912 1643 et

176 1664 286 1706 gratiis
311 1664 464 1706 prosequi
493 1666 646 1703 volentes,
667 1670 697 1696 et
716 1675 732 1696 a
747 1663 912 1706 quibusvis

177 1716 517 1749 exconm‘nmicationis
536 1744 541 1753 ,
570 1716 794 1759 suspensionis
820 1721 851 1748 et
868 1716 911 1747 in-

177 1769 324 1809 terdicti,
353 1769 486 1811 aliisque
520 1769 745 1802 ecclesiasticis
781 1774 911 1801 senten-

176 1821 248 1862 tiis,
275 1822 419 1855 censuris
445 1827 473 1854 ct
500 1823 634 1865 poenis,
660 1833 676 1854 a
702 1822 768 1853 iure
796 1823 844 1854 rol
871 1823 910 1854 ab

176 1875 323 1915 homine,
350 1875 460 1918 quavis
488 1875 659 1908 occasione
686 1876 733 1907 vel
759 1877 852 1907 causa
871 1876 910 1907 la-

177 1927 238 1965 tis,
264 1928 290 1959 si
317 1928 430 1970 quibus
458 1929 705 1971 quomodolibet
737 1929 909 1961 innodatus

177 1978 304 2019 existit,
329 1980 368 2012 ad
394 1980 539 2013 effectum
566 1981 786 2024 praesentium
820 1982 909 2013 dum-

178 2036 261 2064 taxat
285 2033 572 2075 consequendum,
599 2034 713 2065 barum
739 2033 823 2066 serie
855 2034 909 2066 ab·

175 2084 337 2117 solventes
362 2090 393 2117 et
418 2085 600 2118 absolutum
627 2088 696 2119 tore
723 2093 906 2128 censentes,

175 2136 468 2179 supplicationibus
494 2138 562 2170 eius
587 2138 717 2171 nomine
743 2139 836 2172 nobis
861 2150 908 2172 su·

175 2200 233 2231 per
257 2189 319 2222 hoc
345 2189 512 2222 humiliter
542 2192 700 2233 porrectis
738 2192 906 2233 inclinati,

175 2240 338 2274 decretum
360 2243 608 2284 praeinsertuin‚
626 2244 813 2277 auctoritate
835 2256 907 2288 apo·

174 2293 305 2332 stoliea,
333 2298 445 2326 tenore
472 2295 705 2336 praesentium,
740 2297 903 2329 confirma

174 2356 243 2378 mus
269 2350 299 2378 et
323 2346 551 2389 approbamus,
578 2347 686 2390 illique
713 2347 906 2383 inviolabiliS

172 2399 369 2442 apostolicae
395 2399 553 2433 firmitatis
579 2401 678 2433 robur
703 2401 880 2435 adiicimus.

216 2452 229 2494 ᾗ
254 2450 284 2484 3.
312 2451 535 2492 Decernentes‚
563 2453 691 2486 easdem
718 2461 904 2497 praesentes

171 2503 293 2537 litteras
320 2503 444 2544 firmas,
470 2504 545 2537 etc.¹

213 2558 227 2600 ἓ
251 2557 283 2590 4.
310 2556 379 2591 Non
404 2557 608 2591 obstantibus
634 2560 837 2603 praemissis,
866 2572 902 2594 ac

207 2620 218 2646 1
240 2617 272 2646 Ut
286 2626 368 2655 supra
384 2627 442 2655 pag.
460 2619 507 2647 471
526 2629 542 2647 α
557 2622 595 2655 (n.
617 2621 664 2656 12).

962 287 1248 321 constitutionibus
1275 294 1306 322 et.
1327 289 1588 323 ordinationibus
1624 300 1702 332 apo-

963 340 1095 381 stolicis,
1108 351 1244 381 necnon,
1260 347 1419 385 quatenus
1437 354 1519 386 opus
1536 342 1584 382 sit,
1607 352 1702 386 prae-

964 394 1124 427 dictorum
1151 395 1280 429 Ordinis
1306 401 1337 428 ct
1361 395 1577 439 provinciae,
1605 396 1699 429 etiam

962 446 1160 488 iuramento,
1189 447 1263 480 etc.¹

1006 500 1116 532 Datum
1144 501 1276 540 Romae,
1302 503 1388 545 apud
1414 502 1445 536 S.
1473 502 1615 541 Petrum,
1641 503 1699 535 sub

962 553 1083 584 annulo
1116 553 1316 593 piscatoris,
1351 555 1402 587 die
1429 565 1467 586 xv
1493 554 1700 587 deeembris²

962 606 1161 645 moccxxvu',
1187 607 1396 649 pontificatus
1420 608 1523 641 nostri
1546 619 1630 641 anno
1656 619 1696 640 iv.

999 666 1055 692 liat.
1075 667 1118 692 die
1136 667 1168 694 15
1183 668 1301 695 octobris
1325 669 1401 700 ¹727,
1425 669 1522 703 pontif.
1540 678 1611 696 anno
1628 676 1662 696 lv.

1283 784 1366 817 CCX.

963 853 1181 894 Confirmatio·
1217 853 1377 886 decretum
1414 856 1632 898 episcopormn
1670 860 1698 887 e!

1003 906 1207 948 reyulctrz'um
1232 907 1416 949 approbans
1441 912 1512 939 acta
1537 908 1698 951 quaedam

1001 959 1205 1001 capitularia
1230 960 1441 992 eremitarum
1465 960 1489 993 S
1518 961 1700 1003 Avqusliui

999 1011 1186 1054 provinciae
1213 1012 1370 1045 Castellae
1386 1013 1407 1045 ⁴.

1132 1083 1311 1110 Benedictus
1332 1083 1410 1117 Papa
1430 1084 1495 1111 XIII
1514 1105 1520 1113 ,

1096 1127 1131 1153 ad
1152 1127 1287 1154 futuram
1306 1128 1352 1155 rei
1373 1128 1556 1156 memoriam.

999 1189 1012 1231 g
1032 1188 1061 1221 1.
1081 1188 1189 1231 Nuper
1207 1199 1265 1232 pro
1285 1195 1375 1232 parte
1398 1190 1591 1223 dilectorum
1614 1190 1814 1224 filio-Expositis]
1834 1196 1891 1217 facti-

956 1252 1025 1273 rum
1059 1241 1175 1284 prioris
1212 1242 1419 1284 provincialis
1451 1248 1481 1276 et
1518 1243 1694 1277 delinitorii

957 1294 1141 1336 provinciae
1157 1294 1311 1328 Castellae
1330 1295 1458 1328 Ordinis
1473 1296 1605 1329 fratrum
1621 1296 1696 1329 Ere-

956 1346 1103 1379 mitarum
1128 1346 1159 1379 S.
1185 1347 1355 1390 Augustini
1373 1348 1625 1391 Congregationi
1643 1361 1695 1382 ve-

956 1399 1151 1432 nerabilium
1179 1400 1313 1433 fratrum
1336 1407 1518 1434 nostrorum
1547 1401 1578 1434 S.
1600 1402 1636 1435 R.
1656 1402 1692 1435 E.

956 1452 1167 1484 cardinalium
1194 1452 1334 1495 negotiis
1352 1459 1383 1485 et
1401 1454 1693 1488 consultationibus

954 1504 1186 1548 episcoporum
1213 1512 1244 1538 et
1263 1507 1460 1548 regularium
1481 1507 1691 1550 praepositae

955 1557 1114 1600 exposito,
1142 1558 1226 1601 quod
1253 1558 1283 1590 in
1310 1558 1485 1591 novissimo
1512 1570 1623 1592 eorum
1641 1571 1692 1592 ca-

954 1609 1055 1651 pitulo
1082 1610 1273 1652 provinciali
1300 1610 1350 1643 die
1378 1622 1405 1644 iv
1427 1611 1499 1644 maii
1526 1613 1689 1645 currentis

954 1662 1028 1694 anui
1069 1662 1100 1694 in
1138 1669 1296 1695 conventu
1335 1664 1550 1697 Matricalensi
1586 1665 1689 1698 dIctae

955 1715 1139 1757 provinciae
1173 1717 1337 1749 celebrato
1365 1719 1464 1750 multa
1490 1723 1608 1752 statuta
1635 1730 1689 1752 sou

953 1773 1022 1800 acta
1037 1769 1226 1812 capitularia
1242 1780 1298 1812 pro
1316 1771 1474 1812 regularis
1494 1771 1689 1815 disciplinae

954 1820 1157 1853 observantia
1183 1822 1312 1855 condita
1339 1823 1473 1863 fuerant,
1501 1823 1585 1856 inter
1609 1835 1689 1867 quae

953 1873 1087 1906 dilectus
1114 1874 1208 1907 otiam
1236 1874 1320 1907 silius
1345 1875 1535 1918 Fulgentius
1551 1877 1688 1917 Bellelli,

952 1926 1041 1969 prior
1065 1927 1226 1969 generalis
1253 1927 1397 1959 eiusdem
1413 1927 1552 1968 Ordinis,
1579 1929 1618 1962 de
1645 1941 1690 1963 as-

952 1978 1133 2011 sistentium
1161 1990 1294 2011 suorum
1320 1980 1459 2013 consilio
1481 1982 1690 2016 confirmave-

950 2037 999 2064 rat
1023 2037 1053 2064 et
1067 2032 1301 2075 approbaverat
1321 2034 1502 2076 sequentia,
1522 2034 1687 2069 videlicet:

990 2094 1171 2134 Propositum
1195 2095 1248 2125 suit
1270 2096 1300 2125 in
1323 2095 1487 2127 definitorio
1510 2107 1546 2127 an
1569 2099 1688 2137 expedi-

950 2146 994 2172 ret
1016 2143 1125 2172 Romae
1148 2142 1254 2173 hahere
1272 2149 1489 2183 procuratorem
1512 2146 1599 2177 huius
1623 2157 1687 2186 pro·
1699 2143 1749 2163 '³¹³²'

1698 2170 1723 2189 da
1743 2173 1881 2195 procuratur-0

951 2190 1062 2220 vinciae
1085 2201 1137 2231 pro
1160 2194 1247 2221 causi
1264 2193 1441 2223 venerabilis
1457 2194 1573 2232 Croseo,
1591 2199 1618 2225 et
1635 2205 1686 2236 pro
1698 2196 1760 2216 ΝΜ
1797 2204 1880 2223 inunu-

986 2276 996 2299 1
1020 2274 1052 2301 Ut
1067 2283 1147 2310 supra
1162 2284 1223 2310 pag.
1243 2277 1287 2303 471
1308 2286 1325 2303 a
1339 2281 1377 2310 (R.
1392 2280 1441 2307 Τ.).

984 2317 999 2343 2
1015 2319 1057 2344 Aa
1073 2327 1158 2352 marg.
1175 2320 1216 2346 ed.
1235 2320 1314 2347 Main.
1331 2321 1414 2348 habet
1429 2323 1551 2350 octobris
1567 2324 1604 2356 (n.
1621 2325 1672 2358 r.).

984 2361 999 2387 3
1019 2361 1084 2388 Male
1105 2363 1171 2389 edit.
1193 2363 1270 2390 lllain.
1293 2364 1358 2398 legit
1380 2365 1446 2392 1722
1465 2366 1503 2400 (R.
1525 2367 1574 2400 T.).

984 2404 998 2430 4
1020 2404 1053 2430 De
1073 2406 1280 2433 confirmatione
1303 2407 1442 2435 cuiusdam
1458 2409 1559 2436 decreti
1576 2411 1683 2446 capituli

946 2449 1081 2482 generalis
1102 2449 1164 2476 dicti
1186 2450 1291 2477 Ordinis
1303 2460 1386 2486 super
1397 2461 1508 2480 numero
1524 2454 1684 2489 trigintasex

947 2491 1134 2526 magistrorum
1154 2494 1306 2527 provinciae
1335 2496 1502 2531 Aragoniae,
1524 2498 1585 2525 vide
1605 2499 1684 2527 aliam

946 2535 1025 2562 liuius
1047 2535 1184 2563 pontificis
1203 2542 1290 2565 const.
1313 2539 1355 2566 ed.
1387 2547 1546 2575 mccxxxvii,
1577 2543 1620 2570 die
1649 2544 1682 2571 27

944 2580 1030 2612 iunii,
1052 2581 1147 2615 pontif.
1168 2588 1212 2614 1v;
1234 2585 1260 2609 et
1279 2583 1312 2609 sle
1333 2584 1534 2612 confirmatione
1564 2588 1683 2615 omnium

945 2623 1145 2660 privilegiorum
1157 2625 1219 2653 dicti
1232 2627 1340 2655 Ordinis
1361 2628 1420 2656 vide
1440 2633 1609 2667 sequentem.

1600 230 1664 263 oea
1712 239 1758 266 An.
1778 239 1806 265 c.
1829 240 1898 266 1727

1732 2118 1780 2137 Acla
1800 2119 1881 2144 capitu·

1771 2145 1881 2169 [ii‘audwla
