<?xml version="1.0" encoding="UTF-8"?>
<!DOCTYPE html PUBLIC "-//W3C//DTD XHTML 1.0 Transitional//EN"
    "http://www.w3.org/TR/xhtml1/DTD/xhtml1-transitional.dtd">
<html xmlns="http://www.w3.org/1999/xhtml" xml:lang="en" lang="en">
 <head>
  <title>
</title>
<meta http-equiv="Content-Type" content="text/html;charset=utf-8" />
  <meta name='ocr-system' content='tesseract 3.04.00' />
  <meta name='ocr-capabilities' content='ocr_page ocr_carea ocr_par ocr_line ocrx_word'/>
</head>
<body>
  <div class='ocr_page' id='page_1' title='image "./bullarumdiplomat22cath_0894.png"; bbox 0 0 2139 3142; ppageno 0'>
   <div class='ocr_carea' id='block_1_1' title="bbox 188 251 486 288">
    <p class='ocr_par' dir='ltr' id='par_1_1' title="bbox 188 251 486 288">
     <span class='ocr_line' id='line_1_1' title="bbox 188 251 486 288; baseline -0.007 -3"><span class='ocrx_word' id='word_1_1' title='bbox 188 260 240 286; x_wconf 71' lang='lat' dir='ltr'>An.</span> <span class='ocrx_word' id='word_1_2' title='bbox 260 259 288 288; x_wconf 85' lang='lat' dir='ltr'>c.</span> <span class='ocrx_word' id='word_1_3' title='bbox 308 259 376 286; x_wconf 68' lang='lat'>¹729</span> <span class='ocrx_word' id='word_1_4' title='bbox 421 251 486 284; x_wconf 72' lang='lat'>854</span> 
     </span>
    </p>
   </div>
   <div class='ocr_carea' id='block_1_2' title="bbox 188 584 241 629">
    <p class='ocr_par' dir='ltr' id='par_1_2' title="bbox 188 584 241 629">
     <span class='ocr_line' id='line_1_2' title="bbox 188 584 238 604; baseline -0.02 0"><span class='ocrx_word' id='word_1_5' title='bbox 188 584 238 604; x_wconf 65' lang='lat' dir='ltr'>I&#39;act</span> 
     </span>
     <span class='ocr_line' id='line_1_3' title="bbox 195 618 241 629; baseline 0 0"><span class='ocrx_word' id='word_1_6' title='bbox 195 620 197 623; x_wconf 89' lang='lat'>¹</span> <span class='ocrx_word' id='word_1_7' title='bbox 232 618 241 629; x_wconf 79' lang='lat' dir='ltr'>C</span> 
     </span>
    </p>
   </div>
   <div class='ocr_carea' id='block_1_3' title="bbox 243 585 1125 716">
    <p class='ocr_par' dir='ltr' id='par_1_3' title="bbox 243 585 1125 716">
     <span class='ocr_line' id='line_1_4' title="bbox 243 585 369 610; baseline -0.008 -5"><span class='ocrx_word' id='word_1_8' title='bbox 243 585 369 610; x_wconf 52' lang='lat' dir='ltr'>impositio</span> 
     </span>
     <span class='ocr_line' id='line_1_5' title="bbox 259 616 1125 656; baseline -0.009 0"><span class='ocrx_word' id='word_1_9' title='bbox 259 617 464 656; x_wconf 45' lang='lat' dir='ltr'>&#39;¹⁴³1if-L&#39;Zsitius</span> <span class='ocrx_word' id='word_1_10' title='bbox 500 620 690 652; x_wconf 77' lang='lat' dir='ltr'>Emmanuel</span> <span class='ocrx_word' id='word_1_11' title='bbox 724 619 763 651; x_wconf 89' lang='lat' dir='ltr'>de</span> <span class='ocrx_word' id='word_1_12' title='bbox 798 618 938 655; x_wconf 71' lang='lat' dir='ltr'>Vienna,</span> <span class='ocrx_word' id='word_1_13' title='bbox 969 616 1125 649; x_wconf 77' lang='lat' dir='ltr'>definitor</span> 
     </span>
     <span class='ocr_line' id='line_1_6' title="bbox 315 668 1123 716; baseline -0.007 -9"><span class='ocrx_word' id='word_1_14' title='bbox 315 671 414 707; x_wconf 60' lang='lat' dir='ltr'>“¹¹¹¹et</span> <span class='ocrx_word' id='word_1_15' title='bbox 450 672 662 716; x_wconf 81' lang='lat' dir='ltr'>proministcr</span> <span class='ocrx_word' id='word_1_16' title='bbox 695 670 904 714; x_wconf 78' lang='lat' dir='ltr'>provincialis</span> <span class='ocrx_word' id='word_1_17' title='bbox 935 668 1123 713; x_wconf 84' lang='lat' dir='ltr'>provinciae</span> 
     </span>
    </p>
   </div>
   <div class='ocr_carea' id='block_1_4' title="bbox 196 691 370 710">
    <p class='ocr_par' dir='ltr' id='par_1_4' title="bbox 196 691 370 710">
     <span class='ocr_line' id='line_1_7' title="bbox 196 691 370 710; baseline 0.011 -2"><span class='ocrx_word' id='word_1_18' title='bbox 196 696 237 708; x_wconf 63' lang='lat'>1:12·</span> <span class='ocrx_word' id='word_1_19' title='bbox 247 691 259 709; x_wconf 57' lang='lat' dir='ltr'>&#39;a</span> <span class='ocrx_word' id='word_1_20' title='bbox 272 696 304 710; x_wconf 83' lang='lat' dir='ltr'>um</span> <span class='ocrx_word' id='word_1_21' title='bbox 315 697 370 710; x_wconf 70' lang='lat' dir='ltr'>tnta·</span> 
     </span>
    </p>
   </div>
   <div class='ocr_carea' id='block_1_5' title="bbox 251 634 362 694">
    <p class='ocr_par' dir='ltr' id='par_1_5' title="bbox 251 634 362 694">
     <span class='ocr_line' id='line_1_8' title="bbox 251 634 362 694; baseline 0 0"><span class='ocrx_word' id='word_1_22' title='bbox 251 634 362 694; x_wconf 95' lang='lat' dir='ltr'>  </span> 
     </span>
    </p>
   </div>
   <div class='ocr_carea' id='block_1_6' title="bbox 425 305 1120 350">
    <p class='ocr_par' dir='ltr' id='par_1_6' title="bbox 425 305 1120 350">
     <span class='ocr_line' id='line_1_9' title="bbox 425 305 1120 350; baseline -0.007 -10"><span class='ocrx_word' id='word_1_23' title='bbox 425 307 558 340; x_wconf 75' lang='lat' dir='ltr'>statutis</span> <span class='ocrx_word' id='word_1_24' title='bbox 580 318 637 350; x_wconf 73' lang='lat' dir='ltr'>per</span> <span class='ocrx_word' id='word_1_25' title='bbox 667 305 928 345; x_wconf 64' lang='lat' dir='ltr'>constitutiones,</span> <span class='ocrx_word' id='word_1_26' title='bbox 958 305 1015 337; x_wconf 78' lang='lat' dir='ltr'>elsi</span> <span class='ocrx_word' id='word_1_27' title='bbox 1039 314 1120 336; x_wconf 79' lang='lat' dir='ltr'>non-</span> 
     </span>
    </p>
   </div>
   <div class='ocr_carea' id='block_1_7' title="bbox 426 357 989 402">
    <p class='ocr_par' dir='ltr' id='par_1_7' title="bbox 426 357 989 402">
     <span class='ocr_line' id='line_1_10' title="bbox 426 357 989 402; baseline -0.005 -9"><span class='ocrx_word' id='word_1_28' title='bbox 426 361 539 393; x_wconf 77' lang='lat' dir='ltr'>nullae</span> <span class='ocrx_word' id='word_1_29' title='bbox 564 361 607 393; x_wconf 76' lang='lat' dir='ltr'>eis</span> <span class='ocrx_word' id='word_1_30' title='bbox 632 359 738 392; x_wconf 75' lang='lat' dir='ltr'>desint</span> <span class='ocrx_word' id='word_1_31' title='bbox 764 358 942 402; x_wconf 70' lang='lat' dir='ltr'>qualitales</span> <span class='ocrx_word' id='word_1_32' title='bbox 969 357 989 390; x_wconf 85' lang='lat'>¹.</span> 
     </span>
    </p>
   </div>
   <div class='ocr_carea' id='block_1_8' title="bbox 525 445 984 519">
    <p class='ocr_par' dir='ltr' id='par_1_8' title="bbox 525 445 984 519">
     <span class='ocr_line' id='line_1_11' title="bbox 558 445 945 478; baseline -0.005 -5"><span class='ocrx_word' id='word_1_33' title='bbox 558 446 740 474; x_wconf 79' lang='lat' dir='ltr'>Benedictus</span> <span class='ocrx_word' id='word_1_34' title='bbox 761 446 843 478; x_wconf 80' lang='lat' dir='ltr'>Papa</span> <span class='ocrx_word' id='word_1_35' title='bbox 862 445 945 475; x_wconf 84' lang='lat' dir='ltr'>XIII,</span> 
     </span>
     <span class='ocr_line' id='line_1_12' title="bbox 525 490 984 519; baseline -0.007 0"><span class='ocrx_word' id='word_1_36' title='bbox 525 493 561 519; x_wconf 82' lang='lat' dir='ltr'>ad</span> <span class='ocrx_word' id='word_1_37' title='bbox 578 493 715 519; x_wconf 74' lang='lat' dir='ltr'>futuram</span> <span class='ocrx_word' id='word_1_38' title='bbox 735 491 782 518; x_wconf 83' lang='lat' dir='ltr'>rei</span> <span class='ocrx_word' id='word_1_39' title='bbox 797 490 984 517; x_wconf 77' lang='lat' dir='ltr'><strong>memoriam.</strong></span> 
     </span>
    </p>
   </div>
   <div class='ocr_carea' id='block_1_9' title="bbox 425 565 1123 613">
    <p class='ocr_par' dir='ltr' id='par_1_9' title="bbox 425 565 1123 613">
     <span class='ocr_line' id='line_1_13' title="bbox 425 565 1123 613; baseline -0.009 -11"><span class='ocrx_word' id='word_1_40' title='bbox 425 570 439 613; x_wconf 62' lang='grc' dir='ltr'><strong>ἓ</strong></span> <span class='ocrx_word' id='word_1_41' title='bbox 466 569 493 602; x_wconf 83' lang='lat'>1.</span> <span class='ocrx_word' id='word_1_42' title='bbox 513 568 635 611; x_wconf 80' lang='lat' dir='ltr'>Exponi</span> <span class='ocrx_word' id='word_1_43' title='bbox 656 567 749 600; x_wconf 86' lang='lat' dir='ltr'>nobis</span> <span class='ocrx_word' id='word_1_44' title='bbox 768 577 873 610; x_wconf 80' lang='lat' dir='ltr'>nuper</span> <span class='ocrx_word' id='word_1_45' title='bbox 894 566 969 598; x_wconf 78' lang='lat' dir='ltr'>fecit</span> <span class='ocrx_word' id='word_1_46' title='bbox 987 565 1123 597; x_wconf 88' lang='lat' dir='ltr'>dilectus</span> 
     </span>
    </p>
   </div>
   <div class='ocr_carea' id='block_1_10' title="bbox 380 720 1128 2252">
    <p class='ocr_par' dir='ltr' id='par_1_10' title="bbox 380 720 1128 2252">
     <span class='ocr_line' id='line_1_14' title="bbox 381 720 1124 766; baseline -0.011 -6"><span class='ocrx_word' id='word_1_47' title='bbox 381 727 410 760; x_wconf 84' lang='lat' dir='ltr'>S.</span> <span class='ocrx_word' id='word_1_48' title='bbox 444 725 553 759; x_wconf 83' lang='lat' dir='ltr'>Didaci</span> <span class='ocrx_word' id='word_1_49' title='bbox 591 725 621 757; x_wconf 90' lang='lat' dir='ltr'>in</span> <span class='ocrx_word' id='word_1_50' title='bbox 661 734 763 766; x_wconf 73' lang='lat' dir='ltr'>regno</span> <span class='ocrx_word' id='word_1_51' title='bbox 801 723 964 756; x_wconf 82' lang='lat' dir='ltr'>Mcxicane</span> <span class='ocrx_word' id='word_1_52' title='bbox 997 720 1124 754; x_wconf 85' lang='lat' dir='ltr'>Ordinis</span> 
     </span>
     <span class='ocr_line' id='line_1_15' title="bbox 383 774 1125 812; baseline -0.008 -1"><span class='ocrx_word' id='word_1_53' title='bbox 383 780 514 812; x_wconf 86' lang='lat' dir='ltr'>fratrum</span> <span class='ocrx_word' id='word_1_54' title='bbox 547 778 708 810; x_wconf 81' lang='lat' dir='ltr'>Minorum</span> <span class='ocrx_word' id='word_1_55' title='bbox 747 776 778 809; x_wconf 82' lang='lat' dir='ltr'>S.</span> <span class='ocrx_word' id='word_1_56' title='bbox 806 775 967 808; x_wconf 86' lang='lat' dir='ltr'>Francisci</span> <span class='ocrx_word' id='word_1_57' title='bbox 1005 774 1125 806; x_wconf 87' lang='lat' dir='ltr'>Discal-</span> 
     </span>
     <span class='ocr_line' id='line_1_16' title="bbox 381 834 1124 872; baseline -0.009 -7"><span class='ocrx_word' id='word_1_58' title='bbox 381 837 545 865; x_wconf 77' lang='lat' dir='ltr'>centorum</span> <span class='ocrx_word' id='word_1_59' title='bbox 570 835 842 872; x_wconf 65' lang='lat' dir='ltr'>nuncupatorum,</span> <span class='ocrx_word' id='word_1_60' title='bbox 864 834 924 861; x_wconf 87' lang='lat' dir='ltr'>tam</span> <span class='ocrx_word' id='word_1_61' title='bbox 943 838 1002 860; x_wconf 88' lang='lat' dir='ltr'>suo</span> <span class='ocrx_word' id='word_1_62' title='bbox 1029 837 1124 870; x_wconf 84' lang='lat' dir='ltr'>quam</span> 
     </span>
     <span class='ocr_line' id='line_1_17' title="bbox 381 879 1125 925; baseline -0.007 -9"><span class='ocrx_word' id='word_1_63' title='bbox 381 884 518 917; x_wconf 85' lang='lat' dir='ltr'>aliorum</span> <span class='ocrx_word' id='word_1_64' title='bbox 543 883 719 919; x_wconf 74' lang='lat' dir='ltr'>vocalium,</span> <span class='ocrx_word' id='word_1_65' title='bbox 748 881 802 925; x_wconf 85' lang='lat' dir='ltr'>qui</span> <span class='ocrx_word' id='word_1_66' title='bbox 840 891 876 914; x_wconf 63' lang='lat' dir='ltr'>ex</span> <span class='ocrx_word' id='word_1_67' title='bbox 909 880 1009 913; x_wconf 88' lang='lat' dir='ltr'>lndiis</span> <span class='ocrx_word' id='word_1_68' title='bbox 1035 879 1125 912; x_wconf 89' lang='lat' dir='ltr'>Occi-</span> 
     </span>
     <span class='ocr_line' id='line_1_18' title="bbox 381 932 1123 978; baseline -0.007 -9"><span class='ocrx_word' id='word_1_69' title='bbox 381 936 566 970; x_wconf 86' lang='lat' dir='ltr'>dentalibus</span> <span class='ocrx_word' id='word_1_70' title='bbox 599 936 638 968; x_wconf 86' lang='lat' dir='ltr'>ad</span> <span class='ocrx_word' id='word_1_71' title='bbox 665 935 842 978; x_wconf 87' lang='lat' dir='ltr'>capitulum</span> <span class='ocrx_word' id='word_1_72' title='bbox 871 934 1025 977; x_wconf 74' lang='lat' dir='ltr'>generale</span> <span class='ocrx_word' id='word_1_73' title='bbox 1049 932 1123 964; x_wconf 84' lang='lat' dir='ltr'>dicti</span> 
     </span>
     <span class='ocr_line' id='line_1_19' title="bbox 380 985 1125 1023; baseline -0.007 -1"><span class='ocrx_word' id='word_1_74' title='bbox 380 989 507 1023; x_wconf 77' lang='lat' dir='ltr'>Ordinis</span> <span class='ocrx_word' id='word_1_75' title='bbox 533 989 565 1021; x_wconf 91' lang='lat' dir='ltr'>in</span> <span class='ocrx_word' id='word_1_76' title='bbox 592 989 720 1022; x_wconf 78' lang='lat' dir='ltr'>civitate</span> <span class='ocrx_word' id='word_1_77' title='bbox 745 986 975 1020; x_wconf 74' lang='lat' dir='ltr'>Mediolanensi</span> <span class='ocrx_word' id='word_1_78' title='bbox 995 985 1125 1019; x_wconf 73' lang='lat' dir='ltr'>norissi-</span> 
     </span>
     <span class='ocr_line' id='line_1_20' title="bbox 381 1038 1121 1079; baseline -0.007 -3"><span class='ocrx_word' id='word_1_79' title='bbox 381 1053 431 1076; x_wconf 89' lang='lat' dir='ltr'>me</span> <span class='ocrx_word' id='word_1_80' title='bbox 457 1042 655 1075; x_wconf 85' lang='lat' dir='ltr'>celebratum</span> <span class='ocrx_word' id='word_1_81' title='bbox 692 1044 940 1079; x_wconf 82' lang='lat' dir='ltr'>convenerunt,</span> <span class='ocrx_word' id='word_1_82' title='bbox 966 1038 1121 1077; x_wconf 83' lang='lat' dir='ltr'>nomine,</span> 
     </span>
     <span class='ocr_line' id='line_1_21' title="bbox 381 1091 1125 1138; baseline -0.005 -11"><span class='ocrx_word' id='word_1_83' title='bbox 381 1095 489 1138; x_wconf 80' lang='lat' dir='ltr'>quod,</span> <span class='ocrx_word' id='word_1_84' title='bbox 508 1105 578 1127; x_wconf 89' lang='lat' dir='ltr'>cum</span> <span class='ocrx_word' id='word_1_85' title='bbox 605 1094 759 1126; x_wconf 76' lang='lat' dir='ltr'>sratrilJns</span> <span class='ocrx_word' id='word_1_86' title='bbox 781 1092 912 1125; x_wconf 82' lang='lat' dir='ltr'>Ordinis</span> <span class='ocrx_word' id='word_1_87' title='bbox 938 1091 1125 1124; x_wconf 83' lang='lat' dir='ltr'>eorumdem</span> 
     </span>
     <span class='ocr_line' id='line_1_22' title="bbox 381 1144 1125 1181; baseline -0.008 0"><span class='ocrx_word' id='word_1_88' title='bbox 381 1149 539 1181; x_wconf 77' lang='lat' dir='ltr'>lllinorum</span> <span class='ocrx_word' id='word_1_89' title='bbox 575 1148 606 1179; x_wconf 78' lang='lat' dir='ltr'>S.</span> <span class='ocrx_word' id='word_1_90' title='bbox 642 1146 802 1179; x_wconf 83' lang='lat' dir='ltr'>Francisci</span> <span class='ocrx_word' id='word_1_91' title='bbox 840 1146 878 1178; x_wconf 87' lang='lat' dir='ltr'>de</span> <span class='ocrx_word' id='word_1_92' title='bbox 915 1144 1125 1178; x_wconf 74' lang='lat' dir='ltr'>Observantia</span> 
     </span>
     <span class='ocr_line' id='line_1_23' title="bbox 382 1197 1126 1243; baseline -0.007 -9"><span class='ocrx_word' id='word_1_93' title='bbox 382 1202 478 1234; x_wconf 89' lang='lat' dir='ltr'>etiam</span> <span class='ocrx_word' id='word_1_94' title='bbox 514 1204 787 1243; x_wconf 80' lang='lat' dir='ltr'>miucupatorum‚</span> <span class='ocrx_word' id='word_1_95' title='bbox 813 1209 850 1231; x_wconf 81' lang='lat' dir='ltr'>ex</span> <span class='ocrx_word' id='word_1_96' title='bbox 877 1198 977 1230; x_wconf 90' lang='lat' dir='ltr'>Indiis</span> <span class='ocrx_word' id='word_1_97' title='bbox 1014 1197 1126 1229; x_wconf 81' lang='lat' dir='ltr'>liuius-</span> 
     </span>
     <span class='ocr_line' id='line_1_24' title="bbox 382 1250 1125 1296; baseline -0.008 -9"><span class='ocrx_word' id='word_1_98' title='bbox 382 1254 466 1287; x_wconf 85' lang='lat' dir='ltr'>modi</span> <span class='ocrx_word' id='word_1_99' title='bbox 505 1254 543 1286; x_wconf 85' lang='lat' dir='ltr'>ad</span> <span class='ocrx_word' id='word_1_100' title='bbox 580 1252 722 1296; x_wconf 80' lang='lat' dir='ltr'>capitula</span> <span class='ocrx_word' id='word_1_101' title='bbox 761 1251 948 1294; x_wconf 77' lang='lat' dir='ltr'>generalia,</span> <span class='ocrx_word' id='word_1_102' title='bbox 986 1250 1125 1293; x_wconf 87' lang='lat' dir='ltr'>quaein</span> 
     </span>
     <span class='ocr_line' id='line_1_25' title="bbox 381 1303 1127 1350; baseline -0.008 -10"><span class='ocrx_word' id='word_1_103' title='bbox 381 1307 510 1350; x_wconf 67' lang='lat' dir='ltr'>Europa</span> <span class='ocrx_word' id='word_1_104' title='bbox 535 1310 757 1349; x_wconf 77' lang='lat' dir='ltr'>peraguntur,</span> <span class='ocrx_word' id='word_1_105' title='bbox 790 1303 1037 1342; x_wconf 73' lang='lat' dir='ltr'>accedentibus,</span> <span class='ocrx_word' id='word_1_106' title='bbox 1068 1312 1127 1345; x_wconf 89' lang='lat' dir='ltr'>per</span> 
     </span>
     <span class='ocr_line' id='line_1_26' title="bbox 382 1355 1127 1402; baseline -0.008 -8"><span class='ocrx_word' id='word_1_107' title='bbox 382 1360 632 1394; x_wconf 69' lang='lat' dir='ltr'>constitutiones</span> <span class='ocrx_word' id='word_1_108' title='bbox 665 1359 768 1402; x_wconf 85' lang='lat' dir='ltr'>ipsius</span> <span class='ocrx_word' id='word_1_109' title='bbox 793 1357 921 1390; x_wconf 80' lang='lat' dir='ltr'>Ordinis</span> <span class='ocrx_word' id='word_1_110' title='bbox 955 1355 1127 1400; x_wconf 78' lang='lat' dir='ltr'>privilegia</span> 
     </span>
     <span class='ocr_line' id='line_1_27' title="bbox 382 1409 1127 1455; baseline -0.007 -9"><span class='ocrx_word' id='word_1_111' title='bbox 382 1419 414 1447; x_wconf 86' lang='lat' dir='ltr'>et</span> <span class='ocrx_word' id='word_1_112' title='bbox 438 1412 672 1455; x_wconf 71' lang='lat' dir='ltr'>exemptiones,</span> <span class='ocrx_word' id='word_1_113' title='bbox 694 1411 811 1454; x_wconf 87' lang='lat' dir='ltr'>quibus</span> <span class='ocrx_word' id='word_1_114' title='bbox 838 1410 876 1443; x_wconf 89' lang='lat' dir='ltr'>de</span> <span class='ocrx_word' id='word_1_115' title='bbox 903 1409 972 1442; x_wconf 87' lang='lat' dir='ltr'>iure</span> <span class='ocrx_word' id='word_1_116' title='bbox 997 1413 1028 1442; x_wconf 92' lang='lat' dir='ltr'>et</span> <span class='ocrx_word' id='word_1_117' title='bbox 1054 1419 1127 1442; x_wconf 91' lang='lat' dir='ltr'>con-</span> 
     </span>
     <span class='ocr_line' id='line_1_28' title="bbox 382 1462 1125 1508; baseline -0.007 -9"><span class='ocrx_word' id='word_1_118' title='bbox 382 1466 554 1500; x_wconf 86' lang='lat' dir='ltr'>suetudine</span> <span class='ocrx_word' id='word_1_119' title='bbox 593 1471 701 1508; x_wconf 88' lang='lat' dir='ltr'>patres</span> <span class='ocrx_word' id='word_1_120' title='bbox 727 1464 912 1507; x_wconf 77' lang='lat' dir='ltr'>provinciae</span> <span class='ocrx_word' id='word_1_121' title='bbox 944 1463 977 1495; x_wconf 93' lang='lat' dir='ltr'>in</span> <span class='ocrx_word' id='word_1_122' title='bbox 1010 1462 1125 1495; x_wconf 87' lang='lat' dir='ltr'>eodem</span> 
     </span>
     <span class='ocr_line' id='line_1_29' title="bbox 382 1516 1127 1561; baseline -0.005 -8"><span class='ocrx_word' id='word_1_123' title='bbox 382 1519 500 1552; x_wconf 79' lang='lat' dir='ltr'>Ordine</span> <span class='ocrx_word' id='word_1_124' title='bbox 527 1519 681 1561; x_wconf 77' lang='lat' dir='ltr'>gaudent,</span> <span class='ocrx_word' id='word_1_125' title='bbox 709 1518 832 1550; x_wconf 75' lang='lat' dir='ltr'>tametsi</span> <span class='ocrx_word' id='word_1_126' title='bbox 859 1517 988 1560; x_wconf 75' lang='lat' dir='ltr'>aliquae</span> <span class='ocrx_word' id='word_1_127' title='bbox 1025 1516 1127 1559; x_wconf 84' lang='lat' dir='ltr'>quali-</span> 
     </span>
     <span class='ocr_line' id='line_1_30' title="bbox 384 1570 1126 1606; baseline -0.005 -1"><span class='ocrx_word' id='word_1_128' title='bbox 384 1578 465 1606; x_wconf 84' lang='lat' dir='ltr'>tates</span> <span class='ocrx_word' id='word_1_129' title='bbox 493 1573 530 1605; x_wconf 86' lang='lat' dir='ltr'>ad</span> <span class='ocrx_word' id='word_1_130' title='bbox 558 1573 621 1605; x_wconf 82' lang='lat' dir='ltr'>boc</span> <span class='ocrx_word' id='word_1_131' title='bbox 655 1583 672 1604; x_wconf 84' lang='lat' dir='ltr'>a</span> <span class='ocrx_word' id='word_1_132' title='bbox 708 1571 801 1604; x_wconf 87' lang='lat' dir='ltr'>dictis</span> <span class='ocrx_word' id='word_1_133' title='bbox 836 1570 1126 1604; x_wconf 81' lang='lat' dir='ltr'>constitutionibus</span> 
     </span>
     <span class='ocr_line' id='line_1_31' title="bbox 383 1623 1126 1670; baseline -0.007 -10"><span class='ocrx_word' id='word_1_134' title='bbox 383 1627 560 1670; x_wconf 74' lang='lat' dir='ltr'>requisitae</span> <span class='ocrx_word' id='word_1_135' title='bbox 598 1625 643 1658; x_wconf 86' lang='lat' dir='ltr'>eis</span> <span class='ocrx_word' id='word_1_136' title='bbox 676 1624 868 1667; x_wconf 76' lang='lat' dir='ltr'>ceteroquin</span> <span class='ocrx_word' id='word_1_137' title='bbox 894 1624 1057 1663; x_wconf 73' lang='lat' dir='ltr'>deessent,</span> <span class='ocrx_word' id='word_1_138' title='bbox 1085 1623 1126 1656; x_wconf 89' lang='lat' dir='ltr'>ob</span> 
     </span>
     <span class='ocr_line' id='line_1_32' title="bbox 383 1677 1126 1722; baseline -0.004 -10"><span class='ocrx_word' id='word_1_139' title='bbox 383 1679 470 1722; x_wconf 77' lang='lat' dir='ltr'>longi</span> <span class='ocrx_word' id='word_1_140' title='bbox 490 1679 614 1711; x_wconf 87' lang='lat' dir='ltr'>itineris</span> <span class='ocrx_word' id='word_1_141' title='bbox 629 1679 757 1711; x_wconf 83' lang='lat' dir='ltr'>labores</span> <span class='ocrx_word' id='word_1_142' title='bbox 777 1689 813 1710; x_wconf 87' lang='lat' dir='ltr'>ac</span> <span class='ocrx_word' id='word_1_143' title='bbox 832 1677 1126 1720; x_wconf 75' lang='lat' dir='ltr'>discrimina,qua0</span> 
     </span>
     <span class='ocr_line' id='line_1_33' title="bbox 383 1730 1128 1774; baseline -0.004 -9"><span class='ocrx_word' id='word_1_144' title='bbox 383 1733 493 1765; x_wconf 82' lang='lat' dir='ltr'>subire</span> <span class='ocrx_word' id='word_1_145' title='bbox 507 1732 639 1772; x_wconf 79' lang='lat' dir='ltr'>debent,</span> <span class='ocrx_word' id='word_1_146' title='bbox 652 1742 805 1764; x_wconf 82' lang='lat' dir='ltr'>concessa</span> <span class='ocrx_word' id='word_1_147' title='bbox 817 1731 1031 1774; x_wconf 75' lang='lat' dir='ltr'>reperiantur,</span> <span class='ocrx_word' id='word_1_148' title='bbox 1043 1730 1128 1773; x_wconf 88' lang='lat' dir='ltr'>ipse-</span> 
     </span>
     <span class='ocr_line' id='line_1_34' title="bbox 384 1784 1127 1829; baseline -0.003 -12"><span class='ocrx_word' id='word_1_149' title='bbox 384 1796 447 1829; x_wconf 83' lang='lat' dir='ltr'>que</span> <span class='ocrx_word' id='word_1_150' title='bbox 472 1786 663 1818; x_wconf 55' lang='lat' dir='ltr'>Emn‘ianuel</span> <span class='ocrx_word' id='word_1_151' title='bbox 688 1787 751 1817; x_wconf 65' lang='lat' dir='ltr'>unit</span> <span class='ocrx_word' id='word_1_152' title='bbox 776 1794 849 1816; x_wconf 90' lang='lat' dir='ltr'>cum</span> <span class='ocrx_word' id='word_1_153' title='bbox 875 1784 990 1817; x_wconf 85' lang='lat' dir='ltr'>ceteris</span> <span class='ocrx_word' id='word_1_154' title='bbox 1013 1784 1127 1817; x_wconf 86' lang='lat' dir='ltr'>vocali-</span> 
     </span>
     <span class='ocr_line' id='line_1_35' title="bbox 383 1837 1126 1882; baseline -0.001 -11"><span class='ocrx_word' id='word_1_155' title='bbox 383 1839 442 1871; x_wconf 85' lang='lat' dir='ltr'>bus</span> <span class='ocrx_word' id='word_1_156' title='bbox 469 1838 657 1882; x_wconf 79' lang='lat' dir='ltr'>praedictis,</span> <span class='ocrx_word' id='word_1_157' title='bbox 686 1837 895 1871; x_wconf 77' lang='lat' dir='ltr'>considerans</span> <span class='ocrx_word' id='word_1_158' title='bbox 929 1847 962 1870; x_wconf 90' lang='lat' dir='ltr'>se</span> <span class='ocrx_word' id='word_1_159' title='bbox 995 1847 1126 1880; x_wconf 84' lang='lat' dir='ltr'>quoque</span> 
     </span>
     <span class='ocr_line' id='line_1_36' title="bbox 386 1890 1127 1925; baseline -0.003 0"><span class='ocrx_word' id='word_1_160' title='bbox 386 1897 418 1925; x_wconf 87' lang='lat' dir='ltr'>et</span> <span class='ocrx_word' id='word_1_161' title='bbox 435 1892 550 1925; x_wconf 82' lang='lat' dir='ltr'>fratres</span> <span class='ocrx_word' id='word_1_162' title='bbox 569 1892 787 1924; x_wconf 85' lang='lat' dir='ltr'>Discalceatos</span> <span class='ocrx_word' id='word_1_163' title='bbox 804 1890 925 1923; x_wconf 89' lang='lat' dir='ltr'>eisdem</span> <span class='ocrx_word' id='word_1_164' title='bbox 947 1891 1127 1923; x_wconf 88' lang='lat' dir='ltr'>incommo-</span> 
     </span>
     <span class='ocr_line' id='line_1_37' title="bbox 385 1943 1128 1987; baseline 0 -11"><span class='ocrx_word' id='word_1_165' title='bbox 385 1945 433 1977; x_wconf 87' lang='lat' dir='ltr'>dis</span> <span class='ocrx_word' id='word_1_166' title='bbox 459 1956 494 1977; x_wconf 86' lang='lat' dir='ltr'>ac</span> <span class='ocrx_word' id='word_1_167' title='bbox 519 1945 772 1984; x_wconf 81' lang='lat' dir='ltr'>difficultatibus,</span> <span class='ocrx_word' id='word_1_168' title='bbox 799 1944 917 1987; x_wconf 89' lang='lat' dir='ltr'>quibus</span> <span class='ocrx_word' id='word_1_169' title='bbox 937 1944 982 1977; x_wconf 91' lang='lat' dir='ltr'>illi</span> <span class='ocrx_word' id='word_1_170' title='bbox 1009 1943 1048 1976; x_wconf 89' lang='lat' dir='ltr'>de</span> <span class='ocrx_word' id='word_1_171' title='bbox 1066 1944 1128 1976; x_wconf 90' lang='lat' dir='ltr'>Ob-</span> 
     </span>
     <span class='ocr_line' id='line_1_38' title="bbox 385 1997 1127 2041; baseline -0.001 -10"><span class='ocrx_word' id='word_1_172' title='bbox 385 2000 546 2031; x_wconf 70' lang='lat' dir='ltr'>servantia</span> <span class='ocrx_word' id='word_1_173' title='bbox 570 1998 745 2037; x_wconf 81' lang='lat' dir='ltr'>subiacent,</span> <span class='ocrx_word' id='word_1_174' title='bbox 773 1998 803 2029; x_wconf 88' lang='lat' dir='ltr'>in</span> <span class='ocrx_word' id='word_1_175' title='bbox 830 2008 959 2030; x_wconf 82' lang='lat' dir='ltr'>accessu</span> <span class='ocrx_word' id='word_1_176' title='bbox 986 1997 1024 2029; x_wconf 91' lang='lat' dir='ltr'>ad</span> <span class='ocrx_word' id='word_1_177' title='bbox 1041 1998 1127 2041; x_wconf 89' lang='lat' dir='ltr'>eapi-</span> 
     </span>
     <span class='ocr_line' id='line_1_39' title="bbox 386 2050 1125 2094; baseline 0 -11"><span class='ocrx_word' id='word_1_178' title='bbox 386 2053 452 2084; x_wconf 84' lang='lat' dir='ltr'>tula</span> <span class='ocrx_word' id='word_1_179' title='bbox 477 2051 641 2094; x_wconf 74' lang='lat' dir='ltr'>generalia</span> <span class='ocrx_word' id='word_1_180' title='bbox 659 2050 847 2083; x_wconf 86' lang='lat' dir='ltr'>huiusmodi</span> <span class='ocrx_word' id='word_1_181' title='bbox 866 2050 1024 2083; x_wconf 75' lang='lat' dir='ltr'>obnoxios</span> <span class='ocrx_word' id='word_1_182' title='bbox 1043 2061 1125 2091; x_wconf 79' lang='lat' dir='ltr'>esse,</span> 
     </span>
     <span class='ocr_line' id='line_1_40' title="bbox 386 2102 1126 2146; baseline 0.001 -11"><span class='ocrx_word' id='word_1_183' title='bbox 386 2113 426 2136; x_wconf 91' lang='lat' dir='ltr'>ne</span> <span class='ocrx_word' id='word_1_184' title='bbox 452 2103 576 2136; x_wconf 86' lang='lat' dir='ltr'>diverso</span> <span class='ocrx_word' id='word_1_185' title='bbox 608 2104 647 2136; x_wconf 88' lang='lat' dir='ltr'>ab</span> <span class='ocrx_word' id='word_1_186' title='bbox 680 2103 726 2135; x_wconf 85' lang='lat' dir='ltr'>eis</span> <span class='ocrx_word' id='word_1_187' title='bbox 763 2103 849 2142; x_wconf 89' lang='lat' dir='ltr'>iure,</span> <span class='ocrx_word' id='word_1_188' title='bbox 881 2102 935 2135; x_wconf 87' lang='lat' dir='ltr'>ubi</span> <span class='ocrx_word' id='word_1_189' title='bbox 962 2113 1020 2146; x_wconf 87' lang='lat' dir='ltr'>par</span> <span class='ocrx_word' id='word_1_190' title='bbox 1045 2103 1126 2136; x_wconf 86' lang='lat' dir='ltr'>ratio</span> 
     </span>
     <span class='ocr_line' id='line_1_41' title="bbox 386 2155 1127 2199; baseline 0.001 -11"><span class='ocrx_word' id='word_1_191' title='bbox 386 2156 525 2195; x_wconf 82' lang='lat' dir='ltr'>militat,</span> <span class='ocrx_word' id='word_1_192' title='bbox 552 2161 776 2195; x_wconf 86' lang='lat' dir='ltr'>censerentur,</span> <span class='ocrx_word' id='word_1_193' title='bbox 813 2155 1053 2199; x_wconf 87' lang='lat' dir='ltr'>deteriorisque</span> <span class='ocrx_word' id='word_1_194' title='bbox 1092 2166 1127 2189; x_wconf 88' lang='lat' dir='ltr'>ac</span> 
     </span>
     <span class='ocr_line' id='line_1_42' title="bbox 388 2207 1127 2252; baseline 0 -11"><span class='ocrx_word' id='word_1_195' title='bbox 388 2207 455 2242; x_wconf 64' lang='grc' dir='ltr'>ὶΙΙί9</span> <span class='ocrx_word' id='word_1_196' title='bbox 477 2209 580 2242; x_wconf 80' lang='lat' dir='ltr'>serent</span> <span class='ocrx_word' id='word_1_197' title='bbox 595 2208 798 2248; x_wconf 80' lang='lat' dir='ltr'>conditionis,</span> <span class='ocrx_word' id='word_1_198' title='bbox 817 2218 930 2252; x_wconf 83' lang='lat' dir='ltr'>preces</span> <span class='ocrx_word' id='word_1_199' title='bbox 952 2209 1127 2242; x_wconf 82' lang='lat' dir='ltr'>novissimo</span> 
     </span>
    </p>
   </div>
   <div class='ocr_carea' id='block_1_11' title="bbox 389 2297 1129 2687">
    <p class='ocr_par' dir='ltr' id='par_1_11' title="bbox 389 2297 1129 2640">
     <span class='ocr_line' id='line_1_43' title="bbox 425 2297 1127 2325; baseline 0.001 -2"><span class='ocrx_word' id='word_1_200' title='bbox 425 2298 434 2323; x_wconf 84' lang='lat'>1</span> <span class='ocrx_word' id='word_1_201' title='bbox 458 2297 497 2323; x_wconf 88' lang='lat' dir='ltr'>De</span> <span class='ocrx_word' id='word_1_202' title='bbox 518 2297 721 2324; x_wconf 78' lang='lat' dir='ltr'>confirmatione</span> <span class='ocrx_word' id='word_1_203' title='bbox 746 2297 860 2323; x_wconf 87' lang='lat' dir='ltr'>aliorum</span> <span class='ocrx_word' id='word_1_204' title='bbox 888 2297 1060 2325; x_wconf 85' lang='lat' dir='ltr'>decretorum</span> <span class='ocrx_word' id='word_1_205' title='bbox 1080 2305 1127 2324; x_wconf 85' lang='lat' dir='ltr'>ca-</span> 
     </span>
     <span class='ocr_line' id='line_1_44' title="bbox 390 2341 1126 2376; baseline 0.003 -9"><span class='ocrx_word' id='word_1_206' title='bbox 390 2341 465 2375; x_wconf 86' lang='lat' dir='ltr'>pituli</span> <span class='ocrx_word' id='word_1_207' title='bbox 485 2342 618 2376; x_wconf 84' lang='lat' dir='ltr'>generalis</span> <span class='ocrx_word' id='word_1_208' title='bbox 638 2342 797 2368; x_wconf 85' lang='lat' dir='ltr'>eorumdem</span> <span class='ocrx_word' id='word_1_209' title='bbox 817 2341 932 2368; x_wconf 83' lang='lat' dir='ltr'>fratrum</span> <span class='ocrx_word' id='word_1_210' title='bbox 961 2342 1020 2369; x_wconf 87' lang='lat' dir='ltr'>vide</span> <span class='ocrx_word' id='word_1_211' title='bbox 1049 2342 1126 2369; x_wconf 82' lang='lat' dir='ltr'>aliam</span> 
     </span>
     <span class='ocr_line' id='line_1_45' title="bbox 389 2385 1128 2422; baseline 0.004 -11"><span class='ocrx_word' id='word_1_212' title='bbox 389 2385 468 2412; x_wconf 86' lang='lat' dir='ltr'>huius</span> <span class='ocrx_word' id='word_1_213' title='bbox 488 2387 625 2413; x_wconf 80' lang='lat' dir='ltr'>Pontificis</span> <span class='ocrx_word' id='word_1_214' title='bbox 646 2387 751 2414; x_wconf 80' lang='lat' dir='ltr'>constit.</span> <span class='ocrx_word' id='word_1_215' title='bbox 780 2387 845 2414; x_wconf 83' lang='lat' dir='ltr'>edit.</span> <span class='ocrx_word' id='word_1_216' title='bbox 875 2394 1010 2422; x_wconf 77' lang='lat' dir='ltr'>MDchxx,</span> <span class='ocrx_word' id='word_1_217' title='bbox 1032 2388 1074 2414; x_wconf 89' lang='lat' dir='ltr'>die</span> <span class='ocrx_word' id='word_1_218' title='bbox 1097 2388 1128 2414; x_wconf 78' lang='lat'>19</span> 
     </span>
     <span class='ocr_line' id='line_1_46' title="bbox 389 2430 1126 2465; baseline 0.005 -10"><span class='ocrx_word' id='word_1_219' title='bbox 389 2430 513 2464; x_wconf 84' lang='lat' dir='ltr'>ianuarii,</span> <span class='ocrx_word' id='word_1_220' title='bbox 535 2432 629 2465; x_wconf 86' lang='lat' dir='ltr'>pontis.</span> <span class='ocrx_word' id='word_1_221' title='bbox 652 2438 675 2457; x_wconf 65' lang='lat' dir='ltr'>rt</span> <span class='ocrx_word' id='word_1_222' title='bbox 694 2441 699 2463; x_wconf 85' lang='grc'>;</span> <span class='ocrx_word' id='word_1_223' title='bbox 717 2436 743 2458; x_wconf 89' lang='lat' dir='ltr'>et</span> <span class='ocrx_word' id='word_1_224' title='bbox 771 2432 921 2459; x_wconf 85' lang='lat' dir='ltr'>Innocentii</span> <span class='ocrx_word' id='word_1_225' title='bbox 941 2433 1000 2459; x_wconf 83' lang='lat' dir='ltr'>XIII</span> <span class='ocrx_word' id='word_1_226' title='bbox 1020 2432 1126 2459; x_wconf 82' lang='lat' dir='ltr'>constit.</span> 
     </span>
     <span class='ocr_line' id='line_1_47' title="bbox 391 2473 1129 2510; baseline 0.005 -11"><span class='ocrx_word' id='word_1_227' title='bbox 391 2473 455 2500; x_wconf 84' lang='lat' dir='ltr'>edit.</span> <span class='ocrx_word' id='word_1_228' title='bbox 477 2481 622 2508; x_wconf 72' lang='lat' dir='ltr'>nnccxuu,</span> <span class='ocrx_word' id='word_1_229' title='bbox 643 2475 685 2502; x_wconf 81' lang='lat' dir='ltr'>die</span> <span class='ocrx_word' id='word_1_230' title='bbox 707 2476 721 2502; x_wconf 87' lang='lat'><strong>3</strong></span> <span class='ocrx_word' id='word_1_231' title='bbox 741 2475 818 2509; x_wconf 82' lang='lat' dir='ltr'>iunii,</span> <span class='ocrx_word' id='word_1_232' title='bbox 844 2476 941 2510; x_wconf 82' lang='lat' dir='ltr'>pontis.</span> <span class='ocrx_word' id='word_1_233' title='bbox 963 2482 1000 2510; x_wconf 75' lang='lat' dir='ltr'>tu,</span> <span class='ocrx_word' id='word_1_234' title='bbox 1031 2477 1129 2503; x_wconf 87' lang='lat' dir='ltr'>contir-</span> 
     </span>
     <span class='ocr_line' id='line_1_48' title="bbox 392 2519 1128 2555; baseline 0.007 -13"><span class='ocrx_word' id='word_1_235' title='bbox 392 2521 492 2543; x_wconf 82' lang='lat' dir='ltr'>matuin</span> <span class='ocrx_word' id='word_1_236' title='bbox 514 2519 563 2544; x_wconf 83' lang='lat' dir='ltr'>suit</span> <span class='ocrx_word' id='word_1_237' title='bbox 583 2519 723 2545; x_wconf 84' lang='lat' dir='ltr'>decretum</span> <span class='ocrx_word' id='word_1_238' title='bbox 739 2520 851 2546; x_wconf 81' lang='lat' dir='ltr'>ulterius</span> <span class='ocrx_word' id='word_1_239' title='bbox 867 2520 975 2555; x_wconf 85' lang='lat' dir='ltr'>capituli</span> <span class='ocrx_word' id='word_1_240' title='bbox 991 2522 1128 2555; x_wconf 77' lang='lat' dir='ltr'>generalis</span> 
     </span>
     <span class='ocr_line' id='line_1_49' title="bbox 392 2562 1129 2600; baseline 0.008 -14"><span class='ocrx_word' id='word_1_241' title='bbox 392 2562 548 2589; x_wconf 82' lang='lat' dir='ltr'>eorumdem</span> <span class='ocrx_word' id='word_1_242' title='bbox 569 2563 595 2589; x_wconf 86' lang='lat' dir='ltr'>in</span> <span class='ocrx_word' id='word_1_243' title='bbox 616 2572 736 2598; x_wconf 85' lang='lat' dir='ltr'>perenne</span> <span class='ocrx_word' id='word_1_244' title='bbox 756 2565 825 2599; x_wconf 82' lang='lat' dir='ltr'>grati</span> <span class='ocrx_word' id='word_1_245' title='bbox 845 2565 927 2591; x_wconf 82' lang='lat' dir='ltr'>animi</span> <span class='ocrx_word' id='word_1_246' title='bbox 948 2573 1011 2600; x_wconf 76' lang='lat' dir='ltr'>erga</span> <span class='ocrx_word' id='word_1_247' title='bbox 1027 2565 1129 2592; x_wconf 86' lang='lat' dir='ltr'>Sancti-</span> 
     </span>
     <span class='ocr_line' id='line_1_50' title="bbox 392 2604 932 2640; baseline 0.009 -10"><span class='ocrx_word' id='word_1_248' title='bbox 392 2604 452 2631; x_wconf 80' lang='lat' dir='ltr'>tatis</span> <span class='ocrx_word' id='word_1_249' title='bbox 471 2606 539 2632; x_wconf 82' lang='lat' dir='ltr'>Suae</span> <span class='ocrx_word' id='word_1_250' title='bbox 559 2611 747 2640; x_wconf 77' lang='lat' dir='ltr'>argumentum</span> <span class='ocrx_word' id='word_1_251' title='bbox 768 2612 932 2635; x_wconf 79' lang='lat' dir='ltr'>emanatum.</span> 
     </span>
    </p>

    <p class='ocr_par' dir='ltr' id='par_1_12' title="bbox 426 2648 920 2687">
     <span class='ocr_line' id='line_1_51' title="bbox 426 2648 920 2687; baseline 0.008 -12"><span class='ocrx_word' id='word_1_252' title='bbox 426 2650 441 2675; x_wconf 69' lang='lat'>⁰2</span> <span class='ocrx_word' id='word_1_253' title='bbox 462 2648 531 2676; x_wconf 77' lang='lat' dir='ltr'>Edit.</span> <span class='ocrx_word' id='word_1_254' title='bbox 554 2650 631 2677; x_wconf 73' lang='lat' dir='ltr'>lllaiu.</span> <span class='ocrx_word' id='word_1_255' title='bbox 654 2651 716 2685; x_wconf 79' lang='lat' dir='ltr'>legit</span> <span class='ocrx_word' id='word_1_256' title='bbox 736 2653 796 2679; x_wconf 72' lang='lat' dir='ltr'>illis</span> <span class='ocrx_word' id='word_1_257' title='bbox 815 2653 920 2687; x_wconf 72' lang='lat' dir='ltr'>(1:.T.).</span> 
     </span>
    </p>
   </div>
   <div class='ocr_carea' id='block_1_12' title="bbox 961 253 1325 280">
    <p class='ocr_par' dir='ltr' id='par_1_13' title="bbox 961 253 1325 280">
     <span class='ocr_line' id='line_1_52' title="bbox 961 253 1325 280; baseline -0.005 -1"><span class='ocrx_word' id='word_1_258' title='bbox 961 254 1143 280; x_wconf 70' lang='lat' dir='ltr'>BULLAMUM</span> <span class='ocrx_word' id='word_1_259' title='bbox 1167 253 1325 278; x_wconf 67' lang='lat' dir='ltr'><strong>ROMANUM</strong></span> 
     </span>
    </p>
   </div>
   <div class='ocr_carea' id='block_1_13' title="bbox 1168 251 2105 2689">
    <p class='ocr_par' dir='ltr' id='par_1_14' title="bbox 1168 251 2104 346">
     <span class='ocr_line' id='line_1_53' title="bbox 1916 251 2104 281; baseline 0.011 -2"><span class='ocrx_word' id='word_1_260' title='bbox 1916 251 1968 280; x_wconf 86' lang='lat' dir='ltr'>An.</span> <span class='ocrx_word' id='word_1_261' title='bbox 1991 252 2020 280; x_wconf 87' lang='lat' dir='ltr'>C.</span> <span class='ocrx_word' id='word_1_262' title='bbox 2038 251 2104 281; x_wconf 75' lang='lat'>1729</span> 
     </span>
     <span class='ocr_line' id='line_1_54' title="bbox 1168 301 1912 346; baseline 0 -12"><span class='ocrx_word' id='word_1_263' title='bbox 1168 303 1312 345; x_wconf 85' lang='lat' dir='ltr'>capitulo</span> <span class='ocrx_word' id='word_1_264' title='bbox 1349 303 1494 345; x_wconf 77' lang='lat' dir='ltr'>generali</span> <span class='ocrx_word' id='word_1_265' title='bbox 1530 303 1676 346; x_wconf 82' lang='lat' dir='ltr'>praefato</span> <span class='ocrx_word' id='word_1_266' title='bbox 1711 301 1912 346; x_wconf 83' lang='lat' dir='ltr'>porrexisset</span> 
     </span>
    </p>

    <p class='ocr_par' dir='ltr' id='par_1_15' title="bbox 1168 354 1912 398">
     <span class='ocr_line' id='line_1_55' title="bbox 1168 354 1912 398; baseline 0 -10"><span class='ocrx_word' id='word_1_267' title='bbox 1168 355 1205 388; x_wconf 84' lang='lat' dir='ltr'>ad</span> <span class='ocrx_word' id='word_1_268' title='bbox 1232 356 1294 388; x_wconf 86' lang='lat' dir='ltr'>boc</span> <span class='ocrx_word' id='word_1_269' title='bbox 1329 361 1364 388; x_wconf 89' lang='lat' dir='ltr'>nt</span> <span class='ocrx_word' id='word_1_270' title='bbox 1388 355 1571 398; x_wconf 83' lang='lat' dir='ltr'>praemium</span> <span class='ocrx_word' id='word_1_271' title='bbox 1597 355 1750 388; x_wconf 83' lang='lat' dir='ltr'>fratribus</span> <span class='ocrx_word' id='word_1_272' title='bbox 1786 354 1825 388; x_wconf 86' lang='lat' dir='ltr'>de</span> <span class='ocrx_word' id='word_1_273' title='bbox 1849 354 1912 388; x_wconf 91' lang='lat' dir='ltr'>Ob—</span> 
     </span>
    </p>

    <p class='ocr_par' dir='ltr' id='par_1_16' title="bbox 1168 407 1912 504">
     <span class='ocr_line' id='line_1_56' title="bbox 1169 407 1912 451; baseline 0 -11"><span class='ocrx_word' id='word_1_274' title='bbox 1169 408 1332 441; x_wconf 77' lang='lat' dir='ltr'>servantia</span> <span class='ocrx_word' id='word_1_275' title='bbox 1350 418 1386 441; x_wconf 87' lang='lat' dir='ltr'>ex</span> <span class='ocrx_word' id='word_1_276' title='bbox 1404 407 1502 441; x_wconf 89' lang='lat' dir='ltr'>lndiis</span> <span class='ocrx_word' id='word_1_277' title='bbox 1521 408 1559 440; x_wconf 90' lang='lat' dir='ltr'>ad</span> <span class='ocrx_word' id='word_1_278' title='bbox 1584 408 1726 451; x_wconf 84' lang='lat' dir='ltr'>capitula</span> <span class='ocrx_word' id='word_1_279' title='bbox 1747 407 1912 451; x_wconf 81' lang='lat' dir='ltr'>generalia</span> 
     </span>
     <span class='ocr_line' id='line_1_57' title="bbox 1168 461 1912 504; baseline 0 -11"><span class='ocrx_word' id='word_1_280' title='bbox 1168 461 1373 494; x_wconf 84' lang='lat' dir='ltr'>venientibus</span> <span class='ocrx_word' id='word_1_281' title='bbox 1413 472 1473 504; x_wconf 80' lang='lat' dir='ltr'>per</span> <span class='ocrx_word' id='word_1_282' title='bbox 1519 461 1620 494; x_wconf 88' lang='lat' dir='ltr'>dictas</span> <span class='ocrx_word' id='word_1_283' title='bbox 1661 461 1912 494; x_wconf 86' lang='lat' dir='ltr'>constitutiones</span> 
     </span>
    </p>

    <p class='ocr_par' dir='ltr' id='par_1_17' title="bbox 1168 514 1913 558">
     <span class='ocr_line' id='line_1_58' title="bbox 1168 514 1913 558; baseline 0 -11"><span class='ocrx_word' id='word_1_284' title='bbox 1168 519 1322 548; x_wconf 86' lang='lat' dir='ltr'>statutum</span> <span class='ocrx_word' id='word_1_285' title='bbox 1353 520 1429 547; x_wconf 89' lang='lat' dir='ltr'>tunc</span> <span class='ocrx_word' id='word_1_286' title='bbox 1447 525 1483 547; x_wconf 86' lang='lat' dir='ltr'>ac</span> <span class='ocrx_word' id='word_1_287' title='bbox 1500 514 1654 558; x_wconf 84' lang='lat' dir='ltr'>deinceps</span> <span class='ocrx_word' id='word_1_288' title='bbox 1680 515 1718 548; x_wconf 85' lang='lat' dir='ltr'>ad</span> <span class='ocrx_word' id='word_1_289' title='bbox 1743 514 1831 558; x_wconf 87' lang='lat' dir='ltr'>ipsos</span> <span class='ocrx_word' id='word_1_290' title='bbox 1852 514 1913 547; x_wconf 85' lang='lat' dir='ltr'>sra-</span> 
     </span>
    </p>

    <p class='ocr_par' dir='ltr' id='par_1_18' title="bbox 1170 567 1911 611">
     <span class='ocr_line' id='line_1_59' title="bbox 1170 567 1911 611; baseline -0.001 -10"><span class='ocrx_word' id='word_1_291' title='bbox 1170 573 1233 601; x_wconf 87' lang='lat' dir='ltr'>tres</span> <span class='ocrx_word' id='word_1_292' title='bbox 1268 568 1483 601; x_wconf 85' lang='lat' dir='ltr'>Disealceatos</span> <span class='ocrx_word' id='word_1_293' title='bbox 1520 568 1772 608; x_wconf 83' lang='lat' dir='ltr'>extenderetur,</span> <span class='ocrx_word' id='word_1_294' title='bbox 1805 567 1911 611; x_wconf 87' lang='lat' dir='ltr'>iisque</span> 
     </span>
    </p>

    <p class='ocr_par' dir='ltr' id='par_1_19' title="bbox 1170 620 1914 665">
     <span class='ocr_line' id='line_1_60' title="bbox 1170 620 1914 665; baseline 0 -12"><span class='ocrx_word' id='word_1_295' title='bbox 1170 621 1284 654; x_wconf 87' lang='lat' dir='ltr'>rationi</span> <span class='ocrx_word' id='word_1_296' title='bbox 1323 621 1476 655; x_wconf 86' lang='lat' dir='ltr'>consonis</span> <span class='ocrx_word' id='word_1_297' title='bbox 1510 620 1666 665; x_wconf 66' lang='lat' dir='ltr'>repertis,</span> <span class='ocrx_word' id='word_1_298' title='bbox 1699 621 1860 654; x_wconf 82' lang='lat' dir='ltr'>emanavit</span> <span class='ocrx_word' id='word_1_299' title='bbox 1895 630 1914 653; x_wconf 88' lang='lat' dir='ltr'>a</span> 
     </span>
    </p>

    <p class='ocr_par' dir='ltr' id='par_1_20' title="bbox 1168 673 1914 718">
     <span class='ocr_line' id='line_1_61' title="bbox 1168 673 1914 718; baseline 0 -12"><span class='ocrx_word' id='word_1_300' title='bbox 1168 673 1254 707; x_wconf 87' lang='lat' dir='ltr'>dicto</span> <span class='ocrx_word' id='word_1_301' title='bbox 1284 675 1427 718; x_wconf 85' lang='lat' dir='ltr'>capitulo</span> <span class='ocrx_word' id='word_1_302' title='bbox 1453 674 1596 716; x_wconf 79' lang='lat' dir='ltr'>generali</span> <span class='ocrx_word' id='word_1_303' title='bbox 1627 674 1794 708; x_wconf 87' lang='lat' dir='ltr'>decretum</span> <span class='ocrx_word' id='word_1_304' title='bbox 1822 679 1914 707; x_wconf 88' lang='lat' dir='ltr'>teno-</span> 
     </span>
    </p>

    <p class='ocr_par' dir='ltr' id='par_1_21' title="bbox 1170 727 1676 771">
     <span class='ocr_line' id='line_1_62' title="bbox 1170 727 1676 771; baseline 0.002 -12"><span class='ocrx_word' id='word_1_305' title='bbox 1170 727 1212 759; x_wconf 85' lang='lat' dir='ltr'>ris</span> <span class='ocrx_word' id='word_1_306' title='bbox 1237 727 1290 770; x_wconf 89' lang='lat' dir='ltr'>qui</span> <span class='ocrx_word' id='word_1_307' title='bbox 1318 728 1476 771; x_wconf 75' lang='lat' dir='ltr'>sequitur,</span> <span class='ocrx_word' id='word_1_308' title='bbox 1502 727 1676 761; x_wconf 86' lang='lat' dir='ltr'>videlicet:</span> 
     </span>
    </p>

    <p class='ocr_par' dir='ltr' id='par_1_22' title="bbox 1168 784 2105 1409">
     <span class='ocr_line' id='line_1_63' title="bbox 1208 784 2104 824; baseline 0 -9"><span class='ocrx_word' id='word_1_309' title='bbox 1208 785 1373 816; x_wconf 80' lang='lat' dir='ltr'>Convocato</span> <span class='ocrx_word' id='word_1_310' title='bbox 1396 785 1560 816; x_wconf 84' lang='lat' dir='ltr'>definitorio</span> <span class='ocrx_word' id='word_1_311' title='bbox 1582 785 1711 824; x_wconf 80' lang='lat' dir='ltr'>generali</span> <span class='ocrx_word' id='word_1_312' title='bbox 1741 785 1788 816; x_wconf 85' lang='lat' dir='ltr'>die</span> <span class='ocrx_word' id='word_1_313' title='bbox 1817 794 1845 815; x_wconf 62' lang='lat'>&gt;21</span> <span class='ocrx_word' id='word_1_314' title='bbox 1867 784 1911 815; x_wconf 90' lang='lat' dir='ltr'>iu·</span> <span class='ocrx_word' id='word_1_315' title='bbox 1993 789 2104 820; x_wconf 58' lang='lat' dir='ltr'>Des-“rutum</span> 
     </span>
     <span class='ocr_line' id='line_1_64' title="bbox 1168 816 2105 874; baseline 0.001 -11"><span class='ocrx_word' id='word_1_316' title='bbox 1168 834 1222 871; x_wconf 83' lang='lat' dir='ltr'>nii,</span> <span class='ocrx_word' id='word_1_317' title='bbox 1247 833 1445 873; x_wconf 84' lang='lat' dir='ltr'>pendentibus</span> <span class='ocrx_word' id='word_1_318' title='bbox 1467 834 1562 864; x_wconf 81' lang='lat' dir='ltr'>adhuc</span> <span class='ocrx_word' id='word_1_319' title='bbox 1584 834 1657 864; x_wconf 83' lang='lat' dir='ltr'>actis</span> <span class='ocrx_word' id='word_1_320' title='bbox 1684 833 1908 874; x_wconf 84' lang='lat' dir='ltr'>capitularibus,</span> <span class='ocrx_word' id='word_1_321' title='bbox 1922 816 2105 869; x_wconf 59' lang='lat' dir='ltr'>fJii⁰22⁰=1²3r3iiR¹‘</span> 
     </span>
     <span class='ocr_line' id='line_1_65' title="bbox 1169 882 1909 923; baseline 0 -10"><span class='ocrx_word' id='word_1_322' title='bbox 1169 887 1197 913; x_wconf 89' lang='lat' dir='ltr'>et</span> <span class='ocrx_word' id='word_1_323' title='bbox 1221 883 1379 922; x_wconf 80' lang='lat' dir='ltr'>propositiS</span> <span class='ocrx_word' id='word_1_324' title='bbox 1404 883 1432 912; x_wconf 88' lang='lat' dir='ltr'>in</span> <span class='ocrx_word' id='word_1_325' title='bbox 1457 892 1490 913; x_wconf 88' lang='lat' dir='ltr'>eo</span> <span class='ocrx_word' id='word_1_326' title='bbox 1517 882 1667 913; x_wconf 83' lang='lat' dir='ltr'>laboribus</span> <span class='ocrx_word' id='word_1_327' title='bbox 1697 887 1725 913; x_wconf 86' lang='lat' dir='ltr'>et</span> <span class='ocrx_word' id='word_1_328' title='bbox 1757 882 1909 923; x_wconf 78' lang='lat' dir='ltr'>perieulis,</span> 
     </span>
     <span class='ocr_line' id='line_1_66' title="bbox 1169 932 1910 972; baseline 0 -10"><span class='ocrx_word' id='word_1_329' title='bbox 1169 932 1278 972; x_wconf 82' lang='lat' dir='ltr'>qulbus</span> <span class='ocrx_word' id='word_1_330' title='bbox 1302 936 1399 971; x_wconf 85' lang='lat' dir='ltr'>patres</span> <span class='ocrx_word' id='word_1_331' title='bbox 1422 932 1537 962; x_wconf 80' lang='lat' dir='ltr'>vocales</span> <span class='ocrx_word' id='word_1_332' title='bbox 1553 932 1702 962; x_wconf 86' lang='lat' dir='ltr'>Indiarum</span> <span class='ocrx_word' id='word_1_333' title='bbox 1720 932 1751 962; x_wconf 80' lang='lat' dir='ltr'>In</span> <span class='ocrx_word' id='word_1_334' title='bbox 1773 936 1831 962; x_wconf 83' lang='lat' dir='ltr'>tam</span> <span class='ocrx_word' id='word_1_335' title='bbox 1848 932 1910 962; x_wconf 91' lang='lat' dir='ltr'>lon-</span> 
     </span>
     <span class='ocr_line' id='line_1_67' title="bbox 1169 980 1912 1019; baseline 0 -9"><span class='ocrx_word' id='word_1_336' title='bbox 1169 991 1204 1019; x_wconf 78' lang='lat' dir='ltr'>go</span> <span class='ocrx_word' id='word_1_337' title='bbox 1228 986 1255 1011; x_wconf 84' lang='lat' dir='ltr'>et</span> <span class='ocrx_word' id='word_1_338' title='bbox 1279 981 1370 1010; x_wconf 83' lang='lat' dir='ltr'>arduo</span> <span class='ocrx_word' id='word_1_339' title='bbox 1393 980 1497 1010; x_wconf 82' lang='lat' dir='ltr'>itinere</span> <span class='ocrx_word' id='word_1_340' title='bbox 1528 980 1653 1010; x_wconf 84' lang='lat' dir='ltr'>subiecti</span> <span class='ocrx_word' id='word_1_341' title='bbox 1682 980 1811 1018; x_wconf 83' lang='lat' dir='ltr'>suerunt,</span> <span class='ocrx_word' id='word_1_342' title='bbox 1834 980 1912 1011; x_wconf 85' lang='lat' dir='ltr'>idern</span> 
     </span>
     <span class='ocr_line' id='line_1_68' title="bbox 1169 1029 1912 1065; baseline 0 -6"><span class='ocrx_word' id='word_1_343' title='bbox 1169 1030 1366 1059; x_wconf 83' lang='lat' dir='ltr'>definitorium</span> <span class='ocrx_word' id='word_1_344' title='bbox 1398 1029 1500 1060; x_wconf 83' lang='lat' dir='ltr'>statuit</span> <span class='ocrx_word' id='word_1_345' title='bbox 1529 1033 1557 1058; x_wconf 88' lang='lat' dir='ltr'>et</span> <span class='ocrx_word' id='word_1_346' title='bbox 1584 1029 1731 1065; x_wconf 86' lang='lat' dir='ltr'>decrevit,</span> <span class='ocrx_word' id='word_1_347' title='bbox 1755 1033 1787 1059; x_wconf 89' lang='lat' dir='ltr'>ut</span> <span class='ocrx_word' id='word_1_348' title='bbox 1810 1038 1912 1059; x_wconf 86' lang='lat' dir='ltr'>omnes</span> 
     </span>
     <span class='ocr_line' id='line_1_69' title="bbox 1171 1078 1914 1118; baseline 0.001 -10"><span class='ocrx_word' id='word_1_349' title='bbox 1171 1079 1293 1118; x_wconf 82' lang='lat' dir='ltr'>praefati</span> <span class='ocrx_word' id='word_1_350' title='bbox 1317 1083 1412 1117; x_wconf 85' lang='lat' dir='ltr'>patres</span> <span class='ocrx_word' id='word_1_351' title='bbox 1433 1079 1559 1113; x_wconf 80' lang='lat' dir='ltr'>vocales,</span> <span class='ocrx_word' id='word_1_352' title='bbox 1584 1078 1638 1108; x_wconf 83' lang='lat' dir='ltr'>etsi</span> <span class='ocrx_word' id='word_1_353' title='bbox 1661 1078 1821 1108; x_wconf 79' lang='lat' dir='ltr'>nonnullae</span> <span class='ocrx_word' id='word_1_354' title='bbox 1843 1078 1914 1109; x_wconf 84' lang='lat' dir='ltr'>defi-</span> 
     </span>
     <span class='ocr_line' id='line_1_70' title="bbox 1170 1127 1913 1166; baseline 0 -9"><span class='ocrx_word' id='word_1_355' title='bbox 1170 1127 1249 1157; x_wconf 82' lang='lat' dir='ltr'>ciant</span> <span class='ocrx_word' id='word_1_356' title='bbox 1282 1127 1439 1166; x_wconf 84' lang='lat' dir='ltr'>qualitates</span> <span class='ocrx_word' id='word_1_357' title='bbox 1473 1136 1525 1166; x_wconf 88' lang='lat' dir='ltr'>pro</span> <span class='ocrx_word' id='word_1_358' title='bbox 1555 1127 1760 1166; x_wconf 85' lang='lat' dir='ltr'>consequendo</span> <span class='ocrx_word' id='word_1_359' title='bbox 1783 1127 1913 1166; x_wconf 85' lang='lat' dir='ltr'>praemio</span> 
     </span>
     <span class='ocr_line' id='line_1_71' title="bbox 1170 1174 1913 1205; baseline -0.001 0"><span class='ocrx_word' id='word_1_360' title='bbox 1170 1179 1278 1205; x_wconf 85' lang='lat' dir='ltr'>statuto</span> <span class='ocrx_word' id='word_1_361' title='bbox 1301 1185 1315 1204; x_wconf 86' lang='lat' dir='ltr'>a</span> <span class='ocrx_word' id='word_1_362' title='bbox 1339 1175 1600 1205; x_wconf 83' lang='lat' dir='ltr'>constitutionibus</span> <span class='ocrx_word' id='word_1_363' title='bbox 1622 1174 1741 1205; x_wconf 85' lang='lat' dir='ltr'>Ordinis</span> <span class='ocrx_word' id='word_1_364' title='bbox 1769 1175 1913 1205; x_wconf 86' lang='lat' dir='ltr'>venienti-</span> 
     </span>
     <span class='ocr_line' id='line_1_72' title="bbox 1170 1224 1914 1264; baseline -0.001 -9"><span class='ocrx_word' id='word_1_365' title='bbox 1170 1225 1223 1255; x_wconf 90' lang='lat' dir='ltr'>bus</span> <span class='ocrx_word' id='word_1_366' title='bbox 1246 1225 1281 1254; x_wconf 83' lang='lat' dir='ltr'>ad</span> <span class='ocrx_word' id='word_1_367' title='bbox 1305 1224 1466 1264; x_wconf 83' lang='lat' dir='ltr'>capitulum</span> <span class='ocrx_word' id='word_1_368' title='bbox 1489 1224 1625 1262; x_wconf 86' lang='lat' dir='ltr'>generale</span> <span class='ocrx_word' id='word_1_369' title='bbox 1655 1224 1827 1264; x_wconf 84' lang='lat' dir='ltr'>praesertim</span> <span class='ocrx_word' id='word_1_370' title='bbox 1858 1224 1914 1254; x_wconf 80' lang='lat' dir='ltr'>ciS-</span> 
     </span>
     <span class='ocr_line' id='line_1_73' title="bbox 1171 1272 1913 1312; baseline -0.001 -9"><span class='ocrx_word' id='word_1_371' title='bbox 1171 1278 1354 1311; x_wconf 87' lang='lat' dir='ltr'>montanum,</span> <span class='ocrx_word' id='word_1_372' title='bbox 1379 1273 1430 1303; x_wconf 83' lang='lat' dir='ltr'>tali</span> <span class='ocrx_word' id='word_1_373' title='bbox 1454 1273 1583 1312; x_wconf 89' lang='lat' dir='ltr'>praemio</span> <span class='ocrx_word' id='word_1_374' title='bbox 1615 1281 1648 1302; x_wconf 87' lang='lat' dir='ltr'>ac</span> <span class='ocrx_word' id='word_1_375' title='bbox 1670 1272 1913 1312; x_wconf 83' lang='lat' dir='ltr'>praeeminentiis</span> 
     </span>
     <span class='ocr_line' id='line_1_74' title="bbox 1170 1320 1915 1359; baseline -0.001 -7"><span class='ocrx_word' id='word_1_376' title='bbox 1170 1322 1227 1352; x_wconf 84' lang='lat' dir='ltr'>frui</span> <span class='ocrx_word' id='word_1_377' title='bbox 1249 1321 1366 1352; x_wconf 86' lang='lat' dir='ltr'>debere.</span> <span class='ocrx_word' id='word_1_378' title='bbox 1401 1321 1504 1351; x_wconf 88' lang='lat' dir='ltr'>Datum</span> <span class='ocrx_word' id='word_1_379' title='bbox 1538 1320 1705 1359; x_wconf 81' lang='lat' dir='ltr'>Mediolani,</span> <span class='ocrx_word' id='word_1_380' title='bbox 1734 1321 1780 1352; x_wconf 88' lang='lat' dir='ltr'>die</span> <span class='ocrx_word' id='word_1_381' title='bbox 1801 1330 1841 1352; x_wconf 86' lang='lat' dir='ltr'>xu</span> <span class='ocrx_word' id='word_1_382' title='bbox 1864 1330 1915 1351; x_wconf 84' lang='lat' dir='ltr'>au-</span> 
     </span>
     <span class='ocr_line' id='line_1_75' title="bbox 1172 1371 1433 1409; baseline -0.004 -9"><span class='ocrx_word' id='word_1_383' title='bbox 1172 1371 1250 1409; x_wconf 83' lang='lat' dir='ltr'>gusti</span> <span class='ocrx_word' id='word_1_384' title='bbox 1272 1379 1433 1401; x_wconf 65' lang='lat' dir='ltr'>nnccxxffl.</span> 
     </span>
    </p>

    <p class='ocr_par' dir='ltr' id='par_1_23' title="bbox 1170 1419 1916 2689">
     <span class='ocr_line' id='line_1_76' title="bbox 1214 1419 1914 1465; baseline 0 -12"><span class='ocrx_word' id='word_1_385' title='bbox 1214 1421 1228 1464; x_wconf 68' lang='grc' dir='ltr'><strong>ἓ</strong></span> <span class='ocrx_word' id='word_1_386' title='bbox 1246 1420 1277 1453; x_wconf 72' lang='lat'>⁶2.</span> <span class='ocrx_word' id='word_1_387' title='bbox 1295 1420 1373 1453; x_wconf 87' lang='lat' dir='ltr'>Cum</span> <span class='ocrx_word' id='word_1_388' title='bbox 1398 1424 1518 1461; x_wconf 86' lang='lat' dir='ltr'>autem,</span> <span class='ocrx_word' id='word_1_389' title='bbox 1546 1420 1630 1453; x_wconf 88' lang='lat' dir='ltr'>sicut</span> <span class='ocrx_word' id='word_1_390' title='bbox 1654 1421 1767 1454; x_wconf 86' lang='lat' dir='ltr'>eadem</span> <span class='ocrx_word' id='word_1_391' title='bbox 1785 1419 1914 1465; x_wconf 80' lang='lat' dir='ltr'>exposi-</span> 
     </span>
     <span class='ocr_line' id='line_1_77' title="bbox 1172 1473 1913 1518; baseline 0.003 -12"><span class='ocrx_word' id='word_1_392' title='bbox 1172 1474 1214 1507; x_wconf 91' lang='lat' dir='ltr'>tio</span> <span class='ocrx_word' id='word_1_393' title='bbox 1240 1474 1466 1516; x_wconf 81' lang='lat' dir='ltr'>subiungebat,</span> <span class='ocrx_word' id='word_1_394' title='bbox 1487 1474 1591 1506; x_wconf 89' lang='lat' dir='ltr'>dictus</span> <span class='ocrx_word' id='word_1_395' title='bbox 1613 1473 1801 1507; x_wconf 82' lang='lat' dir='ltr'>Emmanuel</span> <span class='ocrx_word' id='word_1_396' title='bbox 1819 1485 1913 1518; x_wconf 88' lang='lat' dir='ltr'>prae-</span> 
     </span>
     <span class='ocr_line' id='line_1_78' title="bbox 1171 1526 1914 1571; baseline 0 -11"><span class='ocrx_word' id='word_1_397' title='bbox 1171 1527 1276 1567; x_wconf 84' lang='lat' dir='ltr'>missa,</span> <span class='ocrx_word' id='word_1_398' title='bbox 1297 1538 1361 1571; x_wconf 86' lang='lat' dir='ltr'>quo</span> <span class='ocrx_word' id='word_1_399' title='bbox 1380 1526 1503 1560; x_wconf 77' lang='lat' dir='ltr'>firmius</span> <span class='ocrx_word' id='word_1_400' title='bbox 1522 1527 1701 1560; x_wconf 85' lang='lat' dir='ltr'>subsistant</span> <span class='ocrx_word' id='word_1_401' title='bbox 1725 1537 1761 1560; x_wconf 87' lang='lat' dir='ltr'>ac</span> <span class='ocrx_word' id='word_1_402' title='bbox 1786 1537 1914 1560; x_wconf 88' lang='lat' dir='ltr'>serven-</span> 
     </span>
     <span class='ocr_line' id='line_1_79' title="bbox 1171 1580 1913 1623; baseline 0.001 -12"><span class='ocrx_word' id='word_1_403' title='bbox 1171 1585 1222 1612; x_wconf 85' lang='lat' dir='ltr'>tur</span> <span class='ocrx_word' id='word_1_404' title='bbox 1254 1580 1407 1620; x_wconf 75' lang='lat' dir='ltr'>exactius,</span> <span class='ocrx_word' id='word_1_405' title='bbox 1433 1580 1632 1623; x_wconf 83' lang='lat' dir='ltr'>apostolicae</span> <span class='ocrx_word' id='word_1_406' title='bbox 1657 1580 1913 1614; x_wconf 77' lang='lat' dir='ltr'>confirmationis</span> 
     </span>
     <span class='ocr_line' id='line_1_80' title="bbox 1171 1632 1915 1677; baseline 0 -12"><span class='ocrx_word' id='word_1_407' title='bbox 1171 1632 1353 1675; x_wconf 88' lang='lat' dir='ltr'>patrocinio</span> <span class='ocrx_word' id='word_1_408' title='bbox 1379 1633 1584 1672; x_wconf 89' lang='lat' dir='ltr'>communiri,</span> <span class='ocrx_word' id='word_1_409' title='bbox 1604 1638 1635 1665; x_wconf 86' lang='lat' dir='ltr'>et</span> <span class='ocrx_word' id='word_1_410' title='bbox 1654 1632 1733 1666; x_wconf 73' lang='lat' dir='ltr'>alias</span> <span class='ocrx_word' id='word_1_411' title='bbox 1757 1637 1915 1677; x_wconf 91' lang='lat' dir='ltr'>opportu-</span> 
     </span>
     <span class='ocr_line' id='line_1_81' title="bbox 1171 1685 1913 1729; baseline -0.001 -10"><span class='ocrx_word' id='word_1_412' title='bbox 1171 1696 1211 1719; x_wconf 90' lang='lat' dir='ltr'>ne</span> <span class='ocrx_word' id='word_1_413' title='bbox 1237 1686 1382 1729; x_wconf 83' lang='lat' dir='ltr'>desuper</span> <span class='ocrx_word' id='word_1_414' title='bbox 1407 1697 1423 1718; x_wconf 87' lang='lat' dir='ltr'>a</span> <span class='ocrx_word' id='word_1_415' title='bbox 1449 1686 1544 1718; x_wconf 87' lang='lat' dir='ltr'>nobis</span> <span class='ocrx_word' id='word_1_416' title='bbox 1571 1685 1736 1728; x_wconf 86' lang='lat' dir='ltr'>provideri</span> <span class='ocrx_word' id='word_1_417' title='bbox 1769 1696 1913 1719; x_wconf 87' lang='lat' dir='ltr'>summo-</span> 
     </span>
     <span class='ocr_line' id='line_1_82' title="bbox 1171 1738 1915 1781; baseline 0 -9"><span class='ocrx_word' id='word_1_418' title='bbox 1171 1749 1249 1781; x_wconf 88' lang='lat' dir='ltr'>pere</span> <span class='ocrx_word' id='word_1_419' title='bbox 1264 1739 1442 1772; x_wconf 86' lang='lat' dir='ltr'>desideret:</span> <span class='ocrx_word' id='word_1_420' title='bbox 1458 1749 1527 1778; x_wconf 77' lang='lat' dir='ltr'>nos,</span> <span class='ocrx_word' id='word_1_421' title='bbox 1539 1739 1690 1771; x_wconf 89' lang='lat' dir='ltr'>eumdem</span> <span class='ocrx_word' id='word_1_422' title='bbox 1704 1738 1915 1772; x_wconf 88' lang='lat' dir='ltr'>Emanuelem</span> 
     </span>
     <span class='ocr_line' id='line_1_83' title="bbox 1171 1791 1914 1835; baseline 0.001 -12"><span class='ocrx_word' id='word_1_423' title='bbox 1171 1792 1367 1835; x_wconf 79' lang='lat' dir='ltr'>specialibus</span> <span class='ocrx_word' id='word_1_424' title='bbox 1387 1792 1549 1824; x_wconf 80' lang='lat' dir='ltr'>favoribus</span> <span class='ocrx_word' id='word_1_425' title='bbox 1575 1797 1606 1824; x_wconf 87' lang='lat' dir='ltr'>et</span> <span class='ocrx_word' id='word_1_426' title='bbox 1623 1791 1732 1834; x_wconf 79' lang='lat' dir='ltr'>gratiis</span> <span class='ocrx_word' id='word_1_427' title='bbox 1758 1791 1914 1835; x_wconf 87' lang='lat' dir='ltr'>prosequi</span> 
     </span>
     <span class='ocr_line' id='line_1_84' title="bbox 1171 1845 1915 1888; baseline 0 -10"><span class='ocrx_word' id='word_1_428' title='bbox 1171 1846 1331 1882; x_wconf 78' lang='lat' dir='ltr'>volentes,</span> <span class='ocrx_word' id='word_1_429' title='bbox 1358 1851 1388 1877; x_wconf 90' lang='lat' dir='ltr'>et</span> <span class='ocrx_word' id='word_1_430' title='bbox 1413 1856 1430 1878; x_wconf 86' lang='lat' dir='ltr'>a</span> <span class='ocrx_word' id='word_1_431' title='bbox 1458 1845 1624 1888; x_wconf 84' lang='lat' dir='ltr'>quibusvis</span> <span class='ocrx_word' id='word_1_432' title='bbox 1658 1845 1915 1878; x_wconf 79' lang='lat' dir='ltr'>excommunica-</span> 
     </span>
     <span class='ocr_line' id='line_1_85' title="bbox 1173 1898 1914 1943; baseline 0.001 -12"><span class='ocrx_word' id='word_1_433' title='bbox 1173 1899 1286 1938; x_wconf 83' lang='lat' dir='ltr'>tionis,</span> <span class='ocrx_word' id='word_1_434' title='bbox 1312 1898 1538 1943; x_wconf 79' lang='lat' dir='ltr'>suspensionis</span> <span class='ocrx_word' id='word_1_435' title='bbox 1562 1903 1593 1932; x_wconf 90' lang='lat' dir='ltr'>et</span> <span class='ocrx_word' id='word_1_436' title='bbox 1618 1899 1801 1939; x_wconf 88' lang='lat' dir='ltr'>interdicti,</span> <span class='ocrx_word' id='word_1_437' title='bbox 1827 1898 1914 1932; x_wconf 84' lang='lat' dir='ltr'>aliis-</span> 
     </span>
     <span class='ocr_line' id='line_1_86' title="bbox 1171 1951 1915 1995; baseline 0.001 -12"><span class='ocrx_word' id='word_1_438' title='bbox 1171 1963 1234 1995; x_wconf 89' lang='lat' dir='ltr'>que</span> <span class='ocrx_word' id='word_1_439' title='bbox 1260 1951 1488 1985; x_wconf 79' lang='lat' dir='ltr'>ecclesiasticis</span> <span class='ocrx_word' id='word_1_440' title='bbox 1514 1951 1693 1992; x_wconf 86' lang='lat' dir='ltr'>sententiis,</span> <span class='ocrx_word' id='word_1_441' title='bbox 1713 1952 1857 1985; x_wconf 90' lang='lat' dir='ltr'>censuris</span> <span class='ocrx_word' id='word_1_442' title='bbox 1883 1956 1915 1984; x_wconf 86' lang='lat' dir='ltr'>et</span> 
     </span>
     <span class='ocr_line' id='line_1_87' title="bbox 1170 2004 1912 2049; baseline -0.001 -10"><span class='ocrx_word' id='word_1_443' title='bbox 1170 2006 1304 2049; x_wconf 88' lang='lat' dir='ltr'>poenis,</span> <span class='ocrx_word' id='word_1_444' title='bbox 1331 2016 1348 2038; x_wconf 86' lang='lat' dir='ltr'>a</span> <span class='ocrx_word' id='word_1_445' title='bbox 1379 2005 1449 2038; x_wconf 88' lang='lat' dir='ltr'>iure</span> <span class='ocrx_word' id='word_1_446' title='bbox 1480 2006 1530 2038; x_wconf 73' lang='lat' dir='ltr'>vel</span> <span class='ocrx_word' id='word_1_447' title='bbox 1556 2006 1595 2038; x_wconf 90' lang='lat' dir='ltr'>ab</span> <span class='ocrx_word' id='word_1_448' title='bbox 1622 2004 1771 2045; x_wconf 86' lang='lat' dir='ltr'>homine,</span> <span class='ocrx_word' id='word_1_449' title='bbox 1799 2005 1912 2049; x_wconf 83' lang='lat' dir='ltr'>quavis</span> 
     </span>
     <span class='ocr_line' id='line_1_88' title="bbox 1171 2057 1915 2101; baseline -0.003 -9"><span class='ocrx_word' id='word_1_450' title='bbox 1171 2059 1341 2092; x_wconf 81' lang='lat' dir='ltr'>occasione</span> <span class='ocrx_word' id='word_1_451' title='bbox 1366 2059 1416 2091; x_wconf 86' lang='lat' dir='ltr'>vel</span> <span class='ocrx_word' id='word_1_452' title='bbox 1435 2059 1531 2091; x_wconf 75' lang='lat' dir='ltr'>causa</span> <span class='ocrx_word' id='word_1_453' title='bbox 1555 2058 1635 2098; x_wconf 87' lang='lat' dir='ltr'>latis,</span> <span class='ocrx_word' id='word_1_454' title='bbox 1657 2057 1682 2090; x_wconf 92' lang='lat' dir='ltr'>si</span> <span class='ocrx_word' id='word_1_455' title='bbox 1699 2057 1815 2101; x_wconf 89' lang='lat' dir='ltr'>quibus</span> <span class='ocrx_word' id='word_1_456' title='bbox 1832 2068 1915 2101; x_wconf 85' lang='lat' dir='ltr'>quo-</span> 
     </span>
     <span class='ocr_line' id='line_1_89' title="bbox 1170 2110 1915 2152; baseline 0 -8"><span class='ocrx_word' id='word_1_457' title='bbox 1170 2112 1353 2145; x_wconf 87' lang='lat' dir='ltr'>modolibet</span> <span class='ocrx_word' id='word_1_458' title='bbox 1388 2111 1563 2144; x_wconf 87' lang='lat' dir='ltr'>innodatus</span> <span class='ocrx_word' id='word_1_459' title='bbox 1600 2110 1728 2152; x_wconf 77' lang='lat' dir='ltr'>existit,</span> <span class='ocrx_word' id='word_1_460' title='bbox 1768 2111 1807 2144; x_wconf 83' lang='lat' dir='ltr'>ad</span> <span class='ocrx_word' id='word_1_461' title='bbox 1843 2110 1915 2144; x_wconf 80' lang='lat' dir='ltr'>ell&#39;e-</span> 
     </span>
     <span class='ocr_line' id='line_1_90' title="bbox 1171 2165 1914 2208; baseline -0.001 -10"><span class='ocrx_word' id='word_1_462' title='bbox 1171 2170 1257 2198; x_wconf 90' lang='lat' dir='ltr'>ctum</span> <span class='ocrx_word' id='word_1_463' title='bbox 1282 2165 1505 2208; x_wconf 85' lang='lat' dir='ltr'>praesentium</span> <span class='ocrx_word' id='word_1_464' title='bbox 1525 2165 1690 2198; x_wconf 82' lang='lat' dir='ltr'>dumtaxat</span> <span class='ocrx_word' id='word_1_465' title='bbox 1711 2174 1914 2208; x_wconf 88' lang='lat' dir='ltr'>consequen-</span> 
     </span>
     <span class='ocr_line' id='line_1_91' title="bbox 1171 2217 1914 2259; baseline 0 -8"><span class='ocrx_word' id='word_1_466' title='bbox 1171 2219 1257 2259; x_wconf 88' lang='lat' dir='ltr'>dum,</span> <span class='ocrx_word' id='word_1_467' title='bbox 1283 2218 1398 2251; x_wconf 86' lang='lat' dir='ltr'>harum</span> <span class='ocrx_word' id='word_1_468' title='bbox 1423 2217 1506 2251; x_wconf 88' lang='lat' dir='ltr'>serie</span> <span class='ocrx_word' id='word_1_469' title='bbox 1535 2218 1738 2252; x_wconf 87' lang='lat' dir='ltr'>absolventes</span> <span class='ocrx_word' id='word_1_470' title='bbox 1763 2223 1796 2251; x_wconf 85' lang='lat' dir='ltr'>et</span> <span class='ocrx_word' id='word_1_471' title='bbox 1820 2217 1914 2251; x_wconf 85' lang='lat' dir='ltr'>abso-</span> 
     </span>
     <span class='ocr_line' id='line_1_92' title="bbox 1171 2271 1911 2315; baseline -0.003 -10"><span class='ocrx_word' id='word_1_472' title='bbox 1171 2273 1273 2305; x_wconf 85' lang='lat' dir='ltr'>lutum</span> <span class='ocrx_word' id='word_1_473' title='bbox 1300 2272 1367 2305; x_wconf 90' lang='lat' dir='ltr'>sore</span> <span class='ocrx_word' id='word_1_474' title='bbox 1393 2276 1564 2305; x_wconf 88' lang='lat' dir='ltr'>censentes</span> <span class='ocrx_word' id='word_1_475' title='bbox 1581 2299 1588 2313; x_wconf 94' lang='lat'>,</span> <span class='ocrx_word' id='word_1_476' title='bbox 1616 2271 1911 2315; x_wconf 87' lang='lat' dir='ltr'>supplicationibus</span> 
     </span>
     <span class='ocr_line' id='line_1_93' title="bbox 1171 2324 1913 2368; baseline -0.001 -10"><span class='ocrx_word' id='word_1_477' title='bbox 1171 2326 1239 2359; x_wconf 88' lang='lat' dir='ltr'>eius</span> <span class='ocrx_word' id='word_1_478' title='bbox 1266 2337 1303 2359; x_wconf 89' lang='lat' dir='ltr'>ae</span> <span class='ocrx_word' id='word_1_479' title='bbox 1328 2330 1514 2358; x_wconf 82' lang='lat' dir='ltr'>ceterorum</span> <span class='ocrx_word' id='word_1_480' title='bbox 1531 2324 1693 2358; x_wconf 84' lang='lat' dir='ltr'>vocalium</span> <span class='ocrx_word' id='word_1_481' title='bbox 1711 2324 1913 2368; x_wconf 86' lang='lat' dir='ltr'>supradicto-</span> 
     </span>
     <span class='ocr_line' id='line_1_94' title="bbox 1171 2377 1913 2422; baseline -0.003 -10"><span class='ocrx_word' id='word_1_482' title='bbox 1171 2390 1242 2412; x_wconf 88' lang='lat' dir='ltr'>rum</span> <span class='ocrx_word' id='word_1_483' title='bbox 1268 2379 1401 2412; x_wconf 87' lang='lat' dir='ltr'>nomine</span> <span class='ocrx_word' id='word_1_484' title='bbox 1426 2378 1522 2411; x_wconf 91' lang='lat' dir='ltr'>nobis</span> <span class='ocrx_word' id='word_1_485' title='bbox 1548 2388 1648 2422; x_wconf 86' lang='lat' dir='ltr'>super</span> <span class='ocrx_word' id='word_1_486' title='bbox 1665 2378 1729 2411; x_wconf 90' lang='lat' dir='ltr'>hoc</span> <span class='ocrx_word' id='word_1_487' title='bbox 1746 2377 1913 2411; x_wconf 84' lang='lat' dir='ltr'>humiliter</span> 
     </span>
     <span class='ocr_line' id='line_1_95' title="bbox 1171 2429 1915 2475; baseline -0.001 -11"><span class='ocrx_word' id='word_1_488' title='bbox 1171 2432 1331 2475; x_wconf 87' lang='lat' dir='ltr'>porrectis</span> <span class='ocrx_word' id='word_1_489' title='bbox 1356 2431 1512 2472; x_wconf 85' lang='lat' dir='ltr'>inclinati,</span> <span class='ocrx_word' id='word_1_490' title='bbox 1539 2431 1704 2464; x_wconf 86' lang='lat' dir='ltr'>decretum</span> <span class='ocrx_word' id='word_1_491' title='bbox 1729 2429 1915 2474; x_wconf 86' lang='lat' dir='ltr'>praeinser-</span> 
     </span>
     <span class='ocr_line' id='line_1_96' title="bbox 1173 2483 1913 2527; baseline -0.001 -10"><span class='ocrx_word' id='word_1_492' title='bbox 1173 2490 1238 2517; x_wconf 92' lang='lat' dir='ltr'>tum</span> <span class='ocrx_word' id='word_1_493' title='bbox 1255 2512 1262 2525; x_wconf 90' lang='lat'>,</span> <span class='ocrx_word' id='word_1_494' title='bbox 1288 2496 1359 2518; x_wconf 90' lang='lat' dir='ltr'>cum</span> <span class='ocrx_word' id='word_1_495' title='bbox 1385 2484 1536 2517; x_wconf 88' lang='lat' dir='ltr'>omnibus</span> <span class='ocrx_word' id='word_1_496' title='bbox 1574 2489 1605 2518; x_wconf 86' lang='lat' dir='ltr'>et</span> <span class='ocrx_word' id='word_1_497' title='bbox 1640 2483 1777 2527; x_wconf 83' lang='lat' dir='ltr'>singulis</span> <span class='ocrx_word' id='word_1_498' title='bbox 1815 2484 1848 2516; x_wconf 93' lang='lat' dir='ltr'>in</span> <span class='ocrx_word' id='word_1_499' title='bbox 1874 2494 1913 2516; x_wconf 91' lang='lat' dir='ltr'>eo</span> 
     </span>
     <span class='ocr_line' id='line_1_97' title="bbox 1172 2537 1913 2581; baseline -0.001 -10"><span class='ocrx_word' id='word_1_500' title='bbox 1172 2539 1342 2579; x_wconf 89' lang='lat' dir='ltr'>contentis,</span> <span class='ocrx_word' id='word_1_501' title='bbox 1370 2537 1559 2571; x_wconf 84' lang='lat' dir='ltr'>auctoritate</span> <span class='ocrx_word' id='word_1_502' title='bbox 1586 2537 1776 2581; x_wconf 74' lang='lat' dir='ltr'>apostoliea,</span> <span class='ocrx_word' id='word_1_503' title='bbox 1801 2542 1913 2571; x_wconf 85' lang='lat' dir='ltr'>tenore</span> 
     </span>
     <span class='ocr_line' id='line_1_98' title="bbox 1173 2590 1913 2635; baseline 0 -12"><span class='ocrx_word' id='word_1_504' title='bbox 1173 2591 1393 2635; x_wconf 84' lang='lat' dir='ltr'>praesentium</span> <span class='ocrx_word' id='word_1_505' title='bbox 1409 2618 1416 2631; x_wconf 93' lang='lat'>‚</span> <span class='ocrx_word' id='word_1_506' title='bbox 1441 2590 1669 2624; x_wconf 82' lang='lat' dir='ltr'>confirmamus</span> <span class='ocrx_word' id='word_1_507' title='bbox 1694 2595 1726 2624; x_wconf 90' lang='lat' dir='ltr'>et</span> <span class='ocrx_word' id='word_1_508' title='bbox 1751 2591 1913 2635; x_wconf 84' lang='lat' dir='ltr'>approba-</span> 
     </span>
     <span class='ocr_line' id='line_1_99' title="bbox 1173 2643 1916 2689; baseline -0.001 -11"><span class='ocrx_word' id='word_1_509' title='bbox 1173 2656 1255 2688; x_wconf 83' lang='lat' dir='ltr'>mus,</span> <span class='ocrx_word' id='word_1_510' title='bbox 1282 2646 1395 2689; x_wconf 86' lang='lat' dir='ltr'>illique</span> <span class='ocrx_word' id='word_1_511' title='bbox 1416 2645 1613 2679; x_wconf 79' lang='lat' dir='ltr'>inviolabilis</span> <span class='ocrx_word' id='word_1_512' title='bbox 1639 2645 1838 2688; x_wconf 78' lang='lat' dir='ltr'>apostolicae</span> <span class='ocrx_word' id='word_1_513' title='bbox 1863 2643 1916 2677; x_wconf 76' lang='lat' dir='ltr'>fir·</span> 
     </span>
    </p>
   </div>
   <div class='ocr_carea' id='block_1_14' title="bbox 1923 1425 2104 1474">
    <p class='ocr_par' dir='ltr' id='par_1_24' title="bbox 1923 1425 2104 1474">
     <span class='ocr_line' id='line_1_100' title="bbox 1973 1425 2104 1447; baseline 0 -1"><span class='ocrx_word' id='word_1_514' title='bbox 1973 1425 2104 1447; x_wconf 59' lang='lat' dir='ltr'>Confirmatio</span> 
     </span>
     <span class='ocr_line' id='line_1_101' title="bbox 1923 1452 2090 1474; baseline 0.006 -1"><span class='ocrx_word' id='word_1_515' title='bbox 1923 1452 1986 1474; x_wconf 72' lang='lat' dir='ltr'>retati</span> <span class='ocrx_word' id='word_1_516' title='bbox 2002 1453 2090 1474; x_wconf 68' lang='lat' dir='ltr'>decreti.</span> 
     </span>
    </p>
   </div>
  </div>
 </body>
</html>
