2139 3142
397 185 461 219 9022

441 248 583 291 magistri
609 247 765 290 generalis
791 247 917 281 Ordinis
941 247 1099 280 Minoi-um

441 311 536 344 super
555 300 751 333 institutione
769 300 972 333 alternativae
990 301 1101 345 tripar-

443 354 516 386 titae
542 353 572 385 in
596 352 759 396 provincia
784 353 922 385 Mariana
943 354 1099 389 Minorum

441 406 695 439 Resormatorum
722 405 753 438 in
780 406 959 449 IIungaria,
986 408 1063 442 517.

352 458 509 492 CLXXVI.
536 458 726 492 Conceditur
745 458 883 502 capitulo
899 459 930 493 S.
953 461 1036 494 Petri
1061 462 1100 496 de

440 511 523 544 Urbe
541 511 671 543 facultas
690 511 883 544 concedendi
902 513 1099 548 dimissorias

441 564 480 597 ad
512 575 622 598 omnes
659 575 765 597 sacros
801 565 931 598 ordines
967 567 1100 602 subditis

440 617 708 650 monasteriorum
734 617 835 650 eidem
861 619 1001 662 capitulo
1023 621 1096 653 uni-

441 676 565 709 torum,
590 670 665 703 519.

351 723 521 757 CLXXVII.
547 723 782 756 Confirmantur
805 724 954 758 universo
976 725 1100 759 Praedi-

440 781 582 809 catorum
608 775 715 809 Ordini
748 776 916 820 privilegia
944 779 1050 812 onmia
1070 780 1098 812 ei

439 839 599 869 concessa,
620 834 650 861 et
674 830 867 873 apostolicae
892 831 1095 866 constitutio-

437 893 493 915 nes
526 883 555 914 in
590 882 732 915 eiusdem
766 884 900 926 gratiam
933 892 1097 919 emanatae

438 935 558 979 pariter
582 936 802 979 approbantur
827 942 858 968 et
875 938 1097 980 extenduntur,

437 999 473 1021 ac
486 989 637 1022 nonnulla
656 999 782 1033 quoque
800 989 902 1023 eidem
919 993 1098 1025 concedun-

438 1047 507 1083 tur,
533 1042 608 1076 522.

349 1097 530 1130 CLXXVIII.
559 1096 711 1129 Statuitur
736 1102 768 1129 ut
792 1097 957 1141 privilegia
982 1109 1097 1142 expro-

439 1148 632 1189 vincialfflm,
659 1155 949 1192 praesentatorum,
977 1152 1098 1194 praedi-

437 1208 582 1236 catorum
603 1203 650 1234 vel
668 1203 936 1236 ex—assistentium
959 1215 1094 1246 genera—

438 1256 515 1288 lium
544 1255 573 1287 in
598 1256 761 1298 provincia
786 1256 998 1300 Portugalliae
1023 1258 1098 1291 Erc-

438 1310 587 1341 mitarum
615 1309 643 1342 S.
666 1310 843 1352 Augustini,
863 1311 947 1343 iuxta
972 1311 1098 1344 Ordinis

438 1362 581 1395 instituta
598 1362 746 1405 deinceps
771 1363 996 1405 concedantur,
1023 1363 1097 1399 554.

350 1416 506 1450 CLXXIX.
527 1416 717 1448 Immutatur
734 1416 840 1459 aliqua
863 1416 895 1448 in
923 1421 1012 1460 parte
1030 1428 1100 1450 con-

441 1468 562 1501 stitutio
610 1468 764 1511 quaedam
805 1469 899 1501 liuius
940 1470 1100 1504 Pontiticis

440 1521 544 1566 quoad
581 1521 764 1565 suffragium
796 1522 931 1555 ministri
965 1525 1095 1567 provin-

440 1575 539 1611 cialis=
568 1574 709 1607 custodis
734 1580 763 1607 et
788 1575 991 1608 definitorum
1013 1577 1099 1611 Ordi-

440 1627 489 1660 nis
514 1628 669 1660 Minorum
695 1638 753 1670 pro
779 1628 895 1660 familia
930 1630 1100 1663 ultramon-

441 1682 531 1720 tana,
558 1680 634 1713 5235.

349 1734 490 1767 CLXXX.
518 1734 751 1767 Confirmantur
778 1735 901 1767 litterae
927 1736 1049 1768 Martini
1076 1737 1099 1768 V

440 1798 499 1831 pro
526 1787 674 1820 fratribus
699 1787 730 1819 B.
749 1787 786 1819 M.
811 1787 849 1820 de
874 1788 1017 1821 Mercede
1047 1800 1098 1822 re-

441 1840 632 1884 demptionis
657 1840 854 1883 captivorum
872 1847 1035 1874 emanatae
1053 1853 1100 1875 su-

442 1905 499 1937 per
524 1895 669 1927 facultate
690 1895 788 1927 libere
811 1895 938 1937 petendi
960 1895 1100 1929 subsidia

442 1948 628 1980 charitativa
658 1958 716 1990 pro
742 1948 939 1991 captivorum
969 1949 1096 1981 redem-

442 2002 563 2044 ptione,
591 2001 666 2033 557.

353 2054 504 2088 CLXXXI.
532 2054 718 2087 Statuuutur
753 2055 903 2087 nonnulla
934 2055 972 2088 de
996 2055 1100 2088 archi-

444 2107 499 2139 viis
536 2107 566 2139 in
602 2107 689 2139 Italia
724 2108 847 2139 sedium
873 2108 1098 2152 cpiscoporum

444 2160 642 2203 aliorumque
686 2160 910 2202 religiosorum
955 2162 1099 2194 locorum

444 2213 603 2255 erigendis
617 2224 675 2256 pro
690 2214 831 2246 custodia
847 2214 962 2246 iurium
978 2221 1007 2247 et
1021 2215 1100 2247 scri-

444 2271 609 2308 pturarum
634 2266 672 2297 ad
698 2277 733 2298 ca
760 2268 996 2309 pertinentium,
1022 2268 1098 2301 559.

357 2319 521 2352 CLXXXII.
547 2319 732 2352 Slatuuntur
756 2321 922 2360 nonnulla,
948 2332 983 2353 ac
1008 2332 1101 2364 quae-

445 2372 516 2404 dam
539 2372 742 2415 indulgentur
761 2374 922 2406 facultates
941 2385 999 2417 pro
1017 2374 1101 2407 bono

445 2425 598 2467 regimine
623 2426 883 2469 Congregatiouis
908 2428 1102 2460 Avenionen-

446 2478 488 2510 sis
513 2478 701 2511 clericorum
735 2480 945 2512 saecularium
978 2482 1101 2514 Doctri-

445 2541 502 2563 nae
523 2531 726 2569 Christianae,
744 2543 866 2565 necnon
887 2534 1100 2578 indulgentiae

445 2584 598 2627 quaedam
625 2585 858 2626 conceduntur,
888 2585 963 2618 567.

948 196 985 219 m]
991 197 1045 219 LLA
1051 196 1128 219 anm
1154 196 1307 221 Romnum

1153 247 1338 281 CLXXXIII.
1365 249 1598 283 Confirmantur
1622 251 1788 296 privilegia
1807 251 1900 286 Ordi-

1242 301 1291 333 nis
1316 301 1616 344 Carthusianomm,
1642 303 1717 337 570.

1153 353 1331 387 CLXXXIV.
1352 353 1566 388 Confirmatur
1582 356 1743 390 decretum
1762 357 1898 392 ministri

1242 407 1401 450 generalis
1420 407 1546 441 Ordinis
1563 409 1718 442 Minorurn
1738 421 1833 454 super
1850 422 1899 444 ex-

1242 460 1354 493 ercitio
1378 467 1488 493 cantus
1512 461 1698 505 Gregoriani
1723 462 1754 494 in
1773 464 1900 507 provin-

1242 513 1298 546 ciis
1322 513 1578 546 MinorumTertii
1595 514 1721 548 Ordinis
1745 515 1775 548 in
1800 526 1900 560 regno

1241 566 1413 599 Galliarum
1429 594 1436 606 ‚
1462 566 1539 600 5702.

1152 618 1320 652 CLXXXV.
1348 620 1561 653 Confirmatur
1594 620 1756 654 decretum
1782 622 1900 667 prioris

1240 672 1396 715 generalis
1421 672 1546 706 Ordinis
1572 673 1782 707 Eremitarum
1800 676 1900 709 sancti

1240 726 1406 768 Augustini
1433 737 1527 770 super
1554 727 1775 761 observatione
1803 739 1896 762 reso-

1241 779 1370 812 lutionis
1409 779 1581 812 definitorii
1619 781 1778 823 generalis
1814 781 1899 815 circa

1240 832 1489 865 annullationem
1522 839 1836 876 praesentaturarum
1860 835 1899 868 de

1242 885 1344 928 gratia
1370 885 1401 917 in
1426 886 1589 929 provincia
1619 886 1796 930 Aragoniae
1820 888 1900 921 eius-

1240 939 1312 972 dem
1338 939 1481 980 Ordinis,
1508 939 1583 973 574.

1151 992 1337 1026 CLXXXVI.
1364 993 1579 1027 Confirmatur
1603 994 1784 1027 constitutio
1810 994 1854 1027 Pii
1874 995 1899 1027 V

1240 1056 1338 1089 super
1362 1046 1586 1089 praecedentia
1606 1048 1833 1080 canonicorum
1853 1058 1900 1081 re-

1239 1099 1398 1142 gularium
1425 1099 1685 1144 Congregationis
1709 1102 1900 1134 Lateranen-

1241 1153 1283 1184 sis
1308 1152 1432 1185 Ordinis
1459 1154 1557 1185 sancti
1584 1154 1750 1196 Augustini
1772 1154 1802 1186 in
1827 1165 1900 1198 pro-

1240 1205 1436 1237 cessionibus
1468 1210 1498 1237 et
1529 1205 1597 1238 aliis
1622 1207 1742 1239 actibus
1761 1207 1898 1250 publicis

1241 1263 1270 1289 et
1295 1258 1442 1300 privatis,
1467 1257 1544 1291 575.

1151 1310 1344 1344 CLXXXVII.
1370 1311 1558 1343 Conceditur
1576 1311 1725 1344 fratribus
1746 1312 1898 1345 Carmeli-

1241 1363 1279 1395 tis
1305 1363 1438 1395 vicariae
1473 1363 1664 1396 Maraniouis
1689 1364 1720 1396 in
1744 1365 1898 1406 Brasilia,

1242 1427 1258 1448 a
1283 1416 1422 1458 generali
1455 1416 1580 1449 Ordinis
1614 1417 1653 1450 ad
1679 1418 1898 1462 magisterium

1241 1469 1273 1502 in
1298 1471 1387 1502 sacra
1413 1469 1572 1512 theologia
1598 1471 1764 1514 promotis,
1782 1475 1815 1504 ut
1834 1471 1900 1504 lau-

1240 1533 1328 1555 ream
1346 1523 1529 1556 doctoratus
1543 1534 1559 1555 a
1577 1524 1694 1557 vicario
1711 1524 1898 1568 provinciali

1241 1577 1403 1619 suscipere
1429 1577 1568 1620 possint,
1594 1576 1670 1610 570.

1152 1629 1360 1663 CLXXXVIII.
1387 1630 1599 1663 Confirmatur
1630 1630 1792 1663 decretum
1818 1631 1900 1674 capi-

1241 1683 1297 1715 tuli
1323 1683 1481 1725 generalis
1506 1683 1717 1716 Eremitarum
1743 1683 1772 1717 S.
1796 1684 1901 1727 Augu-

1241 1736 1313 1768 stini
1339 1747 1436 1779 super
1461 1737 1685 1769 constitutione
1705 1737 1830 1770 numeri
1849 1737 1900 1770 tri-

1241 1789 1382 1831 gintasex
1408 1789 1634 1832 magistrorum
1669 1790 1698 1821 in
1734 1789 1900 1833 provincia

1240 1843 1419 1884 Aragoniae
1444 1842 1584 1875 eiusdem
1611 1842 1754 1882 Ordinis,
1775 1842 1851 1876 578.

1152 1895 1329 1928 CLXXXIX.
1355 1895 1496 1938 Erigitur
1522 1895 1709 1928 universitas
1734 1895 1827 1928 studii
1849 1906 1901 1938 ge-

1242 1948 1358 1991 geratis
1376 1949 1407 1980 in
1427 1948 1550 1981 civitate
1571 1949 1797 1989 Camerinensi,
1822 1948 1898 1982 579.

1153 2000 1234 2034 CXC.
1257 2001 1441 2042 indulgetur
1458 2001 1599 2033 eremitis
1617 2001 1646 2034 S.
1664 2001 1830 2044 Augustini
1845 2002 1902 2035 Ex—

1242 2054 1387 2086 calceatis
1401 2054 1663 2097 Congregationis
1677 2054 1900 2098 Hispaniarum

1243 2114 1273 2140 et
1297 2108 1481 2148 Indiarum‚
1511 2114 1544 2140 ut
1577 2108 1713 2141 sandalis
1749 2119 1784 2140 ex
1818 2109 1901 2152 pelle

1242 2161 1325 2203 nigri
1352 2161 1468 2194 coloris
1493 2161 1535 2193 uti
1561 2161 1701 2204 possint,
1729 2160 1804 2194 584.

1154 2214 1249 2248 CXCI.
1283 2214 1467 2256 Indulgctur
1504 2215 1682 2247 rotantibus
1721 2215 1901 2257 signaturae

1243 2267 1379 2300 iustitiae
1408 2272 1441 2300 ut
1465 2273 1590 2311 gestare
1621 2268 1741 2311 possint
1773 2279 1901 2313 semper

1242 2325 1272 2354 et
1296 2321 1413 2364 ubique
1438 2321 1536 2362 galeri
1565 2321 1803 2359 redimiculum,
1825 2332 1901 2354 cor-

1243 2373 1324 2406 done
1341 2374 1435 2415 vulgo
1452 2379 1679 2417 nuncupatum,
1697 2373 1813 2407 coloris
1830 2374 1899 2408 vio·

1241 2428 1337 2467 lacei,
1364 2426 1440 2460 585.

1152 2481 1263 2515 CXCII.
1297 2481 1510 2514 Contirmatur
1546 2481 1708 2513 decretum
1743 2480 1901 2523 generalis

1242 2539 1416 2567 conventus
1452 2533 1712 2576 Congregationis
1744 2533 1900 2567 Missionis

1241 2587 1325 2620 circa
1343 2587 1471 2620 modum
1491 2586 1668 2619 dimittendi
1687 2597 1704 2618 a
1723 2586 1807 2619 dicta
1824 2586 1901 2620 Con-
