<?xml version="1.0" encoding="UTF-8"?>
<!DOCTYPE html PUBLIC "-//W3C//DTD XHTML 1.0 Transitional//EN"
    "http://www.w3.org/TR/xhtml1/DTD/xhtml1-transitional.dtd">
<html xmlns="http://www.w3.org/1999/xhtml" xml:lang="en" lang="en">
 <head>
  <title>
</title>
<meta http-equiv="Content-Type" content="text/html;charset=utf-8" />
  <meta name='ocr-system' content='tesseract 3.04.00' />
  <meta name='ocr-capabilities' content='ocr_page ocr_carea ocr_par ocr_line ocrx_word'/>
</head>
<body>
  <div class='ocr_page' id='page_1' title='image "./bullarumdiplomat22cath_0091.png"; bbox 0 0 2170 3147; ppageno 0'>
   <div class='ocr_carea' id='block_1_1' title="bbox 27 218 215 247">
    <p class='ocr_par' dir='ltr' id='par_1_1' title="bbox 27 218 215 247">
     <span class='ocr_line' id='line_1_1' title="bbox 27 218 215 247; baseline -0.021 0"><span class='ocrx_word' id='word_1_1' title='bbox 27 221 80 247; x_wconf 78' lang='lat' dir='ltr'>An.</span> <span class='ocrx_word' id='word_1_2' title='bbox 101 220 129 245; x_wconf 89' lang='lat' dir='ltr'>C.</span> <span class='ocrx_word' id='word_1_3' title='bbox 149 218 215 244; x_wconf 61' lang='grc' dir='ltr'>ΠΜ</span> 
     </span>
    </p>
   </div>
   <div class='ocr_carea' id='block_1_2' title="bbox 24 752 208 961">
    <p class='ocr_par' dir='ltr' id='par_1_2' title="bbox 25 752 208 903">
     <span class='ocr_line' id='line_1_2' title="bbox 70 752 208 775; baseline -0.007 -4"><span class='ocrx_word' id='word_1_4' title='bbox 70 752 208 775; x_wconf 54' lang='grc' dir='ltr'>ΙΤεειεῃσυνη</span> 
     </span>
     <span class='ocr_line' id='line_1_3' title="bbox 25 778 208 798; baseline -0.005 -1"><span class='ocrx_word' id='word_1_5' title='bbox 25 778 117 798; x_wconf 72' lang='lat' dir='ltr'>locorum</span> <span class='ocrx_word' id='word_1_6' title='bbox 148 778 208 798; x_wconf 67' lang='grc'>01111-</span> 
     </span>
     <span class='ocr_line' id='line_1_4' title="bbox 25 806 207 825; baseline -0.016 0"><span class='ocrx_word' id='word_1_7' title='bbox 25 810 90 825; x_wconf 68' lang='lat' dir='ltr'>narus</span> <span class='ocrx_word' id='word_1_8' title='bbox 101 806 121 824; x_wconf 87' lang='lat' dir='ltr'>nt</span> <span class='ocrx_word' id='word_1_9' title='bbox 130 810 207 823; x_wconf 82' lang='lat' dir='ltr'>aunuu-</span> 
     </span>
     <span class='ocr_line' id='line_1_5' title="bbox 25 832 207 850; baseline -0.005 0"><span class='ocrx_word' id='word_1_10' title='bbox 25 832 82 850; x_wconf 70' lang='lat' dir='ltr'>cient.</span> <span class='ocrx_word' id='word_1_11' title='bbox 132 836 207 849; x_wconf 62' lang='lat' dir='ltr'>annum</span> 
     </span>
     <span class='ocr_line' id='line_1_6' title="bbox 25 857 206 877; baseline -0.011 -1"><span class='ocrx_word' id='word_1_12' title='bbox 25 859 118 877; x_wconf 79' lang='lat' dir='ltr'>sanctum</span> <span class='ocrx_word' id='word_1_13' title='bbox 134 859 154 876; x_wconf 78' lang='lat' dir='ltr'>et</span> <span class='ocrx_word' id='word_1_14' title='bbox 170 857 206 875; x_wconf 76' lang='grc'>1111-</span> 
     </span>
     <span class='ocr_line' id='line_1_7' title="bbox 25 883 206 903; baseline -0.006 0"><span class='ocrx_word' id='word_1_15' title='bbox 25 885 87 903; x_wconf 65' lang='lat' dir='ltr'>coeant</span> <span class='ocrx_word' id='word_1_16' title='bbox 124 883 206 902; x_wconf 79' lang='grc'>11111-111111</span> 
     </span>
    </p>

    <p class='ocr_par' dir='ltr' id='par_1_3' title="bbox 24 908 187 961">
     <span class='ocr_line' id='line_1_8' title="bbox 47 908 187 932; baseline -0.014 -3"><span class='ocrx_word' id='word_1_17' title='bbox 47 908 187 932; x_wconf 62' lang='lat' dir='ltr'>indulgentias</span> 
     </span>
     <span class='ocr_line' id='line_1_9' title="bbox 24 936 175 961; baseline 0 -5"><span class='ocrx_word' id='word_1_18' title='bbox 24 936 175 961; x_wconf 69' lang='lat' dir='ltr'>etnsequeuji.</span> 
     </span>
    </p>
   </div>
   <div class='ocr_carea' id='block_1_3' title="bbox 807 211 1154 237">
    <p class='ocr_par' dir='ltr' id='par_1_4' title="bbox 807 211 1154 237">
     <span class='ocr_line' id='line_1_10' title="bbox 807 211 1154 237; baseline -0.003 0"><span class='ocrx_word' id='word_1_19' title='bbox 807 213 1002 237; x_wconf 80' lang='lat' dir='ltr'><strong>EENEDICTUS</strong></span> <span class='ocrx_word' id='word_1_20' title='bbox 1026 212 1083 236; x_wconf 83' lang='lat' dir='ltr'>xul</span> <span class='ocrx_word' id='word_1_21' title='bbox 1106 211 1154 236; x_wconf 75' lang='lat'>1³1³.</span> 
     </span>
    </p>
   </div>
   <div class='ocr_carea' id='block_1_4' title="bbox 217 263 954 1627">
    <p class='ocr_par' dir='ltr' id='par_1_5' title="bbox 218 263 954 727">
     <span class='ocr_line' id='line_1_11' title="bbox 218 263 954 307; baseline -0.008 -9"><span class='ocrx_word' id='word_1_22' title='bbox 218 266 318 298; x_wconf 85' lang='lat' dir='ltr'>siduis</span> <span class='ocrx_word' id='word_1_23' title='bbox 344 265 508 307; x_wconf 65' lang='lat' dir='ltr'>enixisque</span> <span class='ocrx_word' id='word_1_24' title='bbox 535 263 615 296; x_wconf 68' lang='lat' dir='ltr'>votis</span> <span class='ocrx_word' id='word_1_25' title='bbox 641 276 657 296; x_wconf 80' lang='lat' dir='ltr'>a</span> <span class='ocrx_word' id='word_1_26' title='bbox 683 263 789 295; x_wconf 74' lang='lat' dir='ltr'>divina</span> <span class='ocrx_word' id='word_1_27' title='bbox 813 263 954 295; x_wconf 84' lang='lat' dir='ltr'>clemen-</span> 
     </span>
     <span class='ocr_line' id='line_1_12' title="bbox 219 314 952 363; baseline -0.005 -13"><span class='ocrx_word' id='word_1_28' title='bbox 219 319 261 352; x_wconf 79' lang='lat' dir='ltr'>tia</span> <span class='ocrx_word' id='word_1_29' title='bbox 286 318 430 363; x_wconf 71' lang='lat' dir='ltr'>flagitare</span> <span class='ocrx_word' id='word_1_30' title='bbox 456 328 520 350; x_wconf 91' lang='lat' dir='ltr'>non</span> <span class='ocrx_word' id='word_1_31' title='bbox 555 316 765 355; x_wconf 68' lang='lat' dir='ltr'>desistimus,</span> <span class='ocrx_word' id='word_1_32' title='bbox 803 321 837 347; x_wconf 87' lang='lat' dir='ltr'>ut</span> <span class='ocrx_word' id='word_1_33' title='bbox 874 314 952 357; x_wconf 86' lang='lat' dir='ltr'>ipsis</span> 
     </span>
     <span class='ocr_line' id='line_1_13' title="bbox 218 369 953 405; baseline -0.004 -2"><span class='ocrx_word' id='word_1_34' title='bbox 218 371 359 405; x_wconf 80' lang='lat' dir='ltr'>veritatis</span> <span class='ocrx_word' id='word_1_35' title='bbox 385 382 460 403; x_wconf 86' lang='lat' dir='ltr'>suae</span> <span class='ocrx_word' id='word_1_36' title='bbox 486 372 596 403; x_wconf 83' lang='lat' dir='ltr'>lumen</span> <span class='ocrx_word' id='word_1_37' title='bbox 623 370 795 402; x_wconf 77' lang='lat' dir='ltr'>ostendere</span> <span class='ocrx_word' id='word_1_38' title='bbox 823 379 884 401; x_wconf 65' lang='lat' dir='ltr'>nun</span> <span class='ocrx_word' id='word_1_39' title='bbox 901 369 953 401; x_wconf 88' lang='lat' dir='ltr'>de-</span> 
     </span>
     <span class='ocr_line' id='line_1_14' title="bbox 219 421 952 467; baseline -0.005 -10"><span class='ocrx_word' id='word_1_40' title='bbox 219 425 383 467; x_wconf 83' lang='lat' dir='ltr'>dignetur,</span> <span class='ocrx_word' id='word_1_41' title='bbox 411 429 580 466; x_wconf 53' lang='lat' dir='ltr'>quatenus</span> <span class='ocrx_word' id='word_1_42' title='bbox 608 422 771 455; x_wconf 79' lang='lat' dir='ltr'>haeretica</span> <span class='ocrx_word' id='word_1_43' title='bbox 797 421 952 464; x_wconf 74' lang='lat' dir='ltr'>pravitate</span> 
     </span>
     <span class='ocr_line' id='line_1_15' title="bbox 219 473 954 520; baseline -0.007 -10"><span class='ocrx_word' id='word_1_44' title='bbox 219 477 374 520; x_wconf 75' lang='lat' dir='ltr'>deposita,</span> <span class='ocrx_word' id='word_1_45' title='bbox 397 477 608 509; x_wconf 84' lang='lat' dir='ltr'>orthodoxam</span> <span class='ocrx_word' id='word_1_46' title='bbox 627 475 804 517; x_wconf 83' lang='lat' dir='ltr'>suscipiant</span> <span class='ocrx_word' id='word_1_47' title='bbox 823 473 954 516; x_wconf 69' lang='lat' dir='ltr'>religio-</span> 
     </span>
     <span class='ocr_line' id='line_1_16' title="bbox 218 527 953 572; baseline -0.008 -9"><span class='ocrx_word' id='word_1_48' title='bbox 218 541 304 570; x_wconf 86' lang='lat' dir='ltr'>nem,</span> <span class='ocrx_word' id='word_1_49' title='bbox 331 530 534 572; x_wconf 86' lang='lat' dir='ltr'>abruptoque</span> <span class='ocrx_word' id='word_1_50' title='bbox 562 527 726 561; x_wconf 73' lang='lat' dir='ltr'>divisionis</span> <span class='ocrx_word' id='word_1_51' title='bbox 751 529 881 570; x_wconf 78' lang='lat' dir='ltr'>laqueo,</span> <span class='ocrx_word' id='word_1_52' title='bbox 906 538 953 558; x_wconf 86' lang='lat' dir='ltr'>ca—</span> 
     </span>
     <span class='ocr_line' id='line_1_17' title="bbox 220 580 952 622; baseline -0.007 -7"><span class='ocrx_word' id='word_1_53' title='bbox 220 582 361 615; x_wconf 88' lang='lat' dir='ltr'>tholicae</span> <span class='ocrx_word' id='word_1_54' title='bbox 380 582 542 614; x_wconf 79' lang='lat' dir='ltr'>Romanae</span> <span class='ocrx_word' id='word_1_55' title='bbox 561 580 732 618; x_wconf 79' lang='lat' dir='ltr'>Ecclesiae,</span> <span class='ocrx_word' id='word_1_56' title='bbox 751 585 840 612; x_wconf 62' lang='lat' dir='ltr'>extra</span> <span class='ocrx_word' id='word_1_57' title='bbox 856 589 952 622; x_wconf 86' lang='lat' dir='ltr'>quam</span> 
     </span>
     <span class='ocr_line' id='line_1_18' title="bbox 218 630 953 672; baseline -0.008 -5"><span class='ocrx_word' id='word_1_58' title='bbox 218 645 282 668; x_wconf 88' lang='lat' dir='ltr'>non</span> <span class='ocrx_word' id='word_1_59' title='bbox 308 639 355 667; x_wconf 83' lang='lat' dir='ltr'>est</span> <span class='ocrx_word' id='word_1_60' title='bbox 380 635 492 672; x_wconf 83' lang='lat' dir='ltr'>salus,</span> <span class='ocrx_word' id='word_1_61' title='bbox 517 633 674 665; x_wconf 86' lang='lat' dir='ltr'>unitatem</span> <span class='ocrx_word' id='word_1_62' title='bbox 701 636 730 663; x_wconf 89' lang='lat' dir='ltr'>et</span> <span class='ocrx_word' id='word_1_63' title='bbox 756 630 953 663; x_wconf 85' lang='lat' dir='ltr'>communio-</span> 
     </span>
     <span class='ocr_line' id='line_1_19' title="bbox 220 685 839 727; baseline -0.008 -7"><span class='ocrx_word' id='word_1_64' title='bbox 220 698 292 720; x_wconf 90' lang='lat' dir='ltr'>nem</span> <span class='ocrx_word' id='word_1_65' title='bbox 318 686 446 718; x_wconf 72' lang='lat' dir='ltr'>sincero</span> <span class='ocrx_word' id='word_1_66' title='bbox 471 686 566 718; x_wconf 86' lang='lat' dir='ltr'>eorde</span> <span class='ocrx_word' id='word_1_67' title='bbox 592 685 839 727; x_wconf 60' lang='lat' dir='ltr'>anqvlectantur.</span> 
     </span>
    </p>

    <p class='ocr_par' dir='ltr' id='par_1_6' title="bbox 217 736 954 1627">
     <span class='ocr_line' id='line_1_20' title="bbox 263 736 952 782; baseline -0.006 -11"><span class='ocrx_word' id='word_1_68' title='bbox 263 740 278 782; x_wconf 67' lang='grc' dir='ltr'>ξ,</span> <span class='ocrx_word' id='word_1_69' title='bbox 302 739 332 771; x_wconf 84' lang='grc'>5.</span> <span class='ocrx_word' id='word_1_70' title='bbox 359 738 420 771; x_wconf 77' lang='lat' dir='ltr'>Vos</span> <span class='ocrx_word' id='word_1_71' title='bbox 445 743 574 776; x_wconf 84' lang='lat' dir='ltr'>autem,</span> <span class='ocrx_word' id='word_1_72' title='bbox 602 736 803 769; x_wconf 84' lang='lat' dir='ltr'>venerabiles</span> <span class='ocrx_word' id='word_1_73' title='bbox 838 736 952 768; x_wconf 85' lang='lat' dir='ltr'>fratres</span> 
     </span>
     <span class='ocr_line' id='line_1_21' title="bbox 219 788 953 834; baseline -0.007 -10"><span class='ocrx_word' id='word_1_74' title='bbox 219 791 333 831; x_wconf 80' lang='lat' dir='ltr'>nostri,</span> <span class='ocrx_word' id='word_1_75' title='bbox 359 790 584 834; x_wconf 80' lang='lat' dir='ltr'>patriarchae,</span> <span class='ocrx_word' id='word_1_76' title='bbox 610 789 772 832; x_wconf 86' lang='lat' dir='ltr'>primates,</span> <span class='ocrx_word' id='word_1_77' title='bbox 792 788 953 831; x_wconf 80' lang='lat' dir='ltr'>archicpi—</span> 
     </span>
     <span class='ocr_line' id='line_1_22' title="bbox 219 841 953 888; baseline -0.007 -10"><span class='ocrx_word' id='word_1_78' title='bbox 219 845 306 888; x_wconf 80' lang='lat' dir='ltr'>scopi</span> <span class='ocrx_word' id='word_1_79' title='bbox 336 850 367 877; x_wconf 88' lang='lat' dir='ltr'>et</span> <span class='ocrx_word' id='word_1_80' title='bbox 398 844 563 887; x_wconf 75' lang='lat' dir='ltr'>episcopi,</span> <span class='ocrx_word' id='word_1_81' title='bbox 599 843 630 875; x_wconf 91' lang='lat' dir='ltr'>in</span> <span class='ocrx_word' id='word_1_82' title='bbox 663 841 866 875; x_wconf 70' lang='lat' dir='ltr'>consortium</span> <span class='ocrx_word' id='word_1_83' title='bbox 899 852 953 874; x_wconf 90' lang='lat' dir='ltr'>no-</span> 
     </span>
     <span class='ocr_line' id='line_1_23' title="bbox 219 894 953 935; baseline -0.005 -6"><span class='ocrx_word' id='word_1_84' title='bbox 219 901 301 930; x_wconf 88' lang='lat' dir='ltr'>strae</span> <span class='ocrx_word' id='word_1_85' title='bbox 322 895 551 929; x_wconf 74' lang='lat' dir='ltr'>sollicitudinis</span> <span class='ocrx_word' id='word_1_86' title='bbox 577 894 734 932; x_wconf 82' lang='lat' dir='ltr'>advocati,</span> <span class='ocrx_word' id='word_1_87' title='bbox 760 899 905 935; x_wconf 84' lang='lat' dir='ltr'>pastores</span> <span class='ocrx_word' id='word_1_88' title='bbox 923 898 953 926; x_wconf 89' lang='lat' dir='ltr'>et</span> 
     </span>
     <span class='ocr_line' id='line_1_24' title="bbox 218 946 951 992; baseline -0.005 -10"><span class='ocrx_word' id='word_1_89' title='bbox 218 949 361 992; x_wconf 80' lang='lat' dir='ltr'>magistri</span> <span class='ocrx_word' id='word_1_90' title='bbox 388 949 608 992; x_wconf 87' lang='lat' dir='ltr'>populorum,</span> <span class='ocrx_word' id='word_1_91' title='bbox 635 958 720 979; x_wconf 86' lang='lat' dir='ltr'>nunc</span> <span class='ocrx_word' id='word_1_92' title='bbox 748 946 951 989; x_wconf 88' lang='lat' dir='ltr'>potissimum</span> 
     </span>
     <span class='ocr_line' id='line_1_25' title="bbox 219 1001 951 1044; baseline -0.005 -9"><span class='ocrx_word' id='word_1_93' title='bbox 219 1003 375 1041; x_wconf 80' lang='lat' dir='ltr'>exaltate,</span> <span class='ocrx_word' id='word_1_94' title='bbox 402 1002 492 1044; x_wconf 91' lang='lat' dir='ltr'>quasi</span> <span class='ocrx_word' id='word_1_95' title='bbox 530 1001 624 1039; x_wconf 87' lang='lat' dir='ltr'>tuba,</span> <span class='ocrx_word' id='word_1_96' title='bbox 658 1011 769 1033; x_wconf 74' lang='lat' dir='ltr'>rocem</span> <span class='ocrx_word' id='word_1_97' title='bbox 795 1005 951 1039; x_wconf 85' lang='lat' dir='ltr'>vestram,</span> 
     </span>
     <span class='ocr_line' id='line_1_26' title="bbox 217 1054 953 1096; baseline -0.003 -8"><span class='ocrx_word' id='word_1_98' title='bbox 217 1055 413 1088; x_wconf 86' lang='lat' dir='ltr'>annunciate</span> <span class='ocrx_word' id='word_1_99' title='bbox 440 1054 601 1088; x_wconf 80' lang='lat' dir='ltr'>dominico</span> <span class='ocrx_word' id='word_1_100' title='bbox 625 1054 715 1096; x_wconf 74' lang='lat' dir='ltr'>gregi</span> <span class='ocrx_word' id='word_1_101' title='bbox 742 1059 870 1096; x_wconf 24' lang='lat' dir='ltr'>tce-mpus</span> <span class='ocrx_word' id='word_1_102' title='bbox 903 1064 953 1086; x_wconf 89' lang='lat' dir='ltr'>ac-</span> 
     </span>
     <span class='ocr_line' id='line_1_27' title="bbox 217 1106 951 1151; baseline -0.001 -11"><span class='ocrx_word' id='word_1_103' title='bbox 217 1108 388 1151; x_wconf 83' lang='lat' dir='ltr'>ceptabile,</span> <span class='ocrx_word' id='word_1_104' title='bbox 415 1108 481 1140; x_wconf 86' lang='lat' dir='ltr'>dics</span> <span class='ocrx_word' id='word_1_105' title='bbox 507 1112 657 1140; x_wconf 80' lang='lat' dir='ltr'>aeternae</span> <span class='ocrx_word' id='word_1_106' title='bbox 683 1106 803 1145; x_wconf 82' lang='lat' dir='ltr'>salutis,</span> <span class='ocrx_word' id='word_1_107' title='bbox 833 1117 951 1139; x_wconf 88' lang='lat' dir='ltr'>annum</span> 
     </span>
     <span class='ocr_line' id='line_1_28' title="bbox 217 1161 953 1204; baseline -0.001 -10"><span class='ocrx_word' id='word_1_108' title='bbox 217 1163 255 1195; x_wconf 88' lang='lat' dir='ltr'>ad</span> <span class='ocrx_word' id='word_1_109' title='bbox 290 1162 478 1194; x_wconf 82' lang='lat' dir='ltr'>redimenda</span> <span class='ocrx_word' id='word_1_110' title='bbox 514 1167 674 1204; x_wconf 82' lang='lat' dir='ltr'>peccata,</span> <span class='ocrx_word' id='word_1_111' title='bbox 713 1161 752 1194; x_wconf 88' lang='lat' dir='ltr'>ad</span> <span class='ocrx_word' id='word_1_112' title='bbox 786 1161 953 1194; x_wconf 78' lang='lat' dir='ltr'>salvandas</span> 
     </span>
     <span class='ocr_line' id='line_1_29' title="bbox 219 1213 954 1254; baseline -0.003 -6"><span class='ocrx_word' id='word_1_113' title='bbox 219 1215 342 1248; x_wconf 88' lang='lat' dir='ltr'>animas</span> <span class='ocrx_word' id='word_1_114' title='bbox 367 1215 550 1247; x_wconf 89' lang='lat' dir='ltr'>institutum</span> <span class='ocrx_word' id='word_1_115' title='bbox 566 1242 573 1254; x_wconf 96' lang='lat'>,</span> <span class='ocrx_word' id='word_1_116' title='bbox 598 1220 632 1246; x_wconf 90' lang='lat' dir='ltr'>ut</span> <span class='ocrx_word' id='word_1_117' title='bbox 656 1213 894 1253; x_wconf 82' lang='lat' dir='ltr'>sanctificetur,</span> <span class='ocrx_word' id='word_1_118' title='bbox 923 1219 954 1246; x_wconf 91' lang='lat' dir='ltr'>ct</span> 
     </span>
     <span class='ocr_line' id='line_1_30' title="bbox 219 1267 953 1311; baseline -0.001 -10"><span class='ocrx_word' id='word_1_119' title='bbox 219 1268 327 1301; x_wconf 75' lang='lat' dir='ltr'>divina</span> <span class='ocrx_word' id='word_1_120' title='bbox 352 1268 533 1311; x_wconf 75' lang='lat' dir='ltr'>opitulante</span> <span class='ocrx_word' id='word_1_121' title='bbox 559 1267 661 1310; x_wconf 78' lang='lat' dir='ltr'>gratia</span> <span class='ocrx_word' id='word_1_122' title='bbox 687 1267 878 1310; x_wconf 84' lang='lat' dir='ltr'>disponatur</span> <span class='ocrx_word' id='word_1_123' title='bbox 914 1269 953 1300; x_wconf 85' lang='lat' dir='ltr'>ad</span> 
     </span>
     <span class='ocr_line' id='line_1_31' title="bbox 220 1320 952 1362; baseline -0.003 -8"><span class='ocrx_word' id='word_1_124' title='bbox 220 1333 257 1353; x_wconf 86' lang='lat' dir='ltr'>ca</span> <span class='ocrx_word' id='word_1_125' title='bbox 289 1320 442 1354; x_wconf 80' lang='lat' dir='ltr'>caelestia</span> <span class='ocrx_word' id='word_1_126' title='bbox 475 1330 610 1352; x_wconf 85' lang='lat' dir='ltr'>munera</span> <span class='ocrx_word' id='word_1_127' title='bbox 637 1320 696 1352; x_wconf 88' lang='lat' dir='ltr'>rite</span> <span class='ocrx_word' id='word_1_128' title='bbox 722 1320 952 1362; x_wconf 80' lang='lat' dir='ltr'>suscipienda,</span> 
     </span>
     <span class='ocr_line' id='line_1_32' title="bbox 220 1373 954 1416; baseline 0 -10"><span class='ocrx_word' id='word_1_129' title='bbox 220 1384 303 1416; x_wconf 84' lang='lat' dir='ltr'>quae</span> <span class='ocrx_word' id='word_1_130' title='bbox 328 1374 489 1406; x_wconf 87' lang='lat' dir='ltr'>bonorum</span> <span class='ocrx_word' id='word_1_131' title='bbox 520 1373 663 1405; x_wconf 86' lang='lat' dir='ltr'>omnium</span> <span class='ocrx_word' id='word_1_132' title='bbox 702 1373 836 1414; x_wconf 65' lang='lat' dir='ltr'>largitor</span> <span class='ocrx_word' id='word_1_133' title='bbox 872 1373 954 1406; x_wconf 85' lang='lat' dir='ltr'>Deus</span> 
     </span>
     <span class='ocr_line' id='line_1_33' title="bbox 221 1426 953 1469; baseline 0 -11"><span class='ocrx_word' id='word_1_134' title='bbox 221 1426 294 1459; x_wconf 83' lang='lat' dir='ltr'>filiis</span> <span class='ocrx_word' id='word_1_135' title='bbox 319 1426 503 1459; x_wconf 81' lang='lat' dir='ltr'>dilectionis</span> <span class='ocrx_word' id='word_1_136' title='bbox 541 1437 617 1459; x_wconf 88' lang='lat' dir='ltr'>suae</span> <span class='ocrx_word' id='word_1_137' title='bbox 653 1437 711 1469; x_wconf 88' lang='lat' dir='ltr'>per</span> <span class='ocrx_word' id='word_1_138' title='bbox 742 1426 953 1459; x_wconf 87' lang='lat' dir='ltr'>ministerium</span> 
     </span>
     <span class='ocr_line' id='line_1_34' title="bbox 221 1479 954 1513; baseline 0.003 -2"><span class='ocrx_word' id='word_1_139' title='bbox 221 1479 412 1512; x_wconf 83' lang='lat' dir='ltr'>humilitatis</span> <span class='ocrx_word' id='word_1_140' title='bbox 449 1484 579 1511; x_wconf 85' lang='lat' dir='ltr'>nostrae</span> <span class='ocrx_word' id='word_1_141' title='bbox 617 1479 799 1512; x_wconf 71' lang='lat' dir='ltr'>destinarit.</span> <span class='ocrx_word' id='word_1_142' title='bbox 838 1480 954 1513; x_wconf 75' lang='lat' dir='ltr'>llocete</span> 
     </span>
     <span class='ocr_line' id='line_1_35' title="bbox 220 1531 953 1574; baseline 0.001 -10"><span class='ocrx_word' id='word_1_143' title='bbox 220 1542 340 1570; x_wconf 81' lang='lat' dir='ltr'>omnes,</span> <span class='ocrx_word' id='word_1_144' title='bbox 367 1531 391 1564; x_wconf 86' lang='lat' dir='ltr'>si</span> <span class='ocrx_word' id='word_1_145' title='bbox 418 1542 557 1574; x_wconf 86' lang='lat' dir='ltr'>unquam</span> <span class='ocrx_word' id='word_1_146' title='bbox 585 1532 679 1571; x_wconf 77' lang='lat' dir='ltr'>alias,</span> <span class='ocrx_word' id='word_1_147' title='bbox 706 1542 792 1564; x_wconf 84' lang='lat' dir='ltr'>nunc</span> <span class='ocrx_word' id='word_1_148' title='bbox 817 1533 953 1566; x_wconf 73' lang='lat' dir='ltr'>maxime</span> 
     </span>
     <span class='ocr_line' id='line_1_36' title="bbox 220 1584 954 1627; baseline 0.001 -11"><span class='ocrx_word' id='word_1_149' title='bbox 220 1589 382 1626; x_wconf 77' lang='lat' dir='ltr'>oportere,</span> <span class='ocrx_word' id='word_1_150' title='bbox 406 1589 440 1616; x_wconf 90' lang='lat' dir='ltr'>ut</span> <span class='ocrx_word' id='word_1_151' title='bbox 460 1584 614 1616; x_wconf 72' lang='lat' dir='ltr'>abiiciunt</span> <span class='ocrx_word' id='word_1_152' title='bbox 631 1595 727 1627; x_wconf 87' lang='lat' dir='ltr'>opera</span> <span class='ocrx_word' id='word_1_153' title='bbox 746 1585 954 1617; x_wconf 74' lang='lat' dir='ltr'>tenebrarum</span> 
     </span>
    </p>
   </div>
   <div class='ocr_carea' id='block_1_5' title="bbox 219 1637 977 1680">
    <p class='ocr_par' dir='ltr' id='par_1_7' title="bbox 219 1637 977 1680">
     <span class='ocr_line' id='line_1_37' title="bbox 219 1637 977 1680; baseline 0.001 -11"><span class='ocrx_word' id='word_1_154' title='bbox 219 1643 249 1669; x_wconf 86' lang='lat' dir='ltr'>ct</span> <span class='ocrx_word' id='word_1_155' title='bbox 274 1637 451 1669; x_wconf 85' lang='lat' dir='ltr'>induantur</span> <span class='ocrx_word' id='word_1_156' title='bbox 476 1648 562 1669; x_wconf 85' lang='lat' dir='ltr'>arma</span> <span class='ocrx_word' id='word_1_157' title='bbox 588 1637 690 1676; x_wconf 86' lang='lat' dir='ltr'>lucis,</span> <span class='ocrx_word' id='word_1_158' title='bbox 716 1638 789 1669; x_wconf 71' lang='lat' dir='ltr'>titia</span> <span class='ocrx_word' id='word_1_159' title='bbox 814 1638 951 1680; x_wconf 73' lang='lat' dir='ltr'>fugiant,</span> <span class='ocrx_word' id='word_1_160' title='bbox 974 1648 977 1655; x_wconf 73' lang='grc'><em>’</em></span> 
     </span>
    </p>
   </div>
   <div class='ocr_carea' id='block_1_6' title="bbox 219 1689 955 1733">
    <p class='ocr_par' dir='ltr' id='par_1_8' title="bbox 219 1689 955 1733">
     <span class='ocr_line' id='line_1_38' title="bbox 219 1689 955 1733; baseline 0.001 -11"><span class='ocrx_word' id='word_1_161' title='bbox 219 1689 352 1722; x_wconf 66' lang='lat' dir='ltr'>virtutes</span> <span class='ocrx_word' id='word_1_162' title='bbox 377 1694 552 1729; x_wconf 79' lang='lat' dir='ltr'>sectentur,</span> <span class='ocrx_word' id='word_1_163' title='bbox 569 1697 600 1722; x_wconf 84' lang='lat' dir='ltr'>et</span> <span class='ocrx_word' id='word_1_164' title='bbox 626 1690 847 1733; x_wconf 76' lang='lat' dir='ltr'>unusspiisque</span> <span class='ocrx_word' id='word_1_165' title='bbox 869 1702 955 1724; x_wconf 82' lang='lat' dir='ltr'>rece-</span> 
     </span>
    </p>
   </div>
   <div class='ocr_carea' id='block_1_7' title="bbox 219 1742 976 1782">
    <p class='ocr_par' dir='ltr' id='par_1_9' title="bbox 219 1742 976 1782">
     <span class='ocr_line' id='line_1_39' title="bbox 219 1742 976 1782; baseline 0.003 -7"><span class='ocrx_word' id='word_1_166' title='bbox 219 1743 273 1775; x_wconf 87' lang='lat' dir='ltr'>dat</span> <span class='ocrx_word' id='word_1_167' title='bbox 296 1754 313 1775; x_wconf 86' lang='lat' dir='ltr'>a</span> <span class='ocrx_word' id='word_1_168' title='bbox 339 1742 387 1775; x_wconf 73' lang='lat' dir='ltr'>via</span> <span class='ocrx_word' id='word_1_169' title='bbox 414 1744 470 1775; x_wconf 79' lang='lat' dir='ltr'>sua</span> <span class='ocrx_word' id='word_1_170' title='bbox 500 1744 582 1775; x_wconf 79' lang='lat' dir='ltr'>mala</span> <span class='ocrx_word' id='word_1_171' title='bbox 599 1769 606 1782; x_wconf 85' lang='lat'>‚</span> <span class='ocrx_word' id='word_1_172' title='bbox 641 1750 671 1776; x_wconf 87' lang='lat' dir='ltr'>et</span> <span class='ocrx_word' id='word_1_173' title='bbox 704 1749 884 1776; x_wconf 84' lang='lat' dir='ltr'>revertatur</span> <span class='ocrx_word' id='word_1_174' title='bbox 914 1745 952 1777; x_wconf 85' lang='lat' dir='ltr'>ad</span> <span class='ocrx_word' id='word_1_175' title='bbox 974 1754 976 1773; x_wconf 64' lang='lat'>:¹</span> 
     </span>
    </p>
   </div>
   <div class='ocr_carea' id='block_1_8' title="bbox 218 1795 953 1838">
    <p class='ocr_par' dir='ltr' id='par_1_10' title="bbox 218 1795 953 1838">
     <span class='ocr_line' id='line_1_40' title="bbox 218 1795 953 1838; baseline 0 -9"><span class='ocrx_word' id='word_1_176' title='bbox 218 1795 389 1829; x_wconf 89' lang='lat' dir='ltr'>Dominum</span> <span class='ocrx_word' id='word_1_177' title='bbox 404 1795 501 1828; x_wconf 83' lang='lat' dir='ltr'>corde</span> <span class='ocrx_word' id='word_1_178' title='bbox 517 1806 600 1838; x_wconf 88' lang='lat' dir='ltr'>puro</span> <span class='ocrx_word' id='word_1_179' title='bbox 612 1802 643 1828; x_wconf 91' lang='lat' dir='ltr'>et</span> <span class='ocrx_word' id='word_1_180' title='bbox 654 1796 849 1829; x_wconf 78' lang='lat' dir='ltr'>conscientia</span> <span class='ocrx_word' id='word_1_181' title='bbox 869 1798 953 1829; x_wconf 76' lang='lat' dir='ltr'>bona</span> 
     </span>
    </p>
   </div>
   <div class='ocr_carea' id='block_1_9' title="bbox 219 1847 975 1895">
    <p class='ocr_par' dir='ltr' id='par_1_11' title="bbox 219 1847 975 1895">
     <span class='ocr_line' id='line_1_41' title="bbox 219 1847 975 1895; baseline 0.005 -16"><span class='ocrx_word' id='word_1_182' title='bbox 219 1854 249 1880; x_wconf 90' lang='lat' dir='ltr'>et</span> <span class='ocrx_word' id='word_1_183' title='bbox 272 1847 334 1880; x_wconf 84' lang='lat' dir='ltr'>side</span> <span class='ocrx_word' id='word_1_184' title='bbox 360 1858 425 1880; x_wconf 89' lang='lat' dir='ltr'>non</span> <span class='ocrx_word' id='word_1_185' title='bbox 450 1847 540 1888; x_wconf 68' lang='lat' dir='ltr'>ficta,</span> <span class='ocrx_word' id='word_1_186' title='bbox 563 1848 676 1881; x_wconf 75' lang='lat' dir='ltr'>docete</span> <span class='ocrx_word' id='word_1_187' title='bbox 692 1849 827 1892; x_wconf 78' lang='lat' dir='ltr'>insuper</span> <span class='ocrx_word' id='word_1_188' title='bbox 846 1861 953 1883; x_wconf 85' lang='lat' dir='ltr'>sacros</span> <span class='ocrx_word' id='word_1_189' title='bbox 974 1861 975 1895; x_wconf 36' lang='grc' dir='ltr'>ζ</span> 
     </span>
    </p>
   </div>
   <div class='ocr_carea' id='block_1_10' title="bbox 218 1901 953 1997">
    <p class='ocr_par' dir='ltr' id='par_1_12' title="bbox 218 1901 953 1997">
     <span class='ocr_line' id='line_1_42' title="bbox 218 1901 952 1945; baseline 0.003 -11"><span class='ocrx_word' id='word_1_190' title='bbox 218 1901 494 1944; x_wconf 76' lang='lat' dir='ltr'>indulgentiarum</span> <span class='ocrx_word' id='word_1_191' title='bbox 531 1901 701 1934; x_wconf 82' lang='lat' dir='ltr'>thesauros</span> <span class='ocrx_word' id='word_1_192' title='bbox 730 1904 952 1945; x_wconf 77' lang='lat' dir='ltr'>consequendi</span> 
     </span>
     <span class='ocr_line' id='line_1_43' title="bbox 219 1954 953 1997; baseline 0.003 -10"><span class='ocrx_word' id='word_1_193' title='bbox 219 1964 307 1997; x_wconf 76' lang='lat' dir='ltr'>spem</span> <span class='ocrx_word' id='word_1_194' title='bbox 334 1964 460 1987; x_wconf 86' lang='lat' dir='ltr'>omnem</span> <span class='ocrx_word' id='word_1_195' title='bbox 492 1954 621 1987; x_wconf 87' lang='lat' dir='ltr'>inanem</span> <span class='ocrx_word' id='word_1_196' title='bbox 651 1965 744 1995; x_wconf 84' lang='lat' dir='ltr'>esse,</span> <span class='ocrx_word' id='word_1_197' title='bbox 783 1955 841 1987; x_wconf 88' lang='lat' dir='ltr'>nisi</span> <span class='ocrx_word' id='word_1_198' title='bbox 879 1967 953 1989; x_wconf 89' lang='lat' dir='ltr'>con-</span> 
     </span>
    </p>
   </div>
   <div class='ocr_carea' id='block_1_11' title="bbox 220 2007 976 2051">
    <p class='ocr_par' dir='ltr' id='par_1_13' title="bbox 220 2007 976 2051">
     <span class='ocr_line' id='line_1_44' title="bbox 220 2007 976 2051; baseline 0.001 -11"><span class='ocrx_word' id='word_1_199' title='bbox 220 2008 293 2040; x_wconf 84' lang='lat' dir='ltr'>trito</span> <span class='ocrx_word' id='word_1_200' title='bbox 320 2012 351 2040; x_wconf 89' lang='lat' dir='ltr'>et</span> <span class='ocrx_word' id='word_1_201' title='bbox 375 2007 543 2040; x_wconf 90' lang='lat' dir='ltr'>humiliato</span> <span class='ocrx_word' id='word_1_202' title='bbox 568 2007 664 2040; x_wconf 84' lang='lat' dir='ltr'>corde</span> <span class='ocrx_word' id='word_1_203' title='bbox 683 2007 900 2051; x_wconf 72' lang='lat' dir='ltr'>unusquisque</span> <span class='ocrx_word' id='word_1_204' title='bbox 919 2020 953 2042; x_wconf 80' lang='lat' dir='ltr'>se</span> <span class='ocrx_word' id='word_1_205' title='bbox 974 2012 976 2036; x_wconf 66' lang='grc' dir='ltr'>ἵ</span> 
     </span>
    </p>
   </div>
   <div class='ocr_carea' id='block_1_12' title="bbox 218 2061 954 2369">
    <p class='ocr_par' dir='ltr' id='par_1_14' title="bbox 218 2061 954 2369">
     <span class='ocr_line' id='line_1_45' title="bbox 219 2061 953 2104; baseline 0.003 -11"><span class='ocrx_word' id='word_1_206' title='bbox 219 2066 401 2104; x_wconf 77' lang='lat' dir='ltr'>praeparet,</span> <span class='ocrx_word' id='word_1_207' title='bbox 424 2066 455 2092; x_wconf 76' lang='lat' dir='ltr'>ct</span> <span class='ocrx_word' id='word_1_208' title='bbox 471 2061 621 2102; x_wconf 76' lang='lat' dir='ltr'>congruis</span> <span class='ocrx_word' id='word_1_209' title='bbox 641 2061 834 2093; x_wconf 82' lang='lat' dir='ltr'>christianae</span> <span class='ocrx_word' id='word_1_210' title='bbox 852 2062 953 2104; x_wconf 86' lang='lat' dir='ltr'>pieta-</span> 
     </span>
     <span class='ocr_line' id='line_1_46' title="bbox 221 2113 951 2156; baseline 0.003 -12"><span class='ocrx_word' id='word_1_211' title='bbox 221 2113 260 2146; x_wconf 88' lang='lat' dir='ltr'>tis</span> <span class='ocrx_word' id='word_1_212' title='bbox 279 2113 431 2156; x_wconf 87' lang='lat' dir='ltr'>operibus</span> <span class='ocrx_word' id='word_1_213' title='bbox 446 2113 587 2145; x_wconf 87' lang='lat' dir='ltr'>divinam</span> <span class='ocrx_word' id='word_1_214' title='bbox 607 2113 866 2146; x_wconf 84' lang='lat' dir='ltr'>misericordiam</span> <span class='ocrx_word' id='word_1_215' title='bbox 892 2115 951 2147; x_wconf 84' lang='lat' dir='ltr'>sibi</span> 
     </span>
     <span class='ocr_line' id='line_1_47' title="bbox 220 2165 954 2208; baseline 0.004 -11"><span class='ocrx_word' id='word_1_216' title='bbox 220 2165 401 2208; x_wconf 79' lang='lat' dir='ltr'>propitiare</span> <span class='ocrx_word' id='word_1_217' title='bbox 426 2165 608 2198; x_wconf 80' lang='lat' dir='ltr'>contendat.</span> <span class='ocrx_word' id='word_1_218' title='bbox 631 2165 689 2203; x_wconf 79' lang='lat' dir='ltr'>Qui</span> <span class='ocrx_word' id='word_1_219' title='bbox 708 2177 783 2199; x_wconf 87' lang='lat' dir='ltr'>vero</span> <span class='ocrx_word' id='word_1_220' title='bbox 805 2168 954 2200; x_wconf 86' lang='lat' dir='ltr'>substan-</span> 
     </span>
     <span class='ocr_line' id='line_1_48' title="bbox 221 2217 954 2258; baseline 0.004 -8"><span class='ocrx_word' id='word_1_221' title='bbox 221 2218 294 2250; x_wconf 86' lang='lat' dir='ltr'>tiam</span> <span class='ocrx_word' id='word_1_222' title='bbox 325 2217 421 2250; x_wconf 89' lang='lat' dir='ltr'>huius</span> <span class='ocrx_word' id='word_1_223' title='bbox 446 2217 556 2250; x_wconf 83' lang='lat' dir='ltr'>mundi</span> <span class='ocrx_word' id='word_1_224' title='bbox 576 2218 709 2258; x_wconf 85' lang='lat' dir='ltr'>hahent,</span> <span class='ocrx_word' id='word_1_225' title='bbox 730 2219 819 2251; x_wconf 83' lang='lat' dir='ltr'>vobis</span> <span class='ocrx_word' id='word_1_226' title='bbox 845 2220 954 2253; x_wconf 85' lang='lat' dir='ltr'>admo-</span> 
     </span>
     <span class='ocr_line' id='line_1_49' title="bbox 219 2270 953 2310; baseline 0.003 -6"><span class='ocrx_word' id='word_1_227' title='bbox 219 2270 384 2310; x_wconf 82' lang='lat' dir='ltr'>nentibus,</span> <span class='ocrx_word' id='word_1_228' title='bbox 410 2270 536 2303; x_wconf 84' lang='lat' dir='ltr'>discant</span> <span class='ocrx_word' id='word_1_229' title='bbox 561 2270 665 2303; x_wconf 80' lang='lat' dir='ltr'>facere</span> <span class='ocrx_word' id='word_1_230' title='bbox 692 2271 753 2303; x_wconf 80' lang='lat' dir='ltr'>sihi</span> <span class='ocrx_word' id='word_1_231' title='bbox 779 2272 898 2305; x_wconf 85' lang='lat' dir='ltr'>amicos</span> <span class='ocrx_word' id='word_1_232' title='bbox 916 2274 953 2306; x_wconf 87' lang='lat' dir='ltr'>de</span> 
     </span>
     <span class='ocr_line' id='line_1_50' title="bbox 218 2323 954 2369; baseline 0.003 -13"><span class='ocrx_word' id='word_1_233' title='bbox 218 2326 401 2356; x_wconf 59' lang='lat' dir='ltr'>n‘iammona</span> <span class='ocrx_word' id='word_1_234' title='bbox 416 2323 594 2366; x_wconf 86' lang='lat' dir='ltr'>iniquitatis</span> <span class='ocrx_word' id='word_1_235' title='bbox 605 2351 612 2364; x_wconf 91' lang='lat'><em>‚</em></span> <span class='ocrx_word' id='word_1_236' title='bbox 627 2335 806 2368; x_wconf 88' lang='lat' dir='ltr'>pauperum</span> <span class='ocrx_word' id='word_1_237' title='bbox 826 2325 954 2369; x_wconf 78' lang='lat' dir='ltr'>inopiae</span> 
     </span>
    </p>
   </div>
   <div class='ocr_carea' id='block_1_13' title="bbox 996 258 1745 2106">
    <p class='ocr_par' dir='ltr' id='par_1_15' title="bbox 996 258 1745 2106">
     <span class='ocr_line' id='line_1_51' title="bbox 996 258 1737 302; baseline -0.008 -9"><span class='ocrx_word' id='word_1_238' title='bbox 996 260 1154 293; x_wconf 82' lang='lat' dir='ltr'>Ecclesiae</span> <span class='ocrx_word' id='word_1_239' title='bbox 1189 259 1391 293; x_wconf 78' lang='lat' dir='ltr'>consuetudo</span> <span class='ocrx_word' id='word_1_240' title='bbox 1444 258 1623 302; x_wconf 75' lang='lat' dir='ltr'>apostolica</span> <span class='ocrx_word' id='word_1_241' title='bbox 1660 266 1737 289; x_wconf 78' lang='lat' dir='ltr'>voce</span> 
     </span>
     <span class='ocr_line' id='line_1_52' title="bbox 998 310 1734 355; baseline -0.007 -8"><span class='ocrx_word' id='word_1_242' title='bbox 998 315 1126 347; x_wconf 86' lang='lat' dir='ltr'>laudata</span> <span class='ocrx_word' id='word_1_243' title='bbox 1152 324 1210 346; x_wconf 90' lang='grc'>1105</span> <span class='ocrx_word' id='word_1_244' title='bbox 1235 314 1410 353; x_wconf 78' lang='lat' dir='ltr'>admonet)</span> <span class='ocrx_word' id='word_1_245' title='bbox 1437 318 1531 345; x_wconf 89' lang='lat' dir='ltr'>orent</span> <span class='ocrx_word' id='word_1_246' title='bbox 1556 322 1615 355; x_wconf 87' lang='lat' dir='ltr'>pro</span> <span class='ocrx_word' id='word_1_247' title='bbox 1647 310 1734 352; x_wconf 72' lang='lat' dir='ltr'>regi-</span> 
     </span>
     <span class='ocr_line' id='line_1_53' title="bbox 996 363 1740 409; baseline -0.005 -11"><span class='ocrx_word' id='word_1_248' title='bbox 996 367 1054 398; x_wconf 86' lang='lat' dir='ltr'>bus</span> <span class='ocrx_word' id='word_1_249' title='bbox 1078 372 1109 399; x_wconf 88' lang='lat' dir='ltr'>et</span> <span class='ocrx_word' id='word_1_250' title='bbox 1130 366 1334 409; x_wconf 85' lang='lat' dir='ltr'>principibus</span> <span class='ocrx_word' id='word_1_251' title='bbox 1360 365 1559 403; x_wconf 83' lang='lat' dir='ltr'>christianis,</span> <span class='ocrx_word' id='word_1_252' title='bbox 1583 363 1740 396; x_wconf 77' lang='grc'>1110111111-</span> 
     </span>
     <span class='ocr_line' id='line_1_54' title="bbox 997 415 1738 461; baseline -0.007 -10"><span class='ocrx_word' id='word_1_253' title='bbox 997 424 1112 461; x_wconf 84' lang='lat' dir='ltr'>potens</span> <span class='ocrx_word' id='word_1_254' title='bbox 1154 418 1256 457; x_wconf 85' lang='lat' dir='ltr'>Deus,</span> <span class='ocrx_word' id='word_1_255' title='bbox 1289 429 1343 450; x_wconf 84' lang='lat' dir='ltr'>rex</span> <span class='ocrx_word' id='word_1_256' title='bbox 1379 428 1490 458; x_wconf 70' lang='lat' dir='ltr'>regum</span> <span class='ocrx_word' id='word_1_257' title='bbox 1527 423 1556 448; x_wconf 88' lang='lat' dir='ltr'>et</span> <span class='ocrx_word' id='word_1_258' title='bbox 1589 415 1738 448; x_wconf 86' lang='lat' dir='ltr'>dominus</span> 
     </span>
     <span class='ocr_line' id='line_1_55' title="bbox 998 470 1738 513; baseline -0.003 -10"><span class='ocrx_word' id='word_1_259' title='bbox 998 471 1232 504; x_wconf 79' lang='lat' dir='ltr'>dominantium</span> <span class='ocrx_word' id='word_1_260' title='bbox 1250 497 1257 510; x_wconf 94' lang='lat'>,</span> <span class='ocrx_word' id='word_1_261' title='bbox 1284 471 1346 503; x_wconf 90' lang='lat' dir='ltr'>illis</span> <span class='ocrx_word' id='word_1_262' title='bbox 1372 471 1500 513; x_wconf 81' lang='lat' dir='ltr'>plenam</span> <span class='ocrx_word' id='word_1_263' title='bbox 1534 470 1566 501; x_wconf 91' lang='lat' dir='ltr'>in</span> <span class='ocrx_word' id='word_1_264' title='bbox 1601 475 1738 511; x_wconf 85' lang='lat' dir='ltr'>utroque</span> 
     </span>
     <span class='ocr_line' id='line_1_56' title="bbox 998 523 1738 565; baseline -0.003 -10"><span class='ocrx_word' id='word_1_265' title='bbox 998 523 1131 556; x_wconf 89' lang='lat' dir='ltr'>homine</span> <span class='ocrx_word' id='word_1_266' title='bbox 1157 523 1347 556; x_wconf 78' lang='lat' dir='ltr'>felicitatem</span> <span class='ocrx_word' id='word_1_267' title='bbox 1369 527 1400 554; x_wconf 90' lang='lat' dir='ltr'>et</span> <span class='ocrx_word' id='word_1_268' title='bbox 1423 533 1535 565; x_wconf 83' lang='lat' dir='ltr'>pacem</span> <span class='ocrx_word' id='word_1_269' title='bbox 1565 531 1738 564; x_wconf 84' lang='lat' dir='ltr'>veramque</span> 
     </span>
     <span class='ocr_line' id='line_1_57' title="bbox 997 574 1736 618; baseline -0.003 -10"><span class='ocrx_word' id='word_1_270' title='bbox 997 575 1203 608; x_wconf 83' lang='lat' dir='ltr'>concordiam</span> <span class='ocrx_word' id='word_1_271' title='bbox 1229 575 1339 618; x_wconf 84' lang='lat' dir='ltr'>largiri</span> <span class='ocrx_word' id='word_1_272' title='bbox 1359 575 1525 616; x_wconf 82' lang='lat' dir='ltr'>dignetur.</span> <span class='ocrx_word' id='word_1_273' title='bbox 1545 574 1607 607; x_wconf 89' lang='lat' dir='ltr'>Eos</span> <span class='ocrx_word' id='word_1_274' title='bbox 1626 585 1736 617; x_wconf 85' lang='lat' dir='ltr'>porro,</span> 
     </span>
     <span class='ocr_line' id='line_1_58' title="bbox 997 627 1739 671; baseline -0.001 -11"><span class='ocrx_word' id='word_1_275' title='bbox 997 629 1050 671; x_wconf 83' lang='lat' dir='ltr'>qui</span> <span class='ocrx_word' id='word_1_276' title='bbox 1072 639 1194 662; x_wconf 87' lang='lat' dir='ltr'>sacram</span> <span class='ocrx_word' id='word_1_277' title='bbox 1214 629 1297 661; x_wconf 88' lang='lat' dir='ltr'>hane</span> <span class='ocrx_word' id='word_1_278' title='bbox 1314 627 1615 671; x_wconf 79' lang='lat' dir='ltr'>peregrinationem</span> <span class='ocrx_word' id='word_1_279' title='bbox 1634 637 1739 659; x_wconf 84' lang='lat' dir='ltr'>susce-</span> 
     </span>
     <span class='ocr_line' id='line_1_59' title="bbox 997 678 1738 726; baseline -0.003 -13"><span class='ocrx_word' id='word_1_280' title='bbox 997 681 1116 726; x_wconf 81' lang='lat' dir='ltr'>perint,</span> <span class='ocrx_word' id='word_1_281' title='bbox 1142 681 1286 724; x_wconf 87' lang='lat' dir='ltr'>paternis</span> <span class='ocrx_word' id='word_1_282' title='bbox 1313 678 1597 713; x_wconf 83' lang='lat' dir='ltr'>adhortationibus</span> <span class='ocrx_word' id='word_1_283' title='bbox 1624 685 1738 712; x_wconf 89' lang='lat' dir='ltr'>etmo-</span> 
     </span>
     <span class='ocr_line' id='line_1_60' title="bbox 997 732 1738 776; baseline -0.005 -8"><span class='ocrx_word' id='word_1_284' title='bbox 997 735 1072 768; x_wconf 84' lang='lat' dir='ltr'>nitis</span> <span class='ocrx_word' id='word_1_285' title='bbox 1096 734 1270 773; x_wconf 77' lang='lat' dir='ltr'>instruite,</span> <span class='ocrx_word' id='word_1_286' title='bbox 1297 744 1357 776; x_wconf 88' lang='lat' dir='ltr'>qua</span> <span class='ocrx_word' id='word_1_287' title='bbox 1383 733 1491 766; x_wconf 88' lang='lat' dir='ltr'>cordis</span> <span class='ocrx_word' id='word_1_288' title='bbox 1514 732 1686 765; x_wconf 82' lang='lat' dir='ltr'>devotione</span> <span class='ocrx_word' id='word_1_289' title='bbox 1707 737 1738 764; x_wconf 84' lang='lat' dir='ltr'>et</span> 
     </span>
     <span class='ocr_line' id='line_1_61' title="bbox 997 784 1739 829; baseline -0.007 -9"><span class='ocrx_word' id='word_1_290' title='bbox 997 787 1172 827; x_wconf 79' lang='lat' dir='ltr'>modestia,</span> <span class='ocrx_word' id='word_1_291' title='bbox 1199 797 1298 829; x_wconf 82' lang='lat' dir='ltr'>quave</span> <span class='ocrx_word' id='word_1_292' title='bbox 1325 786 1486 818; x_wconf 81' lang='lat' dir='ltr'>fraternae</span> <span class='ocrx_word' id='word_1_293' title='bbox 1514 784 1602 827; x_wconf 80' lang='lat' dir='ltr'>pacis</span> <span class='ocrx_word' id='word_1_294' title='bbox 1627 785 1739 817; x_wconf 87' lang='lat' dir='ltr'>obser-</span> 
     </span>
     <span class='ocr_line' id='line_1_62' title="bbox 996 839 1739 883; baseline -0.007 -9"><span class='ocrx_word' id='word_1_295' title='bbox 996 841 1123 874; x_wconf 83' lang='lat' dir='ltr'>vatione</span> <span class='ocrx_word' id='word_1_296' title='bbox 1149 840 1270 883; x_wconf 86' lang='lat' dir='ltr'>ubique</span> <span class='ocrx_word' id='word_1_297' title='bbox 1297 850 1331 872; x_wconf 92' lang='lat' dir='ltr'>se</span> <span class='ocrx_word' id='word_1_298' title='bbox 1356 850 1471 882; x_wconf 80' lang='lat' dir='ltr'>gerere</span> <span class='ocrx_word' id='word_1_299' title='bbox 1506 839 1670 875; x_wconf 77' lang='lat' dir='ltr'>debeant,</span> <span class='ocrx_word' id='word_1_300' title='bbox 1704 842 1739 869; x_wconf 88' lang='grc'>111</span> 
     </span>
     <span class='ocr_line' id='line_1_63' title="bbox 996 891 1738 930; baseline -0.004 -3"><span class='ocrx_word' id='word_1_301' title='bbox 996 894 1114 927; x_wconf 81' lang='lat' dir='ltr'>Christi</span> <span class='ocrx_word' id='word_1_302' title='bbox 1140 894 1245 927; x_wconf 87' lang='lat' dir='ltr'>honus</span> <span class='ocrx_word' id='word_1_303' title='bbox 1271 893 1351 926; x_wconf 88' lang='lat' dir='ltr'>odor</span> <span class='ocrx_word' id='word_1_304' title='bbox 1376 892 1439 925; x_wconf 87' lang='lat' dir='ltr'>sint</span> <span class='ocrx_word' id='word_1_305' title='bbox 1466 891 1497 924; x_wconf 92' lang='lat' dir='ltr'>in</span> <span class='ocrx_word' id='word_1_306' title='bbox 1524 891 1611 924; x_wconf 86' lang='lat' dir='ltr'>omni</span> <span class='ocrx_word' id='word_1_307' title='bbox 1641 893 1738 930; x_wconf 82' lang='lat' dir='ltr'>loco·,</span> 
     </span>
     <span class='ocr_line' id='line_1_64' title="bbox 997 944 1738 983; baseline -0.005 -3"><span class='ocrx_word' id='word_1_308' title='bbox 997 959 1061 981; x_wconf 91' lang='grc'>11011</span> <span class='ocrx_word' id='word_1_309' title='bbox 1082 946 1201 979; x_wconf 87' lang='lat' dir='ltr'>saeculi</span> <span class='ocrx_word' id='word_1_310' title='bbox 1223 946 1351 979; x_wconf 87' lang='lat' dir='ltr'>curiosa</span> <span class='ocrx_word' id='word_1_311' title='bbox 1372 950 1547 983; x_wconf 86' lang='lat' dir='ltr'>sectentur,</span> <span class='ocrx_word' id='word_1_312' title='bbox 1568 954 1632 977; x_wconf 90' lang='lat' dir='ltr'>non</span> <span class='ocrx_word' id='word_1_313' title='bbox 1650 944 1738 976; x_wconf 85' lang='lat' dir='ltr'>vanis</span> 
     </span>
     <span class='ocr_line' id='line_1_65' title="bbox 998 996 1737 1037; baseline -0.005 -5"><span class='ocrx_word' id='word_1_314' title='bbox 998 1000 1165 1032; x_wconf 80' lang='lat' dir='ltr'>intendant</span> <span class='ocrx_word' id='word_1_315' title='bbox 1192 998 1456 1037; x_wconf 77' lang='lat' dir='ltr'>fabulationibus,</span> <span class='ocrx_word' id='word_1_316' title='bbox 1482 997 1537 1030; x_wconf 88' lang='lat' dir='ltr'>sed</span> <span class='ocrx_word' id='word_1_317' title='bbox 1557 996 1737 1030; x_wconf 75' lang='lat' dir='ltr'>divinarum</span> 
     </span>
     <span class='ocr_line' id='line_1_66' title="bbox 998 1050 1739 1095; baseline -0.005 -10"><span class='ocrx_word' id='word_1_318' title='bbox 998 1063 1103 1086; x_wconf 88' lang='lat' dir='ltr'>rerum</span> <span class='ocrx_word' id='word_1_319' title='bbox 1129 1052 1311 1095; x_wconf 77' lang='lat' dir='ltr'>colloquiis,</span> <span class='ocrx_word' id='word_1_320' title='bbox 1340 1050 1468 1094; x_wconf 81' lang='lat' dir='ltr'>hymnis</span> <span class='ocrx_word' id='word_1_321' title='bbox 1494 1050 1588 1083; x_wconf 83' lang='lat' dir='ltr'>etiarn</span> <span class='ocrx_word' id='word_1_322' title='bbox 1618 1054 1739 1082; x_wconf 64' lang='grc'>6161111-</span> 
     </span>
     <span class='ocr_line' id='line_1_67' title="bbox 998 1102 1739 1148; baseline -0.007 -10"><span class='ocrx_word' id='word_1_323' title='bbox 998 1106 1068 1139; x_wconf 83' lang='lat' dir='ltr'>ticis</span> <span class='ocrx_word' id='word_1_324' title='bbox 1106 1105 1332 1148; x_wconf 84' lang='lat' dir='ltr'>spiritualibus</span> <span class='ocrx_word' id='word_1_325' title='bbox 1373 1103 1495 1136; x_wconf 86' lang='lat' dir='ltr'>viarum</span> <span class='ocrx_word' id='word_1_326' title='bbox 1532 1102 1663 1135; x_wconf 86' lang='lat' dir='ltr'>labores</span> <span class='ocrx_word' id='word_1_327' title='bbox 1709 1106 1739 1134; x_wconf 90' lang='lat' dir='ltr'>et</span> 
     </span>
     <span class='ocr_line' id='line_1_68' title="bbox 997 1156 1740 1191; baseline -0.007 0"><span class='ocrx_word' id='word_1_328' title='bbox 997 1158 1205 1191; x_wconf 87' lang='lat' dir='ltr'>incommoda</span> <span class='ocrx_word' id='word_1_329' title='bbox 1242 1159 1348 1190; x_wconf 81' lang='lat' dir='ltr'>levare</span> <span class='ocrx_word' id='word_1_330' title='bbox 1383 1156 1545 1188; x_wconf 86' lang='lat' dir='ltr'>studeant.</span> <span class='ocrx_word' id='word_1_331' title='bbox 1587 1156 1740 1188; x_wconf 81' lang='lat' dir='ltr'>Avertant</span> 
     </span>
     <span class='ocr_line' id='line_1_69' title="bbox 998 1208 1739 1244; baseline -0.005 0"><span class='ocrx_word' id='word_1_332' title='bbox 998 1212 1028 1244; x_wconf 87' lang='lat' dir='ltr'>in</span> <span class='ocrx_word' id='word_1_333' title='bbox 1056 1211 1173 1243; x_wconf 88' lang='lat' dir='ltr'>itinere</span> <span class='ocrx_word' id='word_1_334' title='bbox 1203 1212 1314 1243; x_wconf 80' lang='lat' dir='ltr'>oculos</span> <span class='ocrx_word' id='word_1_335' title='bbox 1346 1220 1420 1241; x_wconf 82' lang='lat' dir='ltr'>suos</span> <span class='ocrx_word' id='word_1_336' title='bbox 1454 1219 1494 1240; x_wconf 88' lang='lat' dir='ltr'>ne</span> <span class='ocrx_word' id='word_1_337' title='bbox 1526 1208 1657 1240; x_wconf 86' lang='lat' dir='ltr'>videant</span> <span class='ocrx_word' id='word_1_338' title='bbox 1687 1218 1739 1240; x_wconf 83' lang='lat' dir='ltr'>va-</span> 
     </span>
     <span class='ocr_line' id='line_1_70' title="bbox 998 1261 1740 1304; baseline -0.007 -7"><span class='ocrx_word' id='word_1_339' title='bbox 998 1266 1135 1303; x_wconf 85' lang='lat' dir='ltr'>nitates,</span> <span class='ocrx_word' id='word_1_340' title='bbox 1162 1274 1222 1296; x_wconf 86' lang='lat' dir='ltr'>nee</span> <span class='ocrx_word' id='word_1_341' title='bbox 1259 1263 1381 1296; x_wconf 82' lang='lat' dir='ltr'>illicitis</span> <span class='ocrx_word' id='word_1_342' title='bbox 1417 1261 1649 1304; x_wconf 82' lang='lat' dir='ltr'>cupiditatibus</span> <span class='ocrx_word' id='word_1_343' title='bbox 1685 1266 1740 1293; x_wconf 88' lang='lat' dir='ltr'>aut</span> 
     </span>
     <span class='ocr_line' id='line_1_71' title="bbox 998 1314 1739 1357; baseline -0.004 -7"><span class='ocrx_word' id='word_1_344' title='bbox 998 1317 1219 1350; x_wconf 76' lang='lat' dir='ltr'>saecularibus</span> <span class='ocrx_word' id='word_1_345' title='bbox 1250 1315 1421 1348; x_wconf 78' lang='lat' dir='ltr'>desideriis</span> <span class='ocrx_word' id='word_1_346' title='bbox 1447 1327 1462 1346; x_wconf 86' lang='lat' dir='ltr'>a</span> <span class='ocrx_word' id='word_1_347' title='bbox 1488 1319 1637 1357; x_wconf 81' lang='lat' dir='ltr'>suscepto</span> <span class='ocrx_word' id='word_1_348' title='bbox 1673 1314 1739 1357; x_wconf 86' lang='lat' dir='ltr'>pie-</span> 
     </span>
     <span class='ocr_line' id='line_1_72' title="bbox 1000 1367 1745 1413; baseline -0.004 -11"><span class='ocrx_word' id='word_1_349' title='bbox 1000 1371 1070 1403; x_wconf 88' lang='lat' dir='ltr'>tatis</span> <span class='ocrx_word' id='word_1_350' title='bbox 1096 1369 1265 1413; x_wconf 87' lang='lat' dir='ltr'>proposito</span> <span class='ocrx_word' id='word_1_351' title='bbox 1295 1380 1326 1401; x_wconf 85' lang='lat' dir='ltr'>se</span> <span class='ocrx_word' id='word_1_352' title='bbox 1346 1367 1469 1400; x_wconf 80' lang='lat' dir='ltr'>avocari</span> <span class='ocrx_word' id='word_1_353' title='bbox 1495 1367 1668 1410; x_wconf 85' lang='lat' dir='ltr'>patiantur.</span> <span class='ocrx_word' id='word_1_354' title='bbox 1689 1367 1745 1399; x_wconf 76' lang='lat' dir='ltr'>stc·</span> 
     </span>
     <span class='ocr_line' id='line_1_73' title="bbox 998 1422 1738 1457; baseline -0.004 -1"><span class='ocrx_word' id='word_1_355' title='bbox 998 1425 1096 1457; x_wconf 88' lang='lat' dir='ltr'>bonas</span> <span class='ocrx_word' id='word_1_356' title='bbox 1124 1423 1240 1456; x_wconf 87' lang='lat' dir='ltr'>faciant</span> <span class='ocrx_word' id='word_1_357' title='bbox 1266 1423 1331 1455; x_wconf 80' lang='lat' dir='ltr'>vias</span> <span class='ocrx_word' id='word_1_358' title='bbox 1357 1432 1430 1454; x_wconf 83' lang='lat' dir='ltr'>suas</span> <span class='ocrx_word' id='word_1_359' title='bbox 1467 1426 1498 1454; x_wconf 86' lang='lat' dir='ltr'>et</span> <span class='ocrx_word' id='word_1_360' title='bbox 1534 1422 1738 1453; x_wconf 83' lang='lat' dir='ltr'>ambulantes</span> 
     </span>
     <span class='ocr_line' id='line_1_74' title="bbox 999 1474 1738 1516; baseline -0.004 -7"><span class='ocrx_word' id='word_1_361' title='bbox 999 1477 1029 1509; x_wconf 92' lang='grc'>111</span> <span class='ocrx_word' id='word_1_362' title='bbox 1057 1476 1178 1509; x_wconf 88' lang='lat' dir='ltr'>semitis</span> <span class='ocrx_word' id='word_1_363' title='bbox 1206 1475 1344 1508; x_wconf 87' lang='lat' dir='ltr'>iustitiae</span> <span class='ocrx_word' id='word_1_364' title='bbox 1371 1474 1461 1516; x_wconf 75' lang='lat' dir='ltr'>digni</span> <span class='ocrx_word' id='word_1_365' title='bbox 1487 1474 1563 1506; x_wconf 85' lang='lat' dir='ltr'>fient</span> <span class='ocrx_word' id='word_1_366' title='bbox 1589 1500 1595 1513; x_wconf 89' lang='lat'><strong><em>‚</em></strong></span> <span class='ocrx_word' id='word_1_367' title='bbox 1622 1474 1738 1515; x_wconf 76' lang='lat' dir='ltr'>angelo</span> 
     </span>
     <span class='ocr_line' id='line_1_75' title="bbox 999 1526 1736 1567; baseline -0.005 -5"><span class='ocrx_word' id='word_1_368' title='bbox 999 1529 1051 1562; x_wconf 83' lang='lat' dir='ltr'>Dei</span> <span class='ocrx_word' id='word_1_369' title='bbox 1078 1528 1206 1567; x_wconf 86' lang='lat' dir='ltr'>comite,</span> <span class='ocrx_word' id='word_1_370' title='bbox 1235 1529 1272 1560; x_wconf 90' lang='lat' dir='ltr'>ad</span> <span class='ocrx_word' id='word_1_371' title='bbox 1300 1528 1384 1560; x_wconf 85' lang='lat' dir='ltr'>hanc</span> <span class='ocrx_word' id='word_1_372' title='bbox 1405 1531 1547 1559; x_wconf 81' lang='lat' dir='ltr'>sanctam</span> <span class='ocrx_word' id='word_1_373' title='bbox 1574 1526 1736 1558; x_wconf 84' lang='lat' dir='ltr'>civitatem</span> 
     </span>
     <span class='ocr_line' id='line_1_76' title="bbox 998 1579 1738 1619; baseline -0.007 -4"><span class='ocrx_word' id='word_1_374' title='bbox 998 1594 1069 1615; x_wconf 88' lang='lat' dir='ltr'>cum</span> <span class='ocrx_word' id='word_1_375' title='bbox 1096 1582 1292 1615; x_wconf 73' lang='lat' dir='ltr'>exultatione</span> <span class='ocrx_word' id='word_1_376' title='bbox 1320 1580 1450 1619; x_wconf 83' lang='lat' dir='ltr'>deduci,</span> <span class='ocrx_word' id='word_1_377' title='bbox 1479 1580 1532 1612; x_wconf 85' lang='lat' dir='ltr'>ubi</span> <span class='ocrx_word' id='word_1_378' title='bbox 1558 1579 1738 1612; x_wconf 86' lang='lat' dir='ltr'>adorabunt</span> 
     </span>
     <span class='ocr_line' id='line_1_77' title="bbox 998 1632 1738 1673; baseline -0.005 -6"><span class='ocrx_word' id='word_1_379' title='bbox 998 1635 1167 1669; x_wconf 87' lang='lat' dir='ltr'>Dominum</span> <span class='ocrx_word' id='word_1_380' title='bbox 1194 1635 1225 1666; x_wconf 91' lang='lat' dir='ltr'>in</span> <span class='ocrx_word' id='word_1_381' title='bbox 1252 1634 1333 1666; x_wconf 89' lang='lat' dir='ltr'>atrio</span> <span class='ocrx_word' id='word_1_382' title='bbox 1363 1638 1476 1666; x_wconf 85' lang='lat' dir='ltr'>sancto</span> <span class='ocrx_word' id='word_1_383' title='bbox 1511 1633 1605 1673; x_wconf 76' lang='lat' dir='ltr'>cius;</span> <span class='ocrx_word' id='word_1_384' title='bbox 1638 1632 1738 1664; x_wconf 84' lang='lat' dir='ltr'>intra-</span> 
     </span>
     <span class='ocr_line' id='line_1_78' title="bbox 998 1685 1738 1731; baseline -0.005 -10"><span class='ocrx_word' id='word_1_385' title='bbox 998 1690 1078 1722; x_wconf 86' lang='lat' dir='ltr'>bunt</span> <span class='ocrx_word' id='word_1_386' title='bbox 1101 1693 1211 1731; x_wconf 84' lang='lat' dir='ltr'>portas</span> <span class='ocrx_word' id='word_1_387' title='bbox 1237 1687 1306 1720; x_wconf 80' lang='lat' dir='ltr'>eius</span> <span class='ocrx_word' id='word_1_388' title='bbox 1333 1686 1364 1718; x_wconf 91' lang='lat' dir='ltr'>in</span> <span class='ocrx_word' id='word_1_389' title='bbox 1389 1685 1604 1725; x_wconf 80' lang='lat' dir='ltr'>confessione,</span> <span class='ocrx_word' id='word_1_390' title='bbox 1628 1690 1738 1728; x_wconf 85' lang='lat' dir='ltr'>portas</span> 
     </span>
     <span class='ocr_line' id='line_1_79' title="bbox 998 1737 1738 1783; baseline -0.005 -9"><span class='ocrx_word' id='word_1_391' title='bbox 998 1742 1137 1775; x_wconf 88' lang='lat' dir='ltr'>iustitiae</span> <span class='ocrx_word' id='word_1_392' title='bbox 1160 1769 1166 1781; x_wconf 89' lang='lat'>,</span> <span class='ocrx_word' id='word_1_393' title='bbox 1210 1740 1327 1783; x_wconf 87' lang='lat' dir='ltr'>quibus</span> <span class='ocrx_word' id='word_1_394' title='bbox 1370 1739 1472 1772; x_wconf 85' lang='lat' dir='ltr'>facilis</span> <span class='ocrx_word' id='word_1_395' title='bbox 1511 1739 1550 1771; x_wconf 89' lang='lat' dir='ltr'>ad</span> <span class='ocrx_word' id='word_1_396' title='bbox 1597 1737 1738 1771; x_wconf 78' lang='lat' dir='ltr'>(lirInam</span> 
     </span>
     <span class='ocr_line' id='line_1_80' title="bbox 998 1794 1740 1837; baseline -0.005 -9"><span class='ocrx_word' id='word_1_397' title='bbox 998 1794 1255 1829; x_wconf 81' lang='lat' dir='ltr'>inisericordiam</span> <span class='ocrx_word' id='word_1_398' title='bbox 1296 1798 1481 1837; x_wconf 88' lang='lat' dir='ltr'>praestatur</span> <span class='ocrx_word' id='word_1_399' title='bbox 1517 1802 1667 1825; x_wconf 84' lang='lat' dir='ltr'>accessus</span> <span class='ocrx_word' id='word_1_400' title='bbox 1707 1797 1740 1825; x_wconf 85' lang='lat' dir='ltr'>et</span> 
     </span>
     <span class='ocr_line' id='line_1_81' title="bbox 998 1846 1739 1882; baseline -0.004 -1"><span class='ocrx_word' id='word_1_401' title='bbox 998 1851 1035 1882; x_wconf 88' lang='lat' dir='ltr'>ad</span> <span class='ocrx_word' id='word_1_402' title='bbox 1061 1847 1248 1881; x_wconf 81' lang='lat' dir='ltr'>caelestium</span> <span class='ocrx_word' id='word_1_403' title='bbox 1273 1846 1541 1880; x_wconf 70' lang='lat' dir='ltr'>benedictionum</span> <span class='ocrx_word' id='word_1_404' title='bbox 1568 1846 1739 1878; x_wconf 83' lang='lat' dir='ltr'>thesauros</span> 
     </span>
     <span class='ocr_line' id='line_1_82' title="bbox 998 1898 1736 1945; baseline -0.007 -9"><span class='ocrx_word' id='word_1_405' title='bbox 998 1900 1213 1945; x_wconf 86' lang='lat' dir='ltr'>acquirendos</span> <span class='ocrx_word' id='word_1_406' title='bbox 1251 1900 1324 1933; x_wconf 80' lang='lat' dir='ltr'>felix</span> <span class='ocrx_word' id='word_1_407' title='bbox 1364 1900 1470 1932; x_wconf 81' lang='lat' dir='ltr'>aditus</span> <span class='ocrx_word' id='word_1_408' title='bbox 1510 1898 1664 1942; x_wconf 88' lang='lat' dir='ltr'>aperitur.</span> <span class='ocrx_word' id='word_1_409' title='bbox 1704 1898 1736 1931; x_wconf 91' lang='lat' dir='ltr'>ln</span> 
     </span>
     <span class='ocr_line' id='line_1_83' title="bbox 997 1952 1734 1994; baseline -0.008 -4"><span class='ocrx_word' id='word_1_410' title='bbox 997 1956 1148 1990; x_wconf 88' lang='lat' dir='ltr'>omnibus</span> <span class='ocrx_word' id='word_1_411' title='bbox 1185 1960 1319 1994; x_wconf 83' lang='lat' dir='ltr'>autem,</span> <span class='ocrx_word' id='word_1_412' title='bbox 1358 1952 1560 1986; x_wconf 81' lang='lat' dir='ltr'>venerabiles</span> <span class='ocrx_word' id='word_1_413' title='bbox 1596 1952 1734 1992; x_wconf 88' lang='lat' dir='ltr'>fratres,</span> 
     </span>
     <span class='ocr_line' id='line_1_84' title="bbox 997 2007 1737 2054; baseline -0.008 -11"><span class='ocrx_word' id='word_1_414' title='bbox 997 2011 1151 2054; x_wconf 71' lang='lat' dir='ltr'>praebete</span> <span class='ocrx_word' id='word_1_415' title='bbox 1184 2020 1239 2042; x_wconf 83' lang='lat' dir='ltr'>vos</span> <span class='ocrx_word' id='word_1_416' title='bbox 1266 2008 1354 2051; x_wconf 88' lang='lat' dir='ltr'>ipsos</span> <span class='ocrx_word' id='word_1_417' title='bbox 1391 2012 1422 2040; x_wconf 87' lang='lat' dir='ltr'>et</span> <span class='ocrx_word' id='word_1_418' title='bbox 1455 2017 1585 2040; x_wconf 89' lang='lat' dir='ltr'>omnem</span> <span class='ocrx_word' id='word_1_419' title='bbox 1613 2007 1737 2039; x_wconf 85' lang='lat' dir='ltr'>elerum</span> 
     </span>
     <span class='ocr_line' id='line_1_85' title="bbox 998 2060 1738 2106; baseline -0.007 -9"><span class='ocrx_word' id='word_1_420' title='bbox 998 2064 1181 2106; x_wconf 89' lang='lat' dir='ltr'>exemplum</span> <span class='ocrx_word' id='word_1_421' title='bbox 1202 2063 1363 2094; x_wconf 86' lang='lat' dir='ltr'>honorum</span> <span class='ocrx_word' id='word_1_422' title='bbox 1386 2071 1523 2104; x_wconf 88' lang='lat' dir='ltr'>operum</span> <span class='ocrx_word' id='word_1_423' title='bbox 1545 2065 1577 2093; x_wconf 89' lang='lat' dir='ltr'>et</span> <span class='ocrx_word' id='word_1_424' title='bbox 1603 2060 1738 2092; x_wconf 83' lang='lat' dir='ltr'>formam</span> 
     </span>
    </p>
   </div>
   <div class='ocr_carea' id='block_1_14' title="bbox 975 2112 1738 2159">
    <p class='ocr_par' dir='ltr' id='par_1_16' title="bbox 975 2112 1738 2159">
     <span class='ocr_line' id='line_1_86' title="bbox 975 2112 1738 2159; baseline -0.007 -10"><span class='ocrx_word' id='word_1_425' title='bbox 975 2117 1119 2159; x_wconf 54' lang='lat' dir='ltr'>gregis,</span> <span class='ocrx_word' id='word_1_426' title='bbox 1148 2122 1181 2148; x_wconf 91' lang='lat' dir='ltr'>ut</span> <span class='ocrx_word' id='word_1_427' title='bbox 1207 2121 1331 2148; x_wconf 82' lang='lat' dir='ltr'>vestrae</span> <span class='ocrx_word' id='word_1_428' title='bbox 1359 2114 1483 2146; x_wconf 84' lang='lat' dir='ltr'>virtutis</span> <span class='ocrx_word' id='word_1_429' title='bbox 1509 2124 1545 2146; x_wconf 88' lang='lat' dir='ltr'>ac</span> <span class='ocrx_word' id='word_1_430' title='bbox 1570 2112 1738 2155; x_wconf 73' lang='lat' dir='ltr'>religionis</span> 
     </span>
    </p>
   </div>
   <div class='ocr_carea' id='block_1_15' title="bbox 997 2166 1738 2370">
    <p class='ocr_par' dir='ltr' id='par_1_17' title="bbox 997 2166 1738 2370">
     <span class='ocr_line' id='line_1_87' title="bbox 998 2166 1738 2208; baseline -0.005 -6"><span class='ocrx_word' id='word_1_431' title='bbox 998 2169 1095 2203; x_wconf 81' lang='lat' dir='ltr'>veluti</span> <span class='ocrx_word' id='word_1_432' title='bbox 1129 2170 1195 2201; x_wconf 89' lang='lat' dir='ltr'>sale</span> <span class='ocrx_word' id='word_1_433' title='bbox 1228 2167 1327 2201; x_wconf 87' lang='lat' dir='ltr'>ceteri</span> <span class='ocrx_word' id='word_1_434' title='bbox 1356 2167 1568 2206; x_wconf 77' lang='lat' dir='ltr'>condiantur3</span> <span class='ocrx_word' id='word_1_435' title='bbox 1596 2166 1738 2208; x_wconf 89' lang='lat' dir='ltr'>dumque</span> 
     </span>
     <span class='ocr_line' id='line_1_88' title="bbox 998 2220 1737 2265; baseline -0.004 -10"><span class='ocrx_word' id='word_1_436' title='bbox 998 2223 1029 2255; x_wconf 90' lang='lat' dir='ltr'>in</span> <span class='ocrx_word' id='word_1_437' title='bbox 1056 2234 1135 2262; x_wconf 84' lang='lat' dir='ltr'>vos,</span> <span class='ocrx_word' id='word_1_438' title='bbox 1165 2228 1325 2265; x_wconf 85' lang='lat' dir='ltr'>tamquam</span> <span class='ocrx_word' id='word_1_439' title='bbox 1351 2220 1382 2253; x_wconf 90' lang='lat' dir='ltr'>in</span> <span class='ocrx_word' id='word_1_440' title='bbox 1408 2220 1599 2263; x_wconf 88' lang='lat' dir='ltr'>speculum,</span> <span class='ocrx_word' id='word_1_441' title='bbox 1626 2220 1737 2252; x_wconf 79' lang='lat' dir='ltr'>oeulos</span> 
     </span>
     <span class='ocr_line' id='line_1_89' title="bbox 997 2272 1737 2315; baseline -0.004 -6"><span class='ocrx_word' id='word_1_442' title='bbox 997 2276 1183 2315; x_wconf 89' lang='lat' dir='ltr'>coniiciunt,</span> <span class='ocrx_word' id='word_1_443' title='bbox 1209 2285 1244 2307; x_wconf 87' lang='lat' dir='ltr'>ex</span> <span class='ocrx_word' id='word_1_444' title='bbox 1271 2273 1454 2306; x_wconf 68' lang='lat' dir='ltr'>actionibus</span> <span class='ocrx_word' id='word_1_445' title='bbox 1475 2272 1587 2306; x_wconf 86' lang='lat' dir='ltr'>vestris</span> <span class='ocrx_word' id='word_1_446' title='bbox 1606 2283 1737 2306; x_wconf 86' lang='lat' dir='ltr'>sumere</span> 
     </span>
     <span class='ocr_line' id='line_1_90' title="bbox 998 2326 1441 2370; baseline -0.005 -10"><span class='ocrx_word' id='word_1_447' title='bbox 998 2327 1123 2370; x_wconf 85' lang='lat' dir='ltr'>possint</span> <span class='ocrx_word' id='word_1_448' title='bbox 1147 2327 1233 2370; x_wconf 82' lang='lat' dir='ltr'>quod</span> <span class='ocrx_word' id='word_1_449' title='bbox 1260 2326 1441 2359; x_wconf 87' lang='lat' dir='ltr'>imitentur.</span> 
     </span>
    </p>
   </div>
   <div class='ocr_carea' id='block_1_16' title="bbox 1661 198 1932 232">
    <p class='ocr_par' dir='ltr' id='par_1_18' title="bbox 1661 198 1932 232">
     <span class='ocr_line' id='line_1_91' title="bbox 1661 198 1932 232; baseline -0.004 -1"><span class='ocrx_word' id='word_1_450' title='bbox 1661 198 1703 231; x_wconf 84' lang='lat'>57</span> <span class='ocrx_word' id='word_1_451' title='bbox 1749 208 1797 232; x_wconf 81' lang='grc' dir='ltr'>Αη.</span> <span class='ocrx_word' id='word_1_452' title='bbox 1819 206 1846 231; x_wconf 80' lang='lat' dir='ltr'>c.</span> <span class='ocrx_word' id='word_1_453' title='bbox 1867 205 1932 232; x_wconf 58' lang='lat'>¹721</span> 
     </span>
    </p>
   </div>
   <div class='ocr_carea' id='block_1_17' title="bbox 975 430 978 2417">
    <p class='ocr_par' dir='ltr' id='par_1_19' title="bbox 975 430 978 2417">
     <span class='ocr_line' id='line_1_92' title="bbox 975 430 978 2417; baseline 0 0"><span class='ocrx_word' id='word_1_454' title='bbox 975 430 978 2417; x_wconf 95' lang='lat' dir='ltr'> </span> 
     </span>
    </p>
   </div>
   <div class='ocr_carea' id='block_1_18' title="bbox 217 2376 956 2681">
    <p class='ocr_par' dir='ltr' id='par_1_20' title="bbox 217 2376 956 2681">
     <span class='ocr_line' id='line_1_93' title="bbox 219 2376 956 2421; baseline 0.003 -11"><span class='ocrx_word' id='word_1_455' title='bbox 219 2376 425 2416; x_wconf 80' lang='lat' dir='ltr'>subveniant,</span> <span class='ocrx_word' id='word_1_456' title='bbox 447 2377 682 2420; x_wconf 79' lang='lat' dir='ltr'>etperegrinos</span> <span class='ocrx_word' id='word_1_457' title='bbox 703 2379 876 2421; x_wconf 86' lang='lat' dir='ltr'>praecipue</span> <span class='ocrx_word' id='word_1_458' title='bbox 895 2379 956 2412; x_wconf 77' lang='lat' dir='ltr'>Ro-</span> 
     </span>
     <span class='ocr_line' id='line_1_94' title="bbox 218 2430 955 2472; baseline 0.003 -8"><span class='ocrx_word' id='word_1_459' title='bbox 218 2441 300 2464; x_wconf 87' lang='lat' dir='ltr'>mam</span> <span class='ocrx_word' id='word_1_460' title='bbox 325 2430 493 2463; x_wconf 84' lang='lat' dir='ltr'>venientes</span> <span class='ocrx_word' id='word_1_461' title='bbox 517 2430 671 2464; x_wconf 85' lang='lat' dir='ltr'>subsidiis</span> <span class='ocrx_word' id='word_1_462' title='bbox 696 2431 871 2472; x_wconf 82' lang='lat' dir='ltr'>adiuvent,</span> <span class='ocrx_word' id='word_1_463' title='bbox 897 2433 955 2466; x_wconf 87' lang='grc'>110-</span> 
     </span>
     <span class='ocr_line' id='line_1_95' title="bbox 217 2483 955 2528; baseline 0.003 -12"><span class='ocrx_word' id='word_1_464' title='bbox 217 2483 314 2527; x_wconf 83' lang='lat' dir='ltr'>spitio</span> <span class='ocrx_word' id='word_1_465' title='bbox 340 2483 530 2526; x_wconf 79' lang='lat' dir='ltr'>excipiant,</span> <span class='ocrx_word' id='word_1_466' title='bbox 557 2483 771 2528; x_wconf 87' lang='lat' dir='ltr'>omnibusque</span> <span class='ocrx_word' id='word_1_467' title='bbox 797 2486 955 2518; x_wconf 83' lang='lat' dir='ltr'>humani-</span> 
     </span>
     <span class='ocr_line' id='line_1_96' title="bbox 218 2536 956 2582; baseline 0.003 -13"><span class='ocrx_word' id='word_1_468' title='bbox 218 2536 289 2569; x_wconf 83' lang='lat' dir='ltr'>tatis</span> <span class='ocrx_word' id='word_1_469' title='bbox 308 2541 337 2569; x_wconf 90' lang='lat' dir='ltr'>et</span> <span class='ocrx_word' id='word_1_470' title='bbox 352 2536 548 2569; x_wconf 75' lang='lat' dir='ltr'>christianae</span> <span class='ocrx_word' id='word_1_471' title='bbox 570 2536 736 2570; x_wconf 82' lang='lat' dir='ltr'>charitatis</span> <span class='ocrx_word' id='word_1_472' title='bbox 755 2538 868 2571; x_wconf 80' lang='lat' dir='ltr'>officiis</span> <span class='ocrx_word' id='word_1_473' title='bbox 882 2549 956 2582; x_wconf 85' lang='lat' dir='ltr'>pro—</span> 
     </span>
     <span class='ocr_line' id='line_1_97' title="bbox 217 2588 954 2636; baseline 0.003 -13"><span class='ocrx_word' id='word_1_474' title='bbox 217 2595 403 2632; x_wconf 84' lang='lat' dir='ltr'>sequantur.</span> <span class='ocrx_word' id='word_1_475' title='bbox 441 2588 557 2622; x_wconf 83' lang='lat' dir='ltr'>Omnes</span> <span class='ocrx_word' id='word_1_476' title='bbox 584 2595 688 2623; x_wconf 87' lang='lat' dir='ltr'>antem</span> <span class='ocrx_word' id='word_1_477' title='bbox 715 2591 829 2636; x_wconf 83' lang='lat' dir='ltr'>(quod</span> <span class='ocrx_word' id='word_1_478' title='bbox 866 2598 954 2626; x_wconf 85' lang='lat' dir='ltr'>vetus</span> 
     </span>
     <span class='ocr_line' id='line_1_98' title="bbox 286 2651 864 2681; baseline 0.003 -3"><span class='ocrx_word' id='word_1_479' title='bbox 286 2651 363 2679; x_wconf 69' lang='lat' dir='ltr'>Ball.</span> <span class='ocrx_word' id='word_1_480' title='bbox 388 2653 468 2680; x_wconf 78' lang='lat' dir='ltr'>[tom.</span> <span class='ocrx_word' id='word_1_481' title='bbox 492 2669 518 2673; x_wconf 41' lang='grc' dir='ltr'><strong>ν</strong></span> <span class='ocrx_word' id='word_1_482' title='bbox 547 2653 605 2681; x_wconf 78' lang='grc' dir='ltr'>1ὐί,</span> <span class='ocrx_word' id='word_1_483' title='bbox 629 2653 716 2681; x_wconf 72' lang='lat' dir='ltr'><em>XXII</em></span> <span class='ocrx_word' id='word_1_484' title='bbox 847 2654 864 2680; x_wconf 81' lang='lat'>8</span> 
     </span>
    </p>
   </div>
   <div class='ocr_carea' id='block_1_19' title="bbox 1042 2377 1933 2423">
    <p class='ocr_par' dir='ltr' id='par_1_21' title="bbox 1042 2377 1933 2423">
     <span class='ocr_line' id='line_1_99' title="bbox 1042 2377 1933 2423; baseline -0.003 -11"><span class='ocrx_word' id='word_1_485' title='bbox 1042 2380 1111 2423; x_wconf 70' lang='lat' dir='ltr'>gss.</span> <span class='ocrx_word' id='word_1_486' title='bbox 1151 2380 1318 2412; x_wconf 85' lang='lat' dir='ltr'>Postremo</span> <span class='ocrx_word' id='word_1_487' title='bbox 1351 2378 1534 2411; x_wconf 86' lang='lat' dir='ltr'>carissimos</span> <span class='ocrx_word' id='word_1_488' title='bbox 1570 2378 1667 2411; x_wconf 88' lang='lat' dir='ltr'>etiam</span> <span class='ocrx_word' id='word_1_489' title='bbox 1704 2377 1738 2410; x_wconf 90' lang='lat' dir='ltr'>in</span> <span class='ocrx_word' id='word_1_490' title='bbox 1763 2383 1933 2409; x_wconf 50' lang='lat' dir='ltr'>Adrum-biorn-</span> 
     </span>
    </p>
   </div>
   <div class='ocr_carea' id='block_1_20' title="bbox 1749 2411 1934 2431">
    <p class='ocr_par' dir='ltr' id='par_1_22' title="bbox 1749 2411 1934 2431">
     <span class='ocr_line' id='line_1_100' title="bbox 1749 2411 1934 2431; baseline -0.005 -1"><span class='ocrx_word' id='word_1_491' title='bbox 1749 2411 1864 2431; x_wconf 46' lang='lat' dir='ltr'>tentatibus</span> <span class='ocrx_word' id='word_1_492' title='bbox 1911 2412 1934 2429; x_wconf 71' lang='lat' dir='ltr'>ut</span> 
     </span>
    </p>
   </div>
   <div class='ocr_carea' id='block_1_21' title="bbox 998 2431 1935 2573">
    <p class='ocr_par' dir='ltr' id='par_1_23' title="bbox 998 2431 1935 2573">
     <span class='ocr_line' id='line_1_101' title="bbox 998 2431 1935 2484; baseline -0.003 -18"><span class='ocrx_word' id='word_1_493' title='bbox 998 2433 1126 2466; x_wconf 85' lang='lat' dir='ltr'>Christo</span> <span class='ocrx_word' id='word_1_494' title='bbox 1153 2432 1233 2465; x_wconf 81' lang='lat' dir='ltr'>filios</span> <span class='ocrx_word' id='word_1_495' title='bbox 1259 2437 1385 2465; x_wconf 90' lang='lat' dir='ltr'>nostros</span> <span class='ocrx_word' id='word_1_496' title='bbox 1410 2431 1641 2475; x_wconf 86' lang='lat' dir='ltr'>imperatorem</span> <span class='ocrx_word' id='word_1_497' title='bbox 1672 2432 1935 2484; x_wconf 48' lang='lat' dir='ltr'>ele—gvemlwmcou-</span> 
     </span>
     <span class='ocr_line' id='line_1_102' title="bbox 999 2470 1823 2528; baseline 0 -10"><span class='ocrx_word' id='word_1_498' title='bbox 999 2492 1098 2525; x_wconf 78' lang='grc'>6111111,</span> <span class='ocrx_word' id='word_1_499' title='bbox 1114 2496 1149 2518; x_wconf 83' lang='lat' dir='ltr'>ae</span> <span class='ocrx_word' id='word_1_500' title='bbox 1169 2495 1262 2527; x_wconf 82' lang='lat' dir='ltr'>reges</span> <span class='ocrx_word' id='word_1_501' title='bbox 1278 2491 1308 2518; x_wconf 90' lang='lat' dir='ltr'>et</span> <span class='ocrx_word' id='word_1_502' title='bbox 1321 2484 1486 2528; x_wconf 85' lang='lat' dir='ltr'>principes</span> <span class='ocrx_word' id='word_1_503' title='bbox 1500 2495 1613 2517; x_wconf 86' lang='grc'>01111165</span> <span class='ocrx_word' id='word_1_504' title='bbox 1628 2485 1738 2518; x_wconf 82' lang='lat' dir='ltr'>catho-</span> <span class='ocrx_word' id='word_1_505' title='bbox 1757 2470 1823 2484; x_wconf 53' lang='lat' dir='ltr'>‘m&#39;</span> 
     </span>
     <span class='ocr_line' id='line_1_103' title="bbox 999 2537 1734 2573; baseline -0.003 -1"><span class='ocrx_word' id='word_1_506' title='bbox 999 2539 1079 2573; x_wconf 91' lang='lat' dir='ltr'>licos</span> <span class='ocrx_word' id='word_1_507' title='bbox 1120 2538 1290 2571; x_wconf 88' lang='lat' dir='ltr'>hortamur</span> <span class='ocrx_word' id='word_1_508' title='bbox 1325 2543 1357 2571; x_wconf 90' lang='lat' dir='ltr'>et</span> <span class='ocrx_word' id='word_1_509' title='bbox 1392 2537 1425 2570; x_wconf 92' lang='lat' dir='ltr'>in</span> <span class='ocrx_word' id='word_1_510' title='bbox 1461 2537 1597 2571; x_wconf 79' lang='lat' dir='ltr'>Domino</span> <span class='ocrx_word' id='word_1_511' title='bbox 1637 2537 1734 2570; x_wconf 86' lang='lat' dir='ltr'>obse·</span> 
     </span>
    </p>
   </div>
   <div class='ocr_carea' id='block_1_22' title="bbox 999 2589 1739 2636">
    <p class='ocr_par' dir='ltr' id='par_1_24' title="bbox 999 2589 1739 2636">
     <span class='ocr_line' id='line_1_104' title="bbox 999 2589 1739 2636; baseline -0.001 -11"><span class='ocrx_word' id='word_1_512' title='bbox 999 2601 1135 2634; x_wconf 87' lang='lat' dir='ltr'>cramus,</span> <span class='ocrx_word' id='word_1_513' title='bbox 1154 2597 1196 2633; x_wconf 90' lang='lat' dir='ltr'>ut,</span> <span class='ocrx_word' id='word_1_514' title='bbox 1219 2601 1282 2636; x_wconf 87' lang='lat' dir='ltr'>quo</span> <span class='ocrx_word' id='word_1_515' title='bbox 1307 2591 1398 2635; x_wconf 89' lang='lat' dir='ltr'>plura</span> <span class='ocrx_word' id='word_1_516' title='bbox 1423 2596 1454 2625; x_wconf 89' lang='lat' dir='ltr'>et</span> <span class='ocrx_word' id='word_1_517' title='bbox 1478 2590 1579 2634; x_wconf 83' lang='lat' dir='ltr'>magis</span> <span class='ocrx_word' id='word_1_518' title='bbox 1604 2589 1739 2625; x_wconf 87' lang='lat' dir='ltr'>illustria</span> 
     </span>
    </p>
   </div>
  </div>
 </body>
</html>
