<?xml version="1.0" encoding="UTF-8"?>
<!DOCTYPE html PUBLIC "-//W3C//DTD XHTML 1.0 Transitional//EN"
    "http://www.w3.org/TR/xhtml1/DTD/xhtml1-transitional.dtd">
<html xmlns="http://www.w3.org/1999/xhtml" xml:lang="en" lang="en">
 <head>
  <title>
</title>
<meta http-equiv="Content-Type" content="text/html;charset=utf-8" />
  <meta name='ocr-system' content='tesseract 3.04.00' />
  <meta name='ocr-capabilities' content='ocr_page ocr_carea ocr_par ocr_line ocrx_word'/>
</head>
<body>
  <div class='ocr_page' id='page_1' title='image "./bullarumdiplomat22cath_0619.png"; bbox 0 0 2170 3147; ppageno 0'>
   <div class='ocr_carea' id='block_1_1' title="bbox 2 242 919 2639">
    <p class='ocr_par' dir='ltr' id='par_1_1' title="bbox 2 242 919 2588">
     <span class='ocr_line' id='line_1_1' title="bbox 2 242 157 273; baseline -0.026 0"><span class='ocrx_word' id='word_1_1' title='bbox 2 246 70 273; x_wconf 64' lang='lat' dir='ltr'>mc.</span> <span class='ocrx_word' id='word_1_2' title='bbox 91 242 157 270; x_wconf 73' lang='lat'>1727</span> 
     </span>
     <span class='ocr_line' id='line_1_2' title="bbox 167 284 907 327; baseline -0.009 -5"><span class='ocrx_word' id='word_1_3' title='bbox 167 290 248 322; x_wconf 87' lang='lat' dir='ltr'>rium</span> <span class='ocrx_word' id='word_1_4' title='bbox 278 286 467 320; x_wconf 89' lang='lat' dir='ltr'>eorumdem</span> <span class='ocrx_word' id='word_1_5' title='bbox 496 285 758 327; x_wconf 84' lang='lat' dir='ltr'>magisteriorum</span> <span class='ocrx_word' id='word_1_6' title='bbox 784 284 907 316; x_wconf 89' lang='lat' dir='ltr'>dudum</span> 
     </span>
     <span class='ocr_line' id='line_1_3' title="bbox 168 336 909 374; baseline -0.008 0"><span class='ocrx_word' id='word_1_7' title='bbox 168 353 185 374; x_wconf 88' lang='lat' dir='ltr'>a</span> <span class='ocrx_word' id='word_1_8' title='bbox 209 341 312 374; x_wconf 82' lang='lat' dir='ltr'>felicis</span> <span class='ocrx_word' id='word_1_9' title='bbox 338 338 575 372; x_wconf 87' lang='lat' dir='ltr'>recordationis</span> <span class='ocrx_word' id='word_1_10' title='bbox 603 337 768 370; x_wconf 78' lang='lat' dir='ltr'>Clemente</span> <span class='ocrx_word' id='word_1_11' title='bbox 795 336 860 368; x_wconf 79' lang='lat' dir='ltr'>vlit</span> <span class='ocrx_word' id='word_1_12' title='bbox 879 342 909 368; x_wconf 91' lang='lat' dir='ltr'>et</span> 
     </span>
     <span class='ocr_line' id='line_1_4' title="bbox 167 389 907 427; baseline -0.009 0"><span class='ocrx_word' id='word_1_13' title='bbox 167 393 296 427; x_wconf 88' lang='lat' dir='ltr'>Urbano</span> <span class='ocrx_word' id='word_1_14' title='bbox 330 392 427 425; x_wconf 84' lang='lat' dir='ltr'>etiam</span> <span class='ocrx_word' id='word_1_15' title='bbox 455 391 519 423; x_wconf 92' lang='lat' dir='ltr'>VIII</span> <span class='ocrx_word' id='word_1_16' title='bbox 554 389 709 422; x_wconf 86' lang='lat' dir='ltr'>Romanis</span> <span class='ocrx_word' id='word_1_17' title='bbox 743 389 907 421; x_wconf 78' lang='lat' dir='ltr'>Pontifici-</span> 
     </span>
     <span class='ocr_line' id='line_1_5' title="bbox 167 441 907 488; baseline -0.008 -10"><span class='ocrx_word' id='word_1_18' title='bbox 167 446 226 478; x_wconf 89' lang='lat' dir='ltr'>bus</span> <span class='ocrx_word' id='word_1_19' title='bbox 251 443 559 488; x_wconf 77' lang='lat' dir='ltr'>praedecessoribus</span> <span class='ocrx_word' id='word_1_20' title='bbox 585 442 704 475; x_wconf 87' lang='lat' dir='ltr'>nostris</span> <span class='ocrx_word' id='word_1_21' title='bbox 722 441 907 485; x_wconf 83' lang='lat' dir='ltr'>provinciae</span> 
     </span>
     <span class='ocr_line' id='line_1_6' title="bbox 167 494 909 541; baseline -0.008 -11"><span class='ocrx_word' id='word_1_22' title='bbox 167 498 332 541; x_wconf 76' lang='lat' dir='ltr'>praefatae</span> <span class='ocrx_word' id='word_1_23' title='bbox 372 506 564 528; x_wconf 89' lang='lat' dir='ltr'>concessum</span> <span class='ocrx_word' id='word_1_24' title='bbox 603 494 838 537; x_wconf 81' lang='lat' dir='ltr'>comprehendi</span> <span class='ocrx_word' id='word_1_25' title='bbox 877 498 909 525; x_wconf 90' lang='lat' dir='ltr'>et</span> 
     </span>
     <span class='ocr_line' id='line_1_7' title="bbox 167 547 907 591; baseline -0.008 -8"><span class='ocrx_word' id='word_1_26' title='bbox 167 550 301 589; x_wconf 92' lang='lat' dir='ltr'>includi,</span> <span class='ocrx_word' id='word_1_27' title='bbox 328 560 364 582; x_wconf 91' lang='lat' dir='ltr'>ac</span> <span class='ocrx_word' id='word_1_28' title='bbox 389 549 665 591; x_wconf 83' lang='lat' dir='ltr'>comprehensum</span> <span class='ocrx_word' id='word_1_29' title='bbox 691 552 722 579; x_wconf 88' lang='lat' dir='ltr'>et</span> <span class='ocrx_word' id='word_1_30' title='bbox 745 547 907 579; x_wconf 83' lang='lat' dir='ltr'>inclusum</span> 
     </span>
     <span class='ocr_line' id='line_1_8' title="bbox 168 598 909 644; baseline -0.008 -8"><span class='ocrx_word' id='word_1_31' title='bbox 168 613 238 636; x_wconf 90' lang='lat' dir='ltr'>esse</span> <span class='ocrx_word' id='word_1_32' title='bbox 257 609 289 636; x_wconf 87' lang='lat' dir='ltr'>et</span> <span class='ocrx_word' id='word_1_33' title='bbox 309 603 387 641; x_wconf 85' lang='lat' dir='ltr'>sore,</span> <span class='ocrx_word' id='word_1_34' title='bbox 410 611 470 634; x_wconf 90' lang='lat' dir='ltr'>nec</span> <span class='ocrx_word' id='word_1_35' title='bbox 491 601 701 644; x_wconf 78' lang='lat' dir='ltr'>imposterum</span> <span class='ocrx_word' id='word_1_36' title='bbox 720 598 909 641; x_wconf 80' lang='lat' dir='ltr'>magisteria</span> 
     </span>
     <span class='ocr_line' id='line_1_9' title="bbox 168 652 910 698; baseline -0.007 -11"><span class='ocrx_word' id='word_1_37' title='bbox 168 653 453 698; x_wconf 85' lang='lat' dir='ltr'>supranumeraria</span> <span class='ocrx_word' id='word_1_38' title='bbox 477 654 509 685; x_wconf 91' lang='lat' dir='ltr'>in</span> <span class='ocrx_word' id='word_1_39' title='bbox 534 653 617 685; x_wconf 78' lang='lat' dir='ltr'>dicta</span> <span class='ocrx_word' id='word_1_40' title='bbox 643 652 809 695; x_wconf 83' lang='lat' dir='ltr'>provincia</span> <span class='ocrx_word' id='word_1_41' title='bbox 833 661 910 683; x_wconf 92' lang='lat' dir='ltr'>con—</span> 
     </span>
     <span class='ocr_line' id='line_1_10' title="bbox 168 706 910 750; baseline -0.007 -10"><span class='ocrx_word' id='word_1_42' title='bbox 168 707 238 740; x_wconf 87' lang='lat' dir='ltr'>cedi</span> <span class='ocrx_word' id='word_1_43' title='bbox 263 717 357 750; x_wconf 90' lang='lat' dir='ltr'>posse</span> <span class='ocrx_word' id='word_1_44' title='bbox 373 734 380 746; x_wconf 84' lang='lat'>,</span> <span class='ocrx_word' id='word_1_45' title='bbox 406 706 597 738; x_wconf 87' lang='lat' dir='ltr'>auctoritate</span> <span class='ocrx_word' id='word_1_46' title='bbox 624 711 656 737; x_wconf 90' lang='lat' dir='ltr'>et</span> <span class='ocrx_word' id='word_1_47' title='bbox 677 710 791 737; x_wconf 90' lang='lat' dir='ltr'>tenore</span> <span class='ocrx_word' id='word_1_48' title='bbox 816 713 910 746; x_wconf 87' lang='lat' dir='ltr'>prae-</span> 
     </span>
     <span class='ocr_line' id='line_1_11' title="bbox 168 757 909 793; baseline -0.005 -1"><span class='ocrx_word' id='word_1_49' title='bbox 168 760 240 793; x_wconf 76' lang='lat' dir='ltr'>fatis</span> <span class='ocrx_word' id='word_1_50' title='bbox 263 759 433 792; x_wconf 87' lang='lat' dir='ltr'>statuimus</span> <span class='ocrx_word' id='word_1_51' title='bbox 467 763 499 791; x_wconf 87' lang='lat' dir='ltr'>ct</span> <span class='ocrx_word' id='word_1_52' title='bbox 529 758 731 790; x_wconf 75' lang='lat' dir='ltr'>ordinamus.</span> <span class='ocrx_word' id='word_1_53' title='bbox 758 757 909 789; x_wconf 87' lang='lat' dir='ltr'>Volentes</span> 
     </span>
     <span class='ocr_line' id='line_1_12' title="bbox 168 809 908 855; baseline -0.004 -10"><span class='ocrx_word' id='word_1_54' title='bbox 168 813 304 855; x_wconf 87' lang='lat' dir='ltr'>insuper</span> <span class='ocrx_word' id='word_1_55' title='bbox 334 818 368 844; x_wconf 90' lang='lat' dir='ltr'>ut</span> <span class='ocrx_word' id='word_1_56' title='bbox 401 812 432 843; x_wconf 94' lang='lat' dir='ltr'>in</span> <span class='ocrx_word' id='word_1_57' title='bbox 468 811 699 844; x_wconf 74' lang='lat' dir='ltr'>distributione</span> <span class='ocrx_word' id='word_1_58' title='bbox 736 809 908 842; x_wconf 82' lang='lat' dir='ltr'>duodecim</span> 
     </span>
     <span class='ocr_line' id='line_1_13' title="bbox 168 863 910 907; baseline -0.005 -10"><span class='ocrx_word' id='word_1_59' title='bbox 168 865 429 907; x_wconf 83' lang='lat' dir='ltr'>magisteriorum</span> <span class='ocrx_word' id='word_1_60' title='bbox 454 864 697 906; x_wconf 85' lang='lat' dir='ltr'>praedictorum</span> <span class='ocrx_word' id='word_1_61' title='bbox 722 863 822 895; x_wconf 84' lang='lat' dir='ltr'>forma</span> <span class='ocrx_word' id='word_1_62' title='bbox 850 872 910 905; x_wconf 86' lang='lat' dir='ltr'>per</span> 
     </span>
     <span class='ocr_line' id='line_1_14' title="bbox 168 915 908 961; baseline -0.005 -11"><span class='ocrx_word' id='word_1_63' title='bbox 168 917 325 961; x_wconf 86' lang='lat' dir='ltr'>praedicti</span> <span class='ocrx_word' id='word_1_64' title='bbox 350 916 468 949; x_wconf 81' lang='lat' dir='ltr'>Urbani</span> <span class='ocrx_word' id='word_1_65' title='bbox 494 915 758 958; x_wconf 78' lang='lat' dir='ltr'>praedecessoris</span> <span class='ocrx_word' id='word_1_66' title='bbox 783 915 908 947; x_wconf 83' lang='lat' dir='ltr'>litteras</span> 
     </span>
     <span class='ocr_line' id='line_1_15' title="bbox 169 968 908 1013; baseline -0.007 -10"><span class='ocrx_word' id='word_1_67' title='bbox 169 971 386 1013; x_wconf 87' lang='lat' dir='ltr'>praescripta,</span> <span class='ocrx_word' id='word_1_68' title='bbox 405 980 440 1001; x_wconf 89' lang='lat' dir='ltr'>ac</span> <span class='ocrx_word' id='word_1_69' title='bbox 465 970 496 1001; x_wconf 92' lang='lat' dir='ltr'>in</span> <span class='ocrx_word' id='word_1_70' title='bbox 521 968 634 1001; x_wconf 76' lang='lat' dir='ltr'>eadem</span> <span class='ocrx_word' id='word_1_71' title='bbox 660 968 827 1010; x_wconf 76' lang='lat' dir='ltr'>provincia</span> <span class='ocrx_word' id='word_1_72' title='bbox 854 968 908 1000; x_wconf 86' lang='lat' dir='ltr'>diu</span> 
     </span>
     <span class='ocr_line' id='line_1_16' title="bbox 168 1021 905 1064; baseline -0.005 -9"><span class='ocrx_word' id='word_1_73' title='bbox 168 1022 378 1056; x_wconf 78' lang='lat' dir='ltr'>laudabiliter</span> <span class='ocrx_word' id='word_1_74' title='bbox 410 1023 604 1061; x_wconf 87' lang='lat' dir='ltr'>observata,</span> <span class='ocrx_word' id='word_1_75' title='bbox 631 1021 784 1064; x_wconf 87' lang='lat' dir='ltr'>deinceps</span> <span class='ocrx_word' id='word_1_76' title='bbox 821 1031 905 1062; x_wconf 85' lang='lat' dir='ltr'>quo-</span> 
     </span>
     <span class='ocr_line' id='line_1_17' title="bbox 170 1073 909 1118; baseline -0.003 -11"><span class='ocrx_word' id='word_1_77' title='bbox 170 1086 232 1118; x_wconf 89' lang='lat' dir='ltr'>que</span> <span class='ocrx_word' id='word_1_78' title='bbox 268 1074 398 1108; x_wconf 89' lang='lat' dir='ltr'>omnino</span> <span class='ocrx_word' id='word_1_79' title='bbox 430 1079 596 1113; x_wconf 87' lang='lat' dir='ltr'>servetur,</span> <span class='ocrx_word' id='word_1_80' title='bbox 629 1080 751 1116; x_wconf 86' lang='lat' dir='ltr'>atque,</span> <span class='ocrx_word' id='word_1_81' title='bbox 780 1073 909 1116; x_wconf 87' lang='lat' dir='ltr'>quoties</span> 
     </span>
     <span class='ocr_line' id='line_1_18' title="bbox 168 1127 909 1169; baseline -0.003 -10"><span class='ocrx_word' id='word_1_82' title='bbox 168 1138 267 1159; x_wconf 92' lang='lat' dir='ltr'>unum</span> <span class='ocrx_word' id='word_1_83' title='bbox 302 1138 339 1160; x_wconf 77' lang='lat' dir='ltr'>ex</span> <span class='ocrx_word' id='word_1_84' title='bbox 379 1127 540 1169; x_wconf 83' lang='lat' dir='ltr'>magistris</span> <span class='ocrx_word' id='word_1_85' title='bbox 576 1127 615 1159; x_wconf 85' lang='lat' dir='ltr'>de</span> <span class='ocrx_word' id='word_1_86' title='bbox 653 1127 738 1159; x_wconf 88' lang='lat' dir='ltr'>dicto</span> <span class='ocrx_word' id='word_1_87' title='bbox 772 1136 909 1158; x_wconf 85' lang='lat' dir='ltr'>numero</span> 
     </span>
     <span class='ocr_line' id='line_1_19' title="bbox 170 1179 910 1221; baseline -0.003 -9"><span class='ocrx_word' id='word_1_88' title='bbox 170 1180 368 1213; x_wconf 86' lang='lat' dir='ltr'>duodenario</span> <span class='ocrx_word' id='word_1_89' title='bbox 393 1180 506 1212; x_wconf 87' lang='lat' dir='ltr'>deesse</span> <span class='ocrx_word' id='word_1_90' title='bbox 532 1179 715 1221; x_wconf 80' lang='lat' dir='ltr'>contigerit,</span> <span class='ocrx_word' id='word_1_91' title='bbox 737 1179 844 1211; x_wconf 90' lang='lat' dir='ltr'>statim</span> <span class='ocrx_word' id='word_1_92' title='bbox 869 1180 910 1211; x_wconf 86' lang='lat' dir='ltr'>al-</span> 
     </span>
     <span class='ocr_line' id='line_1_20' title="bbox 171 1232 910 1275; baseline -0.001 -11"><span class='ocrx_word' id='word_1_93' title='bbox 171 1238 219 1265; x_wconf 92' lang='lat' dir='ltr'>ter</span> <span class='ocrx_word' id='word_1_94' title='bbox 233 1233 333 1265; x_wconf 82' lang='lat' dir='ltr'>frater</span> <span class='ocrx_word' id='word_1_95' title='bbox 357 1242 510 1275; x_wconf 85' lang='lat' dir='ltr'>expresse</span> <span class='ocrx_word' id='word_1_96' title='bbox 528 1232 691 1274; x_wconf 77' lang='lat' dir='ltr'>professus</span> <span class='ocrx_word' id='word_1_97' title='bbox 713 1232 818 1264; x_wconf 88' lang='lat' dir='ltr'>dictae</span> <span class='ocrx_word' id='word_1_98' title='bbox 836 1242 910 1274; x_wconf 89' lang='lat' dir='ltr'>pro-</span> 
     </span>
     <span class='ocr_line' id='line_1_21' title="bbox 169 1283 909 1326; baseline -0.001 -10"><span class='ocrx_word' id='word_1_99' title='bbox 169 1285 294 1318; x_wconf 88' lang='lat' dir='ltr'>vinciae</span> <span class='ocrx_word' id='word_1_100' title='bbox 320 1285 407 1317; x_wconf 79' lang='lat' dir='ltr'>iuxta</span> <span class='ocrx_word' id='word_1_101' title='bbox 432 1285 502 1317; x_wconf 91' lang='lat' dir='ltr'>eius</span> <span class='ocrx_word' id='word_1_102' title='bbox 534 1284 758 1316; x_wconf 81' lang='lat' dir='ltr'>inconcussam</span> <span class='ocrx_word' id='word_1_103' title='bbox 786 1283 909 1326; x_wconf 73' lang='lat' dir='ltr'>praxim</span> 
     </span>
     <span class='ocr_line' id='line_1_22' title="bbox 170 1336 908 1379; baseline -0.005 -9"><span class='ocrx_word' id='word_1_104' title='bbox 170 1339 201 1369; x_wconf 93' lang='lat' dir='ltr'>in</span> <span class='ocrx_word' id='word_1_105' title='bbox 224 1338 312 1370; x_wconf 88' lang='lat' dir='ltr'>illius</span> <span class='ocrx_word' id='word_1_106' title='bbox 338 1339 444 1370; x_wconf 89' lang='lat' dir='ltr'>Iocum</span> <span class='ocrx_word' id='word_1_107' title='bbox 469 1337 608 1379; x_wconf 83' lang='lat' dir='ltr'>eligatur</span> <span class='ocrx_word' id='word_1_108' title='bbox 633 1341 663 1368; x_wconf 91' lang='lat' dir='ltr'>et</span> <span class='ocrx_word' id='word_1_109' title='bbox 688 1336 908 1377; x_wconf 78' lang='lat' dir='ltr'>subrogetur3</span> 
     </span>
     <span class='ocr_line' id='line_1_23' title="bbox 171 1389 911 1431; baseline -0.004 -8"><span class='ocrx_word' id='word_1_110' title='bbox 171 1390 395 1423; x_wconf 83' lang='lat' dir='ltr'>deficientibus</span> <span class='ocrx_word' id='word_1_111' title='bbox 413 1399 490 1421; x_wconf 88' lang='lat' dir='ltr'>vero</span> <span class='ocrx_word' id='word_1_112' title='bbox 512 1389 674 1430; x_wconf 76' lang='lat' dir='ltr'>magistris</span> <span class='ocrx_word' id='word_1_113' title='bbox 700 1398 911 1431; x_wconf 88' lang='lat' dir='ltr'>supranumc-</span> 
     </span>
     <span class='ocr_line' id='line_1_24' title="bbox 170 1440 911 1483; baseline -0.004 -8"><span class='ocrx_word' id='word_1_114' title='bbox 170 1443 275 1483; x_wconf 76' lang='lat' dir='ltr'>rai-iis,</span> <span class='ocrx_word' id='word_1_115' title='bbox 295 1443 405 1475; x_wconf 90' lang='lat' dir='ltr'>nullus</span> <span class='ocrx_word' id='word_1_116' title='bbox 430 1442 654 1481; x_wconf 81' lang='lat' dir='ltr'>substituatur,</span> <span class='ocrx_word' id='word_1_117' title='bbox 674 1441 780 1473; x_wconf 86' lang='lat' dir='ltr'>donec</span> <span class='ocrx_word' id='word_1_118' title='bbox 804 1440 911 1473; x_wconf 80' lang='lat' dir='ltr'>omnia</span> 
     </span>
     <span class='ocr_line' id='line_1_25' title="bbox 170 1494 913 1538; baseline -0.005 -9"><span class='ocrx_word' id='word_1_119' title='bbox 170 1496 359 1538; x_wconf 79' lang='lat' dir='ltr'>magisteria</span> <span class='ocrx_word' id='word_1_120' title='bbox 387 1496 532 1538; x_wconf 74' lang='lat' dir='ltr'>praefata</span> <span class='ocrx_word' id='word_1_121' title='bbox 564 1495 602 1527; x_wconf 89' lang='lat' dir='ltr'>ad</span> <span class='ocrx_word' id='word_1_122' title='bbox 638 1494 823 1538; x_wconf 79' lang='lat' dir='ltr'>prefinitum</span> <span class='ocrx_word' id='word_1_123' title='bbox 855 1504 913 1525; x_wconf 88' lang='lat' dir='ltr'>nu-</span> 
     </span>
     <span class='ocr_line' id='line_1_26' title="bbox 171 1547 911 1591; baseline -0.003 -10"><span class='ocrx_word' id='word_1_124' title='bbox 171 1559 294 1582; x_wconf 91' lang='lat' dir='ltr'>merum</span> <span class='ocrx_word' id='word_1_125' title='bbox 322 1549 511 1591; x_wconf 76' lang='lat' dir='ltr'>trigintasex</span> <span class='ocrx_word' id='word_1_126' title='bbox 542 1548 672 1581; x_wconf 90' lang='lat' dir='ltr'>redacta</span> <span class='ocrx_word' id='word_1_127' title='bbox 706 1547 845 1580; x_wconf 77' lang='lat' dir='ltr'>luerint:</span> <span class='ocrx_word' id='word_1_128' title='bbox 878 1547 911 1579; x_wconf 88' lang='lat' dir='ltr'>in</span> 
     </span>
     <span class='ocr_line' id='line_1_27' title="bbox 172 1601 912 1643; baseline -0.003 -10"><span class='ocrx_word' id='word_1_129' title='bbox 172 1602 344 1635; x_wconf 83' lang='lat' dir='ltr'>collatione</span> <span class='ocrx_word' id='word_1_130' title='bbox 387 1606 494 1634; x_wconf 87' lang='lat' dir='ltr'>autem</span> <span class='ocrx_word' id='word_1_131' title='bbox 545 1601 805 1643; x_wconf 80' lang='lat' dir='ltr'>magisteriorum</span> <span class='ocrx_word' id='word_1_132' title='bbox 828 1627 834 1639; x_wconf 91' lang='lat'>‚</span> <span class='ocrx_word' id='word_1_133' title='bbox 877 1606 912 1632; x_wconf 90' lang='lat' dir='ltr'>ut</span> 
     </span>
     <span class='ocr_line' id='line_1_28' title="bbox 171 1654 912 1698; baseline -0.004 -11"><span class='ocrx_word' id='word_1_134' title='bbox 171 1655 372 1698; x_wconf 79' lang='lat' dir='ltr'>praefertur,</span> <span class='ocrx_word' id='word_1_135' title='bbox 401 1659 587 1694; x_wconf 88' lang='lat' dir='ltr'>auctorum,</span> <span class='ocrx_word' id='word_1_136' title='bbox 611 1664 723 1686; x_wconf 85' lang='lat' dir='ltr'>omnes</span> <span class='ocrx_word' id='word_1_137' title='bbox 748 1661 779 1685; x_wconf 91' lang='lat' dir='ltr'>et</span> <span class='ocrx_word' id='word_1_138' title='bbox 803 1654 912 1696; x_wconf 79' lang='lat' dir='ltr'>singu-</span> 
     </span>
     <span class='ocr_line' id='line_1_29' title="bbox 172 1707 911 1749; baseline -0.003 -10"><span class='ocrx_word' id='word_1_139' title='bbox 172 1708 221 1740; x_wconf 81' lang='lat' dir='ltr'>lae</span> <span class='ocrx_word' id='word_1_140' title='bbox 252 1707 455 1740; x_wconf 85' lang='lat' dir='ltr'>conditiones</span> <span class='ocrx_word' id='word_1_141' title='bbox 489 1717 525 1739; x_wconf 87' lang='lat' dir='ltr'>ac</span> <span class='ocrx_word' id='word_1_142' title='bbox 557 1707 794 1746; x_wconf 86' lang='lat' dir='ltr'>solemnitates,</span> <span class='ocrx_word' id='word_1_143' title='bbox 827 1717 911 1749; x_wconf 81' lang='lat' dir='ltr'>quae</span> 
     </span>
     <span class='ocr_line' id='line_1_30' title="bbox 172 1759 913 1802; baseline 0 -12"><span class='ocrx_word' id='word_1_144' title='bbox 172 1760 204 1791; x_wconf 91' lang='lat' dir='ltr'>in</span> <span class='ocrx_word' id='word_1_145' title='bbox 230 1760 395 1792; x_wconf 83' lang='lat' dir='ltr'>creatione</span> <span class='ocrx_word' id='word_1_146' title='bbox 430 1760 661 1802; x_wconf 78' lang='lat' dir='ltr'>magistrorum</span> <span class='ocrx_word' id='word_1_147' title='bbox 699 1759 823 1802; x_wconf 78' lang='lat' dir='ltr'>antiqui</span> <span class='ocrx_word' id='word_1_148' title='bbox 854 1770 913 1790; x_wconf 92' lang='lat' dir='ltr'>nu-</span> 
     </span>
     <span class='ocr_line' id='line_1_31' title="bbox 173 1811 911 1854; baseline 0 -11"><span class='ocrx_word' id='word_1_149' title='bbox 173 1812 253 1844; x_wconf 89' lang='lat' dir='ltr'>meri</span> <span class='ocrx_word' id='word_1_150' title='bbox 268 1812 460 1844; x_wconf 89' lang='lat' dir='ltr'>duodenarii</span> <span class='ocrx_word' id='word_1_151' title='bbox 476 1812 675 1854; x_wconf 88' lang='lat' dir='ltr'>praescripta</span> <span class='ocrx_word' id='word_1_152' title='bbox 690 1811 911 1854; x_wconf 87' lang='lat' dir='ltr'>reperiuntur,</span> 
     </span>
     <span class='ocr_line' id='line_1_32' title="bbox 173 1864 913 1906; baseline -0.001 -10"><span class='ocrx_word' id='word_1_153' title='bbox 173 1869 272 1906; x_wconf 89' lang='lat' dir='ltr'>prout</span> <span class='ocrx_word' id='word_1_154' title='bbox 296 1864 391 1896; x_wconf 92' lang='lat' dir='ltr'>etiam</span> <span class='ocrx_word' id='word_1_155' title='bbox 415 1864 589 1896; x_wconf 81' lang='lat' dir='ltr'>methodus</span> <span class='ocrx_word' id='word_1_156' title='bbox 625 1874 662 1896; x_wconf 87' lang='lat' dir='ltr'>ac</span> <span class='ocrx_word' id='word_1_157' title='bbox 700 1865 801 1903; x_wconf 90' lang='lat' dir='ltr'>ordo,</span> <span class='ocrx_word' id='word_1_158' title='bbox 831 1875 913 1906; x_wconf 84' lang='lat' dir='ltr'>quos</span> 
     </span>
     <span class='ocr_line' id='line_1_33' title="bbox 174 1915 912 1958; baseline 0 -11"><span class='ocrx_word' id='word_1_159' title='bbox 174 1915 262 1947; x_wconf 89' lang='lat' dir='ltr'>idem</span> <span class='ocrx_word' id='word_1_160' title='bbox 287 1915 435 1947; x_wconf 87' lang='lat' dir='ltr'>Urbanus</span> <span class='ocrx_word' id='word_1_161' title='bbox 470 1916 708 1958; x_wconf 80' lang='lat' dir='ltr'>praedecessor</span> <span class='ocrx_word' id='word_1_162' title='bbox 740 1916 773 1947; x_wconf 92' lang='lat' dir='ltr'>in</span> <span class='ocrx_word' id='word_1_163' title='bbox 800 1926 912 1948; x_wconf 82' lang='lat' dir='ltr'>eorum</span> 
     </span>
     <span class='ocr_line' id='line_1_34' title="bbox 176 1967 915 2010; baseline 0.001 -11"><span class='ocrx_word' id='word_1_164' title='bbox 176 1967 406 1999; x_wconf 83' lang='lat' dir='ltr'>distributione</span> <span class='ocrx_word' id='word_1_165' title='bbox 431 1967 551 2007; x_wconf 84' lang='lat' dir='ltr'>statuit,</span> <span class='ocrx_word' id='word_1_166' title='bbox 571 1968 692 1999; x_wconf 82' lang='lat' dir='ltr'>servari</span> <span class='ocrx_word' id='word_1_167' title='bbox 711 1978 841 2010; x_wconf 85' lang='lat' dir='ltr'>quoque</span> <span class='ocrx_word' id='word_1_168' title='bbox 861 1969 915 2000; x_wconf 87' lang='lat' dir='ltr'>de-</span> 
     </span>
     <span class='ocr_line' id='line_1_35' title="bbox 176 2019 915 2062; baseline 0.003 -12"><span class='ocrx_word' id='word_1_169' title='bbox 176 2020 283 2059; x_wconf 88' lang='lat' dir='ltr'>beant,</span> <span class='ocrx_word' id='word_1_170' title='bbox 301 2020 346 2052; x_wconf 85' lang='lat' dir='ltr'>ita</span> <span class='ocrx_word' id='word_1_171' title='bbox 369 2019 532 2059; x_wconf 89' lang='lat' dir='ltr'>nimirum,</span> <span class='ocrx_word' id='word_1_172' title='bbox 550 2020 648 2062; x_wconf 89' lang='lat' dir='ltr'>quod,</span> <span class='ocrx_word' id='word_1_173' title='bbox 667 2030 702 2051; x_wconf 75' lang='lat' dir='ltr'>ex</span> <span class='ocrx_word' id='word_1_174' title='bbox 722 2020 915 2062; x_wconf 73' lang='lat' dir='ltr'>magisteriis</span> 
     </span>
     <span class='ocr_line' id='line_1_36' title="bbox 178 2072 916 2114; baseline 0 -10"><span class='ocrx_word' id='word_1_175' title='bbox 178 2072 225 2104; x_wconf 83' lang='lat' dir='ltr'>sic</span> <span class='ocrx_word' id='word_1_176' title='bbox 249 2072 364 2111; x_wconf 87' lang='lat' dir='ltr'>auctis,</span> <span class='ocrx_word' id='word_1_177' title='bbox 383 2076 506 2114; x_wconf 90' lang='lat' dir='ltr'>septem</span> <span class='ocrx_word' id='word_1_178' title='bbox 533 2072 566 2103; x_wconf 91' lang='lat' dir='ltr'>in</span> <span class='ocrx_word' id='word_1_179' title='bbox 592 2082 694 2113; x_wconf 80' lang='lat' dir='ltr'>regno</span> <span class='ocrx_word' id='word_1_180' title='bbox 721 2073 916 2113; x_wconf 76' lang='lat' dir='ltr'>Aragoniac⁷</span> 
     </span>
     <span class='ocr_line' id='line_1_37' title="bbox 179 2124 916 2166; baseline 0 -10"><span class='ocrx_word' id='word_1_181' title='bbox 179 2135 214 2156; x_wconf 88' lang='lat' dir='ltr'>ac</span> <span class='ocrx_word' id='word_1_182' title='bbox 238 2124 370 2157; x_wconf 87' lang='lat' dir='ltr'>totidem</span> <span class='ocrx_word' id='word_1_183' title='bbox 395 2124 428 2155; x_wconf 91' lang='lat' dir='ltr'>in</span> <span class='ocrx_word' id='word_1_184' title='bbox 453 2134 554 2166; x_wconf 85' lang='lat' dir='ltr'>regno</span> <span class='ocrx_word' id='word_1_185' title='bbox 580 2124 763 2163; x_wconf 80' lang='lat' dir='ltr'>Valentiae,</span> <span class='ocrx_word' id='word_1_186' title='bbox 789 2135 916 2157; x_wconf 86' lang='lat' dir='ltr'>necnon</span> 
     </span>
     <span class='ocr_line' id='line_1_38' title="bbox 178 2176 917 2220; baseline 0 -11"><span class='ocrx_word' id='word_1_187' title='bbox 178 2177 240 2209; x_wconf 88' lang='lat' dir='ltr'>alia</span> <span class='ocrx_word' id='word_1_188' title='bbox 265 2181 390 2220; x_wconf 86' lang='lat' dir='ltr'>septem</span> <span class='ocrx_word' id='word_1_189' title='bbox 415 2176 449 2208; x_wconf 88' lang='lat' dir='ltr'>in</span> <span class='ocrx_word' id='word_1_190' title='bbox 473 2176 649 2217; x_wconf 78' lang='lat' dir='ltr'>Catalonia,</span> <span class='ocrx_word' id='word_1_191' title='bbox 667 2182 699 2209; x_wconf 88' lang='lat' dir='ltr'>et</span> <span class='ocrx_word' id='word_1_192' title='bbox 715 2177 842 2219; x_wconf 81' lang='lat' dir='ltr'>reliqua</span> <span class='ocrx_word' id='word_1_193' title='bbox 858 2178 917 2209; x_wconf 88' lang='lat' dir='ltr'>tria</span> 
     </span>
     <span class='ocr_line' id='line_1_39' title="bbox 178 2229 916 2272; baseline 0.001 -11"><span class='ocrx_word' id='word_1_194' title='bbox 178 2230 209 2261; x_wconf 90' lang='lat' dir='ltr'>in</span> <span class='ocrx_word' id='word_1_195' title='bbox 230 2230 345 2262; x_wconf 86' lang='lat' dir='ltr'>insulis</span> <span class='ocrx_word' id='word_1_196' title='bbox 370 2229 558 2262; x_wconf 83' lang='lat' dir='ltr'>Balearibus</span> <span class='ocrx_word' id='word_1_197' title='bbox 582 2229 830 2269; x_wconf 82' lang='lat' dir='ltr'>distribuantur,</span> <span class='ocrx_word' id='word_1_198' title='bbox 851 2241 916 2272; x_wconf 83' lang='lat' dir='ltr'>quo</span> 
     </span>
     <span class='ocr_line' id='line_1_40' title="bbox 179 2281 918 2324; baseline 0 -10"><span class='ocrx_word' id='word_1_199' title='bbox 179 2292 292 2314; x_wconf 88' lang='lat' dir='ltr'>omnes</span> <span class='ocrx_word' id='word_1_200' title='bbox 318 2282 433 2314; x_wconf 77' lang='lat' dir='ltr'>fratres</span> <span class='ocrx_word' id='word_1_201' title='bbox 469 2281 572 2313; x_wconf 83' lang='lat' dir='ltr'>dictae</span> <span class='ocrx_word' id='word_1_202' title='bbox 598 2282 808 2324; x_wconf 81' lang='lat' dir='ltr'>provinciae,</span> <span class='ocrx_word' id='word_1_203' title='bbox 835 2282 918 2314; x_wconf 86' lang='lat' dir='ltr'>eius-</span> 
     </span>
     <span class='ocr_line' id='line_1_41' title="bbox 178 2334 916 2377; baseline 0 -10"><span class='ocrx_word' id='word_1_204' title='bbox 178 2335 266 2367; x_wconf 90' lang='lat' dir='ltr'>modi</span> <span class='ocrx_word' id='word_1_205' title='bbox 292 2335 427 2377; x_wconf 83' lang='lat' dir='ltr'>gradum</span> <span class='ocrx_word' id='word_1_206' title='bbox 449 2334 621 2376; x_wconf 86' lang='lat' dir='ltr'>aliquando</span> <span class='ocrx_word' id='word_1_207' title='bbox 648 2335 843 2376; x_wconf 84' lang='lat' dir='ltr'>assequendi</span> <span class='ocrx_word' id='word_1_208' title='bbox 860 2345 916 2377; x_wconf 87' lang='lat' dir='ltr'>spe</span> 
     </span>
     <span class='ocr_line' id='line_1_42' title="bbox 180 2386 919 2429; baseline -0.001 -10"><span class='ocrx_word' id='word_1_209' title='bbox 180 2386 285 2427; x_wconf 91' lang='lat' dir='ltr'>ducti,</span> <span class='ocrx_word' id='word_1_210' title='bbox 310 2387 348 2419; x_wconf 89' lang='lat' dir='ltr'>ad</span> <span class='ocrx_word' id='word_1_211' title='bbox 375 2386 553 2419; x_wconf 84' lang='lat' dir='ltr'>litterarum</span> <span class='ocrx_word' id='word_1_212' title='bbox 580 2387 686 2418; x_wconf 90' lang='lat' dir='ltr'>studia</span> <span class='ocrx_word' id='word_1_213' title='bbox 710 2387 835 2429; x_wconf 86' lang='lat' dir='ltr'>aliaque</span> <span class='ocrx_word' id='word_1_214' title='bbox 860 2397 919 2428; x_wconf 88' lang='lat' dir='ltr'>per</span> 
     </span>
     <span class='ocr_line' id='line_1_43' title="bbox 179 2438 918 2473; baseline -0.001 -1"><span class='ocrx_word' id='word_1_215' title='bbox 179 2439 427 2473; x_wconf 90' lang='lat' dir='ltr'>constitutiones</span> <span class='ocrx_word' id='word_1_216' title='bbox 452 2439 529 2472; x_wconf 90' lang='lat' dir='ltr'>dicti</span> <span class='ocrx_word' id='word_1_217' title='bbox 554 2438 684 2471; x_wconf 88' lang='lat' dir='ltr'>Ordinis</span> <span class='ocrx_word' id='word_1_218' title='bbox 710 2439 750 2471; x_wconf 86' lang='lat' dir='ltr'>ad</span> <span class='ocrx_word' id='word_1_219' title='bbox 774 2440 806 2471; x_wconf 90' lang='lat' dir='ltr'>id</span> <span class='ocrx_word' id='word_1_220' title='bbox 832 2439 918 2472; x_wconf 86' lang='lat' dir='ltr'>desi-</span> 
     </span>
     <span class='ocr_line' id='line_1_44' title="bbox 179 2491 919 2534; baseline 0 -10"><span class='ocrx_word' id='word_1_221' title='bbox 179 2498 275 2534; x_wconf 84' lang='lat' dir='ltr'>gnata</span> <span class='ocrx_word' id='word_1_222' title='bbox 299 2491 448 2524; x_wconf 88' lang='lat' dir='ltr'>exercitia</span> <span class='ocrx_word' id='word_1_223' title='bbox 473 2501 510 2524; x_wconf 86' lang='lat' dir='ltr'>ac</span> <span class='ocrx_word' id='word_1_224' title='bbox 533 2491 687 2523; x_wconf 91' lang='lat' dir='ltr'>munera¹</span> <span class='ocrx_word' id='word_1_225' title='bbox 714 2492 862 2525; x_wconf 86' lang='lat' dir='ltr'>obeunda</span> <span class='ocrx_word' id='word_1_226' title='bbox 888 2497 919 2524; x_wconf 92' lang='lat' dir='ltr'>et</span> 
     </span>
     <span class='ocr_line' id='line_1_45' title="bbox 181 2543 753 2588; baseline -0.005 -10"><span class='ocrx_word' id='word_1_227' title='bbox 181 2544 379 2588; x_wconf 85' lang='lat' dir='ltr'>capessenda</span> <span class='ocrx_word' id='word_1_228' title='bbox 399 2543 537 2576; x_wconf 88' lang='lat' dir='ltr'>alacrius</span> <span class='ocrx_word' id='word_1_229' title='bbox 561 2543 753 2576; x_wconf 80' lang='lat' dir='ltr'>excitentur.</span> 
     </span>
    </p>

    <p class='ocr_par' dir='ltr' id='par_1_2' title="bbox 218 2605 776 2639">
     <span class='ocr_line' id='line_1_46' title="bbox 218 2605 776 2639; baseline -0.004 -7"><span class='ocrx_word' id='word_1_230' title='bbox 218 2609 227 2632; x_wconf 88' lang='lat'>1</span> <span class='ocrx_word' id='word_1_231' title='bbox 250 2605 322 2632; x_wconf 86' lang='lat' dir='ltr'>Edit..</span> <span class='ocrx_word' id='word_1_232' title='bbox 344 2605 424 2632; x_wconf 63' lang='grc' dir='ltr'><strong>Μαίη.</strong></span> <span class='ocrx_word' id='word_1_233' title='bbox 446 2605 514 2639; x_wconf 80' lang='lat' dir='ltr'>legit</span> <span class='ocrx_word' id='word_1_234' title='bbox 531 2612 650 2633; x_wconf 81' lang='lat' dir='ltr'>munere</span> <span class='ocrx_word' id='word_1_235' title='bbox 668 2605 711 2637; x_wconf 69' lang='lat' dir='ltr'>(e.</span> <span class='ocrx_word' id='word_1_236' title='bbox 727 2607 776 2636; x_wconf 84' lang='grc' dir='ltr'>τ.).</span> 
     </span>
    </p>
   </div>
   <div class='ocr_carea' id='block_1_2' title="bbox 760 235 1113 260">
    <p class='ocr_par' dir='ltr' id='par_1_3' title="bbox 760 235 1113 260">
     <span class='ocr_line' id='line_1_47' title="bbox 760 235 1113 260; baseline -0.011 0"><span class='ocrx_word' id='word_1_237' title='bbox 760 235 955 260; x_wconf 84' lang='lat' dir='ltr'>BENEDICTUS</span> <span class='ocrx_word' id='word_1_238' title='bbox 981 235 1039 258; x_wconf 85' lang='lat' dir='ltr'>XIII</span> <span class='ocrx_word' id='word_1_239' title='bbox 1063 235 1113 257; x_wconf 81' lang='lat' dir='ltr'>PP.</span> 
     </span>
    </p>
   </div>
   <div class='ocr_carea' id='block_1_3' title="bbox 1576 220 1874 254">
    <p class='ocr_par' dir='ltr' id='par_1_4' title="bbox 1576 220 1874 254">
     <span class='ocr_line' id='line_1_48' title="bbox 1576 220 1874 254; baseline 0.003 -1"><span class='ocrx_word' id='word_1_240' title='bbox 1576 220 1640 253; x_wconf 83' lang='lat'>579</span> <span class='ocrx_word' id='word_1_241' title='bbox 1687 231 1737 254; x_wconf 66' lang='lat' dir='ltr'>An.</span> <span class='ocrx_word' id='word_1_242' title='bbox 1757 228 1785 254; x_wconf 89' lang='lat' dir='ltr'>c.</span> <span class='ocrx_word' id='word_1_243' title='bbox 1808 227 1874 254; x_wconf 78' lang='lat'>1727</span> 
     </span>
    </p>
   </div>
   <div class='ocr_carea' id='block_1_4' title="bbox 952 277 1889 796">
    <p class='ocr_par' dir='ltr' id='par_1_5' title="bbox 953 277 1851 377">
     <span class='ocr_line' id='line_1_49' title="bbox 996 277 1851 325; baseline -0.007 -10"><span class='ocrx_word' id='word_1_244' title='bbox 996 283 1010 325; x_wconf 65' lang='grc' dir='ltr'><strong>ἓ</strong></span> <span class='ocrx_word' id='word_1_245' title='bbox 1034 282 1066 315; x_wconf 76' lang='grc'>4.</span> <span class='ocrx_word' id='word_1_246' title='bbox 1087 282 1315 320; x_wconf 80' lang='lat' dir='ltr'>Decernentes‚</span> <span class='ocrx_word' id='word_1_247' title='bbox 1334 280 1421 323; x_wconf 87' lang='lat' dir='ltr'>ipsas</span> <span class='ocrx_word' id='word_1_248' title='bbox 1440 284 1626 322; x_wconf 85' lang='lat' dir='ltr'>praesentes</span> <span class='ocrx_word' id='word_1_249' title='bbox 1643 277 1694 311; x_wconf 87' lang='lat' dir='ltr'>lit·</span> <span class='ocrx_word' id='word_1_250' title='bbox 1731 289 1851 310; x_wconf 66' lang='lat' dir='ltr'>ciausuiae.</span> 
     </span>
     <span class='ocr_line' id='line_1_50' title="bbox 953 331 1464 377; baseline -0.004 -10"><span class='ocrx_word' id='word_1_251' title='bbox 953 341 1040 368; x_wconf 88' lang='lat' dir='ltr'>teras</span> <span class='ocrx_word' id='word_1_252' title='bbox 1066 345 1196 377; x_wconf 86' lang='lat' dir='ltr'>semper</span> <span class='ocrx_word' id='word_1_253' title='bbox 1221 334 1350 373; x_wconf 76' lang='lat' dir='ltr'>firmas,</span> <span class='ocrx_word' id='word_1_254' title='bbox 1378 331 1464 366; x_wconf 90' lang='lat' dir='ltr'>etc.¹</span> 
     </span>
    </p>

    <p class='ocr_par' dir='ltr' id='par_1_6' title="bbox 952 384 1889 583">
     <span class='ocr_line' id='line_1_51' title="bbox 995 384 1889 430; baseline -0.006 -10"><span class='ocrx_word' id='word_1_255' title='bbox 995 387 1057 430; x_wconf 62' lang='lat'>55.</span> <span class='ocrx_word' id='word_1_256' title='bbox 1085 387 1155 420; x_wconf 93' lang='lat' dir='ltr'>Non</span> <span class='ocrx_word' id='word_1_257' title='bbox 1180 386 1386 419; x_wconf 85' lang='lat' dir='ltr'>obstantibus</span> <span class='ocrx_word' id='word_1_258' title='bbox 1411 384 1694 418; x_wconf 83' lang='lat' dir='ltr'>constitutionibus</span> <span class='ocrx_word' id='word_1_259' title='bbox 1732 395 1889 425; x_wconf 62' lang='lat' dir='ltr'>cona-morum</span> 
     </span>
     <span class='ocr_line' id='line_1_52' title="bbox 953 422 1828 481; baseline -0.005 -9"><span class='ocrx_word' id='word_1_260' title='bbox 953 446 983 472; x_wconf 88' lang='lat' dir='ltr'>et</span> <span class='ocrx_word' id='word_1_261' title='bbox 994 440 1257 472; x_wconf 87' lang='lat' dir='ltr'>ordinationibus</span> <span class='ocrx_word' id='word_1_262' title='bbox 1270 438 1472 481; x_wconf 80' lang='lat' dir='ltr'>apostolicis,</span> <span class='ocrx_word' id='word_1_263' title='bbox 1483 448 1610 470; x_wconf 87' lang='lat' dir='ltr'>necnon</span> <span class='ocrx_word' id='word_1_264' title='bbox 1626 447 1694 480; x_wconf 89' lang='lat' dir='ltr'>pro·</span> <span class='ocrx_word' id='word_1_265' title='bbox 1706 422 1828 447; x_wconf 53' lang='lat' dir='ltr'>dmgam&#39;</span> 
     </span>
     <span class='ocr_line' id='line_1_53' title="bbox 952 490 1695 533; baseline -0.001 -11"><span class='ocrx_word' id='word_1_266' title='bbox 952 492 1076 524; x_wconf 85' lang='lat' dir='ltr'>vinciae</span> <span class='ocrx_word' id='word_1_267' title='bbox 1103 497 1134 524; x_wconf 90' lang='lat' dir='ltr'>et</span> <span class='ocrx_word' id='word_1_268' title='bbox 1158 491 1286 524; x_wconf 88' lang='lat' dir='ltr'>Ordinis</span> <span class='ocrx_word' id='word_1_269' title='bbox 1313 491 1570 533; x_wconf 86' lang='lat' dir='ltr'>praedictorum,</span> <span class='ocrx_word' id='word_1_270' title='bbox 1597 490 1695 522; x_wconf 90' lang='lat' dir='ltr'>etiam</span> 
     </span>
     <span class='ocr_line' id='line_1_54' title="bbox 952 543 1271 583; baseline -0.003 -7"><span class='ocrx_word' id='word_1_271' title='bbox 952 545 1135 576; x_wconf 85' lang='lat' dir='ltr'>iuramento</span> <span class='ocrx_word' id='word_1_272' title='bbox 1150 571 1157 583; x_wconf 88' lang='lat'>,</span> <span class='ocrx_word' id='word_1_273' title='bbox 1184 549 1245 576; x_wconf 86' lang='lat' dir='ltr'>etc.</span> <span class='ocrx_word' id='word_1_274' title='bbox 1259 543 1271 559; x_wconf 78' lang='lat'><strong>²</strong></span> 
     </span>
    </p>

    <p class='ocr_par' dir='ltr' id='par_1_7' title="bbox 952 594 1697 744">
     <span class='ocr_line' id='line_1_55' title="bbox 996 594 1697 638; baseline -0.003 -11"><span class='ocrx_word' id='word_1_275' title='bbox 996 596 1109 628; x_wconf 89' lang='lat' dir='ltr'>Datum</span> <span class='ocrx_word' id='word_1_276' title='bbox 1124 595 1255 634; x_wconf 86' lang='lat' dir='ltr'>Romae,</span> <span class='ocrx_word' id='word_1_277' title='bbox 1270 596 1356 638; x_wconf 90' lang='lat' dir='ltr'>apud</span> <span class='ocrx_word' id='word_1_278' title='bbox 1371 595 1402 627; x_wconf 87' lang='lat' dir='ltr'>S.</span> <span class='ocrx_word' id='word_1_279' title='bbox 1419 595 1558 634; x_wconf 84' lang='lat' dir='ltr'>Petrum,</span> <span class='ocrx_word' id='word_1_280' title='bbox 1572 594 1630 626; x_wconf 89' lang='lat' dir='ltr'>sub</span> <span class='ocrx_word' id='word_1_281' title='bbox 1644 604 1697 626; x_wconf 88' lang='lat' dir='ltr'>an—</span> 
     </span>
     <span class='ocr_line' id='line_1_56' title="bbox 952 647 1694 687; baseline -0.004 -6"><span class='ocrx_word' id='word_1_282' title='bbox 952 650 1031 681; x_wconf 90' lang='lat' dir='ltr'>nulo</span> <span class='ocrx_word' id='word_1_283' title='bbox 1046 648 1233 687; x_wconf 76' lang='lat' dir='ltr'>piscatoris,</span> <span class='ocrx_word' id='word_1_284' title='bbox 1248 648 1299 680; x_wconf 89' lang='lat' dir='ltr'>die</span> <span class='ocrx_word' id='word_1_285' title='bbox 1316 658 1397 680; x_wconf 79' lang='lat' dir='ltr'>xxvii</span> <span class='ocrx_word' id='word_1_286' title='bbox 1412 647 1491 679; x_wconf 88' lang='lat' dir='ltr'>iunii</span> <span class='ocrx_word' id='word_1_287' title='bbox 1506 655 1694 684; x_wconf 75' lang='lat' dir='ltr'>mnccxxvu,</span> 
     </span>
     <span class='ocr_line' id='line_1_57' title="bbox 953 700 1456 744; baseline -0.002 -11"><span class='ocrx_word' id='word_1_288' title='bbox 953 701 1163 744; x_wconf 76' lang='lat' dir='ltr'>pontificatus</span> <span class='ocrx_word' id='word_1_289' title='bbox 1188 700 1289 732; x_wconf 88' lang='lat' dir='ltr'>nostri</span> <span class='ocrx_word' id='word_1_290' title='bbox 1312 710 1397 732; x_wconf 90' lang='lat' dir='ltr'>anno</span> <span class='ocrx_word' id='word_1_291' title='bbox 1417 710 1456 732; x_wconf 80' lang='grc' dir='ltr'>ιν.</span> 
     </span>
    </p>

    <p class='ocr_par' dir='ltr' id='par_1_8' title="bbox 986 761 1632 796">
     <span class='ocr_line' id='line_1_58' title="bbox 986 761 1632 796; baseline -0.005 -7"><span class='ocrx_word' id='word_1_292' title='bbox 986 763 1050 789; x_wconf 86' lang='lat' dir='ltr'>Dat.</span> <span class='ocrx_word' id='word_1_293' title='bbox 1071 762 1116 788; x_wconf 90' lang='lat' dir='ltr'>die</span> <span class='ocrx_word' id='word_1_294' title='bbox 1136 762 1167 788; x_wconf 60' lang='lat'>⁹27</span> <span class='ocrx_word' id='word_1_295' title='bbox 1189 762 1257 788; x_wconf 91' lang='lat' dir='ltr'>iunii</span> <span class='ocrx_word' id='word_1_296' title='bbox 1278 762 1358 795; x_wconf 74' lang='lat'><strong>1727,</strong></span> <span class='ocrx_word' id='word_1_297' title='bbox 1381 761 1480 796; x_wconf 82' lang='lat' dir='ltr'>pontif.</span> <span class='ocrx_word' id='word_1_298' title='bbox 1503 768 1575 787; x_wconf 88' lang='lat' dir='ltr'>anno</span> <span class='ocrx_word' id='word_1_299' title='bbox 1596 767 1632 787; x_wconf 82' lang='lat' dir='ltr'>iv.</span> 
     </span>
    </p>
   </div>
   <div class='ocr_carea' id='block_1_5' title="bbox 1233 921 1417 954">
    <p class='ocr_par' dir='ltr' id='par_1_9' title="bbox 1233 921 1417 954">
     <span class='ocr_line' id='line_1_59' title="bbox 1233 921 1417 954; baseline -0.005 -1"><span class='ocrx_word' id='word_1_300' title='bbox 1233 921 1417 954; x_wconf 86' lang='lat' dir='ltr'>CLXXXIX.</span> 
     </span>
    </p>
   </div>
   <div class='ocr_carea' id='block_1_6' title="bbox 952 998 1699 1087">
    <p class='ocr_par' dir='ltr' id='par_1_10' title="bbox 952 998 1699 1087">
     <span class='ocr_line' id='line_1_60' title="bbox 952 998 1699 1043; baseline -0.005 -9"><span class='ocrx_word' id='word_1_301' title='bbox 952 1001 1104 1043; x_wconf 71' lang='lat' dir='ltr'>Eriqilur</span> <span class='ocrx_word' id='word_1_302' title='bbox 1126 1001 1326 1033; x_wconf 76' lang='lat' dir='ltr'>universitas</span> <span class='ocrx_word' id='word_1_303' title='bbox 1349 999 1453 1032; x_wconf 76' lang='lat' dir='ltr'>studii</span> <span class='ocrx_word' id='word_1_304' title='bbox 1475 998 1639 1042; x_wconf 66' lang='lat' dir='ltr'>qeneralis</span> <span class='ocrx_word' id='word_1_305' title='bbox 1663 999 1699 1030; x_wconf 78' lang='lat' dir='ltr'>in</span> 
     </span>
     <span class='ocr_line' id='line_1_61' title="bbox 997 1052 1412 1087; baseline 0.002 -1"><span class='ocrx_word' id='word_1_306' title='bbox 997 1054 1126 1086; x_wconf 71' lang='lat' dir='ltr'>cit-itale</span> <span class='ocrx_word' id='word_1_307' title='bbox 1152 1052 1412 1087; x_wconf 70' lang='lat' dir='ltr'>Caiizct·i›teizsi³.</span> 
     </span>
    </p>
   </div>
   <div class='ocr_carea' id='block_1_7' title="bbox 984 1131 1668 1298">
    <p class='ocr_par' dir='ltr' id='par_1_11' title="bbox 984 1131 1668 1298">
     <span class='ocr_line' id='line_1_62' title="bbox 1130 1131 1521 1165; baseline -0.005 -6"><span class='ocrx_word' id='word_1_308' title='bbox 1130 1132 1315 1159; x_wconf 85' lang='lat' dir='ltr'>Benedictus</span> <span class='ocrx_word' id='word_1_309' title='bbox 1346 1131 1521 1165; x_wconf 80' lang='lat' dir='ltr'>Episcopus,</span> 
     </span>
     <span class='ocr_line' id='line_1_63' title="bbox 1148 1175 1502 1209; baseline -0.006 -6"><span class='ocrx_word' id='word_1_310' title='bbox 1148 1184 1255 1203; x_wconf 85' lang='lat' dir='ltr'>servus</span> <span class='ocrx_word' id='word_1_311' title='bbox 1269 1183 1424 1202; x_wconf 87' lang='lat' dir='ltr'>servorum</span> <span class='ocrx_word' id='word_1_312' title='bbox 1441 1175 1502 1209; x_wconf 85' lang='lat' dir='ltr'>Dei,</span> 
     </span>
     <span class='ocr_line' id='line_1_64' title="bbox 984 1219 1668 1253; baseline -0.004 -5"><span class='ocrx_word' id='word_1_313' title='bbox 984 1221 1154 1249; x_wconf 82' lang='lat' dir='ltr'>venerabili</span> <span class='ocrx_word' id='word_1_314' title='bbox 1178 1221 1271 1248; x_wconf 80' lang='lat' dir='ltr'>fratri</span> <span class='ocrx_word' id='word_1_315' title='bbox 1292 1220 1432 1253; x_wconf 84' lang='lat' dir='ltr'>episcopo</span> <span class='ocrx_word' id='word_1_316' title='bbox 1454 1219 1668 1250; x_wconf 85' lang='lat' dir='ltr'>Camerinensi‚</span> 
     </span>
     <span class='ocr_line' id='line_1_65' title="bbox 993 1264 1658 1298; baseline -0.003 -6"><span class='ocrx_word' id='word_1_317' title='bbox 993 1267 1126 1292; x_wconf 84' lang='lat' dir='ltr'>satutem</span> <span class='ocrx_word' id='word_1_318' title='bbox 1140 1269 1172 1292; x_wconf 82' lang='lat' dir='ltr'>et.</span> <span class='ocrx_word' id='word_1_319' title='bbox 1189 1265 1389 1298; x_wconf 81' lang='lat' dir='ltr'>apostolicam</span> <span class='ocrx_word' id='word_1_320' title='bbox 1403 1264 1658 1291; x_wconf 85' lang='lat' dir='ltr'>benedictionem.</span> 
     </span>
    </p>
   </div>
   <div class='ocr_carea' id='block_1_8' title="bbox 998 1334 1879 1377">
    <p class='ocr_par' dir='ltr' id='par_1_12' title="bbox 998 1334 1879 1377">
     <span class='ocr_line' id='line_1_66' title="bbox 998 1334 1879 1377; baseline -0.005 -9"><span class='ocrx_word' id='word_1_321' title='bbox 998 1336 1194 1369; x_wconf 87' lang='lat' dir='ltr'>Liberalium</span> <span class='ocrx_word' id='word_1_322' title='bbox 1213 1335 1457 1377; x_wconf 81' lang='lat' dir='ltr'>disciplinarum</span> <span class='ocrx_word' id='word_1_323' title='bbox 1476 1334 1590 1373; x_wconf 87' lang='lat' dir='ltr'>studia⁷</span> <span class='ocrx_word' id='word_1_324' title='bbox 1610 1334 1698 1367; x_wconf 86' lang='lat' dir='ltr'>unde</span> <span class='ocrx_word' id='word_1_325' title='bbox 1737 1341 1879 1361; x_wconf 76' lang='lat' dir='ltr'>Prooemium.</span> 
     </span>
    </p>
   </div>
   <div class='ocr_carea' id='block_1_9' title="bbox 955 1388 1896 2168">
    <p class='ocr_par' dir='ltr' id='par_1_13' title="bbox 955 1388 1896 2168">
     <span class='ocr_line' id='line_1_67' title="bbox 955 1388 1700 1422; baseline -0.001 -2"><span class='ocrx_word' id='word_1_326' title='bbox 955 1390 987 1421; x_wconf 91' lang='lat' dir='ltr'>in</span> <span class='ocrx_word' id='word_1_327' title='bbox 1014 1389 1059 1422; x_wconf 84' lang='lat' dir='ltr'>rei</span> <span class='ocrx_word' id='word_1_328' title='bbox 1087 1399 1196 1421; x_wconf 82' lang='lat' dir='ltr'>sacrae</span> <span class='ocrx_word' id='word_1_329' title='bbox 1224 1394 1255 1420; x_wconf 85' lang='lat' dir='ltr'>ct</span> <span class='ocrx_word' id='word_1_330' title='bbox 1280 1388 1380 1420; x_wconf 87' lang='lat' dir='ltr'>civilis</span> <span class='ocrx_word' id='word_1_331' title='bbox 1417 1393 1536 1420; x_wconf 87' lang='lat' dir='ltr'>rectam</span> <span class='ocrx_word' id='word_1_332' title='bbox 1569 1388 1700 1420; x_wconf 88' lang='lat' dir='ltr'>absolu-</span> 
     </span>
     <span class='ocr_line' id='line_1_68' title="bbox 957 1441 1699 1484; baseline -0.001 -11"><span class='ocrx_word' id='word_1_333' title='bbox 957 1448 1086 1484; x_wconf 82' lang='lat' dir='ltr'>tamque</span> <span class='ocrx_word' id='word_1_334' title='bbox 1112 1441 1428 1474; x_wconf 82' lang='lat' dir='ltr'>administrationem</span> <span class='ocrx_word' id='word_1_335' title='bbox 1447 1441 1591 1482; x_wconf 80' lang='lat' dir='ltr'>ingentia</span> <span class='ocrx_word' id='word_1_336' title='bbox 1611 1441 1699 1473; x_wconf 88' lang='lat' dir='ltr'>bona</span> 
     </span>
     <span class='ocr_line' id='line_1_69' title="bbox 956 1493 1701 1536; baseline -0.003 -10"><span class='ocrx_word' id='word_1_337' title='bbox 956 1493 1172 1536; x_wconf 80' lang='lat' dir='ltr'>proveniunt,</span> <span class='ocrx_word' id='word_1_338' title='bbox 1204 1493 1258 1525; x_wconf 86' lang='lat' dir='ltr'>ubi</span> <span class='ocrx_word' id='word_1_339' title='bbox 1286 1493 1480 1535; x_wconf 84' lang='lat' dir='ltr'>praesertim</span> <span class='ocrx_word' id='word_1_340' title='bbox 1506 1493 1537 1525; x_wconf 90' lang='lat' dir='ltr'>in</span> <span class='ocrx_word' id='word_1_341' title='bbox 1564 1502 1701 1533; x_wconf 79' lang='lat' dir='ltr'>gencra-</span> 
     </span>
     <span class='ocr_line' id='line_1_70' title="bbox 956 1545 1701 1588; baseline -0.003 -9"><span class='ocrx_word' id='word_1_342' title='bbox 956 1547 1040 1579; x_wconf 89' lang='lat' dir='ltr'>libus</span> <span class='ocrx_word' id='word_1_343' title='bbox 1066 1546 1331 1578; x_wconf 75' lang='lat' dir='ltr'>universitatilms</span> <span class='ocrx_word' id='word_1_344' title='bbox 1350 1551 1380 1578; x_wconf 91' lang='lat' dir='ltr'>et</span> <span class='ocrx_word' id='word_1_345' title='bbox 1400 1545 1594 1588; x_wconf 72' lang='lat' dir='ltr'>gymnasiis⁴</span> <span class='ocrx_word' id='word_1_346' title='bbox 1614 1545 1701 1577; x_wconf 87' lang='lat' dir='ltr'>chri-</span> 
     </span>
     <span class='ocr_line' id='line_1_71' title="bbox 956 1598 1701 1641; baseline -0.003 -10"><span class='ocrx_word' id='word_1_347' title='bbox 956 1599 1050 1631; x_wconf 87' lang='lat' dir='ltr'>stiani</span> <span class='ocrx_word' id='word_1_348' title='bbox 1076 1599 1303 1631; x_wconf 84' lang='lat' dir='ltr'>adolescentes</span> <span class='ocrx_word' id='word_1_349' title='bbox 1334 1599 1463 1641; x_wconf 84' lang='lat' dir='ltr'>optimis</span> <span class='ocrx_word' id='word_1_350' title='bbox 1496 1598 1618 1630; x_wconf 85' lang='lat' dir='ltr'>artibus</span> <span class='ocrx_word' id='word_1_351' title='bbox 1651 1608 1701 1630; x_wconf 89' lang='lat' dir='ltr'>sa-</span> 
     </span>
     <span class='ocr_line' id='line_1_72' title="bbox 956 1652 1701 1695; baseline 0 -11"><span class='ocrx_word' id='word_1_352' title='bbox 956 1652 1070 1695; x_wconf 76' lang='lat' dir='ltr'>nisque</span> <span class='ocrx_word' id='word_1_353' title='bbox 1089 1652 1244 1684; x_wconf 87' lang='lat' dir='ltr'>doctrinis</span> <span class='ocrx_word' id='word_1_354' title='bbox 1270 1652 1471 1689; x_wconf 85' lang='lat' dir='ltr'>imbuantur,</span> <span class='ocrx_word' id='word_1_355' title='bbox 1489 1662 1547 1694; x_wconf 86' lang='lat' dir='ltr'>pcr</span> <span class='ocrx_word' id='word_1_356' title='bbox 1573 1661 1631 1683; x_wconf 89' lang='lat' dir='ltr'>nos</span> <span class='ocrx_word' id='word_1_357' title='bbox 1654 1656 1701 1684; x_wconf 92' lang='lat' dir='ltr'>to-</span> 
     </span>
     <span class='ocr_line' id='line_1_73' title="bbox 957 1704 1701 1747; baseline -0.003 -10"><span class='ocrx_word' id='word_1_358' title='bbox 957 1706 1017 1737; x_wconf 90' lang='lat' dir='ltr'>tius</span> <span class='ocrx_word' id='word_1_359' title='bbox 1042 1705 1203 1737; x_wconf 72' lang='lat' dir='ltr'>Ecclesiae</span> <span class='ocrx_word' id='word_1_360' title='bbox 1230 1704 1382 1747; x_wconf 73' lang='lat' dir='ltr'>regimini</span> <span class='ocrx_word' id='word_1_361' title='bbox 1401 1716 1417 1736; x_wconf 88' lang='lat' dir='ltr'>a</span> <span class='ocrx_word' id='word_1_362' title='bbox 1439 1705 1506 1737; x_wconf 88' lang='lat' dir='ltr'>Deo</span> <span class='ocrx_word' id='word_1_363' title='bbox 1531 1704 1701 1746; x_wconf 76' lang='lat' dir='ltr'>praeposi-</span> 
     </span>
     <span class='ocr_line' id='line_1_74' title="bbox 957 1758 1699 1801; baseline 0 -11"><span class='ocrx_word' id='word_1_364' title='bbox 957 1764 1005 1790; x_wconf 86' lang='lat' dir='ltr'>tos</span> <span class='ocrx_word' id='word_1_365' title='bbox 1031 1758 1217 1801; x_wconf 85' lang='lat' dir='ltr'>promoveri</span> <span class='ocrx_word' id='word_1_366' title='bbox 1239 1758 1374 1790; x_wconf 76' lang='lat' dir='ltr'>maxime</span> <span class='ocrx_word' id='word_1_367' title='bbox 1401 1758 1505 1796; x_wconf 88' lang='lat' dir='ltr'>dccet,</span> <span class='ocrx_word' id='word_1_368' title='bbox 1522 1758 1699 1800; x_wconf 82' lang='lat' dir='ltr'>praecipue</span> 
     </span>
     <span class='ocr_line' id='line_1_75' title="bbox 958 1811 1700 1852; baseline 0 -10"><span class='ocrx_word' id='word_1_369' title='bbox 958 1811 989 1842; x_wconf 89' lang='lat' dir='ltr'>in</span> <span class='ocrx_word' id='word_1_370' title='bbox 1015 1811 1199 1843; x_wconf 75' lang='lat' dir='ltr'>civitatibus</span> <span class='ocrx_word' id='word_1_371' title='bbox 1215 1811 1249 1843; x_wconf 82' lang='grc' dir='ltr'>Β.</span> <span class='ocrx_word' id='word_1_372' title='bbox 1268 1811 1351 1842; x_wconf 84' lang='lat' dir='ltr'>Pclri</span> <span class='ocrx_word' id='word_1_373' title='bbox 1371 1811 1594 1852; x_wconf 82' lang='lat' dir='ltr'>apostolorum</span> <span class='ocrx_word' id='word_1_374' title='bbox 1616 1811 1700 1852; x_wconf 87' lang='lat' dir='ltr'>prin—</span> 
     </span>
     <span class='ocr_line' id='line_1_76' title="bbox 956 1862 1701 1905; baseline 0.001 -11"><span class='ocrx_word' id='word_1_375' title='bbox 956 1864 1037 1905; x_wconf 83' lang='lat' dir='ltr'>cipis</span> <span class='ocrx_word' id='word_1_376' title='bbox 1060 1863 1198 1905; x_wconf 86' lang='lat' dir='ltr'>imperio</span> <span class='ocrx_word' id='word_1_377' title='bbox 1217 1863 1383 1901; x_wconf 85' lang='lat' dir='ltr'>subiectis,</span> <span class='ocrx_word' id='word_1_378' title='bbox 1402 1868 1437 1894; x_wconf 91' lang='lat' dir='ltr'>ut</span> <span class='ocrx_word' id='word_1_379' title='bbox 1454 1862 1541 1902; x_wconf 87' lang='lat' dir='ltr'>inde,</span> <span class='ocrx_word' id='word_1_380' title='bbox 1560 1862 1599 1894; x_wconf 88' lang='lat' dir='ltr'>ad</span> <span class='ocrx_word' id='word_1_381' title='bbox 1618 1873 1701 1895; x_wconf 88' lang='lat' dir='ltr'>sum-</span> 
     </span>
     <span class='ocr_line' id='line_1_77' title="bbox 958 1915 1701 1957; baseline 0 -10"><span class='ocrx_word' id='word_1_382' title='bbox 958 1926 1042 1947; x_wconf 88' lang='lat' dir='ltr'>mam</span> <span class='ocrx_word' id='word_1_383' title='bbox 1067 1916 1122 1947; x_wconf 88' lang='lat' dir='ltr'>Dei</span> <span class='ocrx_word' id='word_1_384' title='bbox 1147 1915 1285 1957; x_wconf 76' lang='lat' dir='ltr'>gloriam</span> <span class='ocrx_word' id='word_1_385' title='bbox 1314 1920 1510 1957; x_wconf 83' lang='lat' dir='ltr'>sanctaeque</span> <span class='ocrx_word' id='word_1_386' title='bbox 1535 1915 1701 1957; x_wconf 87' lang='lat' dir='ltr'>Apostoli-</span> 
     </span>
     <span class='ocr_line' id='line_1_78' title="bbox 958 1968 1701 2010; baseline 0 -10"><span class='ocrx_word' id='word_1_387' title='bbox 958 1978 1013 2000; x_wconf 85' lang='lat' dir='ltr'>cae</span> <span class='ocrx_word' id='word_1_388' title='bbox 1030 1968 1122 2000; x_wconf 83' lang='lat' dir='ltr'>Sedis</span> <span class='ocrx_word' id='word_1_389' title='bbox 1141 1968 1342 2009; x_wconf 81' lang='lat' dir='ltr'>dignitatem,</span> <span class='ocrx_word' id='word_1_390' title='bbox 1360 1968 1556 2010; x_wconf 86' lang='lat' dir='ltr'>populorum</span> <span class='ocrx_word' id='word_1_391' title='bbox 1576 1972 1701 2000; x_wconf 84' lang='lat' dir='ltr'>nostro-</span> 
     </span>
     <span class='ocr_line' id='line_1_79' title="bbox 958 2020 1697 2063; baseline 0 -11"><span class='ocrx_word' id='word_1_392' title='bbox 958 2031 1028 2052; x_wconf 86' lang='lat' dir='ltr'>rum</span> <span class='ocrx_word' id='word_1_393' title='bbox 1053 2021 1234 2063; x_wconf 82' lang='lat' dir='ltr'>spiritualis</span> <span class='ocrx_word' id='word_1_394' title='bbox 1260 2026 1291 2052; x_wconf 92' lang='lat' dir='ltr'>et</span> <span class='ocrx_word' id='word_1_395' title='bbox 1317 2020 1504 2062; x_wconf 88' lang='lat' dir='ltr'>temporalis</span> <span class='ocrx_word' id='word_1_396' title='bbox 1540 2020 1697 2058; x_wconf 81' lang='lat' dir='ltr'>felicitas,</span> 
     </span>
     <span class='ocr_line' id='line_1_80' title="bbox 959 2072 1546 2114; baseline 0 -9"><span class='ocrx_word' id='word_1_397' title='bbox 959 2073 1174 2105; x_wconf 83' lang='lat' dir='ltr'>benedicente</span> <span class='ocrx_word' id='word_1_398' title='bbox 1199 2072 1350 2111; x_wconf 84' lang='lat' dir='ltr'>Domino,</span> <span class='ocrx_word' id='word_1_399' title='bbox 1377 2078 1546 2114; x_wconf 76' lang='lat' dir='ltr'>augeatur.</span> 
     </span>
     <span class='ocr_line' id='line_1_81' title="bbox 1003 2124 1896 2168; baseline 0 -10"><span class='ocrx_word' id='word_1_400' title='bbox 1003 2126 1018 2168; x_wconf 62' lang='grc' dir='ltr'><strong>ἓ</strong></span> <span class='ocrx_word' id='word_1_401' title='bbox 1041 2126 1073 2158; x_wconf 48' lang='lat'>«1.</span> <span class='ocrx_word' id='word_1_402' title='bbox 1100 2126 1211 2168; x_wconf 87' lang='lat' dir='ltr'>Itaque</span> <span class='ocrx_word' id='word_1_403' title='bbox 1237 2125 1331 2158; x_wconf 85' lang='lat' dir='ltr'>nobis</span> <span class='ocrx_word' id='word_1_404' title='bbox 1354 2125 1464 2157; x_wconf 84' lang='lat' dir='ltr'>dilecti</span> <span class='ocrx_word' id='word_1_405' title='bbox 1486 2124 1541 2157; x_wconf 81' lang='lat' dir='ltr'>filii</span> <span class='ocrx_word' id='word_1_406' title='bbox 1558 2129 1789 2159; x_wconf 60' lang='lat' dir='ltr'>commu-Prpces</span> <span class='ocrx_word' id='word_1_407' title='bbox 1804 2134 1896 2150; x_wconf 75' lang='lat' dir='ltr'>eommu-</span> 
     </span>
    </p>
   </div>
   <div class='ocr_carea' id='block_1_10' title="bbox 1712 2157 1895 2181">
    <p class='ocr_par' dir='ltr' id='par_1_14' title="bbox 1712 2157 1895 2181">
     <span class='ocr_line' id='line_1_82' title="bbox 1712 2157 1895 2181; baseline 0.005 -6"><span class='ocrx_word' id='word_1_408' title='bbox 1712 2158 1785 2176; x_wconf 78' lang='lat' dir='ltr'>nitatis</span> <span class='ocrx_word' id='word_1_409' title='bbox 1809 2157 1895 2181; x_wconf 80' lang='lat' dir='ltr'>praedi-</span> 
     </span>
    </p>
   </div>
   <div class='ocr_carea' id='block_1_11' title="bbox 960 2177 1897 2233">
    <p class='ocr_par' dir='ltr' id='par_1_15' title="bbox 960 2177 1897 2233">
     <span class='ocr_line' id='line_1_83' title="bbox 960 2177 1897 2233; baseline -0.002 -23"><span class='ocrx_word' id='word_1_410' title='bbox 960 2178 1044 2210; x_wconf 87' lang='lat' dir='ltr'>nitas</span> <span class='ocrx_word' id='word_1_411' title='bbox 1078 2184 1172 2221; x_wconf 86' lang='lat' dir='ltr'>atque</span> <span class='ocrx_word' id='word_1_412' title='bbox 1210 2177 1363 2209; x_wconf 82' lang='lat' dir='ltr'>homiues</span> <span class='ocrx_word' id='word_1_413' title='bbox 1398 2177 1535 2209; x_wconf 79' lang='lat' dir='ltr'>civitatis</span> <span class='ocrx_word' id='word_1_414' title='bbox 1570 2182 1897 2233; x_wconf 44' lang='lat' dir='ltr'>nost1·acl¹3‡g³umcv·g;2÷l=²tg{</span> 
     </span>
    </p>
   </div>
   <div class='ocr_carea' id='block_1_12' title="bbox 961 2229 1895 2282">
    <p class='ocr_par' dir='ltr' id='par_1_16' title="bbox 961 2229 1895 2282">
     <span class='ocr_line' id='line_1_84' title="bbox 961 2229 1895 2282; baseline -0.001 -20"><span class='ocrx_word' id='word_1_415' title='bbox 961 2231 1196 2263; x_wconf 78' lang='lat' dir='ltr'>CamerIncnsis</span> <span class='ocrx_word' id='word_1_416' title='bbox 1222 2240 1326 2272; x_wconf 88' lang='lat' dir='ltr'>nuper</span> <span class='ocrx_word' id='word_1_417' title='bbox 1350 2229 1583 2272; x_wconf 85' lang='lat' dir='ltr'>exponendum</span> <span class='ocrx_word' id='word_1_418' title='bbox 1609 2235 1895 2282; x_wconf 46' lang='lat' dir='ltr'>0¹¹1&#39;3·¹e¹f⁵ectig³g„³2s³¹⁸⁹</span> 
     </span>
    </p>
   </div>
   <div class='ocr_carea' id='block_1_13' title="bbox 962 2282 1699 2323">
    <p class='ocr_par' dir='ltr' id='par_1_17' title="bbox 962 2282 1699 2323">
     <span class='ocr_line' id='line_1_85' title="bbox 962 2282 1699 2323; baseline 0.001 -9"><span class='ocrx_word' id='word_1_419' title='bbox 962 2288 1052 2323; x_wconf 89' lang='lat' dir='ltr'>runt,</span> <span class='ocrx_word' id='word_1_420' title='bbox 1079 2294 1112 2315; x_wconf 87' lang='lat' dir='ltr'>se</span> <span class='ocrx_word' id='word_1_421' title='bbox 1149 2283 1337 2315; x_wconf 86' lang='lat' dir='ltr'>iamdudum</span> <span class='ocrx_word' id='word_1_422' title='bbox 1363 2282 1396 2314; x_wconf 88' lang='lat' dir='ltr'>iu</span> <span class='ocrx_word' id='word_1_423' title='bbox 1420 2282 1502 2314; x_wconf 88' lang='lat' dir='ltr'>votis</span> <span class='ocrx_word' id='word_1_424' title='bbox 1529 2282 1699 2322; x_wconf 87' lang='lat' dir='ltr'>habuisse,</span> 
     </span>
    </p>
   </div>
   <div class='ocr_carea' id='block_1_14' title="bbox 960 2386 1700 2640">
    <p class='ocr_par' dir='ltr' id='par_1_18' title="bbox 997 2386 1488 2421">
     <span class='ocr_line' id='line_1_86' title="bbox 997 2386 1488 2421; baseline -0.002 -8"><span class='ocrx_word' id='word_1_425' title='bbox 997 2388 1008 2413; x_wconf 82' lang='lat'>1</span> <span class='ocrx_word' id='word_1_426' title='bbox 1031 2387 1068 2413; x_wconf 91' lang='lat' dir='ltr'>Ut</span> <span class='ocrx_word' id='word_1_427' title='bbox 1086 2394 1168 2421; x_wconf 87' lang='lat' dir='ltr'>supra</span> <span class='ocrx_word' id='word_1_428' title='bbox 1188 2394 1250 2421; x_wconf 84' lang='lat' dir='ltr'>pag.</span> <span class='ocrx_word' id='word_1_429' title='bbox 1271 2386 1318 2412; x_wconf 72' lang='grc'>471</span> <span class='ocrx_word' id='word_1_430' title='bbox 1342 2395 1361 2412; x_wconf 88' lang='lat' dir='ltr'>a</span> <span class='ocrx_word' id='word_1_431' title='bbox 1378 2387 1409 2420; x_wconf 83' lang='lat' dir='ltr'>(r.</span> <span class='ocrx_word' id='word_1_432' title='bbox 1437 2388 1488 2419; x_wconf 57' lang='lat' dir='ltr'>aa).</span> 
     </span>
    </p>

    <p class='ocr_par' dir='ltr' id='par_1_19' title="bbox 995 2430 1487 2465">
     <span class='ocr_line' id='line_1_87' title="bbox 995 2430 1487 2465; baseline 0 -9"><span class='ocrx_word' id='word_1_433' title='bbox 995 2431 1012 2456; x_wconf 81' lang='lat'>2</span> <span class='ocrx_word' id='word_1_434' title='bbox 1032 2430 1066 2456; x_wconf 88' lang='lat' dir='ltr'>Ut</span> <span class='ocrx_word' id='word_1_435' title='bbox 1084 2438 1168 2464; x_wconf 86' lang='lat' dir='ltr'>supra</span> <span class='ocrx_word' id='word_1_436' title='bbox 1188 2438 1248 2465; x_wconf 84' lang='lat' dir='ltr'>pag.</span> <span class='ocrx_word' id='word_1_437' title='bbox 1270 2431 1317 2457; x_wconf 68' lang='lat'>471</span> <span class='ocrx_word' id='word_1_438' title='bbox 1340 2439 1358 2456; x_wconf 88' lang='lat' dir='ltr'>a</span> <span class='ocrx_word' id='word_1_439' title='bbox 1377 2432 1419 2464; x_wconf 84' lang='lat' dir='ltr'>(n.</span> <span class='ocrx_word' id='word_1_440' title='bbox 1440 2434 1487 2460; x_wconf 83' lang='grc' dir='ltr'>Τ.).</span> 
     </span>
    </p>

    <p class='ocr_par' dir='ltr' id='par_1_20' title="bbox 960 2473 1700 2596">
     <span class='ocr_line' id='line_1_88' title="bbox 996 2473 1700 2508; baseline 0.003 -8"><span class='ocrx_word' id='word_1_441' title='bbox 996 2475 1011 2500; x_wconf 88' lang='grc'><strong>3</strong></span> <span class='ocrx_word' id='word_1_442' title='bbox 1031 2474 1091 2501; x_wconf 76' lang='lat' dir='ltr'>Alia</span> <span class='ocrx_word' id='word_1_443' title='bbox 1105 2473 1184 2500; x_wconf 88' lang='lat' dir='ltr'>huius</span> <span class='ocrx_word' id='word_1_444' title='bbox 1200 2474 1341 2501; x_wconf 82' lang='lat' dir='ltr'>Pontificis</span> <span class='ocrx_word' id='word_1_445' title='bbox 1360 2474 1468 2500; x_wconf 75' lang='lat' dir='ltr'>constit.</span> <span class='ocrx_word' id='word_1_446' title='bbox 1489 2474 1553 2502; x_wconf 88' lang='lat' dir='ltr'>edit.</span> <span class='ocrx_word' id='word_1_447' title='bbox 1570 2481 1700 2508; x_wconf 78' lang='lat' dir='ltr'>MDchxv,</span> 
     </span>
     <span class='ocr_line' id='line_1_89' title="bbox 961 2517 1700 2553; baseline 0.003 -9"><span class='ocrx_word' id='word_1_448' title='bbox 961 2518 1004 2545; x_wconf 88' lang='lat' dir='ltr'>die</span> <span class='ocrx_word' id='word_1_449' title='bbox 1024 2518 1057 2544; x_wconf 72' lang='lat'>20</span> <span class='ocrx_word' id='word_1_450' title='bbox 1076 2517 1188 2553; x_wconf 88' lang='lat' dir='ltr'>aprilis,</span> <span class='ocrx_word' id='word_1_451' title='bbox 1210 2517 1330 2552; x_wconf 77' lang='lat' dir='ltr'>pontific.</span> <span class='ocrx_word' id='word_1_452' title='bbox 1351 2524 1379 2551; x_wconf 89' lang='lat'>1,</span> <span class='ocrx_word' id='word_1_453' title='bbox 1401 2522 1522 2545; x_wconf 85' lang='lat' dir='ltr'>erectum</span> <span class='ocrx_word' id='word_1_454' title='bbox 1541 2518 1593 2546; x_wconf 87' lang='lat' dir='ltr'>suit</span> <span class='ocrx_word' id='word_1_455' title='bbox 1616 2519 1700 2546; x_wconf 89' lang='lat' dir='ltr'>colle-</span> 
     </span>
     <span class='ocr_line' id='line_1_90' title="bbox 960 2561 1638 2596; baseline 0.003 -9"><span class='ocrx_word' id='word_1_456' title='bbox 960 2562 1032 2596; x_wconf 84' lang='lat' dir='ltr'>gium</span> <span class='ocrx_word' id='word_1_457' title='bbox 1053 2561 1244 2595; x_wconf 85' lang='lat' dir='ltr'>theologorum</span> <span class='ocrx_word' id='word_1_458' title='bbox 1264 2561 1292 2588; x_wconf 94' lang='lat' dir='ltr'>in</span> <span class='ocrx_word' id='word_1_459' title='bbox 1312 2561 1418 2588; x_wconf 78' lang='lat' dir='ltr'>civitate</span> <span class='ocrx_word' id='word_1_460' title='bbox 1438 2562 1638 2590; x_wconf 81' lang='lat' dir='ltr'>Caesenatensi.</span> 
     </span>
    </p>

    <p class='ocr_par' dir='ltr' id='par_1_21' title="bbox 996 2604 1592 2640">
     <span class='ocr_line' id='line_1_91' title="bbox 996 2604 1592 2640; baseline 0.003 -9"><span class='ocrx_word' id='word_1_461' title='bbox 996 2605 1012 2631; x_wconf 71' lang='lat' dir='ltr'>t</span> <span class='ocrx_word' id='word_1_462' title='bbox 1031 2604 1102 2631; x_wconf 86' lang='lat' dir='ltr'>Edit.</span> <span class='ocrx_word' id='word_1_463' title='bbox 1124 2605 1209 2631; x_wconf 82' lang='lat' dir='ltr'>Maiu.</span> <span class='ocrx_word' id='word_1_464' title='bbox 1233 2605 1300 2640; x_wconf 81' lang='lat' dir='ltr'>legit</span> <span class='ocrx_word' id='word_1_465' title='bbox 1319 2606 1468 2640; x_wconf 75' lang='lat' dir='ltr'>gyymnasii</span> <span class='ocrx_word' id='word_1_466' title='bbox 1487 2608 1525 2639; x_wconf 73' lang='lat' dir='ltr'>(a.</span> <span class='ocrx_word' id='word_1_467' title='bbox 1542 2607 1592 2640; x_wconf 85' lang='grc' dir='ltr'>τ.).</span> 
     </span>
    </p>
   </div>
  </div>
 </body>
</html>
