2170 3147
187 197 236 223 An.
258 195 285 221 e.
307 195 372 222 1725
419 186 480 218 ⁶296

186 243 501 277 ..meconnrmvlibellis
527 242 621 275 nobis
647 242 808 285 porrectis
835 251 940 284 nuper
966 240 1125 284 acceperi-

187 287 257 305 nemu.

245 1692 373 1713 Conliittialit

197 1725 310 1740 presumit«
349 1727 354 1738 t

197 1751 244 1768 ctae
276 1752 374 1766 erra-tat

196 1775 217 1794 in
238 1774 380 1793 cathedr-alvu·

198 1803 216 1820 et
242 1800 275 1820 uui
288 1806 323 1818 tots

197 1828 274 1847 etesia».-
290 1827 380 1845 l‘erract·
551 1842 555 1847 ,
784 1841 790 1847 ·
907 1841 912 1846 “

213 1860 264 1899 1»ιιιιη
287 1859 370 1898 ἳῃιιιιωιι
393 1843 469 1882 lere,
485 1853 521 1874 ae
537 1843 661 1874 litteras
676 1842 874 1886 praedictas,
889 1852 934 1874 stc
949 1847 981 1874 ut
995 1842 1135 1885 praefer-

220 1887 223 1898 l
245 1886 260 1899 VS
285 1886 322 1898 tel*
334 1886 381 1898 ΛΓίζ·

198 1907 297 1927 timuistis.

383 306 462 332 mus,
489 294 667 328 modernos
692 293 867 337 capitulum
895 300 925 327 et
951 292 1126 326 canonicos

383 346 567 391 praedictae
587 345 744 379 ecclesiae
765 345 1007 379 Terracinensis
1033 345 1128 378 alios·

383 410 445 443 que
472 399 517 432 eis
543 398 761 431 adhaerentes
794 398 940 431 indebite
971 402 1128 442 praeten-

384 453 459 486 dere
479 452 602 485 litteras
630 452 814 495 praedictas
839 451 878 484 de
905 450 1127 494 subreptionis

384 508 432 540 vel
460 505 662 549 obreptionis
688 505 763 538 vitio
786 505 892 538 notari
922 514 1016 548 posse
1035 514 1071 537 ex
1090 514 1128 537 eo

384 559 459 603 quia
483 557 647 602 praedicta
675 558 815 591 eeclesia
840 556 961 597 Setina,
996 562 1032 589 ut
1067 556 1128 600 ipsi

385 617 542 651 asserunt,
565 622 731 654 nunquam
758 610 957 643 cathedralis
976 609 1130 649 extiterit,

386 672 417 698 et
443 665 472 698 in
499 664 671 708 praedictis
697 664 815 697 litteris
834 663 979 696 indebite
998 673 1130 706 expres-

386 729 456 752 sum
485 719 581 752 suerit
613 718 699 762 quod
727 728 786 761 pro
813 724 957 760 tempore
992 716 1131 749 existen·

386 779 432 806 tes
465 772 611 816 episcopi
645 772 676 804 in
710 771 821 804 eadem
859 770 998 803 eeclesia
1021 769 1131 803 Setina

385 826 577 869 plerumque
600 835 689 857 sacra
706 826 778 857 olea
800 824 960 857 conticere
987 824 1130 866 aliasque

388 880 570 913 functiones
595 879 797 923 episcopales
823 888 974 911 exercere
996 888 1131 911 consue-

387 935 502 975 verint,
539 944 574 966 ac
607 933 768 966 nonnulla
794 932 874 973 alia,
901 943 917 965 a
951 932 1129 966 venerabili

388 988 485 1020 fratre
512 992 623 1020 nostro
649 986 805 1019 moderno
833 986 991 1029 episcopo
1016 986 1132 1019 Terra-

388 1040 511 1073 cinensi
532 1045 563 1073 et
580 1039 692 1073 Setino
719 1039 813 1072 nobis
835 1039 990 1082 exposita,
1010 1039 1131 1071 viribus

388 1105 452 1126 non
480 1093 665 1134 subsistere,
693 1103 821 1125 necnon
853 1092 1010 1125 omissum
1037 1092 1134 1125 suerit

390 1148 419 1179 in
460 1146 635 1190 praedietis
672 1146 789 1179 litteris
826 1146 922 1178 etiam
958 1145 1133 1180 modernos

389 1209 443 1232 seu
470 1205 545 1232 tune
571 1199 748 1232 existentes
779 1199 955 1242 capitulum
982 1204 1013 1232 et
1040 1210 1134 1233 cano-

389 1253 478 1287 nicos
503 1253 684 1286 saeculares
707 1253 738 1285 in
757 1253 877 1295 insigni
896 1253 1069 1296 collegiata
1087 1264 1134 1287 ec-

389 1307 489 1340 clesia
515 1307 549 1340 B.
577 1306 695 1339 Mariae
720 1306 831 1350 oppidi
857 1306 994 1339 civitatis
1014 1317 1133 1339 nuncu-

390 1361 454 1404 pati
471 1360 602 1404 Piperni
629 1359 690 1400 liti,
708 1370 789 1403 quae
809 1360 841 1392 in
859 1370 1026 1393 causarum
1046 1361 1133 1403 pala-

391 1414 424 1446 tii
452 1414 551 1447 nostri
579 1413 752 1457 apostolici
780 1413 943 1446 auditorio
968 1413 1133 1457 pendebat

391 1468 476 1500 inter
512 1467 690 1510 capitulum
718 1472 749 1499 et
773 1467 946 1500 canonicos
985 1467 1133 1500 ecclesia-

394 1532 462 1553 rum
490 1520 734 1553 Terracinensis
771 1525 802 1552 et
827 1519 957 1553 Setinae
989 1530 1049 1564 per
1074 1530 1132 1552 nos

394 1574 423 1606 in
451 1574 574 1607 eisdem
598 1574 716 1607 litteris
746 1574 918 1616 extinctae,
947 1572 1133 1606 interfuisse

393 1634 424 1661 et
449 1628 637 1661 adhaesisse
655 1639 662 1668 ;

436 1682 450 1725 ξ
475 1681 506 1715 3.
534 1681 608 1721 Nos,
627 1681 810 1714 inviolabili
832 1680 990 1714 dictarum
1012 1680 1134 1714 littera-

393 1746 463 1767 rum
490 1735 736 1775 subsistentiae,
753 1734 896 1767 firmitati
916 1740 948 1767 et
965 1734 1132 1774 validitati,

348 1806 370 1818 e*
394 1795 548 1832 quantum
580 1789 610 1821 in
640 1788 778 1821 Domino
810 1798 994 1832 possumus,
1020 1799 1135 1822 eonsu-

394 1902 444 1927 tur
462 1896 640 1939 expeditas,
658 1906 750 1929 suum
773 1896 957 1939 plenarium
983 1895 1133 1929 effectum

392 1949 542 1982 obtinere
558 1960 592 1981 ac
606 1949 775 1992 perpetuis
799 1949 914 1981 suturis
933 1949 1134 1993 temporibus

392 2002 430 2034 ab
457 2003 606 2035 omnibus
632 2009 662 2035 et
681 2002 816 2045 singuliS
836 2003 984 2046 personis
1004 2007 1066 2035 tam
1082 2013 1135 2035 ec-

393 2056 584 2088 elesiasticis
611 2066 706 2099 quam
730 2056 951 2089 saemtlaribus
972 2056 1134 2089 observari

394 2109 513 2142 debere
540 2120 575 2141 ac
610 2110 700 2142 nullo
735 2119 878 2152 unquam
912 2113 1061 2152 tempore
1097 2110 1136 2143 de

394 2162 614 2204 subreptionis
641 2163 688 2195 vel
715 2162 919 2206 obreptionis
938 2162 1013 2194 vitio
1029 2163 1134 2195 notari

395 2226 490 2258 posse
516 2217 674 2257 volentes,
703 2221 790 2249 motu
817 2215 925 2255 simili,
945 2220 977 2248 et
994 2226 1028 2248 ex
1048 2218 1135 2249 certa

394 2268 539 2307 scientia,
555 2269 659 2311 deque
675 2269 870 2312 apostolicae
886 2268 1057 2312 potestatis
1072 2269 1137 2312 pte-

395 2322 541 2354 nitudiue
569 2324 722 2365 ineratque
744 2322 982 2355 deliberatione
1004 2322 1135 2363 nostris,

395 2375 494 2406 sirmis
520 2380 550 2406 et
584 2374 704 2407 illaesis
738 2374 984 2407 remanentibus
1023 2385 1136 2408 avoca-

397 2427 483 2459 tione
509 2438 643 2467 causae,
672 2427 867 2461 extinctione
895 2428 978 2468 litis,
1004 2428 1136 2472 imposi-

397 2482 483 2513 tione
509 2480 651 2521 sits-niti,
678 2481 802 2522 gratiis,
830 2481 977 2521 indultis,
1004 2493 1136 2516 conces-

395 2534 567 2573 sionibus,
595 2534 749 2566 clausulis
776 2540 804 2565 et
832 2535 971 2567 decretis
992 2562 999 2575 ,
1031 2535 1134 2568 omni-

395 2586 519 2629 busque
546 2586 615 2619 aliis
641 2592 671 2619 et
697 2586 832 2630 singulis
864 2587 892 2619 in
928 2587 1020 2622 dictis
1051 2587 1136 2621 litte-

965 191 1145 216 BULLARIUM
1171 191 1325 216 Romnum

1168 240 1212 272 ris
1237 241 1398 274 contentis
1426 247 1456 275 et
1474 241 1645 285 expressis,
1677 251 1723 282 ac,
1752 246 1909 285 quatenus

1169 304 1250 336 opus
1268 293 1315 334 sit,
1334 293 1424 327 litem
1451 300 1482 327 et
1507 305 1636 327 causam
1662 293 1848 327 huiusmodi
1868 294 1912 328 de

1170 356 1253 379 novo
1278 353 1451 380 avocantes
1470 374 1477 386 ,
1504 358 1539 381 ac
1564 347 1695 391 penitus
1720 352 1751 380 et
1775 347 1908 381 omnino

1172 400 1416 442 extinguentes,
1442 411 1477 433 ac
1513 405 1706 444 perpetuum
1743 400 1909 434 silentium

1172 451 1228 484 lite
1254 458 1286 485 et
1311 455 1406 485 eausa
1434 453 1607 496 praedictis
1633 452 1728 486 etiam
1757 453 1795 486 de
1828 464 1910 488 novo

1173 516 1270 548 super
1296 506 1521 550 imponentes,
1548 506 1673 539 litteras
1705 506 1909 549 praedictaS,

1174 559 1219 591 sic
1245 565 1277 592 ut
1304 561 1485 602 praefertur
1517 560 1683 603 expeditas
1700 587 1707 600 ,
1733 560 1912 603 apostolica

1174 613 1385 654 auctoritate,
1417 620 1530 647 tenore
1557 613 1804 656 praesentium,
1830 624 1908 657 per-

1174 671 1273 708 petuo
1299 667 1517 710 approbamus
1544 672 1576 699 et
1601 665 1849 706 confirmamus,
1875 666 1915 700 it-.

1175 718 1277 762 lisque
1303 725 1479 762 perpetuae
1506 725 1536 752 et
1563 719 1757 752 inviolabilis
1786 724 1913 764 aposto-

1174 771 1254 805 licae
1281 771 1440 805 firmitatis
1466 772 1566 805 robur
1591 772 1769 812 adiicimus,
1789 783 1914 806 omnes·

1175 835 1236 868 que
1262 831 1294 857 et
1320 825 1477 868 singulos,
1504 831 1565 858 tarn
1591 825 1668 858 iuris
1695 831 1790 869 quarn
1817 826 1911 868 sacti,

1174 889 1210 911 ac
1235 879 1365 922 quosvis
1391 878 1471 912 alios
1498 878 1704 922 quantumvis
1719 880 1915 914 substantia·

1174 932 1221 964 les
1243 932 1386 964 desectus
1404 960 1411 973 ‚
1438 931 1535 965 etiam
1566 942 1601 965 ex
1636 931 1741 976 aliqua
1779 935 1914 967 erronea

1176 986 1383 1029 expressione
1401 985 1640 1029 provenientes
1656 986 1681 1018 si
1697 986 1750 1029 qui
1773 986 1804 1018 in
1822 997 1915 1030 prae-

1176 1039 1280 1072 missis
1315 1045 1369 1072 aut
1394 1049 1505 1072 eorum
1532 1039 1640 1082 aliquo
1666 1040 1916 1082 quomodolibet

1176 1093 1421 1133 intervenerint,
1447 1098 1500 1125 aut
1525 1092 1737 1126 intervenisse
1755 1092 1917 1134 dici,cen-

1176 1147 1238 1180 seri
1264 1147 1314 1179 vel
1332 1146 1502 1190 praetendi
1523 1145 1635 1189 possit,
1655 1146 1797 1179 tollimus
1814 1152 1846 1180 et
1862 1147 1918 1180 ab·

1177 1211 1327 1243 rogamus
1354 1211 1389 1232 ae
1414 1201 1602 1243 supplemus
1628 1205 1660 1233 et
1685 1210 1856 1240 sanamus‘,
1886 1207 1917 1234 et

1176 1254 1298 1286 eisdem
1324 1254 1490 1286 modernis
1515 1253 1658 1296 capitulo
1683 1258 1715 1286 et
1740 1253 1916 1295 canonicis,

1176 1318 1211 1340 ac
1237 1307 1385 1350 personis
1416 1307 1694 1350 quibuscumque,
1722 1307 1818 1339 etiam
1851 1317 1918 1340 sae-

1176 1361 1348 1400 cularibus,
1365 1361 1519 1394 eeclesiae
1538 1365 1568 1393 et
1585 1360 1764 1403 respective
1783 1359 1917 1394 civitatis

1177 1420 1207 1447 et
1241 1414 1397 1447 dioecesis
1428 1413 1673 1446 Terracinensis
1710 1414 1916 1456 huiusmodi,

1177 1478 1211 1499 ac
1237 1464 1438 1510 qussiuslibet
1463 1466 1533 1500 aliis
1559 1466 1711 1510 personis
1737 1467 1919 1501 cuiuscum-

1178 1531 1238 1564 que
1266 1520 1400 1553 alterius
1426 1519 1562 1553 civitatis
1588 1519 1650 1554 leci
1678 1521 1727 1553 vel
1749 1519 1919 1562 dioecesis,

1178 1574 1274 1608 etiam
1318 1573 1549 1607 ecelesiasticis
1585 1574 1634 1606 rel
1670 1573 1916 1614 saecularibus,

1177 1633 1372 1671 1‘1erpettuun
1388 1638 1486 1670 super
1505 1627 1693 1670 praemissis
1712 1632 1742 1659 et
1757 1627 1920 1660 infrascri-

1178 1681 1240 1724 ptis
1269 1681 1418 1713 omnibus
1443 1681 1608 1713 silentium
1635 1680 1757 1723 pariter
1783 1680 1920 1724 imponi-

1180 1744 1256 1772 mus,
1285 1740 1327 1773 et,
1355 1744 1414 1777 pro
1441 1734 1555 1766 maiori
1583 1739 1644 1766 tam
1678 1733 1918 1776 praedictarum

1178 1797 1275 1830 quam
1297 1788 1516 1830 praesentium
1535 1786 1715 1819 litterarum
1734 1792 1920 1819 nostrarum

1177 1840 1342 1873 validitate
1370 1845 1401 1872 et
1425 1839 1657 1880 subsistentia,
1684 1839 1839 1879 dicimus,
1866 1840 1920 1873 de-

1178 1893 1342 1926 cernimus
1367 1898 1395 1926 et
1426 1893 1604 1936 respective
1632 1894 1834 1926 declaramus
1862 1904 1921 1927 no-

1179 1952 1264 1979 strae
1279 1946 1398 1979 mentis
1411 1945 1644 1979 etintentionis
1659 1945 1758 1979 fuisse
1771 1946 1921 1980 delarare

1180 2000 1298 2033 dictam
1324 2000 1495 2033 ecclesiam
1530 1998 1673 2032 Setinatn
1706 2009 1724 2032 a
1752 2000 1920 2044 praedicto

1178 2053 1323 2087 Honorio
1350 2053 1603 2097 praedecessore
1629 2052 1750 2085 unitam
1777 2053 1921 2087 extitisse

1179 2117 1281 2150 acque
1323 2105 1497 2150 principali
1535 2106 1721 2149 praedictae
1764 2106 1920 2140 ecclesiae

1178 2160 1403 2193 'l'erracinensi
1430 2160 1471 2192 ob
1493 2159 1573 2192 alias
1589 2169 1699 2192 causas
1718 2171 1734 2192 a
1752 2160 1920 2203 praedicto

1180 2215 1336 2247 moderno
1378 2213 1533 2257 episcopo
1566 2212 1789 2245 Terracinensi
1826 2213 1920 2246 nobis

1180 2279 1346 2312 expressas
1374 2268 1464 2300 nullo
1492 2268 1601 2300 habito
1629 2271 1780 2310 respectu
1814 2267 1854 2300 ad
1887 2277 1922 2300 u·

1180 2333 1267 2364 nam,
1296 2322 1373 2354 duas
1399 2321 1445 2354 rel
1473 2322 1582 2364 plures
1609 2321 1792 2354 functiones
1819 2330 1922 2354 sacro-

1180 2386 1249 2408 rum
1277 2376 1424 2408 oieorum
1462 2374 1493 2406 in
1530 2374 1616 2406 dicta
1653 2373 1788 2406 ecclesia
1813 2372 1923 2406 Setina

1181 2429 1290 2467 saetas,
1306 2434 1359 2460 aut
1378 2429 1415 2460 ad
1439 2438 1538 2460 unum
1567 2428 1613 2459 rel
1636 2428 1729 2470 plura
1747 2425 1923 2469 sepulchra

1181 2482 1435 2524 episcoporum,
1464 2489 1545 2523 quae
1573 2479 1603 2512 in
1632 2479 1744 2511 eadem
1783 2478 1921 2511 eeclesia

1179 2533 1288 2566 Setina
1315 2533 1546 2576 reperiantur,
1571 2532 1601 2564 in
1635 2541 1774 2575 <piorum
1811 2531 1920 2574 aliquo

1179 2587 1289 2620 aderat
1309 2586 1479 2631 inscriptio
1508 2585 1680 2630 Episcopus
1709 2584 1918 2618 Terracinen-

1913 192 1964 219 An.
1987 192 2015 220 C.
2032 193 2099 222 4725
