2170 3147
231 222 280 249 An.
301 222 330 249 c.
350 221 418 248 1726
463 213 527 248 372

255 1032 312 1053 Ordo
324 1032 417 1053 Conven-

231 1061 319 1080 tun-um
335 1061 417 1081 eximiis

232 1088 332 1108 laudibus
357 1087 408 1108 etl-:r

232 1117 273 1136 tur.

427 272 611 305 ministrum
637 270 824 314 generalem
849 271 1014 306 dumtaxat
1048 278 1080 305 et
1105 282 1171 305 non

427 326 466 359 ad
486 326 582 358 alium
599 337 845 370 quemcumque,
860 326 891 359 in
910 326 1171 370 quibuscumque

425 380 516 419 locis,
543 379 738 421 civitatibus,
764 380 943 423 provinciis
982 385 1014 413 et
1046 379 1170 422 regnis,

427 432 523 465 etiam
556 432 612 465 ubi
647 432 700 466 alii
734 433 873 466 tertiarii
910 437 1008 473 sunt,
1047 438 1171 476 spectet

425 486 609 526 instituere,
628 487 811 520 concedere
830 492 861 521 et
881 497 1065 530 propagare
1085 496 1173 519 eum-

427 540 500 574 dern
542 550 635 572 suum
673 539 830 573 Ordinem
868 540 1038 583 utriusque
1078 550 1173 573 sexus

426 594 647 627 tertiariorum
685 594 724 628 de
760 594 967 627 Poenitentia
1003 604 1174 637 nuncupa-

426 650 505 686 tum,
538 658 688 690 quaeque
707 647 839 680 illorum
864 647 1050 690 profectum
1076 646 1174 689 spiri-

427 700 548 733 tualem
565 701 755 743 respiciunt,
772 699 918 733 stabilire
937 705 970 733 et
985 700 1173 739 decernere,

426 752 502 786 illos
528 753 695 795 corrigere
721 759 752 786 et
777 753 968 793 reformare,
1002 758 1033 785 et
1064 752 1174 785 omnia

428 807 619 849 disponere,
639 817 722 850 quae
748 806 811 839 iam
837 807 966 840 laudata
984 805 1173 839 constitutio

426 866 540 893 nostra
565 861 714 893 ministro
741 859 886 903 generali
913 859 1050 892 fratrum
1074 858 1174 891 Mino-

427 923 497 945 rum
516 913 764 946 Observantium
784 913 817 946 in
836 913 987 957 proprios
1011 912 1172 946 tertiarios

428 966 633 1010 disponenda
658 966 821 1000 concedit.

473 1020 487 1062 g
513 1020 544 1052 5.
574 1020 699 1053 Etenim
726 1031 864 1063 aequum
890 1025 939 1053 est
964 1024 999 1052 ut
1024 1019 1172 1052 ministro

428 1074 572 1115 generali
599 1073 729 1106 Ordinis
755 1074 890 1105 fratrum
910 1073 1069 1106 Minorum
1093 1072 1174 1105 Con-

428 1127 627 1158 ventualium
655 1127 689 1159 B.
710 1125 882 1165 Fiunt-isai,
903 1126 955 1168 qui
978 1125 1063 1157 inter
1088 1130 1174 1157 cete-

427 1189 481 1211 ros
506 1178 654 1217 Ordines,
680 1179 738 1210 sub
773 1189 837 1210 uno
873 1183 905 1210 et
935 1178 1051 1210 eodem
1078 1178 1173 1210 Sera-

427 1232 527 1274 phico
554 1237 645 1274 patre
680 1236 711 1263 et
742 1231 847 1273 capite
873 1231 939 1264 Deo
971 1231 1172 1268 famulantes.

427 1285 666 1317 vetustissimus
684 1289 740 1323 est,
757 1294 887 1317 omnem
906 1283 1173 1320 iurisdictionem.

429 1338 667 1375 anctoritatem,
707 1337 877 1370 facultates
913 1342 945 1370 et
981 1337 1104 1380 gratias
1142 1337 1175 1368 in

428 1390 527 1422 Tertii
553 1390 694 1429 Ordinis,
730 1390 770 1422 ab
806 1391 923 1423 eodem
956 1390 1175 1423 celeberrimo

429 1445 616 1477 confessore
648 1443 795 1482 instituti,
823 1443 1030 1486 poenitentes
1068 1443 1175 1476 indul-

429 1508 582 1540 geamus,
609 1507 692 1540 qnae
718 1496 790 1530 aliis
817 1497 974 1530 fratribus
1000 1497 1176 1530 Minoribus

429 1551 576 1584 indultae
603 1552 758 1591 suerunt,
779 1551 917 1583 maxime
938 1562 1011 1584 cum
1030 1551 1175 1584 eiusdem

429 1604 599 1648 Serapliici
625 1605 725 1648 patris
762 1609 794 1637 et
825 1604 1020 1637 confessoris
1057 1615 1176 1648 corpus

429 1658 614 1701 requiescat
650 1657 682 1690 in
717 1657 907 1690 eorumdem
934 1658 1067 1690 fratrum
1091 1657 1175 1690 Con-

428 1711 629 1744 venta-alium
648 1710 786 1744 basilica
803 1711 955 1744 coenobii
976 1711 1174 1750 Assisiensis,
1197 1709 1199 1717 '

431 1775 528 1808 quam
555 1770 731 1808 propterea
757 1774 827 1797 esse
859 1769 955 1807 caput
981 1769 1012 1797 et
1038 1770 1174 1798 matrem

430 1819 528 1851 totius
555 1818 684 1851 Ordinis
710 1817 845 1850 fratrum
872 1818 1032 1852 Minorum
1072 1818 1176 1851 felicis

430 1985 621 2011 creverunt:
651 1978 802 2011 nimirum
829 1978 1005 2021 Gregorius
1024 1979 1073 2019 lx,
1099 1980 1177 2011 inci-

431 2085 581 2118 Lateraui
608 2098 626 2120 x
645 2087 800 2119 kalendas
820 2087 918 2119 maias
937 2098 1021 2119 anno
1039 2097 1174 2127 mccxxx,

431 2140 638 2183 pontificatu<
658 2151 707 2180 iv,
733 2140 882 2173 Clemens
902 2140 937 2172 tv
958 2141 1075 2173 litteris
1097 2141 1177 2183 pari-

433 2199 481 2226 ter
501 2194 733 2237 incipientibus
754 2193 787 2227 Is
800 2195 859 2237 qui
877 2193 1052 2227 Ecclesiam
1072 2205 1175 2235 suram,

433 2355 551 2386 litteris
579 2355 813 2397 incipientibus
842 2355 1081 2389 Glori‘osissimi
1105 2366 1178 2388 con-

432 2408 570 2450 fessoris,
599 2409 681 2440 datis
705 2408 805 2441 Reate
843 2409 947 2451 pridie
977 2409 1049 2441 idus
1079 2409 1179 2441 maias

433 2471 621 2499 iiicctxxxii,
655 2462 862 2504 pontificatus
889 2473 910 2502 1,
946 2467 979 2495 et
1010 2461 1117 2494 Sixtus
1142 2461 1178 2494 IV

433 2514 551 2546 liin-ris
580 2514 811 2556 incipientibus
830 2515 883 2547 Act
900 2516 1075 2556 insiqnem,
1097 2515 1178 2548 datis

434 2567 554 2599 Rornae
593 2577 621 2599 vi
657 2568 847 2600 decembres
883 2578 970 2601 auno
1005 2577 1177 2609 ncnrxxv,

432 2622 643 2664 pontificatus
670 2630 699 2655 v.

1009 222 1193 248 BULLARIUM
1216 222 1372 248 ROMANUM

1965 224 2013 252 An.
2035 224 2065 252 C.
2082 225 2150 255 1726

1259 273 1274 316 ᾗ
1299 272 1330 306 6.
1356 273 1513 307 Volumus
1541 274 1648 314 etiam,
1675 273 1882 307 decernimus
1915 276 1957 306 at·
1994 286 2093 307 'retiarii
2111 287 2151 309 sra-

1216 336 1278 369 que
1314 327 1506 367 statuimus,
1545 332 1579 360 ut
1616 326 1751 360 tertiarii
1784 313 2151 361 directionih‘ssl‘lvfflffilli'ilftff

1215 379 1355 412 ministri
1375 380 1539 422 generalis
1556 380 1690 412 fratrum
1707 380 1866 413 Minorum
1880 379 1957 413 Con·
1968 365 2064 422 ἷέἓῗεᾞιὲῖ
2079 372 2152 422 giwii}

1216 434 1411 467 ventualium
1437 434 1573 467 subiecti
1598 434 1731 467 omnino
1749 434 1910 476 gaudeant
1928 419 2152 475 etq2¹2¹3¹²⁰j¹gffl⁵fl2

1216 487 1365 520 fruantur
1390 488 1542 521 omnibus
1561 487 1836 530 exemptionibus,
1850 471 2154 521 immu-ffsss‘s‘32”1'3al²1‘l‘¹iss

1216 541 1392 581 nitatibus,
1430 540 1689 584 praerogativis,
1725 540 1959 583 indulgentiis,

1216 593 1405 637 privilegiis,
1432 594 1543 636 gratiis
1565 599 1596 626 et
1621 593 1787 626 favoribus
1813 593 1962 636 spiritua-

1217 647 1301 680 libus
1328 653 1360 680 et
1381 647 1627 690 temporalibus,
1656 657 1735 690 quas
1768 652 1959 680 antecesso-

1218 711 1271 733 res
1299 701 1402 733 nostri
1421 700 1559 733 Romani
1576 699 1748 733 Pontifices
1766 699 1882 732 iisdem
1899 700 1963 733 lar-

1218 753 1274 796 giti
1294 754 1435 786 fuerunt.
1456 752 1665 796 Quapropter
1683 753 1740 786 has
1765 752 1884 786 iterum
1910 763 1964 796 ap-

1217 808 1403 850 probamus,
1432 807 1661 840 confirmamus
1688 812 1785 849 atque
1811 806 1963 840 concedi-

1217 871 1297 901 mus,
1319 861 1518 903 easdemque
1544 860 1641 893 etiam
1667 871 1781 893 omnes
1806 865 1838 893 et
1858 860 1964 902 singu-

1218 915 1276 953 las,
1295 924 1373 957 quas
1391 913 1519 957 pridem
1545 914 1768 946 concessimus
1789 913 1823 946 in
1849 913 1964 946 eadem

1217 967 1449 1000 constitutione
1476 969 1588 1000 nostra
1612 978 1694 1010 quae
1717 966 1832 1010 incipit
1851 967 1964 999 Pater-

1217 1030 1262 1052 πα
1278 1019 1370 1052 Sedis
1386 1020 1591 1062 Apostolicae
1608 1019 1835 1062 prnvidentia;
1854 1020 1965 1052 decer-

1219 1078 1334 1106 nentes
1362 1078 1467 1105 tamen
1496 1078 1528 1105 et
1553 1074 1778 1111 declarantes,
1804 1078 1858 1113 ut,
1885 1083 1964 1116 qua-

1219 1137 1358 1169 cumque
1376 1127 1618 1159 consuetudine
1632 1127 1663 1158 in
1683 1125 1882 1159 contrarium
1898 1136 1964 1159 non

1218 1180 1385 1219 obstante,
1412 1180 1579 1212 memorati
1608 1179 1758 1218 tertiarii,
1789 1178 1963 1212 directioni

1219 1238 1249 1264 et
1272 1232 1470 1265 correctioni
1489 1232 1625 1264 ministri
1648 1231 1810 1274 generalis
1829 1231 1963 1264 fratrum

1220 1285 1378 1317 Minorum
1397 1285 1668 1317 Conventualium
1690 1284 1838 1323 subiecti,
1861 1290 1964 1317 vestes

1220 1338 1390 1381 religiosas
1409 1340 1521 1371 colore
1540 1344 1572 1371 et
1590 1339 1694 1371 forma
1713 1338 1866 1371 tertiariis
1889 1348 1964 1380 pro-

1220 1393 1304 1434 prias
1329 1392 1482 1433 induant,
1508 1404 1545 1425 eo
1572 1403 1707 1435 prorsus
1737 1393 1834 1425 modo
1864 1402 1963 1435 quem

1220 1445 1356 1478 Romani
1375 1446 1548 1478 Pontifices
1575 1446 1641 1479 suis
1668 1445 1856 1489 apostolicis
1882 1445 1965 1478 litte-

1222 1499 1264 1531 ris
1279 1499 1518 1532 observandum
1533 1501 1830 1543 praescripserunt,
1845 1499 1884 1532 ad
1901 1499 1964 1532 hoc

1220 1556 1255 1583 nt
1291 1552 1409 1585 iisdem
1444 1552 1656 1595 indulgentiis
1691 1557 1723 1585 et
1754 1551 1867 1595 gratiis
1901 1551 1963 1585 frui

1220 1605 1359 1650 possint.

1263 1660 1278 1703 g
1298 1659 1330 1692 7.
1348 1660 1436 1692 Haeo
1455 1669 1532 1692 vero
1551 1659 1711 1698 universa,
1736 1658 1882 1693 ministro
1909 1669 1964 1702 ge·
1973 1665 2159 1719 defissiigiiassa‘

1220 1714 1322 1747 nerali
1349 1714 1480 1746 fratrum
1506 1713 1663 1746 Minorum
1690 1712 1962 1746 Conventualium
2127 1707 2133 1714 ¹

1220 1768 1250 1800 in
1279 1767 1443 1800 tertiarios
1474 1766 1501 1799 ei
1535 1766 1700 1800 subiectos
1732 1766 1962 1810 praesentibus

1197 1816 1199 1866 J
1221 1820 1341 1853 litteris
1367 1819 1488 1852 nostris
1506 1830 1673 1859 concessa,
1691 1820 1735 1852 ita
1761 1825 1792 1853 et
1817 1830 1882 1853 non
1907 1819 1965 1853 ali-

429 1871 668 1904 recordationis
693 1877 916 1904 antecessores
940 1872 1043 1904 nostri
1062 1871 1177 1904 Roma·
1197 1868 1199 1875 ’

431 1925 462 1957 ni
484 1925 657 1957 Pontifices
683 1925 747 1957 suis
773 1925 965 1968 apostolicis
986 1925 1102 1958 litteris
1122 1926 1177 1958 de·

1222 1880 1269 1907 ter
1294 1874 1442 1913 iudicari,
1471 1878 1502 1906 et
1528 1874 1607 1905 firm:

1221 1928 1260 1960 ab
1283 1928 1432 1960 omnibns
1454 1926 1567 1959 haberi
1595 1937 1616 1957 sc

1651 1879 1745 1916 atque
1771 1873 1966 1907 inconcussa

1635 1927 1780 1967 unimus,
1808 1937 1873 1959 non
1900 1926 1961 1960 ob-

1197 2000 1199 2012 .
1221 1982 1381 2014 stantibus
1400 1981 1666 2013 ordinationi->us
1682 1986 1713 2013 et
1731 1980 1966 2014 constitutioni-

430 2033 595 2074 pientibus
617 2033 650 2065 Is
675 2033 734 2076 qui
759 2032 937 2065 Ecclesiam
960 2043 1072 2071 suam,
1094 2034 1176 2066 datis
1198 2023 1199 2039 i

1220 2036 1279 2068 bns
1305 2035 1505 2078 apostolicis,
1540 2034 1677 2077 aliisque
1703 2034 1874 2067 contrariis
1899 2033 1967 2078 qui-

1198 2093 1199 2131 ]
1221 2090 1434 2131 bose-umque,
1463 2088 1590 2130 quibus,
1618 2092 1778 2129 quatenus
1799 2097 1880 2129 opus
1907 2091 1964 2127 est,

1221 2142 1428 2184 derogamus,
1454 2152 1574 2184 easque
1607 2141 1811 2183 abrogamus,
1837 2149 1965 2184 proque

1198 2206 1200 2225 τ
1220 2195 1398 2237 abrogatis,
1426 2194 1590 2236 derogatis
1612 2199 1643 2226 et
1667 2194 1765 2227 nullis
1787 2193 1847 2226 hac
1871 2193 1903 2225 in
1930 2202 1964 2226 re

433 2247 514 2279 datis
543 2248 693 2280 Perusiae
719 2257 782 2281 xvn
811 2248 965 2280 kalendas
991 2248 1092 2280 maias
1120 2248 1200 2280 {in-t

432 2312 473 2333 no
499 2312 647 2340 metm,
669 2302 875 2345 pontificatus
901 2313 947 2341 113
970 2301 1121 2334 Nicolaus
1139 2301 1177 2335 Ill
1198 2338 1200 2347 Ι

1222 2248 1335 2281 haberi
1363 2249 1535 2287 volumus3
1571 2257 1710 2290 poenam
1743 2245 1967 2279 excommuni-

1222 2302 1359 2335 cationis
1377 2302 1446 2344 ipso
1466 2302 1545 2334 facto
1564 2299 1796 2333 incurrendam
1821 2299 1966 2342 aliasque

1222 2366 1377 2389 censuras
1402 2366 1461 2398 pro
1487 2354 1623 2387 arbitrio
1656 2359 1770 2388 nostro
1796 2353 1834 2386 iis
1867 2353 1967 2385 inter-

1222 2409 1398 2447 minantes,
1427 2408 1480 2451 qui
1509 2408 1690 2447 contraire,
1716 2407 1765 2439 vel
1792 2405 1965 2439 temerario

1222 2473 1300 2494 ausu
1320 2473 1356 2494 ea
1375 2462 1566 2504 impugnare
1582 2459 1857 2504 praesumpserint
1882 2468 1965 2501 quae

1224 2516 1283 2547 hac
1303 2518 1414 2547 nostra
1432 2515 1665 2547 constitutione
1686 2512 1846 2545 firmamus
1866 2518 1964 2554 atque

1222 2568 1437 2606 decernimus,
1456 2568 1496 2600 ob
1516 2568 1605 2599 cuius
1627 2568 1755 2610 plenam
1774 2565 1966 2608 perfectam-

1199 2648 1201 2657 „
1222 2632 1285 2665 que
1308 2622 1547 2654 observantiam
1574 2619 1771 2662 iniungimus
1795 2617 1966 2652 venerabi-
