2170 3147
0 203 47 229 An,
68 203 96 227 (Ζ.
122 199 187 226 ¹727

77 840 164 862 tisim-r<
173 848 179 860 ι

0 868 92 893 capitula
125 869 198 888 idem.
229 883 234 888 .

0 897 78 916 camut.

771 199 964 221 ttfxlll‘lzt'rt'n

192 248 369 281 secundun]
395 247 640 280 instructionem
677 247 814 280 italicam
852 247 931 279 inse-

193 301 258 334 rius
281 300 517 340 subiiciendam
528 299 545 340 ¹,
565 300 790 343 disponantur,
812 305 841 332 et
862 300 932 333 dili-

192 359 307 397 genter
331 354 438 386 clausa
464 354 706 386 custodiantur.
746 352 855 391 Quoad
882 363 954 396 ar-¹

191 406 295 439 chivia
320 411 352 439 et
377 405 538 438 tabularia
570 406 646 438 olim
684 411 810 445 crecta,
835 405 932 438 iidem

192 459 327 503 praelati
353 470 412 502 pro
449 461 505 492 sua
540 459 703 501 vigilantia
741 459 931 492 eorumdem

192 518 309 546 statum
350 513 463 546 sedulo
505 518 762 555 recognoscant,
802 511 931 545 illorum

192 573 285 609 aptae
311 566 479 609 capacitati
506 571 601 608 atque
627 565 744 605 ordini,
763 565 849 598 iuxta
874 576 928 597 su-

193 619 369 662 pradictam
395 618 651 657 instructionem,
671 623 713 657 ut,
737 618 842 660 quoad
861 617 930 650 lieri

194 677 320 715 potest,
347 677 509 704 structura
535 676 565 704 et
590 671 760 714 dispositio
787 671 931 703 omnium

192 725 396 758 archivorum
415 725 456 757 sit
473 725 653 763 uniformis,
666 724 751 757 intra
770 735 823 757 sex
843 734 932 756 nien-

193 790 244 811 ses
263 784 337 821 post
353 778 467 810 harum
486 777 741 820 publicationem
759 776 930 820 provisuri.

236 832 250 874 ἓ
275 831 306 864 3.
335 830 393 863 Hic
411 831 496 863 idem
516 830 670 863 terminus
696 840 748 863 sex
771 829 930 862 mensium

193 883 370 925 iniungitur
406 882 668 925 quibuscumque
702 881 853 925 capitulis
880 892 931 915 ec-

192 936 364 969 clesiarum
377 935 614 968 cathedralium
631 939 661 969 et
675 935 929 977 collegiatarum,

193 995 255 1021 tam
279 988 455 1030 insignium
480 999 575 1030 quam
601 999 666 1021 non
692 987 879 1029 insignium,
897 992 931 1019 ut

191 1042 299 1074 locum
326 1046 565 1083 opportunum,
591 1040 678 1073 iuxta
704 1041 833 1073 modum
867 1039 929 1071 iarn

191 1094 378 1134 indicatum,
392 1094 565 1137 disponant
583 1093 615 1126 in
634 1094 743 1136 aliqua
761 1092 930 1125 mansione

190 1146 385 1179 cathedralis
409 1147 458 1179 vel
478 1146 669 1189 collegiatae
688 1146 856 1185 ccclesiae,
875 1145 929 1177 ubi

995 200 1044 221 niu
1074 200 1119 222 rr.
1608 189 1664 220 Uti!

975 247 1162 280 monasterii
1189 258 1245 280 seu
1271 251 1470 280 conventus:
1499 246 1651 289 idemque
1683 256 1716 278 o-

976 300 1085 333 mnino
1125 299 1308 333 executioni
1346 299 1564 332 mandandum
1601 305 1716 332 curent

975 353 1157 387 abbatissae
1191 355 1240 386 vel
1271 352 1446 395 priorissae
1472 358 1504 385 et
1529 352 1716 396 superiores

975 406 1205 449 cuiuscumque
1238 406 1426 439 monasterii
1462 404 1652 438 monialium
1686 412 1716 438 ct

975 469 1139 491 sacrarum
1158 459 1328 501 virginum,
1347 458 1563 501 domuumque
1589 458 1714 501 piarum

976 509 1157 549 mulierum,
1184 520 1265 552 quac
1291 509 1534 542 conservatoria
1553 510 1716 552 appellan-

977 568 1034 601 tur,
1062 572 1208 605 quaeque
1235 572 1292 605 per
1325 562 1407 595 haee
1432 562 1551 605 scripta
1578 573 1642 595 non
1669 564 1717 595 in-

977 615 1138 647 lcndimus
1164 616 1358 658 approbare.
1382 615 1538 648 Similiter
1564 615 1643 648 haec
1669 625 1716 648 ca-

975 669 1047 701 dem
1073 668 1261 701 constitutio
1287 673 1400 701 nostra
1425 668 1457 700 in
1490 668 1715 701 construendis

975 727 1005 754 et
1025 721 1246 754 custodiendis
1279 721 1419 754 archivis
1452 723 1645 755 observetur
1676 722 1715 754 ab

975 774 1118 807 ecclesiis
1137 775 1325 818 receptitiis‚
1345 775 1504 818 collegiis,
1521 775 1713 815 seminariis,

975 827 1185 866 convictibus,
1223 827 1555 870 congregationibus,
1590 828 1715 860 confra-

977 880 1193 922 ternitatibus,
1215 881 1442 924 hospitalibus,
1461 881 1625 914 mentibus
1647 880 1715 923 pie-

976 933 1063 973 tatis,
1095 934 1234 977 aliisque
1270 935 1350 968 locis
1389 934 1448 978 piis
1485 934 1715 977 cuiuscumque

974 987 1114 1028 generis,
1133 992 1163 1020 et
1182 998 1387 1030 quocumque
1415 987 1546 1020 nomine
1561 997 1715 1019 censean-

975 1046 1037 1080 tur,
1064 1041 1124 1072 sul)
1150 1040 1430 1074 administratione
1458 1045 1631 1079 rectorum,
1649 1040 1711 1072 mi-

974 1093 1149 1126 nistrorum
1169 1100 1199 1127 et
1216 1094 1402 1127 officialium
1429 1099 1714 1137 temporaneorum

973 1147 1039 1179 sive
1065 1152 1301 1190 perpetuorum
1328 1147 1555 1180 existentibus.

1724 199 1772 224 An.
1791 199 1818 224 [1.
1844 197 1909 225 1727

189 1199 357 1233 commode
376 1204 545 1232 serventur
564 1206 595 1232 et
612 1199 837 1232 custodiantur
858 1199 930 1231 scri-

190 1258 313 1296 pturae,
341 1253 408 1285 iura
441 1256 471 1286 el
499 1258 600 1285 status
630 1253 817 1285 eorumdem
848 1253 931 1295 capi-

1017 1200 1086 1243 {5-
1123 1200 1240 1233 Omnes
1277 1200 1338 1233 iam
1374 1201 1449 1233 dieti
1487 1200 1713 1243 patriarchae,
1739 1211 1910 1241 Secllndoprae.

973 1254 1225 1297 archicpiscopi,
1251 1254 1407 1297 episcopi,
1434 1253 1595 1286 Ordinarii
1626 1255 1713 1286 loco-
1725 1241 1909 1310 isslli¹‡‘Z:>I-¹.'„¹'=3.¹li

1725 1298 1768 1311 ΓΙΙΝΙ
1808 1298 1909 1312 Ε’*ΗΙΚΙΔ*

1725 1322 1763 1341 tur.

23 1953 100 1974 Omnes
117 1960 180 1979 supe-

0 1980 64 2000 riores
73 1980 180 2005 regul-ires
216 1998 221 2002 ,

0 2005 88 2031 collegia
101 2009 121 2025 ut
137 2007 179 2026 lov..

0 2032 34 2057 pia
72 2031 181 2058 utrimque

0 2064 60 2078 sexus
77 2058 130 2079 idem
146 2065 171 2079 cu

0 2087 54 2105 rent.

191 1307 331 1340 talorum
358 1306 582 1349 respicientes,
603 1306 754 1339 Seorsum
780 1318 854 1340 vcro
881 1318 928 1339 ar-

190 1360 326 1393 marium
345 1359 504 1392 habeatur
522 1372 531 1402 i
546 1371 580 1392 ro
600 1360 776 1403 scripturis,
796 1360 834 1392 ad
860 1360 929 1393 iura

190 1419 221 1446 et
247 1418 362 1446 statum
382 1412 614 1456 particularem
642 1413 854 1446 ecclesiarum
883 1425 930 1446 ca-

190 1465 404 1505 thedralium,
431 1465 676 1507 collegiatarum
702 1466 926 1499 attinentibus.

191 1520 342 1553 Volumus
370 1519 475 1559 enim,
503 1525 536 1551 ut
561 1520 690 1552 archiva
712 1521 927 1563 capitulorum

189 1573 227 1605 ab
261 1573 325 1606 illis
359 1582 440 1616 quae
473 1578 547 1605 sunt
581 1574 793 1607 ecclesiarum
819 1574 928 1607 cathe-

192 1626 330 1660 dralium
349 1631 380 1659 et
398 1625 644 1668 collegiatarum
663 1626 794 1659 omuino
817 1626 929 1659 distin-

190 1684 346 1722 guantur,
365 1679 505 1722 ideoque
531 1679 563 1711 in
588 1685 763 1722 prospectu
791 1685 822 1711 ct
849 1680 929 1713 facie

189 1733 254 1765 sive
270 1733 427 1765 anteriori
443 1738 535 1776 parte
554 1734 788 1777 cuiuscumque
808 1734 928 1767 archivi

189 1785 254 1818 sive
273 1785 400 1818 armarii
420 1786 561 1819 exterius
579 1786 738 1819 scribatur
764 1787 929 1819 cuiusnam

190 1839 230 1871 sit
256 1839 335 1872 illud
361 1839 537 1881 archivum,
555 1851 595 1873 an
614 1840 737 1874 scilicet
762 1841 928 1882 ecclesiae,

193 1903 234 1924 an
260 1903 335 1925 vero
365 1893 508 1936 capituli.

234 1945 304 1988 §lh
331 1945 414 1978 llaec
444 1946 642 1979 observanda
676 1947 771 1980 etiam
806 1949 929 1990 praeci-

193 2008 296 2040 pimus
322 2009 339 2030 a
363 2008 568 2041 quocumque
594 1999 719 2039 abbate,
747 2001 853 2043 priore
880 2002 928 2034 vel

193 2050 359 2094 superiore
380 2051 521 2093 regulari
541 2052 770 2096 cuiuscumque
789 2055 928 2095 Ordinis,

194 2103 290 2136 etiam
326 2103 593 2144 Mendieantium‚
631 2105 726 2137 etiam
763 2107 929 2140 Societatis

193 2156 286 2197 Iesu,
313 2158 362 2190 vel
388 2157 619 2201 cuiuscumque
645 2159 804 2199 instituti,
832 2161 927 2193 etiam

192 2209 323 2252 speciali
360 2211 435 2243 nota
472 2210 575 2252 digni,
602 2221 728 2244 necnon
754 2212 930 2255 liospitali‘2

193 2263 227 2295 Β.
247 2262 377 2295 Ioannis
403 2262 696 2306 Hierosolymitani,
724 2264 846 2298 scilieet
871 2276 928 2308 pro

192 2315 424 2358 dispositione,
452 2317 696 2349 construetione
727 2328 782 2350 seu
808 2318 928 2351 consti-

193 2368 318 2401 tutione
344 2368 464 2401 archivi
489 2369 522 2401 in
547 2369 619 2403 loco
640 2375 726 2412 apto,
746 2371 840 2404 modo
866 2382 928 2415 quo

191 2432 310 2465 supra,
336 2421 419 2454 intra
444 2423 582 2455 claustra
607 2423 757 2466 propriae
791 2424 925 2466 domus,

228 2503 236 2528 1
262 2502 337 2528 Hane
356 2502 582 2529 instructionem
601 2502 745 2536 italicam,
767 2511 848 2538 saepe
869 2512 928 2531 me-

190 2550 341 2578 moratam,
358 2554 411 2573 non
430 2546 505 2573 dedit
520 2545 658 2573 Recensor
674 2546 812 2575 Romanus
827 2550 867 2583 (n.
879 2549 927 2583 T.).

224 2589 240 2616 2
260 2589 355 2626 Aptius
375 2590 434 2625 lege
454 2591 606 2625 hospitalis
626 2592 666 2626 (n.
683 2592 731 2626 T.).

295 2646 375 2675 Buta.
392 2646 474 2679 Rom.
493 2662 528 2668 —
551 2648 608 2676 Vol.
625 2646 718 2677 XXII.
863 2648 893 2676 71

945 2607 952 2626 ..-

974 1320 1041 1340 rum
1068 1314 1098 1340 et
1124 1307 1310 1350 superiores
1330 1306 1526 1349 regularium
1545 1306 1711 1349 utriusque

951 1366 952 1369 ’
972 1371 1082 1401 sexus,
1101 1366 1134 1393 ut
1156 1370 1266 1403 supra,
1286 1364 1461 1402 postquam
1486 1359 1714 1401 congesserint

974 1420 1004 1447 ct
1030 1413 1204 1447 clauserint
1229 1414 1277 1446 vel
1297 1412 1520 1456 disposuerint
1538 1412 1714 1454 scripturas

950 1471 952 1480 ⁴
974 1467 1004 1499 in
1027 1467 1158 1500 archivo
1178 1471 1325 1499 extructo
1345 1467 1392 1498 vel
1411 1465 1599 1504 extruendo,
1625 1465 1711 1498 omni

974 1520 1142 1563 diligentia
1160 1525 1191 1553 et
1209 1519 1431 1552 sollicitudine
1458 1518 1644 1550 carumdem
1665 1530 1713 1550 ca-

975 1575 1115 1616 talogum
1151 1578 1183 1605 et
1218 1572 1435 1605 inventarium
1461 1570 1710 1612 conficiendum,

973 1632 1004 1660 ct
1029 1637 1100 1659 cuni
1126 1625 1216 1659 brevi
1243 1626 1442 1668 singulaium
1476 1625 1711 1668 scripturarum

974 1679 1105 1723 synopsi
1132 1684 1163 1712 et
1188 1680 1338 1712 lemmate
1372 1678 1420 1710 vel
1454 1678 1631 1710 summario
1658 1677 1712 1709 de—

973 1732 1183 1765 scribendum
1209 1736 1334 1764 curent.
1363 1731 1511 1774 Episcopi
1534 1734 1561 1763 el
1581 1730 1712 1763 Ordina-

974 1786 1011 1817 rii
1039 1785 1187 1818 eumdem
1216 1785 1396 1826 catalogum
1432 1789 1461 1816 et
1495 1783 1711 1816 inventarium

972 1851 988 1872 a
1014 1839 1139 1872 notario
1166 1849 1222 1871 seu
1250 1837 1442 1870 cancellario
1461 1837 1568 1870 curiae
1586 1837 1712 1880 episco-

973 1893 1053 1937 palis
1079 1894 1127 1926 vel
1153 1892 1359 1931 ordinariae,
1381 1896 1450 1931 aut,
1478 1901 1516 1923 eo
1542 1890 1712 1934 impedito,

972 1948 1011 1979 ab
1037 1947 1099 1980 alia
1126 1949 1265 1989 persona
1292 1955 1349 1988 per
1374 1955 1445 1977 eum
1473 1944 1710 1985 substituenda,

973 1999 1088 2032 conlici
1115 2003 1230 2031 curent
1256 2009 1362 2031 coram
1389 2008 1422 2030 se
1448 1998 1526 2041 Ipsis
1553 2008 1607 2030 scu
1634 1998 1713 2030 vica-

973 2054 1019 2086 rio
1046 2052 1191 2095 generali
1215 2052 1264 2084 vel
1290 2051 1352 2084 alia
1370 2054 1510 2095 persona
1535 2051 1573 2084 ab
1595 2051 1712 2084 iisdem

971 2106 1206 2144 substituemla,
1237 2105 1389 2148 idemque
1416 2105 1582 2148 catalogus
1607 2111 1638 2138 et
1664 2105 1711 2137 in-

973 2160 1152 2193 ventarium
1178 2159 1216 2192 ab
1243 2160 1360 2192 eodeni
1392 2159 1519 2192 notario
1549 2170 1604 2191 seu
1637 2170 1712 2192 can-

972 2212 1107 2245 cellarie
1134 2212 1270 2254 singulis
1306 2211 1433 2254 paginis
1466 2211 1709 2251 subscribatur,

972 2266 1139 2308 catalogus
1165 2275 1239 2297 vero
1274 2265 1305 2297 in
1339 2264 1401 2297 sine
1428 2264 1524 2297 totius
1562 2265 1669 2308 operis
1694 2275 1712 2297 a

973 2319 1132 2361 praelato,
1160 2323 1332 2361 postquam
1352 2319 1421 2361 ipse
1439 2323 1585 2351 accurate
1612 2322 1642 2351 et
1667 2328 1712 2351 se-

972 2371 1046 2404 dulo
1072 2370 1294 2413 recognoverit
1317 2370 1460 2414 singulas
1482 2371 1616 2414 paginas
1643 2372 1712 2405 dili-

972 2429 1084 2467 genter
1103 2424 1306 2467 conscriptas
1327 2423 1531 2468 fideliterque
1550 2436 1567 2458 a
1584 2425 1711 2460 notario

971 2488 1029 2510 seu
1063 2477 1258 2510 cancellario
1291 2478 1442 2522 propriae
1474 2479 1581 2512 curiae
1614 2474 1664 2513 vel
1694 2490 1711 2513 a

970 2531 1111 2574 persona
1136 2530 1165 2563 ei
1191 2530 1362 2565 substituta
1387 2536 1548 2573 exaratas,
1566 2532 1710 2566 subseri-

970 2584 1074 2619 batur.
1089 2583 1124 2618 In
1141 2584 1324 2620 seminariis
1343 2590 1450 2620 autem
1468 2585 1709 2630 episcopalibus
