2170 3147
201 203 253 230 An.
270 202 298 229 c.
324 202 390 230 1725
437 193 459 225 4

232 2024 279 2045 Ρηεῑ
305 2029 391 2044 eramen

398 251 496 284 iacuit
513 250 665 284 imbrium
684 250 819 291 iniuriis,
838 250 930 293 quasi
948 250 981 283 in
1000 251 1141 284 cloacam

396 314 457 348 per
471 305 616 337 scrobem
633 303 662 336 in
679 304 882 347 sepulturam
896 303 965 336 eius
981 304 1143 336 confluen-

398 358 489 395 tium,
517 357 722 401 expositum:
750 358 862 400 elapso
889 357 1141 401 quadragesimo

397 421 492 449 anno,
507 411 561 443 Dei
581 411 717 449 monitu,
730 420 847 454 corpus
862 421 878 444 e
897 411 1094 445 coemeterio
1109 412 1140 444 in

397 464 510 497 aedem
532 464 570 496 ad
598 464 760 497 honorem
777 465 811 497 B.
835 465 985 498 Andreae
1000 465 1140 508 apostoli

398 515 481 550 Deo*
508 517 653 550 sacram³
677 517 937 551 transferendum
964 518 1139 558 effoditur,

397 570 483 613 quod
506 571 670 613 integrum
689 575 787 614 atque
810 570 1043 615 incorruptum,
1059 573 1142 605 vela-

397 624 540 656 minibus
565 624 689 668 pariter
714 624 849 667 integris
885 630 916 658 et
944 625 1142 668 incorruptis

397 682 593 716 contectum,
616 677 770 720 suavique
792 678 893 711 odore
920 678 1073 721 fragrans
1093 689 1142 711 re-

397 736 527 773 pertum
543 736 601 763 est.
618 730 760 764 Tandem
780 743 864 765 anno
881 731 1000 764 Christi
1016 732 1140 765 Domini

397 793 522 818 nncxtn
541 794 576 817 cx
596 795 680 817 noro
699 791 731 818 et
752 784 935 818 honorifico
954 786 1140 829 sepulchro,

397 838 453 871 ubi
479 843 575 871 antea
603 839 769 872 conditum
795 839 918 879 fuerat,
945 850 1060 872 rursus
1091 850 1143 872 ex-

398 897 548 931 tractum,
567 893 680 926 eadem
702 893 887 936 integritate
914 898 946 926 et
970 894 1057 926 suavi
1084 893 1142 926 fra-

398 945 525 987 grantia
542 946 756 989 spectandum
782 946 933 979 omnibus
955 947 1070 990 patuit.
1090 946 1143 980 Isi-

399 999 469 1032 dori
495 1010 601 1032 sacras
625 1000 754 1033 exuvias
772 1000 955 1034 innumeris
974 1001 1141 1034 miraculis

398 1052 482 1086 Deus
496 1053 683 1093 illustrarit3
702 1054 788 1087 caeci
804 1054 903 1094 enim,
919 1054 1019 1093 surdi,
1035 1054 1141 1087 claudi

398 1106 518 1149 aliique
537 1117 602 1139 non
620 1107 712 1150 pauci
735 1107 831 1140 variis
852 1107 973 1140 morbis
991 1107 1142 1140 laboran-

400 1164 455 1200 tes,
470 1161 602 1203 pulvere
617 1161 806 1203 sepulturae
821 1161 882 1200 usi,
897 1162 1140 1196 convaluerunt:

399 1213 582 1247 sacrarum³
607 1213 735 1247 aedium
767 1214 916 1248 Mantuae
941 1214 1141 1258 Carpetano-

398 1276 468 1299 rum
487 1277 539 1300 aes
554 1278 746 1311 campanum
768 1273 863 1310 atque
885 1278 1042 1310 organum
1065 1273 1142 1300 tam-

399 1320 454 1353 diu
469 1320 599 1353 nemine
614 1321 765 1364 pulsante
781 1326 971 1361 sonuerunt,
987 1321 1140 1364 quamdiu

399 1375 535 1417 supplex
570 1379 600 1407 et
626 1374 776 1417 publicus
810 1374 1032 1407 translationis
1058 1385 1139 1417 pro-

399 1437 508 1460 cessus
534 1427 672 1460 duravit.
691 1427 736 1460 Ad
756 1438 852 1459 unum
868 1427 977 1459 omnia
996 1428 1037 1460 ob
1057 1427 1141 1460 servi

399 1481 454 1514 nei
480 1481 718 1514 invocationem
746 1481 776 1513 in
802 1480 906 1523 aegris
941 1480 1071 1513 sanitati
1096 1491 1143 1513 re-

400 1534 572 1567 stituendis
607 1540 677 1567 acta
712 1534 865 1577 prodigia
898 1535 1030 1576 longum
1058 1539 1142 1567 esset

400 1598 607 1620 enumerare.
635 1587 748 1620 Omnia
773 1588 805 1619 in
832 1587 910 1619 actis
943 1588 1030 1630 apud
1057 1588 1144 1630 Apo-

399 1641 547 1674 stolicam
572 1640 690 1674 Sedem
713 1641 914 1673 sufficienter
940 1646 971 1674 et
996 1641 1142 1683 legitime

400 1693 537 1736 probata
564 1694 703 1734 suerunt,
722 1699 947 1737 perpetuoque
967 1705 1027 1737 pro
1055 1695 1143 1727 lucu-

400 1747 497 1779 lentis
516 1752 548 1779 et
568 1748 780 1791 apertissimis
809 1748 1002 1780 testimoniis
1027 1748 1142 1780 summi

401 1800 456 1833 Dei
490 1801 708 1842 habebuntur,
733 1802 786 1845 qui
817 1802 856 1834 ad
887 1803 1016 1845 plenam
1048 1801 1142 1835 fidem

402 1854 440 1886 tle
478 1854 594 1887 Isidori
628 1855 798 1887 sanctitate
838 1855 1017 1887 faciendam
1052 1855 1143 1899 quasi

402 1907 494 1941 testis
512 1908 682 1952 speciatim
705 1908 871 1942 invocatus
894 1914 924 1942 et
944 1914 1074 1952 rogatus
1097 1919 1145 1942 ac-

402 1968 509 1995 cessit.

978 200 1159 226 ntssLLamUM
1184 201 1340 225 ROMANUM

1187 259 1258 283 eam
1277 250 1473 283 sententiam
1493 249 1699 291 abeuntibus,
1713 247 1766 283 ut⁴
1783 248 1928 283 eiusdem

1186 302 1218 336 S.
1239 303 1276 336 R.
1299 304 1333 337 E.
1354 303 1502 347 legitimo
1528 304 1593 336 ritu
1619 304 1775 337 Isidorum
1801 303 1929 347 agrico-

1186 357 1248 389 lam
1274 357 1306 389 in
1333 361 1517 391 sanctorum
1550 358 1776 390 confessorum
1804 357 1928 391 tabulas

1186 410 1392 444 referendum
1419 421 1487 444 esse
1513 416 1729 452 consuerunt,
1756 411 1878 444 iamdiu
1897 411 1927 443 id

1185 463 1407 503 vehementer,
1434 469 1508 507 post
1541 464 1725 507 Philippum
1752 464 1789 496 ΙΙΙ
1815 473 1928 507 regem

1163 535 1165 545 ι
1186 517 1395 556 catholicum,
1423 517 1519 550 etiam
1545 517 1698 561 Philippo
1711 517 1753 550 {V
1774 517 1843 550 eius
1860 516 1928 550 silio

1187 575 1217 602 et
1242 580 1452 611 successore,
1479 571 1577 604 immo
1611 577 1642 603 ct
1675 572 1740 604 tota
1773 570 1929 614 Hispania

1186 624 1271 666 apud
1298 623 1414 657 Sedem
1440 624 1661 667 Apostolicam
1693 623 1927 666 flagitantibus.

1186 676 1289 715 Quare
1305 677 1489 720 Gregorius,
1509 689 1546 711 ex
1567 677 1667 710 veteri
1685 677 1852 711 Ecclesiae
1870 677 1930 710 Ilo-

1186 742 1299 764 manae
1326 731 1509 774 disciplina,
1534 732 1567 764 in
1593 732 1696 764 tribus
1726 731 1929 765 consistoriis

1186 795 1293 817 coram
1319 795 1351 816 se
1379 785 1498 817 habitis
1524 787 1590 818 tota
1616 795 1650 817 re
1676 785 1783 818 denuo
1802 785 1834 818 in
1852 795 1930 818 con-

1186 838 1295 871 silium
1317 839 1466 878 adducta,
1482 839 1690 882 ieiuniisque‚
1714 839 1929 882 eleemosynis

1186 896 1218 925 et
1244 892 1447 925 orationihus
1473 893 1583 926 divino
1609 893 1647 926 ad
1671 893 1701 925 id
1728 893 1849 926 auxilio
1872 893 1930 925 ini-

1186 946 1337 989 plorato,
1363 944 1532 979 decretum
1566 946 1714 980 condidit
1743 946 1782 979 de
1807 945 1930 979 isidoro

1186 999 1272 1032 inter
1285 1000 1418 1033 Sanctos
1435 1000 1565 1043 publice
1581 1000 1768 1033 referendo.
1785 1000 1832 1033 Ad
1847 1000 1931 1033 haec

1187 1052 1272 1086 idem
1295 1053 1450 1094 Pontifex,
1470 1053 1640 1094 universis,
1658 1064 1741 1097 quae
1766 1064 1803 1086 ex
1830 1053 1929 1086 sacris

1187 1107 1477 1140 constitutionibus
1492 1112 1524 1139 et
1538 1107 1567 1140 S.
1586 1107 1622 1139 R.
1643 1107 1677 1140 E.
1694 1107 1931 1140 consuetudine

1187 1160 1315 1202 agenda
1341 1165 1441 1200 erant,
1462 1160 1521 1193 rite
1540 1161 1691 1203 peractis,
1709 1171 1739 1193 lv
1757 1160 1831 1193 idus
1849 1170 1933 1193 mar-

1188 1214 1247 1246 tias
1272 1224 1358 1246 anno
1377 1213 1498 1247 Christi
1521 1214 1648 1246 Domini
1671 1224 1822 1252 mcxxxi,
1850 1223 1932 1256 pon-

1188 1266 1325 1299 tifwatus
1350 1265 1409 1306 11⁹,
1435 1266 1466 1299 in
1494 1273 1734 1300 sacrosanctam
1760 1266 1930 1300 basilicam

1187 1319 1347 1363 Principis
1366 1320 1597 1363 Apostolorum
1616 1320 1756 1354 maximo
1773 1325 1930 1363 apparatu

1187 1378 1218 1405 et
1244 1372 1430 1415 frequentia
1455 1373 1635 1415 profectus,
1654 1373 1687 1405 in
1711 1372 1859 1416 plenario
1884 1382 1932 1405 vo·

1186 1425 1380 1458 nerahilium
1398 1425 1533 1458 fratrum
1549 1425 1579 1458 S.
1598 1426 1632 1458 R.
1648 1425 1682 1458 Ε.
1703 1425 1931 1466 cardinalium,

1186 1478 1456 1521 patriarcharum,
1476 1478 1796 1522 archiepiscoporum
1815 1483 1846 1511 et
1863 1478 1932 1521 epi-

1187 1542 1361 1574 scoporum
1381 1538 1553 1572 conventu,
1565 1532 1711 1575 repetitis
1729 1543 1788 1575 pro
1806 1532 1931 1565 Isidoro

1187 1585 1219 1617 in
1245 1584 1437 1618 Sanctorum
1471 1596 1628 1622 canonem
1662 1585 1834 1618 referendo
1866 1585 1932 1617 fer-

1186 1639 1381 1672 ventissimis
1400 1639 1437 1672 ad
1457 1639 1556 1672 [teum
1576 1639 1740 1682 precihus,
1757 1638 1930 1681 Sanetique

1188 1692 1329 1735 Spiritus
1355 1693 1458 1735 gratia
1484 1692 1652 1725 humiliter
1678 1690 1864 1735 implorata,
1891 1692 1932 1730 ad

1189 1746 1350 1779 honorem
1374 1752 1502 1779 sanctae
1519 1752 1551 1779 et
1568 1746 1751 1779 individuae
1767 1747 1931 1781 Trinitatis

1188 1799 1333 1843 fideique
1359 1800 1539 1832 catholicae
1561 1800 1801 1839 exaltationem,
1821 1804 1931 1833 aucto-

1189 1852 1282 1885 ritate
1308 1853 1545 1896 omnipotentis
1572 1853 1627 1885 Dei
1653 1852 1768 1894 Patris,
1789 1858 1821 1886 et
1844 1852 1930 1894 Filii,

1189 1912 1220 1939 et
1244 1906 1385 1950 Spiritus
1410 1907 1529 1948 Sancti,
1550 1918 1586 1940 ac
1604 1907 1774 1940 beatorum
1793 1907 1880 1941 Petri
1901 1912 1934 1940 et

1191 1962 1279 1994 Pauli
1305 1963 1532 2005 apostolorum
1559 1961 1636 2003 clus,
1663 1962 1760 1995 totius
1786 1961 1934 1995 eiusdem

1190 2015 1328 2058 plenarii
1355 2021 1535 2048 conventus
1560 2015 1696 2048 consilio
1722 2015 1932 2058 unanimique

1936 200 1986 227 An.
2004 200 2034 231 C-‚
2054 200 2122 229 1724

205 2053 210 2071 ¹
291 2053 295 2071 ¹
447 2016 512 2058 §fn
533 2016 619 2050 llaec
638 2016 788 2049 triennali
808 2017 913 2060 spatio
931 2028 989 2060 per
1009 2016 1039 2049 S.
1058 2017 1094 2048 R.
1111 2016 1143 2049 E.

205 2058 586 2124 isiciis-¹⁴³“tstpssfil'fflardinales
620 2081 730 2103 coram
756 2070 828 2114 piae
855 2071 1030 2103 memoriae
1056 2077 1146 2103 ante-

205 2107 328 2157 ¹-'='=-i1⁸=¹·1=l⁸=····
359 2112 589 2158 ¹⁴‹sscessorilius
614 2125 732 2157 nostris
759 2124 912 2157 Romanis
935 2124 1145 2157 Pontificibus

204 2166 230 2184 gi
247 2167 250 2177 ι
270 2159 394 2178 Sanctorum

205 2167 502 2232 ,lilia-0mr·-Paulo
528 2178 549 2210 Y
576 2183 607 2210 et
632 2178 786 2219 Gregorio
818 2178 868 2210 XV
900 2178 1039 2211 solemni
1066 2188 1146 2211 exa-

1190 2079 1376 2106 eonsmsu,
1402 2069 1532 2101 beatum
1568 2068 1729 2102 Isidorum
1756 2068 1933 2112 agricolam

1190 2123 1381 2166 Hispanum,
1407 2122 1445 2154 ‹lc
1474 2123 1564 2156 cuius
1590 2123 1674 2155 vitae
1701 2122 1883 2163 sanctitate,
1901 2121 1935 2154 ss-

236 2220 252 2232 i‹
285 2213 322 2232 fuit
349 2217 391 2232 una

241 2246 252 2258 n
300 2242 391 2265 qtialtwr

403 2232 501 2268 mine,
534 2237 607 2275 post
632 2232 722 2265 illum
749 2232 922 2264 Beaturum
949 2232 1065 2264 canoni
1093 2233 1146 2265 ad-

205 2273 244 2312 ”re
262 2274 321 2313 mmm
340 2273 357 2297 ¹¹.
380 2274 577 2329 ¹⁸scriptum,
605 2285 751 2318 discussa
778 2286 916 2324 fuorunt,
937 2286 1086 2318 omnihus
1112 2286 1144 2318 in

439 2394 448 2419 1
474 2393 620 2428 Perperam
646 2392 712 2419 edit.
739 2391 821 2419 Malu.
848 2393 911 2428 legit
941 2393 994 2419 Dei
1016 2401 1064 2427 pro
1089 2394 1144 2420 Deo

403 2442 438 2469 (a.
459 2438 508 2471 m.

437 2483 453 2508 *2
473 2482 540 2509 Male
560 2482 640 2509 etiam
661 2482 756 2509 eadem
778 2482 844 2509 edit.
865 2482 929 2516 legit
955 2491 1069 2511 sacrum
1096 2492 1143 2518 pro

401 2536 516 2554 sacram
536 2528 577 2562 (n.
594 2527 642 2561 T.).

438 2573 454 2599 3
474 2572 550 2604 Male,
573 2574 598 2597 ut
620 2571 700 2597 ctiam
722 2575 797 2607 puto,
820 2571 882 2606 legit
902 2580 1016 2601 sucrum
1036 2581 1082 2607 pro
1097 2581 1142 2600 stt-

403 2626 522 2646 crarum
542 2620 578 2653 (a.
596 2618 644 2651 τ.).

1226 2213 1235 2239 1
1260 2211 1375 2239 Videtur
1396 2212 1544 2247 legendum
1561 2215 1587 2239 el
1609 2221 1655 2247 pro
1671 2215 1712 2246 ut,
1729 2214 1754 2238 et
1776 2211 1855 2247 paulo
1871 2214 1933 2239 ante

1188 2258 1318 2285 eamdem
1333 2265 1381 2292 pro
1398 2266 1475 2286 earn:
1493 2258 1535 2284 vel
1552 2257 1631 2292 paulo
1648 2260 1705 2292 post
1722 2259 1870 2284 censerent
1885 2265 1933 2292 pro

1189 2306 1365 2330 censuerunt
1384 2304 1423 2337 (tt.
1440 2303 1488 2336 T.).

1223 2348 1239 2373 ἰ)
1256 2347 1325 2374 Ilinc
1345 2352 1373 2374 et
1392 2356 1422 2374 ex
1443 2347 1622 2382 sequentibus
1642 2350 1748 2375 constat
1767 2346 1839 2383 quod
1856 2346 1932 2375 Bulla

1188 2392 1403 2420 canonizationis
1418 2392 1498 2419 huius
1517 2392 1606 2419 Sancti
1626 2401 1642 2419 a
1662 2392 1790 2427 Gregorio
1805 2391 1846 2418 XV
1867 2400 1933 2418 con-

1188 2438 1300 2472 scripta,
1321 2446 1391 2472 quac
1407 2438 1456 2463 sub
1472 2446 1543 2464 anno
1560 2444 1671 2469 nocui,
1687 2437 1783 2472 pontif.
1801 2445 1824 2470 1,
1846 2437 1934 2473 posita

1188 2482 1237 2508 fuit
1247 2484 1339 2517 (quam
1353 2482 1411 2508 virle
1424 2482 1450 2508 in
1464 2486 1527 2509 tom.
1542 2490 1577 2508 xu
1590 2485 1697 2509 nostrae
1708 2482 1773 2508 edit.
1787 2490 1848 2517 pag.
1860 2482 1933 2517 483),
1977 2475 1981 2480 ’

1187 2530 1262 2553 extra
1278 2527 1402 2553 ordinem
1419 2530 1469 2555 est.
1488 2530 1514 2553 et
1535 2526 1674 2553 debuisset
1691 2527 1818 2553 collocari
1835 2526 1933 2553 eodem

1187 2579 1256 2597 anno
1269 2579 1330 2596 cuni
1343 2570 1415 2596 Bulla
1427 2571 1638 2598 canonizationis
1649 2571 1673 2597 S.
1684 2570 1840 2605 Ther-estete,
1851 2578 1933 2606 quam

1188 2615 1245 2643 vide
1264 2614 1328 2645 ibid,
1348 2623 1409 2650 pag.
1426 2615 1477 2643 ⁴373
1490 2616 1529 2649 (n.
1547 2617 1601 2648 Τ.).
