2170 3147
236 223 271 246 Aa
303 222 331 246 c:⁴
355 222 422 248 17:25
470 213 532 248 296

280 2304 366 2323 Commu
381 2306 422 2324 itur

237 2337 263 2356 qn
276 2332 313 2350 bus
346 2331 421 2350 auin-at

236 2357 521 2405 5}{,”¹0¹‡¹,2¹,{,¹J‘'¹⁶⁰'S..R.
541 2363 573 2395 E.
593 2363 812 2396 cardinalibus
833 2364 863 2395 in
883 2364 1096 2404 Bononiensi,
1116 2364 1176 2397 Ra-

431 272 557 305 litteras
583 274 673 306 nullo
692 285 833 317 unquam
855 281 1003 319 tempore
1040 276 1078 310 de
1105 277 1176 309 sub·

431 327 590 369 reptiouis
616 329 665 360 vel
699 329 904 372 obreptionis
935 330 1024 371 vitio,
1053 336 1107 363 aut
1131 331 1175 363 in-

432 380 586 413 tentionis
613 387 748 420 nostrae,
777 382 825 415 vel
853 383 1008 427 quopiam
1035 385 1099 418 alio
1126 385 1174 418 dc-

432 433 513 466 sectu
533 433 637 466 notari
654 433 702 467 vel
722 434 905 478 impugnari
922 437 1087 470 ullatenus
1106 449 1175 481 pos-

431 497 490 527 se,
518 486 691 530 minusque
729 489 788 520 sub
823 489 989 532 quibusvis
1021 491 1175 525 similium

429 541 479 573 vcl
494 540 697 574 dissimilium
714 541 888 584 gratiarum
905 544 1174 587 revocationibus,

431 593 740 635 modificationibus,
761 594 1022 636 limitationibus‚
1044 598 1176 630 restitu-

432 647 574 680 tionibus
601 653 630 680 et
656 647 726 681 aliis
751 649 926 682 contrariis
953 650 1176 693 dispositioni-

430 700 504 740 bus,
528 706 589 732 tam
616 711 676 744 per
702 711 761 733 nos
787 712 881 745 quan]
908 705 1004 736 etiam
1024 715 1081 747 per
1107 715 1177 737 suc-

431 765 579 787 cessores
606 760 734 788 uostros
761 757 1015 799 quomodolibet,
1043 769 1078 790 ac
1104 769 1175 791 cum

431 808 599 852 quibusvis
620 809 716 841 etiam
744 809 1022 852 derogatoriarum
1042 811 1176 854 deroga-

431 861 533 901 toriis,
560 861 695 905 aliisque
722 862 967 905 efficacioribus,
993 864 1177 897 efficacissi-

431 915 491 948 mis
518 922 549 949 et
567 916 706 949 insolitis
727 917 894 957 clausulis,
912 917 1177 961 irritantibusque

431 969 579 1009 decretis,
601 980 659 1013 pro
686 975 829 1013 tempore
850 971 940 1003 sactis
958 977 989 1004 et
1010 971 1175 1012 faciendis,

431 1033 711 1067 quorumcumque
740 1029 886 1056 tenorum
904 1024 1052 1065 existant,
1077 1025 1176 1058 inclu-

432 1076 487 1117 di;
516 1077 585 1117 sed,
613 1077 676 1110 illis
703 1087 767 1110 non
794 1078 1017 1118 obstantibus,
1048 1079 1079 1111 in
1111 1079 1176 1111 suis

430 1131 551 1165 robore
571 1137 603 1164 et
620 1131 763 1164 efficacia
781 1132 970 1174 persistere,
990 1138 1029 1173 et,
1049 1133 1176 1175 quoties

430 1185 506 1218 illae
532 1185 741 1225 emanabant,
762 1186 856 1218 toties
874 1186 904 1218 in
923 1186 1096 1229 pristinum
1116 1192 1177 1219 sta·
1197 1196 1199 1204 ¹

431 1244 499 1272 tum
526 1238 704 1277 restitutas,
722 1239 882 1281 repositas
904 1244 935 1271 et
953 1239 1101 1281 plenarie
1128 1250 1177 1272 re-

430 1293 631 1335 integratus,
659 1292 753 1324 ctiam
790 1292 850 1324 sub
887 1292 960 1324 data
996 1302 1055 1335 per
1086 1293 1175 1335 ipsos

430 1345 549 1378 fratres
575 1345 715 1378 Minores
743 1345 781 1377 dc
808 1344 1022 1378 Observantia
1047 1345 1177 1388 praedi-

432 1400 473 1432 cti
499 1399 629 1432 Ordinis
657 1398 807 1441 eligenda
833 1398 871 1431 de
895 1409 978 1431 novo
1004 1409 1177 1432 concessas

432 1463 513 1493 esse,
534 1453 626 1485 etita
645 1452 922 1486 imoniin11tabilis
947 1452 1122 1485 voluntatis
1147 1459 1178 1485 et
1198 1471 1200 1478 ·

431 1506 624 1544 intentionis
650 1512 780 1538 nostrae
807 1516 894 1544 esse,
922 1511 970 1545 et,
997 1506 1035 1538 ad
1062 1506 1125 1539 hoo
1144 1513 1178 1539 ut

431 1563 594 1605 perpetua
616 1560 766 1592 firmitate
784 1560 970 1602 subsistant,
991 1559 1052 1592 vim
1079 1561 1176 1593 validi

433 1619 464 1647 et
489 1613 629 1646 efficacis
654 1618 842 1646 contractus
868 1613 952 1646 inter
983 1613 1100 1646 dictam
1125 1613 1178 1647 Se-

432 1668 505 1700 dem
542 1673 574 1699 et
610 1667 849 1710 praedictorum
875 1666 1031 1699 Ordinum
1057 1667 1178 1699 Mendi-

432 1721 574 1754 cantium
594 1721 710 1753 fratres
730 1720 917 1753 huiusmodi
944 1721 1066 1753 habere
1085 1748 1093 1762 ‚
1117 1720 1178 1754 sic-

432 1785 496 1818 que
528 1784 586 1818 per
619 1784 842 1817 quoscumque
873 1773 996 1807 iudices
1026 1779 1057 1807 et
1092 1785 1178 1808 coni-

431 1827 599 1860 missarios
624 1827 737 1871 quavis
764 1827 956 1860 auctoritate
991 1828 1175 1870 fungentes,

433 1882 530 1914 etiam
555 1892 723 1914 causarum
747 1881 856 1924 palatii
889 1881 1060 1925 apostolici
1095 1882 1177 1914 audi-

432 1940 531 1975 tores,
551 1945 586 1967 ac
603 1934 634 1967 S.
657 1935 692 1967 R.
712 1934 746 1967 E.
767 1935 957 1975 cardinales,
980 1935 1106 1968 sublata
1132 1936 1177 1968 eis

432 1993 595 2022 eteorum
621 1988 753 2021 cuilibet
771 1988 883 2032 quavis
909 1989 987 2022 alias
1013 1989 1176 2022 iudicandi

431 2047 463 2075 et
488 2042 727 2086 interpretandi
751 2042 899 2075 facultate
926 2048 953 2075 et
975 2042 1175 2082 auctoritate,

431 2095 569 2129 iudicari
595 2101 625 2128 et
651 2095 777 2128 definiri
798 2096 929 2135 debere,
949 2096 1074 2128 irritum
1102 2108 1177 2140 quo-

432 2160 495 2193 que
521 2155 552 2182 et
573 2148 668 2181 inane
696 2148 719 2181 si
742 2159 835 2181 secus
861 2150 1029 2193 superbis
1056 2161 1072 2182 a
1098 2161 1177 2194 quo-

432 2213 539 2247 quam,
566 2202 678 2246 quavis
718 2202 921 2243 auctoritate,
950 2203 1090 2236 scienter
1126 2204 1176 2237 vel

432 2257 636 2299 ignoranter,
663 2255 838 2299 contigerit
862 2257 1026 2290 attentari.

477 2309 548 2352 §7.
588 2309 743 2348 Quocirca
782 2310 908 2343 dilectis
946 2309 1019 2343 tiliis
1056 2310 1175 2344 nostris

431 2416 573 2456 vennati,
601 2416 801 2449 Ferrariensi
833 2422 865 2449 et
889 2416 1096 2450 Urbinatensi
1133 2417 1176 2450 ci-

431 2470 583 2502 vitatibus
618 2470 737 2503 nostris
763 2481 849 2504 nunc
877 2477 905 2504 et
933 2482 991 2515 pro
1029 2477 1175 2515 tempore

432 2523 646 2556 existentibus
666 2523 703 2556 de
725 2525 824 2557 latere
843 2525 968 2567 legatis,
995 2537 1032 2559 ac
1057 2526 1175 2559 dilecto

431 2577 497 2610 filio
522 2576 630 2609 curiae
657 2587 829 2610 causarum
860 2578 1012 2612 Gamerae
1038 2580 1175 2622 Aposto-

430 2630 513 2665 licae
540 2630 685 2673 generali
719 2631 873 2671 auditori,
900 2633 960 2676 per
984 2638 1174 2675 praesentes

1020 229 1200 251 limtnxnstn
1228 229 1382 252 ROMANUM

1219 277 1452 310 committimus
1485 283 1517 312 et
1553 281 1763 321 mandamus,
1802 284 1961 324 quatenus

1219 330 1361 373 ipsi,ch
1381 331 1459 372 (luo,
1486 337 1539 365 aut
1563 343 1644 365 unus
1671 343 1798 374 eorum,
1825 344 1884 376 per
1907 344 1958 374 se,

1220 385 1268 417 vel
1296 384 1406 425 alium,
1431 395 1486 418 seu
1513 385 1603 426 alios,
1623 392 1812 429 praesentes
1839 386 1961 420 litteras

1221 442 1253 470 ct
1278 437 1308 470 in
1335 437 1381 470 eis
1407 444 1558 471 contenta
1591 449 1825 482 quaecumque,
1851 440 1904 473 ubi
1932 445 1963 473 et

1220 491 1349 534 quando
1367 502 1449 534 opus
1468 492 1574 531 l'uerit,
1592 502 1629 524 ac
1647 493 1773 535 quoties
1794 503 1851 535 pro
1870 498 1962 536 parte

1221 545 1407 577 eorumdem
1436 545 1567 577 fratrum
1590 545 1747 578 Minorum
1774 545 1894 579 suerint
1917 557 1963 580 re-

1220 598 1350 641 quisiti,
1378 599 1570 631 solemniter
1594 599 1820 642 publicantes,
1848 600 1962 644 eisque

1221 651 1252 684 in
1279 652 1467 695 praemissis
1489 652 1627 685 efficacis
1653 653 1852 686 defensionis
1872 664 1963 697 prae-

1221 705 1304 738 sidio
1330 706 1530 746 assistentes,
1551 706 1670 739 saciant
1694 707 1884 740 auctoritate
1910 718 1962 741 no·

1221 761 1285 791 stra
1311 758 1399 802 ipsos
1427 760 1542 792 fratres
1568 759 1696 793 Ordinis
1721 760 1880 794 Minorum
1906 761 1963 794 hu·

1222 812 1358 844 iusmodi
1389 813 1561 853 voluntate,
1587 819 1716 853 statuto,
1743 814 1963 848 declaratione

1222 871 1253 897 et
1277 865 1348 898 aliis
1374 866 1558 908 praemissis
1591 867 1742 900 omnibus
1769 872 1802 900 et
1825 867 1963 910 singulis

1222 919 1354 962 pacifice
1393 919 1452 951 t‘rui
1490 925 1521 952 et
1545 920 1710 962 gaudere,
1741 931 1806 953 non
1833 921 1964 964 permit-

1198 997 1200 1009 ,
1222 977 1328 1005 tentes
1354 982 1408 1004 eos
1442 982 1501 1015 pcr
1535 983 1755 1017 quoscumque
1782 974 1947 1017 quomodo

1222 1025 1303 1058 libet
1327 1025 1474 1058 indebito
1501 1026 1686 1067 molestari,
1706 1027 1964 1061 contradictores

1222 1079 1383 1122 quoslibet
1420 1084 1450 1114 et
1486 1081 1626 1114 rebelles
1665 1091 1724 1124 per
1762 1080 1963 1122 sententias,

1221 1143 1374 1166 censuras
1400 1139 1432 1166 et
1456 1144 1578 1177 poenas
1604 1134 1861 1173 ecclesiasticas,
1889 1134 1963 1167 alia-

1221 1196 1283 1227 que
1309 1182 1494 1228 opportuna
1531 1185 1609 1218 iuris
1635 1190 1665 1218 et
1699 1185 1773 1218 sacti
1798 1186 1961 1226 remedia,

1221 1238 1444 1281 appellatione
1469 1239 1673 1282 possspositass
1701 1239 1940 1282 compescendo
1956 1266 1963 1279 ‚

1221 1297 1251 1324 et
1276 1291 1499 1332 nibilominus,
1527 1291 1682 1334 legitimis
1707 1302 1804 1335 super
1831 1291 1880 1325 bis
1907 1293 1963 1325 ha-

1221 1346 1337 1378 bendis
1363 1345 1495 1377 servatis
1521 1345 1744 1388 processibus,
1764 1356 1916 1379 censuras
1934 1351 1966 1379 et

1222 1410 1344 1442 poenas
1371 1399 1458 1442 ipsas
1482 1399 1576 1431 etiam
1604 1398 1727 1431 iteratis
1752 1399 1877 1432 vicibus
1910 1410 1966 1442 ag-

1222 1452 1404 1495 gravando,
1433 1452 1581 1485 invocato
1620 1453 1716 1484 etiarn
1754 1453 1793 1485 ad
1832 1453 1911 1493 lioc,
1937 1453 1963 1485 si

1222 1517 1304 1549 opus
1332 1506 1438 1545 tuerit,
1464 1505 1584 1538 auxilio
1609 1505 1735 1538 brachii
1752 1506 1938 1540 saecularis.

1265 1560 1279 1602 ξ
1304 1559 1358 1593 13.
1385 1559 1454 1592 Non
1481 1559 1685 1592 obstantibus
1704 1560 1905 1603 praemissis,
1928 1571 1964 1593 ac

1223 1614 1326 1647 felicis
1352 1613 1592 1646 recordationis
1607 1613 1764 1646 Bonisacii
1781 1613 1885 1657 Papae
1900 1613 1963 1647 Vlll

1222 1666 1486 1710 praedecessoris
1504 1666 1608 1699 nostri
1628 1666 1667 1699 de
1685 1669 1764 1707 una,
1786 1671 1817 1700 et
1835 1666 1964 1700 concilii

1223 1720 1387 1763 generalis
1414 1720 1453 1753 de
1487 1720 1610 1753 duabus
1640 1720 1758 1762 dietis,
1786 1720 1964 1754 dummodo

1223 1774 1306 1806 ultra
1332 1779 1395 1806 tres
1425 1773 1529 1806 dietas
1563 1773 1634 1816 quis
1667 1773 1781 1816 vigore
1813 1783 1965 1816 praesen-

1224 1827 1301 1859 tium
1339 1828 1377 1860 ad
1413 1827 1569 1860 iudicium
1607 1837 1672 1860 non
1699 1827 1908 1868 extrahatur,
1934 1832 1966 1860 et

1222 1881 1310 1921 aliis,
1332 1892 1460 1914 necnon
1481 1882 1513 1913 in
1540 1881 1795 1924 provincialibus
1814 1886 1845 1914 et
1871 1892 1966 1926 syno-

1223 1935 1350 1968 dalibus
1377 1936 1524 1968 conciliis
1553 1935 1661 1976 editis,
1688 1934 1886 1978 specialibus
1913 1936 1964 1969 vel

1222 1989 1443 2032 generalibus,
1470 1989 1763 2022 constitutionibus
1785 1994 1817 2021 et
1834 1988 1965 2022 ordina-

1224 2043 1375 2081 tionibus,
1396 2053 1431 2075 ac
1453 2042 1632 2086 quibusvis,
1656 2043 1752 2075 etiam
1771 2042 1964 2083 iuramento,

1221 2096 1469 2130 confirmatione
1496 2096 1691 2139 apostolica,
1708 2097 1760 2129 vel
1782 2096 1894 2139 quavis
1912 2095 1966 2129 fir-

1221 2150 1331 2183 mitate
1359 2150 1421 2182 alia
1453 2149 1638 2190 roboratis,
1677 2150 1805 2182 statutis
1832 2154 1863 2183 et
1889 2160 1965 2184 con-

1221 2203 1463 2244 suetudinibus,
1479 2203 1658 2247 privilegiis
1675 2214 1815 2247 quoque,
1831 2204 1965 2237 indultis

1221 2264 1252 2291 et
1275 2257 1392 2291 litteris
1418 2257 1632 2300 apostolicis,
1658 2258 1717 2290 sub
1754 2257 1964 2301 quibuscum-

1221 2322 1284 2356 que
1319 2311 1487 2344 tenoribus
1512 2316 1544 2344 et
1571 2310 1700 2351 formis,
1726 2322 1763 2344 ac
1788 2322 1861 2344 cum
1894 2311 1964 2355 qui-

1220 2365 1330 2398 busvis
1362 2365 1456 2398 etiam
1484 2365 1764 2408 derogatoriarum
1790 2365 1963 2408 derogato-

1221 2419 1297 2459 riis‚
1323 2419 1462 2462 aliisque
1495 2418 1732 2452 efficacioribus
1758 2425 1789 2452 et
1819 2418 1962 2452 insolitis

1220 2473 1384 2513 clausulis,
1400 2472 1603 2505 irritantibus
1619 2482 1751 2516 quoque
1767 2477 1797 2505 et
1816 2472 1887 2506 aliis
1907 2473 1961 2506 de-

1220 2526 1328 2567 cretis,
1356 2526 1386 2558 in
1414 2537 1535 2569 genere
1560 2527 1609 2559 vel
1636 2526 1667 2558 in
1693 2526 1811 2569 speeie,
1830 2532 1861 2558 et
1881 2537 1961 2570 quo-

1219 2580 1402 2612 modolibet
1438 2589 1496 2622 pcr
1535 2589 1755 2622 quoscumque
1797 2579 1961 2612 Romanos

1219 2632 1393 2667 Pontifices
1419 2632 1693 2676 praedecessores
1716 2636 1847 2665 nostros
1867 2642 1960 2678 prae-

1975 233 2023 258 Λη.
2045 233 2072 259 C.
2093 234 2156 262 1725

1997 1572 2158 1599 Derogatoriao.
