2170 3147
253 243 304 270 An.
325 241 354 269 c.
376 241 447 269 1726
490 233 555 267 406

252 1099 354 1120 Inseritur
374 1100 437 1120 etiam

252 1133 333 1146 sumnia
366 1133 437 1146 cuin<—

253 1153 300 1173 dam
318 1158 328 1171 r
340 1159 378 1173 vae
403 1160 417 1172 i«
430 1163 438 1168 -

448 292 618 335 perpetuis
646 292 763 324 suturis
788 291 996 335 temporibus
1013 296 1193 330 uteremur,

449 351 481 377 et
505 346 564 388 ipsi
592 351 779 383 uterentur,
806 345 994 388 potirentur
1018 349 1050 377 et
1074 344 1196 387 gaude-

448 404 530 437 rent,
557 409 685 432 necnon
705 399 836 431 illoxum
854 398 999 431 omnium
1019 397 1195 440 participes

449 461 522 484 esse
549 462 729 494 possemus,
746 462 782 484 ac
809 456 942 494 possent
967 456 1000 484 et
1024 451 1194 490 deberent,

448 504 653 545 indulserat3
682 516 717 538 ac
750 505 934 548 privilegia,
962 504 1195 547 indulgentias,

449 558 714 600 praerogativas,
740 559 983 601 exemptiones,
1011 557 1197 590 immunita-

449 616 510 651 tes,
530 611 651 654 gratias
677 617 708 644 et
733 611 859 644 indulta
883 611 1054 645 monachis
1079 616 1110 643 et
1135 612 1197 643 sra-

449 664 553 697 tribus
579 665 776 708 praedictis,
803 670 866 698 tam
901 665 933 698 in
970 664 1195 708 spiritualibus

448 728 546 761 quam
579 718 611 750 in
646 718 894 762 temporalibus,
921 723 987 751 tam
1021 718 1054 750 in
1088 717 1195 761 specie

449 782 547 814 quam
578 771 610 804 in
638 782 774 814 genere,
802 772 897 805 etiam
924 771 1194 805 communicative

449 834 622 863 concessa,
648 830 682 856 ut
706 824 907 868 praefertur,
932 825 970 858 ad
998 835 1057 858 nos
1084 829 1116 857 et
1141 834 1195 856 eos

448 877 640 910 extenderat
664 882 696 910 et
725 877 947 920 ampliaverat,
973 888 1009 910 ac
1035 877 1067 910 in
1099 877 1194 909 nobis

450 936 482 964 ct
500 930 545 963 eis
563 931 670 963 locum
700 930 823 963 habere
843 936 875 964 et
891 941 983 964 suum
1009 930 1193 974 plenarium

449 983 597 1017 ellectum
630 983 738 1017 sortiri
765 984 884 1017 debere
911 984 1102 1017 decreverat
1137 994 1196 1026 per

448 1037 595 1080 reliquas
622 1048 696 1070 suas
722 1037 755 1070 in
781 1038 884 1070 torma
906 1037 1015 1070 Brevis
1039 1037 1178 1076 litteras;

493 1090 530 1123 Et
555 1088 755 1133 postremo⁴,
782 1090 855 1134 piae
879 1090 1058 1123 memoriae
1076 1090 1194 1123 Paulus

449 1144 534 1187 Papa
566 1144 631 1184 Ill,
660 1144 756 1176 etiam
783 1145 1021 1187 praedecessor
1056 1149 1192 1183 noster,

253 1185 281 1198 ri<
293 1182 372 1199 nnn-uti
384 1181 437 1199 l'au·
471 1197 477 1203 ,

254 1207 266 1225 l·
281 1206 304 1226 ΙΙΙ
318 1207 342 1226 »le
360 1208 435 1226 wir-nti<

249 1232 438 1258 luiffiprieposaw,

252 1267 269 1279 r·
281 1266 367 1285 rumque
396 1261 436 1279 vle-

252 1289 333 1307 ctionc.
349 1289 367 1306 et
392 1292 438 1312 qu:-

251 1313 341 1333 busdam
353 1313 409 1334 alus.

449 1208 539 1231 vivae
565 1198 654 1230 vocis
679 1198 810 1230 oraculo
843 1198 938 1230 nobis
956 1224 963 1236 ,
999 1197 1053 1240 qui
1097 1197 1192 1230 etiam

451 1256 526 1284 tunc
540 1251 572 1283 in
587 1251 772 1284 minoribus
788 1251 952 1284 constituti
973 1250 1054 1284 tituli
1070 1250 1101 1284 S.
1114 1250 1192 1283 Sixu

447 1304 620 1348 presbyter
645 1304 821 1338 cardinalis
853 1314 1001 1345 eramus,
1020 1314 1079 1348 per
1105 1315 1194 1337 eum-

448 1357 522 1391 dem
570 1358 707 1391 Paulum
744 1358 1036 1401 praedecessorem
1084 1358 1167 1391 sacto
1184 1385 1191 1398 ‚

447 1411 720 1455 Congregationis
734 1410 745 1428 ‘²
766 1411 953 1445 huiusmodi
970 1439 977 1452 ‚
1003 1411 1088 1445 inter
1108 1411 1193 1451 alia,

447 1465 534 1508 quod
561 1465 664 1498 maior
692 1476 768 1509 pars
797 1465 990 1498 habentium
1018 1475 1131 1498 vocem
1160 1465 1192 1497 in

447 1518 613 1561 capitulo,
638 1518 671 1551 in
705 1529 913 1562 quocumque
946 1520 1019 1552 loco
1056 1529 1194 1551 commo-

447 1577 582 1611 raretur,
601 1578 868 1614 repraesentaret
892 1576 992 1604 totum
1015 1571 1193 1615 capitulum

448 1624 552 1658 dictae
594 1625 886 1668 Congregafionis,
927 1631 959 1658 et
997 1625 1193 1668 ubicumque

447 1678 610 1711 vocalium
636 1678 740 1711 maior
764 1689 840 1722 pars
866 1679 960 1719 soret,
988 1688 1118 1721 semper
1144 1688 1195 1711 re-

447 1736 676 1773 praesentaret
693 1731 874 1775 capitulum
892 1733 1059 1775 generale,
1078 1737 1110 1765 et
1136 1731 1193 1764 ha-

448 1783 542 1817 beret
580 1784 613 1817 in
654 1785 740 1818 dicta
784 1785 1049 1829 Congregatione
1094 1795 1194 1828 super

447 1838 656 1881 praepositos
682 1848 796 1872 omnes
823 1844 853 1871 et
878 1839 1068 1882 superiores
1096 1849 1195 1871 sacer-

449 1891 542 1924 dotes
558 1896 589 1924 et
603 1891 684 1924 alios
698 1892 863 1935 professos
877 1892 907 1925 in
922 1893 1149 1936 spiritualibus
1163 1897 1195 1924 et
1214 1904 1215 1907 ¹

449 1945 698 1987 temporalibus,
716 1951 791 1989 post
815 1951 957 1979 sanctam
972 1946 1089 1979 Sedem
1108 1946 1194 1988 Apo-

448 1998 596 2031 stolicam
623 1998 674 2031 cui
708 1999 897 2032 immediate
934 1998 1191 2038 subiiciebatur,

448 2061 635 2094 supremam
656 2051 916 2085 iurisdictionem
942 2058 974 2085 et
994 2057 1192 2095 potestatem

448 2103 553 2137 donec
590 2104 768 2148 capitulum
805 2106 961 2147 generale
999 2104 1194 2138 solemniter

448 2157 691 2197 celebraretur,
726 2163 757 2191 et
781 2158 806 2191 si
824 2158 834 2174 ³
863 2159 992 2191 vocales
1022 2158 1054 2190 in
1090 2158 1194 2191 eccle-

448 2209 502 2242 siis
522 2215 553 2242 et
577 2210 657 2243 locis
682 2210 785 2254 ipsius
803 2211 1074 2254 Congregationis
1096 2221 1191 2254 pares

447 2272 586 2297 numero
609 2264 727 2306 forent,
753 2264 797 2297 ibi
824 2275 861 2297 ex
886 2264 988 2307 gratia
1009 2269 1041 2297 et
1061 2264 1190 2307 privile-

448 2316 501 2359 gio
527 2316 769 2360 intelligeretur
796 2317 911 2351 adesse
937 2317 1118 2361 capitulum
1142 2327 1192 2350 re-

484 2424 494 2450 1
513 2422 625 2450 Videtur
639 2424 784 2458 legendum
797 2425 994 2460 postmodum.
1007 2425 1131 2452 Ceterum
1144 2433 1191 2461 pro

447 2467 499 2494 hae
519 2468 671 2495 narrativae
692 2472 767 2504 parte
788 2469 848 2497 vide
869 2473 936 2497 tom.
953 2476 1003 2504 vn,
1026 2478 1084 2506 pag.
1101 2470 1153 2498 538
1173 2479 1192 2497 a

482 2511 497 2538 3
531 2519 558 2538 r..
573 2518 600 2539 τ.
616 2533 622 2539 .

447 2510 461 2546 5
482 2556 499 2582 2
517 2513 633 2582 (Videtdr
651 2556 797 2592 legendum
819 2558 1047 2593 Conqreqatz'oni
1065 2561 1106 2591 (n.
1123 2558 1173 2591 τ,).

484 2599 500 2627 3
521 2599 682 2627 Particulain
710 2602 735 2627 si
761 2601 885 2630 addimus
914 2612 945 2629 ex
972 2603 1031 2631 loco
1060 2602 1191 2639 parallelo

449 2650 514 2674 tom.
537 2651 582 2680 vn,
604 2653 664 2682 pag.
687 2646 739 2674 538
759 2646 774 2673 b
794 2647 807 2682 g
828 2648 842 2673 4
864 2649 899 2683 tn.
916 2652 963 2681 T.).

1035 241 1221 266 BULLARIUM
1247 241 1406 267 ROMANUM

1240 297 1431 333 presentans
1463 292 1629 335 generale,
1654 292 1709 325 ubi
1747 291 1829 326 soret
1863 291 1984 325 vocalis

1240 344 1294 386 qui
1320 345 1486 388 antiquior
1511 350 1599 378 esset
1623 345 1777 378 omnibus
1811 345 1874 378 illis
1894 356 1985 379 voea-

1240 397 1325 429 libus
1350 397 1404 440 qui
1430 398 1463 430 in
1489 398 1569 431 locis
1604 397 1857 441 particularibus
1890 408 1985 441 pares

1240 462 1378 485 numero
1394 452 1501 485 forent
1515 463 1522 491 ;
1537 452 1781 495 capitulumque
1797 451 1985 484 huiusmodi

1240 505 1378 539 haberet
1402 507 1434 539 in
1460 506 1625 549 praedicta
1648 505 1909 549 Congregatione
1936 505 1985 538 ius

1241 568 1439 601 supremum,
1459 563 1491 591 et
1517 558 1802 602 quandocumque,
1824 558 1856 590 in
1879 559 1986 591 eccle-

1241 611 1298 644 siis
1320 616 1352 644 et
1372 611 1452 644 locis
1470 611 1659 654 praedictis,
1678 611 1830 644 omnibus
1855 611 1985 644 casibus

1241 669 1273 697 et
1305 664 1553 698 necessitatibus
1587 665 1760 707 providere
1794 670 1928 708 posset,
1953 670 1985 698 et

1240 717 1378 750 maxime
1400 717 1653 760 superveniente
1679 720 1776 750 causa
1801 716 1864 751 de⁴
1889 728 1985 761 supc-

1239 770 1326 803 riore
1344 770 1512 808 cassando,
1534 770 1772 810 transferendo,
1792 770 1880 803 etde
1902 780 1985 804 novo

1239 824 1392 863 creando,
1412 834 1617 867 quocumque
1642 824 1775 857 nomine
1801 824 1987 867 appellare-

1240 881 1299 916 tur,
1325 881 1360 908 ut
1384 876 1417 908 in
1449 875 1673 919 spiritualibus
1694 881 1725 909 et
1749 876 1984 920 temporalibus

1239 930 1342 963 libere
1367 929 1634 970 administraret,
1669 930 1822 974 quodque
1857 934 1985 973 tempus

1239 994 1317 1017 suae
1350 984 1644 1017 administrationis
1668 995 1734 1017 non
1759 989 1870 1027 posset
1899 984 1986 1017 ultra

1238 1047 1357 1070 annum
1399 1038 1592 1080 prorogari,
1629 1043 1660 1071 et
1693 1037 1844 1071 omnibus
1878 1037 1985 1070 dictae

1238 1089 1509 1133 Congregationis
1546 1091 1704 1133 gauderet
1735 1090 1929 1133 privilegiis,
1955 1095 1986 1123 et

1239 1143 1440 1185 generaliter
1464 1143 1622 1187 quicquid
1647 1149 1781 1187 possent
1804 1143 1984 1187 praepositi

1237 1206 1298 1239 per
1313 1196 1498 1240 privilegia,
1515 1202 1651 1240 possent
1669 1197 1766 1230 etiam
1782 1207 1895 1231 eorum
1913 1198 1985 1231 loca

1239 1254 1408 1289 tenentes3
1428 1249 1556 1290 etiam⁹,
1575 1250 1601 1283 si
1622 1250 1688 1291 ille,
1707 1250 1761 1294 qui
1782 1256 1819 1284 ut
1834 1250 1986 1294 superior

1238 1302 1533 1344 administraverat,
1560 1303 1593 1336 in
1618 1304 1845 1347 praepositum
1878 1303 1982 1347 elige-

1238 1360 1338 1396 retur,
1365 1361 1501 1399 tempus,
1519 1367 1585 1399 quo
1606 1357 1676 1390 sine
1695 1356 1789 1390 titulo
1814 1357 1985 1401 praeposi-

1238 1414 1328 1442 turae
1362 1409 1676 1450 administravisset,
1706 1421 1775 1444 non
1810 1410 1985 1454 impediret

1238 1463 1415 1505 quominus
1436 1469 1546 1506 posset
1566 1463 1585 1503 ³,
1611 1464 1694 1497 sicut
1719 1464 1817 1498 ceteri
1846 1475 1984 1509 praepo-

1238 1515 1302 1555 siti,
1327 1526 1430 1559 usque
1456 1517 1495 1549 ad
1522 1517 1697 1550 triennium
1715 1517 1925 1558 confir1nari;
1947 1528 1984 1551 ac

1238 1570 1334 1602 etiam
1372 1575 1543 1614 tempore,
1571 1582 1637 1614 quo
1674 1571 1887 1614 contingebat
1923 1581 1984 1615 per

1237 1624 1365 1666 lapsum
1393 1623 1468 1656 anni
1503 1623 1608 1657 officia
1640 1625 1904 1667 praepositorum
1929 1635 1983 1658 va-

1237 1686 1323 1716 care,
1359 1677 1584 1719 supradictum
1623 1677 1801 1720 capitulum
1837 1677 1981 1711 scribere

1237 1735 1348 1772 posset
1372 1730 1569 1774 praepositis
1608 1731 1668 1764 sub
1705 1731 1766 1764 hac
1801 1732 1852 1764 vel
1884 1731 1983 1765 simili

1237 1782 1358 1815 forma:
1377 1783 1450 1815 licet
1475 1783 1616 1826 officium
1639 1785 1889 1827 praepositurae
1904 1795 1983 1818 suae

1238 1836 1299 1868 tuli
1324 1836 1376 1868 (lie
1401 1841 1541 1877 vacaret,
1571 1841 1678 1870 tamen
1699 1842 1735 1870 ut
1751 1838 1901 1881 superior
1917 1847 1983 1871 uon

1237 1889 1370 1922 desistat
1395 1890 1431 1922 in
1456 1890 1688 1934 spiritualibus
1703 1894 1731 1924 et.
1749 1890 1983 1934 temporalibus

1238 1942 1335 1975 libere
1353 1947 1388 1975 ut
1413 1947 1511 1976 antea
1535 1944 1783 1984 aclrm'nistrare,
1799 1944 1898 1977 donec
1922 1944 1983 1978 ali-

1214 1997 1215 2015 *
1237 2000 1284 2029 ter
1307 1997 1407 2039 suerit
1430 1997 1611 2040 provisum,
1635 1998 1868 2042 provisioque⁴
1887 1992 2000 2031 suum*

1235 2051 1394 2083 sortiatur
1428 2051 1594 2093 effectum,⁸
1620 2062 1748 2085 necnon
1773 2052 1860 2095 quod
1897 2053 1981 2086 anti-

1237 2104 1332 2147 quior
1357 2105 1389 2136 in
1414 2115 1501 2144 voce,
1521 2105 1576 2148 qui
1603 2105 1634 2137 in
1660 2105 1731 2138 loco
1750 2111 1848 2147 esset,
1870 2115 1981 2139 sucee-

1237 2158 1328 2190 deret
1354 2157 1424 2201 ipso
1463 2158 1533 2191 iure
1569 2159 1819 2202 praepositurae
1854 2160 1980 2193 vacanti

1236 2221 1294 2253 per
1312 2211 1440 2254 lapsum
1466 2212 1555 2253 anni,
1584 2223 1712 2245 cessum
1736 2213 1787 2245 vel
1813 2212 1980 2246 decessum

1235 2265 1425 2308 praepositi,
1454 2271 1485 2298 et
1510 2265 1668 2308 gauderet
1702 2266 1851 2299 omnibus
1885 2265 1982 2310 privi-

1235 2318 1328 2360 legiis
1355 2319 1460 2352 dictae
1486 2318 1767 2362 Congregationis,
1790 2319 1895 2353 donec
1918 2330 1981 2364 per

1235 2371 1414 2415 capitulum
1451 2374 1606 2416 generale
1643 2374 1694 2406 vel
1723 2377 1978 2417 repraesentans

1271 2471 1282 2496 1
1306 2468 1373 2496 Male
1393 2469 1458 2496 edit.
1480 2469 1560 2496 Main.
1581 2469 1648 2505 legit
1661 2477 1696 2496 ‘ne
1712 2477 1761 2504 pro
1782 2470 1816 2496 de
1834 2471 1875 2504 (n.
1890 2471 1940 2504 τ.).

1269 2513 1285 2540 2
1307 2513 1400 2540 Potius
1420 2513 1479 2549 lege
1500 2516 1527 2541 el
1546 2522 1595 2550 pro
1615 2513 1705 2541 etiam
1724 2513 1762 2548 (R.
1778 2513 1825 2548 τ.).

1269 2557 1286 2584 3
1305 2557 1372 2585 Male
1399 2557 1464 2585 edit.
1485 2558 1570 2586 Main.
1602 2558 1668 2593 legit
1691 2560 1809 2593 possent
1833 2566 1883 2594 pro
1907 2567 1977 2594 pos-

1234 2604 1272 2629 set
1292 2604 1329 2635 (a.
1349 2606 1398 2633 τ.).

1270 2647 1286 2674 4
1307 2646 1424 2675 Pessime
1436 2647 1501 2675 edit.
1514 2647 1591 2675 Main.
1606 2646 1670 2683 legit
1680 2647 1858 2683 provisaque
1875 2648 1911 2684 (n.
1927 2649 1977 2684 T.)-

1991 242 2038 271 An.
2059 240 2089 272 C.
2107 238 2170 275 ¹726
