2170 3147
23 235 73 262 An.
88 234 116 261 C.
140 233 208 260 ¹726

47 823 165 845 clausulae.

43 1512 200 1535 Contrariorum

18 1539 139 1566 derogatio.

792 236 986 274 annumeras
1012 237 1069 260 xm
1093 237 1145 260 Pr.
1629 228 1694 262 339
1740 238 1790 264 An.
1807 237 1837 264 C.
1860 237 1928 266 1726

213 282 298 322 dum,
317 283 432 315 harum
450 284 534 316 serie
549 283 755 316 absolventes
774 290 805 317 et
822 285 954 317 absolu-

214 340 260 368 tas
286 336 354 368 sore
372 343 553 373 censentes,
579 337 872 378 supplicationibus
897 348 951 369 eo-
973 354 975 377 μ

212 388 299 420 rum¹
317 389 446 421 nomine
465 388 558 421 nobis
584 399 682 431 super
701 389 762 421 hoc
785 389 952 421 humiliter
973 391 975 424 ζ

212 442 370 485 porrectis
398 441 553 479 inclinati,
575 442 738 474 decretum
764 443 950 485 praeinser-
972 484 974 488 V

214 499 289 531 tum,
309 496 499 528 auctoritate
518 496 705 539 apostolica,
727 501 839 528 tenore
859 506 951 537 prae·
971 490 974 540 j

211 547 371 586 sentium,
397 548 625 581 confirmamus
652 555 683 580 et
708 549 924 591 approbamus
941 573 948 587 ,
971 543 973 556 ¹

212 599 324 644 illique
346 602 542 635 inviolabilis
568 602 765 640 apostolicae
791 601 950 633 firmitatis

210 654 311 687 robur
345 655 533 688 adiicimus:
561 656 645 688 salva
679 660 784 687 tamen
823 664 951 696 semper
971 670 973 681 ι

212 706 245 739 in
258 708 447 750 praemissis
465 709 659 741 auctoritate
680 706 950 750 Congregationis

188 770 192 773 ¹
212 761 402 793 eorumdem
429 761 653 794 cardinalium.

256 814 271 857 ἓ
295 813 327 847 3.
352 814 582 853 Decernentes‚
602 814 733 848 easdem
759 818 951 857 praesentes

211 867 340 901 litteras
372 878 503 911 semper
534 867 655 906 firmas,
672 867 794 900 validas
830 872 861 898 et
886 865 952 898 essi-

212 931 304 954 caces
328 920 466 954 existere
484 926 515 953 et
533 921 608 959 sore,
628 930 770 963 suosque
787 919 951 962 plenarios

212 980 244 1007 et
262 974 408 1017 integros
426 974 563 1006 effectus
581 973 690 1006 sortiri
717 978 750 1006 et
774 972 924 1005 obtinere
944 999 951 1010 ,

211 1037 248 1060 ac
271 1028 309 1060 ab
334 1028 484 1061 omnibus
502 1033 534 1060 et
551 1027 695 1068 singulis,
719 1027 758 1069 ad
776 1036 857 1068 quos
883 1036 952 1068 spe-

211 1085 320 1113 ctatet
337 1091 397 1123 pro
419 1086 563 1123 tempore
588 1078 757 1122 spectabit,
783 1077 952 1110 inviolabi-

210 1133 287 1166 liter
326 1133 509 1172 observari,
551 1133 663 1175 sieque
700 1133 731 1164 in
765 1131 951 1175 praemissis

210 1196 270 1229 per
306 1197 529 1230 quoscumque
560 1186 684 1218 iudices
709 1184 894 1217 ordinarios
921 1189 952 1216 et

211 1240 401 1282 delegatos,
435 1240 531 1272 etiam
550 1250 720 1272 causarum
740 1238 849 1281 palatii
876 1248 952 1280 apo-
972 1247 973 1251 ¹

211 1293 316 1326 stoliei
341 1293 515 1332 auditores,
535 1292 671 1325 iudicari
698 1298 730 1325 et
755 1291 882 1324 deliniri
902 1292 952 1324 de·
972 1303 973 1307 ¹

210 1346 301 1387 bere,
328 1357 364 1380 ac
389 1347 514 1379 irritum
533 1352 564 1379 et
582 1346 678 1378 inane
694 1345 720 1378 si
738 1356 833 1378 secus
852 1355 952 1388 super

211 1400 263 1434 his
278 1411 295 1433 a
311 1411 485 1444 quoquam,
501 1400 611 1443 quavis
625 1399 834 1438 auctoritate,
853 1399 952 1431 scien-

211 1458 262 1487 ter
278 1455 328 1487 vel
355 1454 561 1496 ignoranter,
587 1453 762 1496 contigerit
786 1453 948 1486 attentari.

254 1507 269 1550 ἓ
293 1506 326 1540 4,
352 1506 423 1539 Νοη
441 1506 646 1539 obstantibus
661 1505 951 1539 constitutionibus

211 1565 243 1594 ct
273 1560 534 1593 ordinationibus
561 1559 769 1603 apostolicis,
802 1570 950 1599 necnon,

211 1619 371 1657 quatenus
386 1624 467 1657 opus
495 1613 544 1654 sit,
563 1613 666 1646 dictae
685 1612 881 1656 provinciae,
902 1617 950 1645 ct-

211 1667 274 1701 iam
290 1667 483 1706 iurarnento,
500 1666 745 1700 confirmatione
762 1667 948 1710 apostolica,

211 1722 262 1755 vel
284 1721 396 1765 quavis
414 1720 567 1754 firmitate
592 1720 654 1753 alia
679 1721 852 1759 roboratis,
889 1725 951 1753 sta-

210 1775 288 1808 tutis
312 1781 343 1808 et
359 1775 665 1815 consuetudinibus,
678 1774 859 1818 privilegiis
874 1785 950 1818 quo·

209 1829 430 1872 que,indultis
448 1833 480 1861 et
494 1828 609 1860 litteris
624 1827 814 1871 apostolicis
829 1827 860 1860 in
879 1838 950 1861 eon-

209 1881 342 1914 trarium
350 1882 607 1925 praemissorum
619 1880 870 1925 quomodolibet
879 1891 950 1913 con-

209 1934 322 1974 cessis,
340 1934 538 1968 coniirmatis
568 1940 598 1968 et
623 1935 806 1974 innovatis;
831 1934 949 1978 quibus

208 1988 360 2022 omnibus
374 1988 562 2031 etsingulis‚
572 1988 703 2022 illorum
716 1995 845 2021 tenores
860 1998 949 2031 prac-

208 2041 354 2075 sentibus
369 2053 428 2085 pro
442 2042 540 2085 plene
558 2048 590 2075 et
606 2041 803 2074 sufficienter
823 2051 948 2084 expres-

208 2095 251 2129 sis
269 2105 305 2128 ac
322 2096 360 2128 de
385 2095 486 2128 verbo
512 2096 552 2129 ad
577 2096 712 2128 verbum
737 2094 870 2128 insertis
896 2095 947 2127 ha-

208 2149 324 2182 bentes
340 2175 347 2189 ,
372 2149 438 2182 illis
472 2149 552 2182 alias
576 2149 610 2181 in
642 2159 700 2181 suo
726 2149 846 2181 robore
873 2159 948 2191 per-

207 2201 385 2241 mansuris,
419 2201 456 2234 ad
480 2201 734 2244 praemissorum
774 2200 946 2241 ellectum,

208 2255 271 2289 hac
301 2255 371 2288 vice
407 2255 588 2295 dumtaxat,
621 2255 810 2297 specialiter
834 2260 865 2288 ct
896 2265 948 2287 ex-

208 2319 322 2353 presse
341 2308 533 2350 derogamus
549 2320 556 2348 ;
577 2308 758 2352 ceterisque
777 2307 946 2341 contrariis

209 2361 482 2405 quibuscumque.

252 2414 366 2447 Datum
390 2414 510 2447 Romae
524 2440 531 2454 ‚
559 2414 643 2457 apud
663 2412 696 2446 S.
716 2413 858 2454 Petrum,
887 2413 948 2445 sub

209 2468 330 2501 annulo
371 2467 543 2500 Piscatoris
558 2494 565 2508 ‚
612 2467 664 2499 die
709 2477 749 2500 xx
795 2465 947 2499 februarii

208 2529 381 2560 unccxxvi,
405 2520 613 2564 pontificatus
637 2520 741 2553 nostri
767 2530 852 2553 anno
878 2529 913 2553 11.

245 2573 303 2600 Dat.
325 2573 369 2601 die
388 2573 423 2601 20
441 2572 572 2600 februarii
592 2572 677 2606 1725,
698 2573 793 2608 pontis.
814 2580 883 2600 anno
903 2578 932 2599 tt.

247 2637 258 2663 1
280 2635 351 2664 Edit.
373 2636 456 2664 Main.
478 2635 543 2672 legit
562 2635 623 2664 eius
643 2643 692 2671 pro
711 2644 813 2664 eorum
828 2637 865 2670 (a.
881 2634 931 2670 T.).
967 2649 974 2667 ‚

1302 285 1431 319 CXVIII.

998 364 1242 405 Confirmanlur
1287 366 1468 398 nonnullae
1509 366 1736 409 indulqentine

1037 427 1097 459 pro
1122 417 1304 449 Minoribus
1337 418 1479 461 aliisque
1512 419 1556 450 eis
1586 419 1737 451 subiectis

1037 469 1132 511 pium
1165 471 1357 502 escerciliimt
1393 471 1469 503 Viae
1496 472 1609 504 (burcis
1641 482 1736 514 pera-

1037 522 1197 563 qeutibus,
1224 523 1377 566 ipsaeque
1410 524 1636 567 indutyentme
1666 525 1738 568 qni-

1040 574 1237 618 buscumque.
1261 576 1340 608 aliis
1364 576 1614 611 concedunlm·¹.

1183 655 1363 683 Benedictus
1384 657 1556 692 episcopus,

1180 707 1288 727 servus
1309 708 1466 728 servorum
1487 702 1550 735 Dei,

1110 743 1147 770 ad
1169 748 1348 778 perpetuam
1367 746 1412 773 rei
1432 747 1617 774 memoriam.

1038 812 1126 846 Inter
1149 814 1289 857 plurima
1322 821 1352 848 et
1385 816 1523 849 maxima
1556 817 1648 859 signa
1676 817 1735 850 im-
1771 827 1895 849 Exordium.

995 876 1126 900 mensae
1152 877 1229 910 erga
1254 879 1312 901 nos
1338 869 1393 902 Dei
1430 870 1585 903 bonitatis
1612 871 1734 914 ubique

995 921 1221 961 occurrentia,
1250 932 1407 955 summam
1444 928 1475 955 et
1508 923 1734 956 admirabilem

995 972 1064 1005 eius
1089 973 1121 1005 in
1149 974 1323 1006 humanum
1349 985 1451 1018 genus
1472 976 1662 1008 charitatem
1685 977 1737 1009 de-

995 1026 1094 1058 clarat
1119 1027 1241 1060 aeterni
1269 1028 1413 1060 eiusdem
1438 1029 1495 1061 tilii
1521 1029 1591 1061 Iesu
1618 1029 1737 1062 Christi

996 1078 1157 1112 Passionis
1198 1081 1426 1123 inexplicabile
1471 1088 1734 1123 sacramentum,

996 1143 1058 1175 quo
1085 1134 1190 1176 erepti
1215 1144 1324 1166 sumus
1356 1145 1391 1167 ex
1420 1134 1563 1167 saucibus
1589 1136 1738 1168 tenebra-

997 1196 1077 1219 rum.
1103 1187 1194 1228 [Hinc
1220 1187 1355 1220 Romani
1394 1189 1565 1221 Pontifices
1591 1196 1737 1222 anteces-

995 1250 1083 1272 sores
1098 1241 1197 1273 nostri
1217 1243 1363 1274 eamdem
1380 1242 1563 1275 Passionem
1580 1243 1737 1275 memoria

995 1294 1217 1327 recolentibus
1243 1295 1437 1338 apostolicas
1462 1296 1679 1339 indulgentias
1705 1302 1737 1329 et

995 1347 1114 1388 gratias
1141 1348 1263 1381 donare
1301 1355 1548 1388 consueverunt,
1582 1360 1660 1392 quas
1695 1350 1735 1383 ad

995 1401 1066 1443 pios
1092 1401 1338 1442 christifideles,
1359 1403 1390 1435 in
1409 1403 1593 1436 dominicae
1613 1403 1737 1436 Passio·

996 1453 1044 1486 nis
1070 1455 1348 1498 contemplatione
1383 1466 1455 1489 sese
1490 1461 1692 1495 exercentes,
1719 1466 1735 1487 a

995 1508 1090 1540 nobis
1107 1509 1237 1541 extendi
1255 1514 1286 1542 et
1299 1507 1491 1547 confirmari,
1510 1508 1736 1542 utchristiana

995 1561 1111 1603 religio
1136 1562 1168 1594 in
1195 1562 1364 1595 homissum
1388 1562 1538 1595 cordibus
1564 1568 1733 1605 augeatur,

994 1614 1168 1657 plurimum
1186 1616 1218 1647 in
1235 1615 1370 1649 Domino
1392 1616 1543 1659 expedire
1569 1622 1733 1659 putamus.

1038 1669 1052 1712 ἓ
1077 1668 1108 1701 1.
1135 1669 1315 1713 Eaproptcr
1351 1669 1489 1702 dilectus
1526 1668 1611 1701 filius
1637 1669 1736 1701 frater
1757 1702 1760 1705 Α
1783 1674 1813 1695 Ab
1829 1674 1932 1695 tumen·

1747 1704 1775 1722 tio
1785 1702 1820 1722 xu
1829 1708 1931 1723 concessa

994 1721 1149 1765 Iosephus
1186 1722 1283 1755 illaria
1320 1723 1358 1755 ad
1392 1722 1515 1762 Ebora,
1544 1726 1932 1781 procuratorffitetngrrngssffizrffl

994 1776 1155 1817 generalis
1172 1775 1301 1808 Ordinis
1322 1776 1456 1807 fratrum
1475 1775 1632 1807 Minorum
1650 1774 1734 1807 beati
1747 1783 1833 1828 fanin-<d
1851 1788 1931 1828 {muna-

993 1828 1156 1861 Francisci
1194 1828 1247 1872 qui
1286 1829 1324 1861 de
1364 1827 1571 1861 observantia
1610 1814 1800 1860 nuncu-dixi:-
1837 1812 1930 1830 ‘uum‘

993 1887 1128 1925 paritur,
1155 1882 1347 1926 petitionem
1376 1892 1481 1925 nuper
1517 1881 1734 1914 exhibendam

993 1936 1087 1968 nobis
1114 1935 1246 1975 curavit,
1274 1946 1337 1979 qua
1358 1934 1598 1974 continebatur,
1620 1934 1734 1967 fratres

993 1989 1139 2022 eiusdem
1165 1988 1293 2021 Ordinis
1319 1989 1407 2032 pium
1445 1988 1636 2021 exercitium
1658 1987 1734 2021 Viae

992 2041 1100 2076 Crucis
1126 2043 1322 2085 appellatum
1356 2042 1434 2084 (quo
1460 2046 1527 2074 tota
1551 2040 1733 2074 dominicae

993 2095 1156 2128 Passionis
1181 2095 1281 2128 series
1307 2095 1401 2138 pictis
1427 2094 1554 2133 tabulis,
1572 2094 1627 2127 ubi
1645 2104 1734 2127 eom-

993 2150 1088 2182 mode
1106 2148 1173 2182 sieri
1192 2153 1312 2192 posset,
1326 2158 1486 2192 expressa,
1502 2148 1601 2190 inque
1619 2148 1732 2190 plures

992 2201 1148 2235 stationes
1174 2202 1368 2241 distributa,
1394 2212 1431 2234 eo
1456 2201 1552 2233 modo
1578 2210 1643 2243 quo
1679 2209 1735 2243 pe-

992 2255 1112 2298 regrini
1131 2254 1267 2287 civitatis
1286 2260 1412 2287 sanctae
1438 2254 1642 2287 Hierusalem
1661 2254 1734 2286 loca

992 2305 1073 2349 ipsa,
1090 2305 1143 2337 ubi
1162 2305 1308 2339 Christus
1330 2315 1447 2348 passus
1469 2310 1526 2344 est,
1544 2305 1729 2337 recolentes

993 2365 1024 2391 et
1047 2360 1294 2402 frequentantes
1318 2358 1484 2399 invisunt,
1511 2358 1733 2400 contemplan-

993 2410 1075 2445 dae²
1092 2412 1348 2455 proponeretur)
1368 2411 1400 2444 in
1417 2411 1522 2444 varias
1539 2410 1734 2443 clu-istianoe

1030 2502 1039 2527 1
1064 2500 1246 2535 Indulgentias
1266 2500 1397 2528 eiusmodi
1417 2500 1477 2527 vide
1492 2500 1519 2526 in
1534 2499 1683 2527 innocentii
1699 2499 1733 2526 XI

993 2549 1079 2571 const.
1098 2544 1163 2571 edit.
1180 2551 1293 2579 uncxcu,
1306 2545 1348 2572 die
1360 2545 1394 2572 24
1408 2545 1571 2577 decembris,
1588 2545 1684 2580 pontis.
1701 2549 1731 2575 u;
1886 2566 1909 2582 x

993 2593 1019 2616 et
1037 2596 1152 2623 mocxcv,
1172 2589 1215 2617 die
1235 2589 1269 2616 26
1289 2589 1451 2621 decembris,
1473 2589 1569 2624 pontif.
1589 2596 1615 2616 v.

1027 2634 1043 2661 2
1064 2634 1158 2662 Potius
1177 2633 1236 2670 lege
1257 2634 1484 2670 contemplanda
1504 2635 1541 2669 (tt.
1558 2633 1604 2669 72).
