2170 3147
244 228 293 255 An.
314 229 343 255 C.
363 229 430 256 ¹726

266 662 427 682 Declaratiunes

243 689 376 713 praedictae.

477 220 541 253 4702
1022 227 1205 252 nontamen

440 278 678 322 praedictarum
706 276 907 317 dirimerent,
933 276 1044 309 selecti
1073 281 1104 309 et
1129 276 1184 308 de-
1206 276 1210 287 ¹

439 331 540 374 putati
559 332 715 363 fuissent:
736 330 794 372 ipsi
814 330 947 362 abbates
965 329 1126 361 nonnulla
1145 339 1183 362 ex

438 384 592 427 praefatis
620 383 725 415 dubiis
750 382 811 415 rite
845 388 876 415 ct
909 383 1023 415 ordine
1057 392 1185 414 emana-

438 436 532 469 rnnt¹
560 447 595 468 ac
619 437 840 475 resolverunt,
868 435 1184 479 constitutionesque

438 490 624 533 praedictas
654 489 887 532 intelligendas
909 499 945 521 ac
966 488 998 521 in
1018 494 1184 532 posterum

439 543 614 576 servandas
641 543 709 575 sore
736 543 947 575 declararunt
964 542 995 574 in
1015 542 1102 575 bunc
1121 552 1186 575 ino-

440 598 525 636 dum‚
552 597 726 629 videlicet:

480 664 497 684 1.
519 653 675 694 Antiquior
698 653 845 691 visitator,
862 654 912 693 qui
936 653 1080 683 successit
1103 663 1185 692 prae-

440 703 585 733 sidentiae
608 702 643 732 ob
666 706 789 732 mortem
813 702 974 741 praesidis,
998 702 1067 741 eligi
1091 702 1185 741 possit

439 753 469 782 in
498 752 686 782 definitorem
710 751 738 781 in
763 751 893 790 capitulo
923 751 1054 790 proxime
1084 749 1186 779 subse-

439 801 649 841 quenti.—11.
673 799 728 835 Qui
747 800 774 829 in
793 809 851 829 uno
867 799 994 839 capitulo
1013 799 1124 828 electus
1141 802 1185 827 est

439 850 587 887 visitator,
621 849 740 878 nonnisi
773 849 891 888 expleto
924 848 1067 878 sexennio
1100 856 1114 877 a
1139 847 1185 877 die

439 899 605 936 electionis,
623 899 691 936 eligi
714 907 818 928 rursus
834 898 925 937 possit
942 898 971 927 in
988 897 1183 927 visitatorem.

441 966 474 970 -
489 957 530 978 111.
548 948 578 978 Si
594 948 779 978 visitatorum
793 947 939 986 quispiam
952 947 987 976 ad
1000 947 1125 976 diaetam
1140 956 1186 975 ve-

439 997 505 1026 nire
528 1006 586 1026 non
617 996 720 1036 possit,
749 996 778 1025 in
802 996 1040 1035 supplementum
1064 995 1187 1025 advoce-

441 1051 487 1075 tur
510 1045 662 1075 vicinioris
685 1044 855 1074 monasterii
872 1044 1034 1083 praelatuS,
1051 1043 1186 1082 quamvis

439 1099 515 1124 esset
549 1094 628 1124 illius
665 1098 777 1124 tantum
814 1092 904 1122 abbas
941 1092 1181 1122 administrator.

440 1152 528 1173 —1v.
553 1143 741 1178 Constitutio,
756 1151 829 1181 quae
849 1145 929 1171 extat
951 1140 1082 1170 secunda
1105 1145 1186 1179 parte

441 1191 555 1222 Constit.
582 1191 703 1229 Cassia„
728 1200 793 1230 cap.
811 1200 853 1228 111,
871 1199 952 1220 num.
970 1199 1000 1226 11,
1024 1189 1187 1219 decernens

439 1249 530 1270 unum
565 1243 677 1269 tantum
709 1249 742 1269 ex
767 1239 886 1269 Siciliae
919 1238 1119 1268 visitatoribus
1152 1238 1186 1268 ad

440 1289 567 1319 diaetam
585 1289 685 1318 venire
709 1297 806 1328 posse,
824 1287 1015 1326 intelligenda
1032 1292 1076 1317 est
1093 1287 1186 1317 solum

441 1339 470 1368 in
495 1348 528 1368 eo
551 1348 632 1376 casu,
657 1348 714 1377 quo
737 1337 822 1367 ambo
852 1337 1020 1366 visitatores
1043 1346 1095 1376 pro
1121 1346 1188 1376 pro-

440 1388 537 1417 vincia
560 1387 658 1417 Sicula
682 1397 715 1416 ex
740 1386 878 1426 praelatis
908 1386 1040 1416 eiusdem
1068 1386 1189 1425 provin-

444 1436 508 1467 ciae
531 1440 718 1466 assumentur
733 1459 740 1471 ,
764 1440 792 1464 et
815 1440 885 1465 tune
911 1435 1005 1465 solum
1035 1434 1124 1464 abbas
1147 1434 1189 1464 lo-

441 1486 514 1515 calis
532 1485 703 1514 monasterii
717 1485 745 1514 in
760 1494 818 1524 quo
834 1485 927 1514 diaeta
947 1483 1125 1521 celebratur,
1143 1484 1187 1514 vel

441 1535 518 1564 alius
535 1544 569 1564 ex
588 1535 725 1564 viciniori
742 1535 931 1571 monasterio,
949 1534 1087 1573 supplere
1103 1534 1188 1564 debet

442 1584 539 1613 locum
562 1583 685 1613 alterius
709 1583 868 1613 visitatoris
886 1583 1027 1619 absentis,
1044 1592 1101 1612 non
1119 1592 1187 1612 vero

441 1632 558 1671 quando
591 1642 669 1662 unus
704 1636 818 1662 tantum
842 1641 877 1661 ex
900 1632 1002 1661 eadem
1034 1631 1189 1670 provincia

440 1686 645 1711 assumeretur
667 1685 695 1710 et
724 1681 798 1710 alter
821 1690 856 1710 ex
882 1680 1043 1719 provinciis
1065 1680 1185 1717 ltaliae,

441 1740 528 1770 quam
543 1730 715 1760 enunciatae
725 1729 944 1760 constitutionis
956 1729 1186 1759 declarationem

440 1779 618 1819 approbavit
640 1784 668 1809 et
690 1779 875 1809 confirmavit
896 1787 979 1808 sacra
995 1778 1187 1817 Congregatio

440 1829 647 1868 episcoporum
682 1831 709 1857 et
743 1827 923 1865 regularium
956 1836 985 1857 111
1008 1827 1187 1867 septembriS

441 1886 602 1907 moecxxin.
627 1896 630 1898 Δ
667 1886 694 1906 v.
710 1877 781 1906 Dum
798 1876 942 1915 contingit
964 1876 1091 1916 aliquem
1105 1886 1188 1916 prae-

442 1926 533 1956 latum
548 1926 718 1966 deputatum
731 1925 760 1955 in
774 1925 1043 1955 administratorem
1060 1925 1187 1956 alicuius

443 1975 615 2004 monasterii
635 1974 744 2004 tamdiu
768 1974 810 2003 illi
835 1983 982 2013 praeesse,
1009 1978 1041 2004 ut
1071 1977 1187 2013 tempus

442 2023 471 2053 in
505 2023 762 2053 administratione
798 2023 965 2062 impensum
1001 2027 1187 2062 computetur

442 2082 495 2111 pro
517 2073 661 2111 regimine
694 2072 834 2111 praedicti
868 2072 1050 2108 monasterii,
1074 2072 1185 2103 dictum

443 2125 557 2160 tempus
579 2121 743 2160 computari
766 2129 882 2160 quoque
904 2120 1008 2150 debeat
1030 2130 1081 2160 pro
1104 2130 1187 2150 vaca-

442 2170 521 2199 tione
543 2179 557 2199 a
582 2170 674 2209 priori
698 2169 895 2206 monasterio,
920 2173 1006 2209 prout
1027 2169 1187 2200 declaravit

442 2228 524 2248 sacra
559 2218 752 2256 Congregatio
784 2218 907 2248 Concilii
944 2218 991 2248 die
1026 2227 1056 2248 111
1087 2219 1187 2249 martii

443 2275 591 2296 mocexxv.
606 2276 695 2296 -—v1.
719 2267 824 2297 Nullus
846 2268 876 2297 in
900 2267 1029 2307 capitulo
1055 2268 1187 2306 generali

443 2316 511 2353 eligi
526 2316 617 2354 possit
633 2316 663 2345 in
681 2316 879 2353 visitatorem,
893 2317 944 2356 qui
961 2321 1031 2346 tunc
1049 2317 1143 2356 primo
1156 2317 1185 2347 in

443 2364 543 2394 eodem
567 2364 694 2403 capitulo
717 2365 828 2395 electus
851 2370 895 2395 est
917 2365 946 2395 in
971 2365 1118 2403 abbatem,
1136 2366 1185 2395 sed

444 2412 486 2442 illi
511 2412 676 2450 eligantur,
694 2413 745 2451 qui
763 2413 866 2443 saltem
891 2413 920 2443 in
943 2413 1041 2444 diaeta
1068 2423 1185 2453 praeee-

444 2460 524 2490 ‹lenti
542 2461 626 2490 electi
644 2461 751 2491 suerint
768 2462 899 2492 abbates.
912 2480 951 2486 -
964 2471 1012 2492 vn.
1027 2463 1083 2493 Per
1098 2462 1185 2492 verba

446 2509 494 2539 illa
511 2509 694 2539 declaratorii
710 2511 787 2540 tertii
804 2512 838 2540 ad
856 2521 944 2541 xxxin
964 2512 1099 2550 regulae:
1119 2511 1187 2541 Cum

445 2559 544 2597 effectu
560 2562 584 2587 e!
601 2558 725 2595 realiter,
741 2559 846 2589 nedum
863 2560 1067 2598 intelligantur
1087 2569 1187 2590 omnes

482 2625 491 2651 1
517 2623 617 2651 Forsan
639 2624 849 2652 nominarunt
870 2628 908 2660 (n.
925 2627 975 2660 T.).

1231 226 1389 250 ROMANUM

1229 283 1276 304 res
1299 274 1422 305 mobiles
1445 274 1540 315 pretio
1562 274 1758 305 aestimabiles
1778 274 1853 315 apud
1869 274 1972 304 defun-

1229 328 1309 354 ctum
1341 328 1486 359 extantes,
1520 324 1569 354 sed
1599 324 1686 354 etiam
1719 334 1793 364 quae
1826 324 1972 355 habentur

1981 225 2030 253 An.
2051 226 2081 253 C.
2099 225 2166 255 1720

1229 374 1292 403 loco
1314 373 1458 413 pignoriS‚
1481 373 1639 403 dummodo
1656 383 1702 403 res
1718 374 1872 412 pignorata
1893 377 1984 408 extet,

1229 422 1304 462 apud
1327 422 1421 461 ipsum
1436 432 1443 459 ;
1460 431 1539 457 nam,
1557 422 1580 451 si
1597 426 1676 451 extat
1691 422 1767 460 apud
1783 422 1886 459 alium,
1903 430 1971 451 cen-

1229 472 1287 501 seri
1310 471 1396 502 debet
1419 480 1471 511 pro
1494 471 1622 511 pecunia
1644 471 1765 501 credita.
1783 471 1866 501 Sicut
1884 471 1972 501 etiam

1229 521 1352 560 pecunia
1376 520 1488 550 eredita
1511 520 1626 549 censeri
1648 519 1735 549 debet
1757 520 1817 558 illa,
1842 529 1893 559 pro
1914 529 1972 559 qua

1229 570 1385 600 defunctus
1406 579 1469 600 rem
1492 569 1626 599 stabilem
1649 569 1770 599 haberet
1791 569 1974 608 hypothecae

1229 618 1396 648 obnoxiam.
1434 618 1624 657 Syngraphae
1666 618 1774 657 pariter
1817 617 1974 648 bancariae

1229 676 1432 707 quaecumque
1455 667 1541 705 vulgo
1565 667 1682 704 Cedole,
1707 667 1775 696 Fedi
1803 667 1832 696 di
1856 667 1972 702 credito,

1229 716 1357 754 Biylc'etct
1378 717 1407 746 di
1428 715 1592 751 cartulario,
1617 720 1645 745 et
1667 715 1691 745 si
1720 724 1795 755 quae
1817 715 1892 746 aliae
1915 715 1974 746 sint

1230 764 1360 794 eiusdem
1390 768 1537 801 naturae,
1570 763 1734 794 habeantur
1763 773 1816 803 pro
1845 763 1973 804 pecunia

1230 814 1395 852 numerata,
1419 822 1453 843 ac
1476 812 1597 852 proinde
1624 812 1830 851 intelligantur
1853 821 1917 843 esse
1939 811 1974 842 il-

1230 862 1286 892 lius
1310 861 1481 892 monasterii
1504 861 1533 891 in
1557 870 1614 902 quo
1643 861 1805 891 monachus
1836 860 1973 891 moritur.

1230 929 1267 933 —
1280 919 1339 940 viu.
1353 909 1447 940 Verba
1470 910 1519 940 illa
1535 909 1667 939 eiusdem
1683 909 1872 939 declaratorii
1894 909 1974 940 tertii

1230 959 1293 989 Nisi
1315 961 1387 998 forte
1409 959 1444 988 ad
1466 959 1609 988 levandam
1630 958 1835 995 conscientiam,
1857 962 1921 996 etc„
1944 957 1974 988 id

1230 1017 1320 1037 unum
1345 1011 1459 1037 tantum
1486 1007 1665 1046 significant,
1679 1006 1757 1046 quod
1776 1006 1870 1036 solum
1883 1005 1976 1045 possit

1230 1061 1259 1087 et
1280 1056 1384 1086 debeat
1415 1057 1576 1086 monachus
1599 1056 1742 1086 decedens
1763 1056 1798 1085 ad
1820 1055 1975 1085 conscien-

1232 1106 1300 1135 tiam
1327 1115 1409 1135 suam
1433 1105 1587 1135 levandam
1618 1105 1770 1134 declarare
1792 1113 1839 1134 res
1861 1104 1975 1144 aliquas

1232 1154 1381 1193 pertinere
1394 1154 1428 1184 ad
1443 1154 1497 1183 hoc
1510 1154 1554 1183 vel
1566 1153 1638 1183 illud
1651 1153 1975 1192 m011asterium,quan-

1231 1203 1266 1232 do
1289 1203 1345 1233 scit
1367 1207 1395 1232 et
1417 1202 1509 1232 credit
1530 1211 1576 1232 res
1602 1202 1667 1232 illas
1689 1202 1724 1231 ad
1748 1202 1806 1232 tale
1828 1205 1974 1232 monaste-

1232 1252 1309 1282 rium
1327 1256 1460 1291 spectare
1476 1251 1561 1282 titulo
1577 1251 1706 1282 iustitiae
1722 1260 1756 1281 ex
1773 1251 1882 1281 motivo
1897 1252 1976 1289 rigo-

1232 1310 1316 1331 rosae
1340 1300 1650 1330 restitutionis—lx.
1673 1299 1723 1329 AEs
1741 1300 1883 1337 alienum,
1896 1299 1975 1339 quod

1233 1350 1393 1380 monachus
1416 1354 1497 1379 extra
1521 1349 1734 1379 monasterium
1765 1358 1835 1379 suae
1864 1349 1976 1388 profes·

1232 1399 1325 1428 sionis
1347 1398 1493 1428 decedens
1515 1398 1699 1428 contraxerit
1717 1397 1848 1436 legitime
1869 1398 1905 1428 ad
1920 1398 1976 1428 sor-

1232 1457 1308 1477 mam
1332 1447 1518 1478 deelaratorii
1538 1447 1644 1477 decimi
1665 1447 1700 1477 ad
1717 1457 1779 1487 cap.
1793 1455 1975 1486 xxxmreyu-

1232 1498 1285 1534 lae,
1310 1497 1494 1537 persolvatur
1517 1505 1532 1526 a
1556 1496 1761 1534 monasteriis,
1786 1496 1976 1536 proportione

1232 1546 1382 1582 habitajad
1398 1545 1473 1575 bona
1487 1549 1516 1575 et
1528 1545 1651 1583 credita,
1666 1554 1739 1584 quae
1755 1545 1798 1575 illi
1811 1545 1975 1585 respective

1232 1595 1386 1625 cesserint.
1401 1613 1435 1616 —
1446 1604 1473 1624 x.
1487 1594 1599 1624 Mortuo
1614 1593 1718 1624 abbate
1731 1594 1776 1624 vel
1789 1594 1976 1624 administra-

1233 1648 1295 1674 tore
1317 1643 1444 1673 alicuius
1467 1642 1650 1679 monasterii,
1675 1643 1766 1681 prior,
1786 1642 1832 1672 vel
1854 1642 1906 1682 qui
1927 1651 1975 1672 su-

1233 1693 1330 1732 perior
1343 1701 1377 1722 ex
1390 1692 1573 1731 praescripto
1586 1692 1834 1722 constitutionum
1847 1695 1974 1731 praeest,

1232 1741 1333 1771 accitis
1356 1740 1493 1770 omnibus
1515 1740 1647 1778 decanis,
1662 1744 1701 1777 et,
1719 1740 1742 1770 si
1759 1740 1807 1770 isti
1824 1740 1975 1779 pauciores

1232 1791 1291 1820 sint
1321 1799 1408 1828 quam
1439 1793 1510 1825 tres,
1534 1789 1681 1819 advocatis
1713 1788 1749 1818 ad
1779 1789 1976 1829 supplendum

1232 1839 1395 1868 ternarium
1408 1846 1563 1867 numerum
1578 1837 1730 1867 monachis
1745 1838 1974 1878 antiquioribus,

1231 1887 1368 1918 conficiat
1399 1886 1597 1916 inventarium
1620 1886 1752 1916 omnium
1783 1896 1858 1925 quae
1885 1887 1976 1918 desti-

1232 1941 1298 1967 nata
1321 1939 1404 1966 erant
1422 1935 1452 1965 in
1470 1944 1554 1964 usum
1573 1934 1706 1965 eiusdem
1722 1934 1837 1965 abbatis
1861 1935 1905 1965 vel
1927 1935 1978 1966 ad-

1232 1984 1441 2015 ministratoris
1463 1983 1605 2020 defuncti,
1629 1993 1644 2013 a
1668 1984 1825 2023 praedictis
1848 1984 1976 2015 subscri-

1232 2034 1359 2063 bendum
1383 2037 1412 2063 et
1429 2033 1527 2071 sigillo
1551 2033 1720 2062 monasterii
1744 2032 1931 2072 signandum,
1947 2037 1976 2064 et

1232 2082 1304 2112 nihil
1329 2086 1500 2112 amoveatur
1530 2081 1574 2111 vel
1598 2081 1780 2112 distrahatur
1807 2082 1883 2122 quod
1906 2091 1976 2113 con-

1231 2132 1343 2162 servari
1366 2134 1472 2171 potest,
1496 2140 1589 2170 usque
1612 2131 1681 2161 dum
1698 2131 1788 2161 abbas
1804 2131 1976 2162 monasterii

1232 2181 1339 2221 aliquis
1357 2191 1371 2211 a
1389 2185 1472 2220 patre
1496 2181 1629 2220 praeside
1651 2185 1680 2211 et
1703 2180 1903 2211 visitatoribus
1925 2181 1977 2211 ad-

1233 2230 1417 2260 ministrator
1432 2229 1595 2259 destinatus
1611 2228 1776 2266 accesserit,
1793 2229 1837 2258 vel
1853 2229 1977 2268 ipsemet

1232 2280 1312 2318 prior
1328 2282 1378 2308 aut
1395 2278 1469 2308 alius
1484 2279 1514 2307 in
1532 2278 1702 2308 monasterii
1725 2281 1841 2316 pastore
1863 2277 1976 2308 viduati

1231 2329 1488 2359 administratione
1520 2327 1679 2366 persistat,
1712 2326 1758 2356 vel
1781 2326 1817 2356 ad
1839 2336 1902 2356 eam
1925 2327 1976 2357 de-

1232 2384 1361 2419 putetur.
1374 2396 1412 2401 —
1424 2387 1462 2408 ιιι.
1476 2378 1518 2408 Ad
1532 2378 1650 2407 ordines
1663 2377 1854 2417 promovendi
1867 2378 1976 2408 exami-

1230 2432 1339 2458 nentur
1361 2438 1377 2458 a
1400 2427 1532 2467 patribus
1555 2427 1756 2457 visitatoribus
1771 2426 1800 2456 in
1819 2430 1885 2456 actu
1907 2426 1976 2456 visi-

1232 2477 1351 2506 tationis
1374 2486 1425 2516 pro
1448 2475 1584 2505 omnihus
1600 2474 1765 2511 ordinibus,
1782 2474 1817 2504 ad
1833 2483 1906 2514 quos
1923 2484 1976 2514 per

1231 2524 1414 2564 subsequens
1447 2523 1608 2554 triennium
1638 2522 1796 2552 ascendere
1832 2527 1974 2561 possunt,

1231 2572 1331 2603 habito
1355 2573 1435 2612 prius
1466 2576 1590 2602 tractatu
1612 2571 1689 2601 inter
1711 2571 1878 2610 superiores
1892 2593 1901 2609 ,
1924 2571 1975 2611 qui

1231 2622 1317 2652 etiam
1342 2630 1395 2661 pro
1420 2620 1621 2652 sacerdotibus
1649 2619 1685 2650 ad
1715 2620 1887 2651 decanatum
1911 2629 1976 2661 pro-
