2170 3147
0 314 31 334 in.
46 305 74 334 C.
97 305 162 333 1727

42 1685 176 1706 Confirmatio

10 1712 164 1733 reformationis
207 1729 213 1734 .

0 1739 84 1760 relatae.

752 303 946 327 BENEDICTUS
972 302 1028 326 xltt
1055 302 1101 326 Pr.

175 352 299 393 positum
318 356 372 382 est:
400 361 413 380 «
429 351 596 390 quempiam
620 360 655 380 ex
679 351 837 390 provinciis
859 360 909 380 no-

175 400 243 431 stris
264 400 437 439 compellere
454 410 481 428 ι).

214 449 245 479 In
268 458 331 488 cap.
350 457 410 485 xm,
430 457 511 478 num.
529 457 548 485 ι,
574 448 697 486 positum
721 452 778 477 est:
807 458 818 475 a
838 447 911 476 rica-

176 497 234 527 rios
249 496 414 534 generales,
434 500 597 525 nostrarum
614 495 828 534 provinciarum
847 504 912 533 pro-

178 544 316 573 vinciates
333 554 360 573 ι).
384 562 422 566 -
444 543 529 573 Num.
554 552 581 573 ιιι
605 543 729 582 positum
750 547 809 571 est:
838 553 849 570 «
869 552 913 571 se·
932 563 934 569 .

177 592 302 622 cundum
326 592 536 622 caeremoniale
559 597 689 621 nostruin
710 602 737 620 n.

218 642 248 671 ln
275 651 338 682 cap.
364 651 420 678 xm,
445 652 474 671 n.
499 651 527 679 n,
551 641 675 680 positum
698 645 761 670 est:
789 650 801 669 «
822 640 913 670 lector
933 659 935 679 ἰ

178 691 247 721 item
270 695 298 720 et
320 691 508 720 concionator
533 689 700 719 decennalis
731 688 809 718 iuxta
837 688 912 718 dicta

178 748 241 779 cap.
267 748 301 768 av
318 749 344 768 ».
370 757 408 761 —
429 738 558 768 Nuin.1v
576 742 604 767 et
626 747 707 767 num.
725 746 763 767 vn
787 739 912 776 pesitum

179 792 239 817 est:
276 798 289 816 ε(
305 796 429 827 quorum
453 786 539 826 primi
562 786 618 816 duo
640 786 698 815 sint
726 785 853 823 theologi
881 794 914 814 ex

179 837 352 866 examinatis
378 840 406 866 et
432 835 597 875 approbatis
618 846 644 864 ι).
669 852 707 857 —
728 834 798 864 Item
821 834 914 864 deleta

179 890 247 915 snut
266 885 361 915 omnia
387 884 470 915 verba
487 888 620 915 contenta
638 884 692 915 sub
708 894 787 914 num.
805 893 864 914 vni.
877 902 915 906 —

179 933 265 964 Num.
290 943 368 973 xxxi,
391 934 458 964 olim
474 943 564 971 xxxii,
582 934 708 973 positum
731 938 789 963 est:
817 944 827 961 (ι
846 933 916 963 deti-
936 931 938 958 ἕ

181 983 326 1013 nitoribus
349 993 464 1022 qnoque
489 983 651 1022 perpetuis,
669 983 776 1013 lectore
798 987 824 1012 et
848 992 917 1012 con-

181 1033 327 1062 cionatore
349 1042 382 1062 ex
405 1032 551 1062 communi
572 1032 738 1071 provinciae
761 1031 914 1061 aerarios:

182 1081 277 1111 deleta
316 1085 384 1110 sunt
426 1082 522 1110 onmia
565 1081 651 1110 verba
690 1084 825 1110 contenta
863 1081 917 1110 snb

182 1139 211 1159 n.
236 1139 336 1168 xxxin,
360 1130 409 1169 qui
432 1130 498 1160 olim
516 1134 577 1159 erat
596 1139 691 1159 xxxiv.

222 1179 253 1208 ln
276 1188 338 1218 cap.
364 1187 449 1216 ant,
474 1188 555 1208 num.
581 1187 662 1216 xxiv,
696 1179 821 1208 deletum
852 1183 916 1208 est:
939 1185 940 1193 ¹

185 1238 199 1257 (ς
221 1232 270 1258 aut
306 1228 334 1257 in
371 1228 630 1258 constitutionibus
666 1228 787 1258 obscura
824 1228 919 1258 decla·
939 1209 941 1253 i

182 1278 271 1307 tanda
295 1288 322 1306 ».
940 1269 941 1275 ¹

223 1326 254 1355 ln
270 1336 333 1365 cap.
356 1334 431 1363 xmv,
450 1335 530 1356 num.
549 1335 569 1362 1,
587 1326 710 1365 positum
728 1331 781 1356 est:
802 1337 815 1354 (ι
833 1336 920 1365 snper

184 1375 229 1406 liis
241 1376 412 1415 impetratae
425 1376 500 1415 apud
514 1385 566 1405 nos
578 1375 696 1405 omnino
712 1386 738 1404 »:
752 1380 780 1405 et
796 1385 876 1405 num.
891 1385 919 1405 111

185 1425 314 1465 positum
343 1428 402 1454 est:
435 1429 575 1454 «statuta
600 1424 730 1454 facienda
755 1425 919 1462 videantur,

185 1474 352 1514 provincias
388 1479 502 1504 nostras
534 1479 583 1503 aut
615 1474 782 1503 earumdem
816 1479 921 1504 statum

185 1523 404 1560 concernentia,
429 1522 456 1552 id
479 1532 536 1552 non
554 1523 613 1560 fiat,
632 1523 686 1552 nisi
711 1528 806 1562 patres
829 1524 921 1553 nostri

185 1573 215 1603 in
238 1572 373 1612 capitulis
396 1572 457 1602 suis
487 1572 714 1611 provincialibus
742 1582 792 1612 per
815 1573 921 1603 maiora
944 1586 945 1599 ι

186 1625 250 1651 vota
270 1632 298 1650 ι).

230 1675 245 1718 ξ
270 1675 301 1708 ⁶2.
329 1674 403 1708 Cum
430 1680 550 1714 antem,
578 1675 658 1708 sicut
685 1676 797 1709 cadem
825 1688 924 1720 expo-

187 1729 261 1762 sitio
280 1728 505 1771 subinngebat,
518 1729 591 1761 dieti
608 1735 818 1772 exponentes,
831 1741 924 1772 prae·
945 1746 946 1753 ι

188 1782 293 1822 missa,
313 1792 393 1825 quae
412 1792 468 1824 per
482 1782 699 1815 venerabilem
719 1782 852 1815 fratrem
871 1794 925 1816 no·

187 1840 287 1868 strum
312 1834 521 1868 Laurentium
556 1835 746 1878 episcopum
772 1835 925 1869 Tuscula-

188 1897 263 1919 num
289 1887 402 1920 S.R.E.
430 1887 629 1920 cardinalem
654 1887 818 1920 Corsinum
845 1899 926 1920 nun-

189 1944 351 1982 cupatum,
376 1939 520 1972 eiusdem
542 1939 671 1972 Ordinis
698 1941 782 1982 apud
810 1951 869 1973 nos
895 1946 926 1974 et

191 1992 305 2025 Sedem
341 1993 537 2035 praedictam
571 1998 804 2036 protectorem,
840 1993 925 2026 iussu

192 2050 305 2077 nostro
326 2044 431 2078 revisa
462 2050 494 2078 et
519 2046 696 2089 approbata
727 2047 867 2087 suerunt,
894 2054 928 2080 ut

193 2098 382 2141 praefentur,
419 2109 483 2141 qno
523 2098 643 2131 firmius
679 2100 859 2132 subsistant
898 2106 928 2134 et

195 2155 364 2183 serventur
382 2151 530 2191 exactius,
549 2152 744 2194 apostolicae
763 2153 929 2186 confirma-

197 2202 294 2236 tionis
320 2208 449 2236 nostrae
475 2204 656 2246 patrocinio
677 2205 835 2245 roborari,
860 2207 929 2249 plu-

197 2256 311 2288 rimum
337 2256 546 2289 desiderent:
572 2266 647 2296 nos,
673 2258 803 2290 eosdem
830 2269 929 2300 expo-

196 2315 309 2341 nentes
346 2308 542 2352 specialibus
578 2310 738 2342 savoribus
765 2316 796 2342 et
821 2311 931 2352 gratiis·

196 2361 348 2405 prosequi
368 2363 523 2402 volentes,
544 2368 574 2395 et
595 2363 724 2396 illorum
750 2363 930 2406 singulares

196 2424 353 2457 personas
371 2425 386 2447 a
403 2414 566 2457 quibusvis
582 2416 932 2456 excommunicationis,

196 2467 425 2510 suspensionis
452 2472 483 2500 et
508 2467 684 2508 interdicti,
713 2469 849 2511 aliisque
883 2479 932 2502 ec-

198 2519 385 2553 clesiasticis
403 2519 583 2559 sententiis,
600 2521 743 2553 censuris
763 2526 794 2553 et
811 2521 933 2564 poenis,

199 2583 216 2604 a
235 2572 306 2605 iure
331 2573 380 2605 vel
407 2573 445 2605 ab
468 2573 609 2612 homine,
629 2574 739 2617 quavis
764 2573 934 2607 occasione

201 2626 249 2658 vet
275 2627 371 2658 causa
397 2625 479 2665 latis,
505 2626 529 2658 si
556 2626 669 2669 quibus
687 2627 935 2670 quomodolibet

202 2677 373 2712 innodatae
411 2679 558 2720 existunt,
592 2679 631 2713 ad
662 2679 809 2714 effectum
847 2691 935 2724 prae-

1590 289 1654 323 595
1699 298 1883 326 An.c.17”21'

953 351 1093 382 sentinm
1126 349 1292 382 dummxat
1324 348 1605 392 consequendum,
1633 348 1689 380 ba-

953 413 1022 434 rum
1048 402 1131 435 serie
1156 401 1361 435 absolventes
1381 408 1412 435 et
1429 402 1596 435 absolutas
1622 402 1690 433 sore

954 461 1133 495 censentes,
1159 455 1455 498 supplicationibus
1490 466 1600 488 eorum
1635 465 1689 486 no·

955 509 1040 540 mine
1068 508 1161 541 uobis
1187 520 1285 552 snper
1310 509 1373 542 boc
1391 509 1559 541 humiliter
1584 518 1693 550 porre-

932 575 934 607 ι
956 560 1014 592 etis
1040 561 1194 600 tin-tinnit,
1221 568 1252 594 et
1277 563 1398 595 attenta
1416 562 1575 595 relatione
1595 571 1694 603 super

955 613 1144 655 praemissis
1171 625 1187 646 a
1213 619 1389 647 memorato
1416 613 1589 647 Laurentio
1627 613 1694 655 epi-

934 684 935 690 ι
957 676 1057 708 scopo
1083 666 1237 699 cardinali
1264 673 1295 700 et
1319 672 1504 711 protectore
1531 667 1625 699 nobis
1653 667 1695 698 l'a-

957 720 1014 757 cta,
1034 719 1291 761 supradictarum
1311 719 1580 752 constitutionum
1601 718 1696 750 reson

957 771 1146 811 mationem,
1173 772 1421 815 consectamqne
1447 771 1588 815 desuper
1620 771 1698 803 seri-

958 829 1085 866 ptnram
1113 823 1367 867 praeinsertam,
1394 835 1463 857 cuin
1491 823 1642 857 omnibns
1669 829 1699 855 et

959 876 1096 918 singulis
1121 876 1153 909 in
1179 878 1216 910 ea
1242 877 1415 917 contentis,
1439 877 1617 921 apostoliea
1643 888 1699 909 an-

960 930 1121 970 ctoritate,
1148 936 1259 963 tenore
1284 931 1514 974 praesentium,
1532 930 1701 963 coufirma-

960 993 1029 1016 mns
1055 988 1085 1016 et
1106 984 1338 1026 approbamus,
1358 983 1486 1026 illisque
1507 982 1701 1015 inviolabilis

961 1036 1156 1079 apostolieae
1182 1035 1342 1068 firmitatis
1381 1035 1480 1068 robur
1516 1035 1699 1075 adiieimus,

962 1100 997 1122 ac
1023 1100 1136 1123 omnes
1162 1095 1193 1122 et
1217 1089 1364 1132 singulos
1391 1088 1468 1122 iuris
1495 1094 1525 1121 et
1550 1089 1622 1121 sacti
1651 1089 1703 1121 de-

963 1143 1076 1181 sectus,
1103 1142 1128 1175 si
1156 1142 1208 1186 qui
1228 1143 1367 1186 desuper
1393 1142 1637 1186 quomodolibet
1658 1142 1703 1174 in-

963 1196 1171 1235 tervenerint,
1194 1197 1398 1239 supplemus.

1006 1252 1020 1293 ἓ
1045 1252 1076 1283 3.
1104 1250 1483 1288 Dece1·nentes,easdem
1510 1255 1702 1293 praesentes

964 1303 1103 1343 litteras,
1123 1314 1159 1335 ac
1184 1303 1215 1335 in
1235 1303 1280 1335 eis
1299 1309 1451 1336 contenta
1470 1314 1704 1346 quaecumque,

965 1367 1095 1400 semper
1112 1356 1211 1396 firma,
1230 1356 1334 1389 valida
1353 1362 1383 1389 et
1401 1356 1542 1389 efficacia
1569 1357 1705 1389 existere

966 1415 993 1441 et
1022 1410 1110 1448 sore,
1144 1419 1288 1452 suosque
1322 1410 1508 1452 plenarioS,
1536 1408 1608 1442 etc.¹
1635 1409 1704 1442 Non

965 1463 1168 1495 obstantibus
1202 1462 1490 1495 constitutionibus
1519 1468 1548 1496 et
1575 1463 1704 1496 ordina-

968 1515 1110 1548 tionibus
1146 1515 1355 1558 apostolicis‚
1388 1528 1424 1549 ac
1450 1517 1526 1549 dicti
1553 1516 1703 1555 Ordinis,

967 1568 1077 1601 aliisve
1096 1568 1277 1611 quibusvis,
1299 1570 1394 1602 ctiam
1415 1570 1612 1610 iuramento,
1633 1570 1706 1602 eti-2²

1012 1622 1123 1654 Datum
1152 1621 1286 1662 Romae,
1311 1623 1396 1665 apud
1427 1623 1458 1655 S.
1486 1623 1616 1656 Mariam
1648 1623 1707 1655 illa-

968 1675 1081 1715 iorem,
1101 1676 1159 1708 sub
1185 1677 1307 1710 annulo
1333 1676 1516 1716 Piscatoris,
1535 1677 1585 1709 die
1613 1688 1634 1710 11
1653 1688 1707 1709 au-

968 1728 1052 1771 gusti
1079 1738 1262 1769 nnccxxvn,
1289 1729 1495 1772 pontificatus
1521 1730 1623 1762 nostri
1652 1741 1707 1762 an-

969 1793 1010 1815 no
1036 1792 1075 1815 tv.

1741 1259 1861 1280 Clausulam

1005 1845 1063 1871 Dat.
1088 1845 1134 1871 dic
1154 1845 1170 1871 P.
1190 1845 1299 1880 augusti
1318 1845 1398 1878 1727,
1416 1845 1516 1880 pontii.
1534 1853 1606 1872 anuo
1623 1851 1656 1871 ιι.

1275 2005 1401 2039 CXCt'l.

972 2101 1213 2143 Confirmanlur
1237 2101 1396 2144 quaedam
1422 2101 1546 2134 decreta
1570 2101 1711 2144 definito-

1016 2154 1059 2185 rii
1082 2154 1246 2197 yeneruli‘s
1270 2154 1413 2196 fratrum
1434 2154 1708 2187 Di'scalcealorum

1017 2205 1151 2239 Ordinis
1188 2206 1243 2239 SS.
1275 2207 1450 2239 Trinitatis
1480 2207 1711 2249 redemptionis

1017 2259 1218 2301 captivorum
1245 2259 1512 2302 Conyreyulionis
1529 2259 1712 2302 Hispaniae

1016 2321 1074 2353 pro
1104 2311 1183 2344 bono
1217 2312 1376 2354 regyimine
1399 2312 1639 2354 proriucimnm
1664 2312 1711 2344 di-

1018 2368 1085 2396 clae
1112 2364 1410 2407 Conyreqalionz'ff.

1014 2470 1020 2495 1
1047 2468 1077 2495 Ut
1098 2477 1181 2504 supra
1201 2477 1261 2505 pag⁴
1284 2470 1329 2496 471
1353 2471 1494 2505 a(n.‘1·.l.

1010 2512 1027 2538 2
1049 2512 1079 2539 Ut
1098 2521 1179 2548 supra
1200 2522 1260 2548 pag.
1282 2514 1327 2540 471
1353 2523 1371 2540 a
1390 2521 1426 2542 (u.
1442 2516 1490 2546 r).

1011 2557 1026 2583 3
1047 2556 1084 2583 De
1104 2557 1308 2584 confirmatione
1335 2558 1514 2592 quorumdam
1541 2559 1712 2585 decretorum

977 2600 1087 2635 capituli
1112 2601 1247 2635 generalis
1275 2610 1322 2636 pro
1342 2602 1412 2628 bono
1442 2602 1572 2636 regimine
1593 2603 1713 2629 eiusdem

977 2644 1093 2678 Ordinis,
1114 2645 1174 2672 vide
1194 2645 1338 2672 Clementis
1358 2644 1387 2672 xl
1409 2652 1493 2674 const.
1517 2646 1580 2673 edit.
1603 2653 1712 2678 aiaconi,

978 2688 1020 2718 die
1040 2689 1055 2718 3
1076 2689 1192 2725 augusti,
1213 2690 1306 2724 pontif.
1329 2696 1368 2718 tn.
