2170 3147
0 179 44 206 An.
59 177 86 204 C.
112 176 177 203 1728

5 447 114 473 minitatio
131 446 172 466 [20-

0 481 96 495 imnensts
136 479 159 492 4³¹¹

0 501 118 526 [inepta-2111}
152 484 171 520 u}
182 488 336 531 episeopo
360 489 571 529 Bononiensi,
600 500 685 522 nune
706 496 738 523 et
760 501 819 533 pro
839 496 918 523 tem-

0 530 129 548 meent-neu».

10 1980 122 2001 erumnae.
131 1980 166 2002 de·

2 2011 114 2033 ›galnriatn

762 179 956 203 BENEDICTL'S

184 237 282 269 snper
299 225 347 258 liis
363 237 379 258 a
398 237 573 269 quospiam,
590 227 700 270 quavis
716 228 918 267 anctoritate,

185 278 325 310 scienter
348 279 393 310 vel
421 278 634 321 ignoranter,
668 280 843 322 contigerit
875 285 921 312 at-

184 329 321 369 tentari,
360 329 421 362 lioc
459 336 559 363 totum
597 332 723 364 irritum
757 338 788 365 et
823 332 919 365 inane

184 381 366 414 babendum
393 392 460 415 esse
489 383 707 417 decernimus.

224 435 239 477 ξ,
263 434 294 467 9.
321 434 476 473 Quocirca
501 437 678 469 venerabili
702 437 790 469 fratri
814 437 920 469 arclii-

181 551 260 584 pore
286 542 449 581 existenti,
470 548 558 575 motu
584 543 679 575 simili
706 553 766 586 per
790 548 920 586 aposto-

182 594 243 627 lica
268 595 386 638 scripta
408 597 620 636 mandamns,
647 602 804 639 quatenns
829 597 917 639 ipse,

181 658 239 689 per
256 658 300 687 se,
321 649 368 681 vel
388 649 503 688 alium,
522 659 578 682 seu
605 649 698 689 alios,
724 654 917 692 praesentes

181 700 302 733 litteras
328 707 358 734 et
383 701 413 734 in
440 702 487 734 eis
509 708 661 735 contenta
680 712 916 745 quaecumque,

180 754 233 786 nbi
260 760 291 787 et
316 755 444 797 qnando
470 765 550 798 opus
583 755 697 794 fuerit,
722 765 758 787 ae
792 754 917 798 quoties

179 817 238 849 pro
265 813 355 850 parte
386 808 462 841 ilic-ti
497 808 628 841 Antonii
662 807 792 851 Ioseplii
825 808 918 840 Ama—

180 860 255 894 bilis
288 862 462 904 requisitus
496 862 615 902 fuerit,
643 862 835 894 solemniter
861 872 918 904 pn-

179 913 325 953 blicans,
352 914 464 957 eisque
498 915 528 947 in
563 915 750 958 praemissis
777 914 916 946 efficacis

179 967 381 999 defensionis
415 968 580 1010 praesidio
614 968 786 1006 assistens,
822 967 918 1000 faciat

179 1019 367 1052 auctoritate
393 1022 503 1052 nostra
528 1020 656 1053 easdem
678 1025 868 1063 praesentes
887 1025 917 1052 et

179 1072 210 1104 in
237 1071 282 1104 eis
308 1077 459 1104 contenta
486 1072 671 1106 huiusmodi
704 1073 742 1105 ab
767 1072 916 1105 omnibns

180 1124 408 1157 inviolabiliter
448 1125 636 1164 observari,
677 1136 816 1169 eumque
851 1125 915 1158 illis

179 1177 333 1219 pacifice,
362 1178 420 1210 frui
447 1183 478 1210 et
503 1178 666 1220 gaudere,
692 1188 755 1211 non
782 1177 917 1221 permit-

179 1236 249 1262 tens
285 1231 435 1263 eumdem
473 1231 613 1274 desuper
648 1241 706 1274 per
742 1241 917 1274 quoscum-

177 1293 241 1326 que
266 1284 513 1327 quomodolibet
548 1284 693 1317 indebite
727 1285 914 1323 molestari,

177 1336 438 1369 contradicentes
457 1337 621 1379 quoslibet
638 1342 669 1370 et
693 1338 835 1370 rebelles
856 1348 915 1380 per

176 1389 374 1428 sententias,
402 1399 556 1421 censuras
591 1395 622 1422 et
655 1400 777 1432 poenas
812 1390 915 1422 eccle-

176 1441 344 1481 siasticas,
384 1441 511 1484 aliaque
547 1447 733 1485 opportuna
769 1442 846 1474 iuris
883 1447 915 1474 et

177 1494 251 1527 facti
277 1494 439 1534 remedia,
467 1495 687 1538 appellatione
714 1496 912 1539 postposita,

176 1549 432 1592 compescendo,
460 1559 512 1589 ac,
546 1549 698 1592 legitimis
731 1559 827 1592 snper
862 1549 912 1582 liis

176 1601 336 1634 habendis
363 1602 496 1634 servatis
521 1602 749 1644 processibus,
775 1603 914 1634 servata-

176 1665 239 1698 que
266 1654 368 1687 forma
392 1655 526 1688 Concilii
560 1655 757 1695 Tridentini,
783 1661 913 1688 senten-

176 1709 249 1747 tias,
276 1718 428 1740 censuras
454 1714 486 1741 et
511 1719 633 1751 poenas
661 1708 845 1741 huiusmodi
868 1709 913 1740 in-

175 1762 315 1795 currisse
348 1762 564 1803 declarando,
597 1773 634 1796 ae
665 1763 761 1795 etiam
789 1763 913 1795 iteratis

175 1814 295 1847 vicibus
320 1816 527 1858 aggravando
543 1843 550 1856 ‚
577 1816 726 1849 invocato
752 1816 846 1848 etiam
872 1816 911 1848 ad

178 1868 239 1900 boc
271 1867 296 1900 si
327 1878 410 1911 opus
445 1869 540 1902 fuerit
574 1869 700 1902 bracliii
737 1869 911 1902 saecularis

178 1921 309 1954 auxilio.

221 1974 235 2017 ἓ
261 1973 292 2007 9.
320 1974 389 2007 Non
411 1974 630 2014 obstantibus,
654 1982 811 2019 quatenus
831 1986 913 2019 opus

178 2027 237 2066 sit,
262 2029 372 2060 nostra
397 2033 428 2060 et
458 2027 675 2061 Cancellariae
705 2029 911 2072 Apostolicae

177 2080 288 2123 regula
319 2080 357 2112 de
395 2080 461 2113 iure
488 2081 633 2123 quaesito
658 2091 720 2114 non
747 2083 911 2122 tollendo,

177 2133 310 2176 aliisque
348 2133 379 2165 in
417 2134 616 2166 contrarium
657 2135 910 2178 praemissorum

176 2185 419 2229 quomodolibet
445 2186 539 2219 edilis
566 2187 613 2220 vel
640 2188 775 2221 edendis
797 2188 913 2221 consti-

177 2240 371 2279 tntionibus,
396 2240 554 2279 conciliis,
572 2241 716 2284 aliisque,
736 2241 913 2274 ordinatio-

176 2291 269 2325 nibus
302 2302 433 2336 quoque
474 2294 659 2336 apostolicis
698 2295 747 2326 vel
784 2293 912 2326 statutis

174 2345 287 2389 quavis
323 2345 475 2379 firmitate
512 2346 697 2387 roboratis,
736 2356 912 2390 eorumque

174 2398 459 2432 reformationibus
479 2426 486 2439 ,
528 2400 617 2433 novis
658 2399 910 2439 additamentis,

174 2453 257 2495 stylo
273 2479 280 2493 ,
310 2462 389 2491 usu,
416 2453 706 2486 consuetudiniluis
723 2480 730 2493 ,
767 2452 913 2496 quamvis

175 2505 507 2546 immemorabililms,
543 2505 725 2549 privilegiis
754 2515 910 2550 quoque,

174 2556 316 2602 indultis,
332 2557 448 2593 litteris
468 2558 671 2603 apostolicis,
690 2568 773 2604 quae
795 2558 911 2594 iisdem

982 180 1039 204 xm
1064 181 1115 204 rr.

966 229 982 259 fi
994 229 1115 261 utribus
1133 235 1312 262 contentus
1330 235 1426 273 atquc
1443 229 1629 263 lioininIbns
1648 241 1704 272 op-

964 280 1031 323 pidi
1050 281 1290 321 llledieinensis,
1313 293 1491 326 eorumque
1511 283 1700 322 maioribus,

964 343 1142 366 concessae
1169 334 1319 373 fuissent,
1345 345 1400 367 sen
1435 334 1586 377 personis
1604 345 1639 367 ac
1658 336 1703 368 lo-

964 385 1008 417 cis
1035 387 1312 430 quibuscumque,
1342 388 1417 420 licet
1442 388 1575 430 speciali
1603 394 1633 421 et
1652 399 1703 420 ex-

964 441 1073 480 pressa
1092 440 1257 472 mentione
1277 440 1394 482 dignis,
1413 441 1472 472 snb
1495 451 1701 484 quorumque

964 496 1089 527 tenore,
1109 492 1217 531 forma,
1240 499 1272 525 ct
1297 493 1462 536 quibusvis
1480 494 1702 537 derogatoria-

965 553 1033 574 rum
1060 543 1288 586 derogatoriis,
1315 545 1452 588 aliisque
1472 546 1703 578 efficacissimis

963 601 994 627 ct
1018 595 1156 628 insolitis
1175 598 1338 637 clausulis,
1359 597 1629 641 irritantilmsque
1648 600 1703 631 de-

963 649 1079 688 cretis,
1105 651 1285 692 generatim
1319 652 1366 683 vel
1397 652 1585 694 speciatim,
1612 659 1702 685 motu

963 712 1092 744 quoque
1118 703 1195 735 linio
1219 703 1338 744 simili,
1367 710 1398 737 et
1424 705 1454 737 in
1481 706 1700 745 consistorio,

962 759 1017 786 aut
1040 755 1120 787 alias
1146 757 1411 798 quomodolibet,
1439 764 1469 791 et
1487 769 1582 802 saepe
1604 760 1701 792 ctiam

962 806 992 838 in
1019 809 1217 841 contrarium
1245 810 1500 852 praemissorum
1522 813 1698 851 concessis,

962 860 1173 903 approbatis,
1213 863 1410 896 confirmatis
1447 870 1478 897 et
1514 866 1699 902 renovatis,

962 914 1104 955 quamvis
1129 914 1247 948 diserte
1274 915 1303 947 in
1331 916 1376 948 eis
1403 923 1570 949 caveretur
1589 928 1627 950 ne
1650 917 1701 948 iis-

961 964 1032 997 dem
1053 964 1121 998 liis¹
1148 968 1265 999 nostris
1290 967 1405 1000 litteris
1427 969 1616 1011 apostolicis
1643 979 1702 1012 per

961 1028 1182 1062 quascumque
1197 1020 1276 1052 alias
1288 1025 1376 1053 motu
1389 1031 1519 1064 quoque
1531 1022 1626 1054 simili
1641 1032 1700 1064 pro

963 1076 1109 1113 tempore
1138 1071 1261 1110 editas,
1293 1073 1389 1105 etiam
1421 1074 1699 1116 derogatoriaruni

961 1123 1183 1166 ‹lerogatorias
1203 1124 1233 1156 in
1253 1135 1288 1158 se
1307 1126 1530 1166 continentes,
1548 1126 1698 1169 derogari

960 1187 1100 1220 unquam
1119 1179 1242 1220 possit,
1263 1180 1310 1212 vel
1334 1179 1372 1212 iis
1391 1186 1560 1212 censeatur
1578 1180 1628 1213 liis
1647 1181 1701 1213 de-

960 1236 1128 1273 rogatnin;
1156 1231 1273 1274 quibus
1296 1233 1446 1266 omnibns
1473 1239 1505 1266 et
1535 1233 1672 1276 singulis
1690 1259 1697 1272 ,

960 1284 1104 1326 quamvis
1127 1285 1165 1317 de
1193 1285 1256 1317 illis
1282 1291 1313 1318 et
1339 1296 1451 1319 eorum
1490 1292 1602 1320 tenore
1628 1297 1700 1330 spe-

959 1336 1050 1369 cialis
1077 1342 1109 1369 et
1134 1348 1309 1380 expressa,
1335 1350 1371 1371 ac
1396 1340 1434 1372 de
1461 1339 1559 1372 verbo
1576 1340 1615 1372 ad
1634 1350 1700 1372 ver-

959 1389 1046 1428 bum,
1064 1400 1127 1422 non
1149 1396 1254 1423 antem
1274 1402 1333 1434 per
1350 1393 1507 1425 clausulas
1526 1394 1698 1434 generales

959 1441 1043 1474 idem
1080 1442 1312 1485 importantes‚
1339 1445 1461 1477 mentio
1487 1454 1543 1477 seu
1569 1446 1699 1488 quaevis

959 1495 1128 1537 expressio
1166 1496 1317 1529 habenda
1352 1503 1406 1529 aut
1437 1498 1604 1540 quaelibet
1638 1499 1699 1531 alia

959 1548 1120 1590 exquisita
1146 1548 1249 1581 forma
1275 1550 1313 1582 ad
1334 1549 1396 1583 boe
1417 1551 1574 1583 servanda
1595 1557 1696 1590 esset,

959 1601 1088 1634 illorum
1103 1603 1248 1635 omnium
1268 1608 1299 1635 et
1312 1603 1516 1646 singulorum
1536 1609 1698 1644 tenorem,

958 1654 1092 1686 formam
1118 1660 1149 1686 et
1173 1666 1284 1687 causas
1310 1666 1531 1699 quascumque
1566 1656 1634 1699 pias
1668 1663 1700 1689 et

957 1717 994 1739 ex
1021 1707 1190 1750 privilegio
1217 1709 1372 1741 deductas
1409 1709 1459 1741 liis
1492 1709 1612 1742 nostris
1648 1710 1699 1743 lit-

959 1760 1034 1793 teris
1060 1771 1119 1803 pro
1146 1762 1240 1804 plene
1267 1767 1299 1794 et
1324 1762 1524 1795 sufficienter
1553 1763 1696 1804 insertis,

957 1823 993 1845 ac
1019 1813 1058 1846 de
1086 1815 1184 1847 verbo
1212 1815 1249 1847 ad
1276 1815 1425 1855 verbum,
1450 1816 1540 1848 nullo
1565 1826 1698 1859 prorsus

956 1866 1087 1906 omisso,
1115 1867 1276 1909 expressis
1304 1867 1471 1908 babentes,
1498 1868 1562 1901 illis
1587 1868 1618 1901 in
1640 1879 1696 1902 suo

958 1919 1078 1952 robore
1103 1920 1181 1952 alias
1214 1920 1450 1963 permansuris,
1478 1921 1516 1953 ad
1542 1922 1698 1964 praemis-

957 1981 1066 2004 sorum
1094 1972 1238 2005 omnium
1266 1978 1296 2005 et
1314 1973 1517 2016 singulorum
1539 1975 1698 2008 validissi-

957 2035 1039 2057 mam
1064 2025 1125 2058 vim
1152 2030 1183 2058 et
1208 2025 1355 2058 effectum
1383 2032 1516 2067 tantum,
1544 2027 1604 2060 hac
1627 2028 1696 2061 vice

958 2078 1137 2117 dumtaxat,
1167 2078 1335 2118 latissime,
1362 2079 1551 2121 plenissime
1577 2090 1613 2113 ae
1632 2081 1697 2113 suf-

958 2130 1112 2170 ficienter,
1139 2141 1265 2164 necnon
1292 2132 1459 2174 speciatim
1480 2138 1511 2165 et
1529 2144 1694 2176 expresse,

958 2190 1056 2224 motu,
1083 2183 1218 2217 scientia
1244 2190 1275 2217 et
1300 2186 1470 2228 potestatis
1487 2186 1695 2229 plenitudiue

957 2235 1136 2276 similibus,
1163 2236 1277 2269 liarum
1304 2237 1386 2270 serie
1412 2237 1614 2280 derogamus,
1642 2250 1695 2273 ee-

957 2289 1103 2332 terisque
1129 2290 1300 2323 contrariis
1332 2291 1615 2335 quibuscumque;
1642 2300 1695 2327 aut

956 2342 980 2375 si
1007 2343 1170 2385 aliquibus
1196 2344 1414 2377 communiter
1438 2350 1491 2377 aut
1510 2345 1636 2379 divisim
1655 2349 1694 2380 al)

956 2396 1069 2429 eadem
1094 2397 1134 2428 sit
1157 2397 1239 2430 Sede
1265 2398 1448 2438 indultum,
1484 2399 1568 2442 quod
1595 2399 1695 2434 inter-

956 2449 1040 2490 dici,
1066 2451 1220 2494 suspendi
1250 2453 1299 2485 vel
1330 2453 1602 2487 excommunicari
1626 2464 1693 2487 non

993 2568 1002 2595 t
1026 2567 1127 2596 Yorem
1146 2569 1191 2598 his
1211 2568 1326 2600 delenda
1345 2571 1454 2600 videtur
1473 2574 1510 2608 (n.
1533 2572 1582 2610 12).

1598 171 1661 205 740
1709 182 1758 208 An.
1776 182 1805 209 c..
1830 184 1897 211 1728
