2139 3142
402 241 467 275 894
951 250 1130 274 normaton
1156 251 1310 274 nomnen

446 304 553 338 Crucis
578 303 814 347 peragentibus,
834 302 1041 343 confirmavit,
1060 313 1096 335 ac
1113 302 1368 346 quibuscumque
1388 303 1456 336 aliis
1474 305 1639 344 concessit,
1655 304 1720 338 339
1745 306 1778 345 b,
1806 316 1901 349 quas-

444 357 517 390 dam
543 357 573 388 in
598 356 739 389 ecclesiis
759 356 963 388 eremitarum
981 356 1010 388 S.
1028 355 1194 397 Augustini
1213 355 1473 388 Excalceatorum
1494 356 1525 389 in
1546 367 1644 399 regno
1667 358 1804 391 Tunkini
1829 368 1904 391 con-

444 410 555 449 cessit,
580 408 645 442 354
669 420 688 441 α
714 415 743 441 et
768 409 804 446 ἰν,
831 409 993 451 quasdam,
1019 408 1111 440 etiam
1138 418 1198 451 pro
1221 408 1391 449 defunctis,
1417 410 1726 444 confraternitatibus
1751 412 1784 445 B.
1803 412 1841 445 M.
1861 412 1897 446 V.

444 463 482 495 de
500 463 632 495 Rosario
653 466 682 495 et
701 462 754 496 SS.
775 462 918 495 Nominis
943 462 1029 502 lesu,
1054 460 1119 494 309
1135 472 1155 494 (ι
1172 466 1202 493 et
1221 472 1305 505 seq.;
1332 463 1404 495 vide
1427 463 1722 504 Consi-atei·niiates;
1747 465 1784 497 ad
1801 466 1900 498 instar

444 515 636 548 visitantium
661 521 782 558 septem
804 514 952 547 ecclesias
970 514 1073 554 Urbis,
1092 513 1254 546 monachis
1272 520 1303 547 et
1324 515 1513 548 monialibus
1529 515 1654 549 Ordinis
1674 516 1904 550 Cartliusiano-

444 579 515 600 rum
542 568 707 608 concessit,
733 566 797 600 832
821 578 853 599 α.

356 624 488 655 loannes
513 622 573 665 (B.)
598 622 852 664 Nepomucenus.
877 639 921 644 —
944 620 988 652 De
1012 620 1046 652 B.
1074 620 1199 653 Ioannis
1234 621 1448 663 Nepomuceni
1475 622 1713 655 canonizatione
1736 622 1899 656 decretum

441 674 703 717 Congregationis
730 674 855 705 Rittium
881 672 1037 716 publicari
1060 673 1228 713 mandavit,
1255 673 1313 705 771
1343 685 1362 706 a
1388 680 1418 706 et
1441 685 1513 717 δαίμ
1539 674 1692 718 praedicti
1716 675 1848 708 virtutes
1870 679 1901 710 et

441 740 492 762 res
516 728 678 772 praeclare
703 733 807 769 gestas
832 727 942 767 refert,
975 725 1039 758 800
1065 726 1082 758 Ι)
1107 731 1137 758 et
1160 737 1238 769 seq.;
1264 727 1404 759 eiusdem
1432 728 1699 761 canonizationem
1733 728 1845 761 indixit
1869 734 1900 762 et

440 781 672 826 promulgavit,
699 780 763 812 804
787 791 806 812 α
831 785 860 812 et
884 791 946 823 seq.

353 838 483 869 loannes
501 835 603 879 (Veii.)
617 834 654 866 de
672 833 783 866 Prado.
798 852 840 856 —
857 832 988 865 Servum
1007 832 1060 864 Dei
1080 833 1226 865 loannem
1245 832 1282 864 de
1301 832 1401 865 Prado
1418 832 1543 866 Ordinis
1558 833 1714 866 Minorum
1734 834 1900 867 Excalcea-

440 895 545 921 torum
570 888 608 920 de
633 887 838 920 Observantia
863 886 991 918 Beatum
1017 885 1232 928 promulgavit
1256 891 1286 917 et
1311 885 1407 918 cultui
1432 885 1573 918 fidelium
1600 886 1754 929 exposuit,
1780 885 1844 920 650
1868 887 1894 921 b.

352 944 484 975 loannes
509 942 571 985 (S.)
597 951 614 972 a
637 941 832 983 Capistran0.
853 959 895 963 —
915 940 989 971 Eius
1013 940 1102 980 facta,
1129 939 1223 970 vitam
1252 943 1282 972 et
1305 939 1431 971 labores
1457 949 1514 982 pro
1539 939 1600 971 tide
1625 940 1838 982 exantlilatos,
1863 951 1899 974 ac

441 996 593 1028 miracula
617 994 746 1037 exponit
769 999 799 1025 ct
824 993 1094 1025 canonizationem
1120 993 1317 1036 promulgat,
1344 991 1381 1023 31
1412 993 1429 1024 b
1455 998 1484 1024 et
1508 1003 1570 1035 seq.

352 1050 482 1082 loannes
507 1048 565 1091 (S.)
589 1058 607 1079 a
631 1047 741 1081 Cruee.
774 1066 812 1070 ,-
837 1046 866 1078 S.
892 1045 1016 1078 Ioannis
1040 1056 1058 1077 a
1081 1046 1194 1083 Cruce,
1220 1044 1345 1078 Ordinis
1370 1046 1609 1078 Carmelitarum
1637 1046 1873 1080 Exalceatorurn
1890 1074 1899 1087 ‚

439 1107 566 1142 ortum,
591 1101 739 1144 pietatem
765 1105 795 1131 ct
821 1100 900 1132 vitae
937 1098 1168 1131 institutionem
1201 1099 1312 1139 refert,
1340 1098 1400 1130 481
1429 1110 1449 1131 α
1473 1105 1503 1131 et
1526 1100 1559 1139 b;
1587 1100 1620 1131 fit
1652 1110 1758 1132 comes
1788 1100 1898 1133 beatae

440 1155 608 1187 'l'lieresiae
633 1154 662 1186 in
688 1154 850 1196 primaeva
875 1152 1040 1195 disciplina
1066 1151 1283 1195 promovenda
1309 1152 1391 1184 inter
1416 1152 1618 1192 Carmelitas,
1646 1152 1704 1185 471
1735 1153 1769 1191 b;
1801 1154 1897 1186 multa

440 1218 497 1251 pro
521 1207 584 1239 Deo
610 1217 730 1249 passus,
748 1206 798 1238 die
822 1210 851 1238 et
876 1205 955 1237 liora
981 1216 997 1237 a
1022 1215 1055 1237 se
1081 1204 1251 1248 praedictis
1275 1204 1363 1244 obiit,
1385 1206 1463 1238 ibid.
1473 1216 1485 1243 ‚·
1508 1210 1543 1237 ut
1567 1211 1692 1238 sanctus
1716 1207 1898 1248 agnoscitur

441 1267 469 1293 et
493 1260 593 1292 beatis
618 1260 854 1298 adnumeratur,
879 1257 943 1290 4802
969 1269 1006 1297 α;
1032 1259 1061 1291 S.
1086 1258 1211 1291 loannis
1246 1257 1387 1290 eiusdem
1421 1258 1553 1290 solemni
1580 1258 1641 1290 ritu
1667 1258 1747 1291 inter
1771 1266 1898 1292 sanctos

440 1313 528 1346 relati
555 1312 827 1345 canonizationem
855 1312 1054 1354 promulgat,
1079 1312 1155 1344 ibid.

353 1367 495 1400 isidorus
520 1366 581 1410 (S.)
605 1366 755 1406 agricola.
780 1384 822 1389 —
848 1365 921 1396 Eius
945 1365 1036 1404 sacta,
1063 1365 1156 1396 vitain
1178 1371 1208 1397 et
1232 1364 1364 1404 obitum,
1389 1375 1513 1397 necnon
1530 1365 1620 1406 signa
1644 1365 1684 1397 ab
1710 1375 1747 1398 eo
1773 1370 1896 1409 patrata

441 1420 570 1463 exponit
596 1425 625 1451 et
652 1419 921 1451 canonizationem
948 1418 1148 1461 promulgat,
1174 1418 1187 1450 1
1220 1418 1236 1450 b
1261 1424 1291 1450 et
1315 1429 1377 1461 seq.

355 1473 529 1505 lubilaeum
555 1472 642 1505 initio
668 1472 870 1515 pontificatus
896 1471 962 1511 sui,
988 1477 1022 1503 ut
1046 1471 1076 1502 iu
1103 1481 1192 1504 more
1217 1471 1355 1514 positum
1393 1477 1457 1511 est,
1484 1471 1595 1504 indixit
1631 1482 1702 1504 curn
1736 1474 1895 1507 consuetis

439 1525 716 1565 declarationibus,
742 1523 783 1557 50
808 1524 824 1556 b
850 1529 879 1555 et
904 1535 977 1567 seq.;
999 1524 1072 1556 item
1095 1524 1265 1556 iubilaeuui
1291 1524 1363 1556 anni
1384 1524 1483 1557 sancti
1508 1534 1669 1565 unccxxv,
1693 1525 1765 1558 vide
1788 1527 1895 1559 Annus

439 1584 582 1617 sanctus,
607 1577 736 1610 iubilaei
768 1577 954 1609 universalis
982 1576 1134 1620 praedicti
1167 1587 1248 1609 anno
1283 1583 1420 1609 vertente
1445 1577 1656 1620 indulgentias
1679 1589 1895 1622 quascumque

439 1630 631 1674 suspendere
660 1630 777 1669 voluit,
805 1629 847 1661 00
872 1641 892 1661 a
917 1634 946 1661 et
969 1640 1054 1672 seq.;
1083 1629 1167 1661 circa
1193 1630 1361 1662 iubilaeum
1394 1629 1482 1662 initio
1514 1629 1716 1672 pontificatus
1742 1630 1894 1664 indictum

439 1689 576 1716 mentem
602 1693 691 1716 suam
714 1683 901 1721 declaravit,
927 1682 968 1714 68
993 1683 1010 1714 b
1036 1688 1065 1714 et
1089 1693 1163 1725 seq.;
1184 1683 1255 1714 anni
1275 1683 1373 1715 saneti
1395 1682 1607 1725 indulgentias
1631 1694 1741 1716 omnes
1767 1685 1892 1718 monia-

436 1737 533 1777 libus,
558 1737 688 1777 oblatis,
714 1736 828 1780 puellis
853 1742 883 1768 ct
908 1735 1096 1768 mulieribus
1121 1736 1336 1768 saecularibus
1362 1736 1393 1768 in
1418 1736 1617 1769 monasteriis
1646 1737 1834 1779 degentibus
1858 1747 1894 1770 ac

435 1791 643 1831 anachoretis,
667 1790 820 1827 eremitis,
846 1789 981 1822 infirmis
1007 1794 1037 1821 et
1061 1789 1091 1820 in
1117 1799 1244 1821 earcere
1268 1789 1402 1821 detentis
1426 1789 1598 1830 concessit,
1624 1788 1688 1821 1122
1713 1790 1730 1822 b
1756 1795 1787 1822 et
1810 1801 1890 1834 seq.;

436 1843 607 1876 jubilaeum
633 1853 691 1886 pro
724 1842 959 1875 cristifidelibus
991 1843 1091 1875 almae
1121 1843 1228 1883 Urbis,
1254 1843 1360 1875 ltaliae
1392 1849 1423 1876 et
1452 1843 1625 1875 insularum
1660 1843 1889 1884 adiacentium,

438 1897 573 1929 divinam
601 1907 692 1939 opem
719 1895 960 1939 implorantibus
984 1906 1041 1938 pro
1066 1901 1140 1928 tunc
1162 1895 1366 1928 existentibus
1385 1896 1634 1935 necessitatibus,
1652 1896 1771 1937 indixit,
1790 1895 1854 1929 638
1870 1908 1890 1929 a

435 1956 464 1982 et
489 1950 522 1989 b,
548 1950 634 1989 illos,
656 1949 709 1991 qui
734 1959 751 1981 a
776 1948 806 1981 S.
832 1950 864 1982 R.
884 1949 916 1981 Ε.
944 1949 1166 1981 communione
1191 1949 1402 1981 ecclesiastica
1428 1949 1564 1992 separati
1589 1949 1803 1992 reperiuntur,
1827 1959 1900 1982 norr

435 2014 502 2035 esse
527 2003 696 2045 participes
722 2002 936 2043 indulgentiae
968 2002 1040 2034 anni
1066 2001 1210 2041 intulaei,
1237 2002 1437 2044 aliorumque
1462 2001 1674 2044 spiritualium
1700 2002 1894 2044 gratiarum,

434 2056 591 2094 declarat,
618 2055 679 2088 789
707 2056 723 2088 b
748 2061 777 2087 ct
801 2066 864 2098 seq.

346 2109 473 2149 ludaei,
500 2109 570 2141 vide
596 2109 740 2141 Hebraei.

345 2163 466 2195 ludices
490 2162 779 2195 controversiarum
804 2161 933 2195 Concilii
960 2161 1103 2194 Romani.
1132 2180 1175 2185 -—
1199 2161 1340 2193 ludicum
1366 2161 1654 2194 controversiarum
1677 2161 1809 2194 Concilii
1830 2161 1893 2194 Ro-

434 2216 517 2248 mani
543 2216 705 2248 decretum
730 2215 910 2258 quoddam,
936 2217 1031 2247 causa
1065 2215 1353 2247 controversiarum
1380 2214 1462 2247 inter
1493 2214 1690 2256 collegiatam
1722 2214 1889 2247 ecclesiam

433 2270 461 2303 S.
487 2270 634 2303 Germani
660 2275 690 2301 et
714 2270 902 2301 abbatialem
928 2269 1040 2301 Montis
1064 2268 1182 2301 Cassini
1207 2274 1385 2301 emanatum
1412 2269 1442 2300 in
1467 2269 1605 2301 favorem
1632 2268 1817 2308 abbatialis,
1842 2278 1890 2301 re-

434 2324 492 2355 fert
514 2329 543 2355 et
569 2322 746 2361 confirmat,
774 2321 837 2355 ⁹237
863 2323 890 2354 b.

345 2376 472 2408 lustitia.
499 2395 540 2400 ——
564 2376 624 2408 Pro
650 2375 786 2407 iustitiae
810 2377 895 2408 recta
918 2374 1202 2414 administratione,
1228 2380 1258 2406 et
1282 2375 1474 2417 litigantium
1500 2375 1687 2418 praesertim
1712 2384 1898 2418 pauperum

435 2428 581 2465 utilitate.
608 2429 759 2461 nonnulla
784 2429 891 2461 statuit
916 2428 1101 2461 Benedictus
1126 2427 1213 2466 xm,
1237 2427 1302 2460 314
1320 2428 1336 2459 b
1363 2434 1393 2460 et
1417 2438 1492 2471 seq.;
1522 2428 1629 2460 statuit
1657 2433 1690 2460 ut
1713 2438 1795 2460 unus
1824 2437 1892 2460 car-

436 2481 547 2513 dinalis
571 2482 714 2524 quolibet
738 2481 890 2514 decennio
915 2481 1079 2523 eligendus
1105 2481 1209 2513 curias
1234 2480 1415 2513 iudiciarias
1437 2481 1550 2520 visitet,
1575 2485 1606 2512 et
1629 2490 1728 2513 novos
1753 2480 1783 2512 in
1809 2479 1892 2512 iusti·

435 2534 496 2566 tiae
520 2535 792 2567 administratione
813 2535 929 2567 abusus
946 2534 1057 2568 tollere
1077 2539 1216 2576 satagat,
1242 2533 1307 2566 315
1331 2544 1352 2566 α
1375 2537 1406 2567 et
1430 2544 1501 2577 seq.;
1523 2533 1690 2566 cardinalis
1711 2533 1802 2566 Petra
1826 2532 1899 2577 pri-

437 2595 507 2618 mus
532 2586 672 2618 omnium
698 2587 736 2618 ad
762 2587 822 2619 hoc
847 2596 961 2619 munus
986 2587 1135 2630 eligitur,
1161 2586 1225 2620 3116
1250 2599 1270 2620 a
1295 2593 1326 2619 et
1349 2587 1376 2619 b.
