2170 3147
244 226 341 254 Amo.
366 226 432 254 1706
478 217 543 251 334

439 276 670 315 convertenda,
689 275 838 308 similiter
857 282 1015 318 perpetuo
1043 276 1172 317 assigna

439 339 520 365 mus.
547 329 750 372 applican'ins
776 335 805 360 et
832 329 1091 370 appropriamus.

285 394 394 419 rampo..
416 399 428 413 a
484 382 498 424 ξ
515 382 546 414 3.
567 383 610 414 Ac
628 383 779 415 eumdem
797 382 948 413 vicarium
965 382 999 414 Β.
1018 383 1130 424 Angcli
1151 382 1180 413 in

244 419 524 478 3233?[1'.'.'.'.2a.{3f'.3¹Fon-0
543 436 690 473 Piscium,
718 446 803 468 nunc
821 442 847 467 01
869 446 926 478 pro
946 442 1092 479 tempore
1119 436 1182 468 exi-

243 474 591 535 {llL's'llLffl'thS'stentem,
608 499 747 525 necnon,
774 494 933 530 quatenus
960 499 1041 529 opus
1068 489 1116 528 sit,
1137 489 1182 521 di-

244 526 305 546 boae.
440 546 525 573 ctum
538 541 667 574 Decium
683 542 836 579 Felicem,
851 554 866 574 a
879 553 1083 586 quacumque
1099 543 1182 574 solu-

440 593 525 631 tione
545 595 669 627 mediae
688 602 835 633 annatae,
851 596 888 628 ad
908 606 1003 638 quam
1023 596 1108 628 idem
1124 595 1180 628 De-

439 647 506 680 cius
528 648 614 681 Felix
635 648 763 681 ratione
791 649 1017 692 infrascriptae
1036 649 1181 691 assigna-

441 700 551 741 tionis,
571 711 701 734 necnon
727 702 822 734 etiam
848 701 974 735 mediae
996 708 1132 734 annatae
1152 708 1179 733 et

439 754 649 797 quindennii,
667 755 704 787 ad
724 766 821 798 quam
841 760 871 786 et
889 755 974 798 quod
998 755 1081 787 idem
1100 755 1183 787 vica-

439 809 506 840 rius
527 808 561 840 B.
582 807 697 849 Angeli
725 808 753 840 in
781 808 865 840 Foro
885 808 1022 840 Piscium
1042 819 1128 840 nunc
1153 813 1183 840 et

438 872 498 905 pro
517 867 666 904 tempore
682 862 831 899 existens,
849 862 975 894 ratione
994 863 1182 904 praedictae

438 915 570 948 unionis
587 915 791 958 aliorumque
811 915 1078 958 praemissormn,
1100 922 1183 948 tenc-

439 968 465 1000 ri
492 974 524 1001 et
550 969 685 1010 obligati
723 979 793 1001 esse
834 968 895 1001 dici
931 975 1072 1010 possent,
1100 974 1132 1001 01
1167 980 1184 1000 a

439 1032 642 1065 quacumque
675 1021 875 1064 obligatione
909 1022 1051 1065 desuper
1075 1021 1186 1054 Came-

439 1085 496 1108 rae
522 1082 650 1107 nostrae
670 1075 876 1118 Apostolicae
904 1081 933 1108 et
959 1075 1046 1108 illius
1070 1076 1184 1108 officia-

437 1128 523 1160 libus
549 1129 710 1167 sacienda,
738 1129 867 1171 penitus
885 1128 1055 1160 eximimus
1081 1134 1113 1161 et
1139 1134 1186 1161 10-

439 1181 545 1214 taliter
585 1181 779 1220 liberamus,
819 1188 849 1214 et
884 1182 922 1214 ad
965 1188 1113 1214 annatam
1155 1189 1185 1215 et

439 1234 676 1278 quindennium
710 1235 897 1267 huiusmodi
933 1236 1123 1267 solvendum
1154 1241 1186 1267 et

439 1299 473 1321 se
500 1289 639 1331 desuper
665 1288 879 1330 obligandum
906 1288 1038 1321 minime
1067 1289 1182 1327 teneri,

438 1352 546 1385 neque
571 1342 610 1375 ad
637 1341 667 1374 id
695 1352 753 1385 per
771 1342 936 1374 Cameram
956 1351 1012 1374 seu
1032 1343 1120 1375 illius
1139 1343 1187 1375 os-

438 1395 561 1429 siciales
580 1395 747 1439 praefatos
774 1400 829 1427 aut
853 1395 933 1428 alios
960 1406 1185 1439 quoscumque

439 1450 507 1482 ullo
527 1460 667 1492 unquam
688 1454 835 1491 tempore
854 1449 924 1490 cogi
951 1450 1001 1482 vel
1023 1450 1184 1492 compelli,

440 1507 472 1536 et
496 1502 537 1535 ob
564 1513 629 1535 non
655 1502 850 1534 solutionem
876 1512 931 1534 seu
951 1502 1184 1544 obligationem

439 1556 628 1589 huiusmodi
666 1556 805 1598 desuper
830 1566 847 1588 a
872 1566 1038 1599 quoquam
1075 1557 1186 1599 quovis

440 1615 621 1653 praetextu,
648 1611 759 1643 colore
787 1611 836 1643 rcl
862 1610 994 1652 ingenio
1020 1611 1184 1643 molestari

440 1669 494 1696 aut
518 1663 694 1706 inquietari
721 1662 854 1695 minime
881 1673 988 1706 posse,
1008 1673 1114 1706 neque
1133 1664 1186 1696 (le—

439 1715 542 1754 bere,
577 1717 727 1749 volumus
756 1716 880 1759 pariter
912 1722 1008 1759 atque
1040 1717 1186 1749 decerni-

440 1780 522 1802 mus.
555 1769 744 1802 Mandantes
777 1775 954 1813 propterea
980 1770 1130 1802 omnibus
1156 1775 1183 1802 et

441 1823 580 1865 singulis
611 1823 815 1862 officialibus,
855 1823 1074 1865 depositariis,
1100 1833 1187 1855 00111-

441 1875 612 1915 missariis,
633 1881 664 1909 01
689 1876 759 1908 aliis
786 1886 845 1919 pro
872 1876 954 1908 dicta
973 1875 1107 1910 Camerti
1130 1887 1187 1909 no-
1207 1868 1209 1881 ³

443 1929 709 1971 511011000111108,
731 1939 860 1962 necnon
880 1929 1031 1962 omnibus
1050 1929 1126 1969 illis,
1148 1930 1185 1962 ad

443 1993 522 2026 quos
548 1983 737 2016 earumdem
762 1983 985 2025 praesentium
1022 1983 1186 2026 expeditio

442 2036 691 2080 quomodolibet
726 2042 850 2080 spectat
876 2042 907 2070 et
931 2036 1085 2080 pertinet,
1113 2047 1188 2079 qua-

444 2094 548 2128 tenus,
566 2089 641 2122 visis
662 2089 783 2123 eisdem
807 2090 1055 2134 praesentibus,
1082 2091 1188 2123 nullo—

443 2153 506 2186 que
542 2143 605 2176 alio
643 2155 660 2177 a
695 2143 791 2176 nohis
827 2148 995 2187 expectato
1021 2144 1210 2183 mandato„

445 2197 573 2229 easdem
593 2202 786 2240 praesentes
804 2196 926 2240 absque
942 2197 1008 2229 ulla
1027 2196 1188 2229 solutione

444 2255 580 2282 annatae
606 2255 638 2283 et
662 2249 870 2293 quindennii,
905 2251 956 2283 vel
989 2249 1188 2292 obligatione

445 2302 587 2346 desuper
605 2303 763 2343 facienda,
783 2303 957 2346 expediant
982 2308 1012 2336 ct
1028 2304 1186 2336 relaxent.

289 2363 433 2410 ⁰⁸¹¹]0F‘fn'
489 2356 551 2397 §la
573 2355 649 2389 Cum
677 2357 740 2389 1100
767 2362 872 2389 tamen
892 2356 982 2400 quod
1000 2357 1189 2399 praedictus

251 2397 333 2437 {22¹3ss
365 2395 434 2453 (1111Ιέ1
444 2409 583 2441 vicarius
599 2409 632 2441 Β.
651 2409 766 2452 Angeli
785 2409 817 2442 in
832 2409 917 2443 Foro
932 2409 1085 2450 Piscium,
1102 2420 1190 2442 nunc

250 2450 350 2517 3³:312&
378 2450 478 2522 quaget
502 2473 560 2506 pro
588 2467 732 2506 tempore
759 2463 910 2503 existens,
948 2464 1054 2496 eidem
1090 2463 1189 2496 Decio

251 2526 297 2549 rost
320 2529 365 2543 mus
381 2504 553 2555 mni-Felici,
566 2515 695 2548 aliunde
713 2526 780 2548 000
799 2516 932 2549 babenti
947 2517 1033 2550 undc
1052 2527 1191 2550 commo-

251 2554 292 2570 trm
324 2552 435 2570 accrescat

1019 227 1202 250 numentum
1228 227 1385 251 ROMANUM

1972 228 2019 254 An.
2041 228 2070 254 C.
2092 229 2158 258 {726

1225 282 1259 308 ut
1284 278 1468 319 praefertur
1503 287 1699 319 suppressae
1732 281 1763 309 et
1796 276 2161 319 extinctae.commmemo-

1227 330 1395 367 srnctibus,
1417 330 1596 362 redditibus
1617 336 1648 362 et
1668 330 1888 372 proventibus,
1904 316 2080 361 scu-''¹¹¹‘'m'

1227 388 1256 414 ta
1281 389 1409 415 centum
1442 390 1591 416 monetae
1617 394 1772 429 romanae
1798 394 1857 425 pro
1884 383 1969 415 eins-

1226 435 1297 467 dem
1316 436 1401 468 Decii
1422 436 1539 469 Felicis
1559 439 1702 478 congrua
1720 436 1967 476 sustentatione,

1226 489 1331 531 quoad
1360 489 1487 527 vixerit,
1510 490 1676 522 annuatim
1704 489 1742 522 de
1768 488 1916 521 bimestri
1938 488 1970 521 in

1227 542 1380 575 bimestre
1407 544 1614 584 persolver03
1634 541 1688 584 qui
1716 548 1821 574 tamen
1849 542 1969 574 fructus

1226 606 1285 638 pro
1324 596 1407 628 dicta
1443 595 1594 638 portione
1631 601 1796 628 scutorum
1838 600 1971 627 centum

1227 655 1376 681 monetae
1396 655 1470 692 post
1489 649 1634 681 eiusdem
1653 649 1738 681 Decii
1758 648 1875 681 Felicis
1901 647 1972 681 obi-

1228 708 1290 734 tum
1319 703 1442 742 integre
1481 702 1576 735 etiam
1615 707 1802 734 accrescant
1831 701 1970 734 vicariae

1228 756 1414 798 praedictae
1441 756 1474 788 Β.
1507 755 1620 797 Angeli
1647 755 1677 788 in
1704 755 1787 788 Foro
1814 754 1969 797 Piscium,

1227 809 1320 851 eique
1353 808 1575 852 parisormitcr
1606 819 1643 840 ex
1681 818 1767 840 nunc
1793 818 1853 850 pro
1881 812 1968 846 tunc,

1228 862 1399 894 eveniente
1426 861 1514 894 obitu
1553 861 1689 904 praefati
1718 860 1806 893 Decii
1832 859 1971 897 Felicis,

1227 915 1390 957 assignati,
1416 914 1570 958 applicati
1610 919 1641 946 et
1677 913 1877 958 appropriati
1909 913 1973 946 sint

1228 975 1259 1001 et
1284 979 1353 1001 esse
1380 968 1606 1010 intelligantur
1637 973 1668 1000 et
1700 972 1915 1006 censeantur;
1942 970 1974 999 et

1229 1027 1402 1064 augmento
1441 1021 1626 1054 huiusmodi
1666 1026 1791 1059 secuto,
1812 1020 1971 1061 volumus,

1229 1083 1262 1108 ut
1287 1075 1394 1118 portio
1420 1086 1565 1117 congrua
1591 1085 1608 1106 a
1633 1074 1759 1107 dilectis
1785 1073 1879 1106 ctiam
1899 1073 1972 1106 tiliis

1229 1129 1372 1171 capitulo
1397 1135 1429 1162 ct
1454 1128 1618 1161 canonicis
1650 1128 1753 1160 dictae
1779 1127 1972 1169 collegiatae

1229 1182 1389 1214 ecclesiae
1431 1182 1465 1214 B.
1494 1181 1608 1223 Angcli
1649 1181 1681 1213 in
1722 1180 1804 1213 Foro
1831 1180 1972 1213 Piscium

1230 1236 1310 1267 solvi
1338 1235 1432 1267 solita
1469 1239 1497 1267 et
1531 1234 1610 1266 alias
1645 1234 1809 1276 assignata
1839 1233 1870 1265 in
1897 1224 1974 1266 000-

1229 1288 1396 1320 stitutione
1422 1287 1467 1320 Pii
1494 1287 1550 1319 PP.
1577 1287 1598 1318 V
1625 1287 1884 1330 praedecessoris
1915 1297 1974 1319 no-

1231 1341 1298 1380 stri,
1324 1341 1451 1384 aliaque
1473 1341 1699 1378 emolumenta,
1727 1340 1844 1383 quibus
1869 1340 1976 1387 dictus

1230 1394 1367 1426 vicarius
1394 1393 1427 1426 B.
1453 1393 1567 1435 Angeli
1594 1393 1626 1425 in
1652 1392 1736 1425 Foro
1761 1392 1897 1425 Piscium
1934 1391 1974 1425 ‘ad

1231 1458 1385 1490 praesens
1412 1447 1544 1490 gaudet,
1571 1447 1603 1479 in
1630 1446 1734 1479 0111110
1761 1446 1970 1479 diminuatur.

1231 1501 1396 1534 Praefatus
1423 1507 1530 1533 autem
1556 1499 1694 1532 vicarius
1727 1499 1761 1532 B.
1794 1499 1907 1542 Angeli
1940 1498 1990 1532 ini

1230 1555 1313 1588 Foro
1354 1555 1493 1587 Piscium
1535 1559 1610 1585 tunc
1650 1559 1681 1586 01
1719 1553 1751 1585 10
1793 1563 1832 1586 eo
1873 1563 1971 1592 casu,

1232 1609 1381 1642 videlicet.
1416 1613 1528 1640 secuto
1565 1607 1710 1640 eiusdem
1745 1606 1833 1639 Decii
1859 1605 1974 1640 Felicis

1231 1662 1331 1702 obitu,
1358 1662 1397 1694 dc
1423 1661 1610 1694 coadjutore
1637 1660 1767 1700 idoneo,
1793 1665 1824 1692 01
1849 1659 1887 1692 ad
1914 1669 1971 1692 cu-

1231 1727 1299 1748 ram
1336 1715 1516 1748 animarum
1555 1714 1772 1746 exercendam
1807 1724 1825 1746 a
1855 1713 1974 1746 dilecto

1232 1769 1301 1802 11110
1331 1774 1443 1801 nostro
1476 1768 1507 1800 in
1541 1767 1625 1800 Urbe
1660 1766 1795 1809 eiusque
1826 1766 1975 1799 districtu

1231 1822 1346 1855 vicario
1373 1822 1405 1854 in
1432 1820 1655 1864 spiritualibus
1683 1820 1828 1863 generali
1858 1819 1976 1853 exami-

1232 1882 1306 1909 nato
1333 1881 1364 1908 ct
1388 1875 1584 1918 approbato,
1611 1874 1666 1916 qui
1692 1873 1730 1906 ad
1757 1879 1870 1906 nulum
1896 1872 1974 1906 dicti

1232 1929 1341 1962 vicarii
1368 1929 1403 1961 Β.
1432 1928 1546 1970 Angcli
1573 1927 1604 1960 in
1624 1927 1704 1960 Foro
1722 1926 1861 1959 Piscium
1887 1936 1975 1959 aino-

1232 1983 1339 2016 vibilis
1354 1982 1405 2022 sit,
1421 1992 1457 2014 ac
1469 1981 1575 2025 ipsum
1590 1981 1746 2013 vicarium
1759 1980 1793 2013 B.
1811 1979 1926 2022 Angeli
1941 1979 1975 2012 in

1232 2037 1313 2069 Foro
1333 2035 1469 2068 Piscium
1496 2035 1526 2067 in
1554 2034 1710 2067 exercitio
1735 2044 1832 2066 curae
1858 2033 1976 2066 auima-

1233 2101 1304 2123 rum
1319 2089 1365 2123 illi
1385 2089 1611 2128 incumbentis,
1631 2094 1662 2121 01
1679 2087 1871 2131 praesertim
1885 2097 1975 2131 paro·

1233 2144 1423 2177 cbianorum
1439 2143 1522 2175 infra
1544 2141 1671 2181 limites,
1687 2141 1742 2174 ubi
1757 2142 1796 2174 de
1811 2140 1976 2184 praesenti

1233 2196 1389 2241 parocbia
1412 2196 1446 2235 B.
1461 2195 1608 2239 Gregorii
1632 2194 1749 2235 existit,
1768 2205 1828 2238 pro
1851 2199 1976 2238 tempo-

1233 2262 1266 2284 re
1286 2249 1514 2289 babitantium,
1539 2249 1711 2282 coadiuvet
1734 2259 1806 2281 cum
1831 2242 1977 2291 congrua

1233 2304 1395 2338 mercedis
1413 2303 1635 2345 assignatione
1660 2313 1726 2336 non
1745 2302 1872 2336 minore
1889 2300 1975 2335 iuliis

1233 2357 1346 2400 viginti
1365 2362 1515 2390 monetae
1541 2356 1677 2398 singulis
1695 2355 1876 2396 mensibus,
1902 2364 1976 2398 pro-

1234 2411 1357 2452 videre,
1380 2411 1517 2453 ipsoque
1543 2409 1714 2452 providere
1736 2412 1905 2441 recusante
1923 2412 1977 2440 aut

1235 2464 1436 2507 negligente,
1452 2464 1539 2496 idem
1555 2462 1690 2495 vicarius
1708 2467 1817 2495 noster
1837 2462 1886 2494 vel
1906 2460 1975 2494 eius

1234 2518 1438 2560 vicesgercns
1452 2517 1676 2550 coadiutorem
1694 2514 1879 2548 huiusmodi
1894 2524 1978 2548 sum—

251 2578 344 2597 vicarffle
361 2570 486 2603 exn-de
511 2569 618 2602 vivere
644 2568 755 2612 possit,
783 2580 819 2601 ex
856 2570 1072 2612 prirnodictae
1098 2580 1192 2613 paro·
1234 2571 1343 2614 ptibus
1361 2570 1439 2603 dicti
1459 2569 1569 2603 vicarii
1592 2569 1628 2602 B.
1649 2568 1761 2611 Angeli
1780 2568 1813 2601 in
1829 2568 1912 2601 Foro
1925 2567 1977 2601 Pi-

252 2603 292 2627 sseli
308 2608 355 2623 cum
371 2608 434 2623 onere

251 2632 277 2653 ue
293 2629 335 2653 sibi
356 2622 561 2659 idoneocbialis
599 2622 757 2658 ecclesiae
794 2623 828 2656 B.
856 2623 1017 2666 Gregorii,
1044 2634 1106 2668 per
1131 2633 1189 2658 nos
1235 2624 1336 2660 scium
1355 2624 1513 2669 deputare
1532 2622 1714 2668 respective
1733 2627 1915 2658 teneantur.
1962 2665 1965 2667 ι
