2170 3147
0 221 42 248 An.
57 219 86 246 C.
108 217 176 245 1725

25 1017 102 1038 enum
118 1020 177 1041 prae-

0 1045 62 1066 unu·
94 1047 176 1063 conces·

0 1072 71 1093 nonis.

40 2385 151 2406 enacmin
166 2381 283 2423 mipsas
309 2380 437 2412 visitare
461 2381 608 2413 valeant:
628 2391 698 2421 nos,
717 2391 774 2423 pro
792 2387 932 2424 pastora-

8 2412 30 2433 iu
43 2412 134 2433 ruhi-ica.

769 216 966 241 BENEDICTUS
992 216 1048 239 Xlll
1074 216 1122 239 PP.

188 265 276 300 dent.
304 265 404 304 Quare
429 277 633 309 summopere
667 266 842 309 optandum
874 270 922 298 est

187 325 221 351 ut
238 318 319 351 vitae
342 319 509 357 rationem,
529 330 610 362 quae
632 329 684 351 eas
703 319 826 361 angelis
842 329 921 361 quo-

187 371 362 404 dammodo
392 377 526 414 aequat,
554 371 811 403 constantissime
838 370 918 403 reti·
942 373 944 387 ¹

186 430 292 464 neant,
308 435 343 456 ac
362 425 437 457 dent
456 436 599 467 operam,
615 430 656 463 nt,
672 424 762 456 sicuti
781 424 921 465 praecla-

188 488 239 509 ros
266 477 318 509 hic
342 484 439 519 agunt
457 477 495 509 de
514 488 610 509 carne
636 478 668 508 in
693 487 790 508 carne
813 476 922 507 trium-

187 529 279 572 phos,
299 530 341 561 ita
366 535 439 572 post
465 530 559 561 huius
584 529 665 560 vitae
691 527 863 560 certamina
889 527 919 558 in

187 583 317 615 caelesti
337 583 439 624 patria
457 575 594 614 feliciter
612 585 820 614 coronentur.
843 579 923 617 Quo-

187 634 271 667 niam
291 640 396 667 autem
413 634 580 667 consimile
599 633 678 666 vitae
694 643 796 675 genus
811 642 922 675 quam-

186 687 318 729 plurimi
345 687 561 720 anachoretae
584 692 679 729 atquc
701 685 868 725 eremitae,
888 690 922 717 ut
943 700 944 704 ¹

186 748 398 781 supernarum
415 749 523 771 rerum
543 738 809 781 contemplationi
829 748 922 770 secu-

186 791 252 824 rius
274 797 401 830 vacent,
420 791 628 824 laudabiliter
648 792 832 833 clegerunt,
858 790 922 834 spi-

186 844 361 877 ritualibus
388 855 516 888 quoque
542 844 687 887 ipsorum
712 843 921 876 incrementis

187 897 329 941 paternis
346 897 520 930 visceribus
536 897 671 930 maxime
687 897 833 929 ducimus
849 908 923 930 con-
943 900 945 907 '

188 951 372 984 sulendum.

232 1004 246 1047 g
271 1004 302 1036 t.
329 1004 406 1036 Cum
429 1004 525 1047 igitur
544 1009 604 1036 tam
624 1003 683 1046 ipsi
711 1014 804 1046 quam
830 1013 923 1046 prae-

189 1057 271 1090 fatae
313 1056 576 1089 sanctimoniales
617 1059 775 1100 perpetua
818 1056 924 1088 vivant

188 1111 335 1144 clausura
359 1110 549 1153 mancipati,
580 1117 611 1143 et
642 1111 761 1142 multae
793 1110 923 1152 puellae

189 1168 219 1196 et
244 1163 394 1196 mulieres
421 1164 616 1201 saeculares,
645 1163 845 1195 educationis
872 1165 922 1196 vel

189 1216 251 1248 alia
276 1227 311 1249 ex
338 1218 450 1254 causa,
483 1216 521 1247 dc
555 1216 681 1248 licentia
717 1215 808 1248 Sedis
840 1217 924 1258 Apo-

189 1269 322 1302 stolicae
352 1270 382 1301 in
412 1268 618 1301 monasteriis
651 1268 788 1311 degant,
815 1268 946 1311 ibiquet

189 1324 355 1356 clausurae
390 1324 478 1364 leges
516 1322 706 1361 observent,
739 1322 923 1364 multaeque

189 1375 285 1408 etiam
311 1375 515 1419 reperiantur
541 1374 686 1413 oblatae,
716 1385 850 1417 quarum
878 1375 924 1406 in-

189 1428 335 1461 stitutum
373 1438 389 1460 a
423 1427 505 1460 Sede
543 1427 729 1470 Apostolica
765 1428 925 1470 approba-

190 1486 256 1513 tum
286 1481 414 1520 existit,
447 1485 478 1512 et
502 1490 584 1523 quae
617 1480 647 1512 in
683 1479 832 1514 domibus
868 1492 923 1514 seu

190 1534 438 1568 conservatoriis
464 1534 495 1566 in
522 1534 682 1566 communi
701 1534 828 1575 vivunt,
851 1545 925 1568 nec-

189 1597 253 1620 non
290 1587 380 1619 multi
417 1587 476 1627 (ut
514 1586 720 1629 accepimus)
758 1588 924 1630 utriusque

190 1650 283 1673 sexus
319 1640 568 1678 cliristitideleS,
598 1640 714 1682 partim
741 1641 925 1673 carceribus

191 1693 338 1734 detenti,
364 1693 480 1736 partim
505 1704 580 1726 vero
615 1693 765 1726 diuturna
793 1692 926 1726 infirmi-

193 1752 256 1780 tate
274 1747 468 1790 praepediti,
487 1757 551 1779 non
569 1748 673 1780 solum
693 1747 722 1779 in
743 1748 825 1779 alma
842 1746 925 1780 Urbe

192 1802 302 1833 nostra
326 1805 358 1833 et
382 1800 492 1839 ltalia,
518 1800 572 1833 sed
602 1801 672 1833 aliis
700 1801 793 1833 etiam
820 1801 927 1842 regio-

193 1853 310 1893 nibus,
336 1853 511 1896 provinciis
536 1859 567 1886 et
591 1854 670 1887 loeis
697 1854 923 1897 reperiantur,

194 1906 247 1949 qui
268 1911 297 1939 et
316 1917 396 1950 quae
412 1907 592 1950 respective
614 1907 853 1950 impedimentis
872 1908 927 1939 bu-

195 1959 330 1992 iusmodi
357 1960 488 1992 remotis
506 1970 565 2003 pro
591 1960 810 2003 percipiendis
834 1971 927 2004 prac-

196 2011 295 2043 sentis
320 2011 393 2043 anni
420 2011 548 2045 iubilaei
568 2012 725 2045 fructibus
751 2013 789 2045 ad
811 2014 925 2046 almam

198 2062 314 2095 Urbem
332 2068 476 2095 nostram
497 2065 629 2097 omnino
645 2065 803 2103 venirent,
821 2072 851 2098 et
873 2066 928 2098 ba-

198 2114 302 2147 silicas
328 2115 544 2159 ecclesiasque
565 2117 603 2150 ad
621 2118 651 2150 id
674 2119 851 2161 deputatas,
873 2120 928 2152 be-

200 2167 368 2200 nedicente
392 2168 544 2207 Domino,
570 2169 791 2204 indubitanter
821 2172 928 2204 visita-

198 2226 288 2261 rent,
311 2231 418 2253 verum
446 2221 486 2254 ob
511 2223 676 2264 praedicta
697 2224 929 2266 impedimenta

199 2274 237 2306 ad
275 2273 391 2306 Urbem
429 2274 615 2308 huiusmodi
648 2275 781 2309 minime
820 2278 929 2310 venire

198 2336 303 2369 neque
329 2326 507 2369 respective
539 2327 686 2360 basilicas
721 2333 752 2360 et
781 2330 931 2362 ecclesias

199 2433 238 2466 lis
264 2433 358 2465 officii
384 2433 484 2465 nostri
504 2432 612 2466 debito
631 2435 830 2477 paternaque
856 2435 931 2467 cha-

199 2485 291 2518 ritate
309 2486 439 2518 illorum
464 2486 607 2519 omnium
632 2486 808 2519 animarum
827 2488 930 2527 saluti,

199 2542 354 2581 quantum
372 2549 442 2571 cum
460 2539 595 2572 Domino
610 2549 793 2582 possumus,
807 2540 932 2582 prospi-

200 2601 271 2624 cere
292 2593 447 2634 volentes,
473 2592 624 2627 omnibus
646 2597 677 2626 et
702 2593 836 2636 singulis
862 2604 931 2627 san-

966 264 1202 297 ctimonialibus
1227 273 1502 307 quorumcumque
1531 266 1702 295 monaste—

967 318 1099 357 riorum,
1127 318 1221 350 etiam
1248 317 1377 350 illorum
1403 327 1485 360 quae
1511 316 1549 349 ab
1575 316 1703 348 ordina-

967 371 1011 402 tia
1037 370 1259 403 iurisdictione
1291 375 1438 413 exempta
1464 375 1495 402 et
1520 369 1593 402 Sedi
1619 369 1702 411 Apo-

966 423 1099 455 stolicae
1136 423 1299 466 praefatae
1338 422 1522 454 immediate
1559 422 1702 453 subiecta

966 480 1039 507 sunt
1060 476 1107 507 vel
1134 486 1204 508 esse
1231 480 1432 512 asseruntur,
1461 484 1588 506 necnon
1614 474 1702 506 obla-

967 528 1005 559 tis
1030 528 1184 570 praefatis
1220 538 1255 559 ac
1293 527 1411 570 puellis
1448 532 1478 559 et
1508 527 1701 559 mulieribus

966 580 1181 613 saecularibus
1207 580 1258 612 in*
1283 579 1490 612 monasteriis
1516 579 1702 612 huiusmodi

967 633 1005 665 de
1025 633 1167 665 ciusdem
1187 632 1278 665 Sedis
1294 633 1426 665 licentia
1444 632 1650 674 degentibus,
1672 638 1704 664 et

966 685 1170 718 anachoretis
1198 690 1295 728 atquc
1322 685 1465 718 eremitis
1491 685 1702 724 huiusmodi,

966 749 1001 771 ac
1025 739 1194 781 utriusque
1228 749 1321 771 sexus
1347 737 1614 771 christifidelibus
1641 743 1703 770 tam

967 792 1139 825 carceratis
1166 803 1260 834 quam
1281 791 1416 824 intirmis
1442 791 1615 834 praedictis
1637 797 1704 823 tan-

967 849 1053 882 tum,
1081 848 1112 875 ct
1137 842 1189 886 qui
1210 843 1300 880 alias,
1322 841 1561 885 it‘npedimentis
1585 842 1703 884 longae

967 896 1198 928 carcerationis
1236 906 1271 927 ac
1301 895 1472 927 diuturnae
1509 894 1704 927 infirmitatis

967 949 1179 988 cessantibus,
1198 948 1236 980 ad
1264 944 1346 980 banc
1364 949 1478 981 almam
1497 947 1617 980 Urbem
1644 957 1703 991 pro

968 1002 1130 1035 thesauris
1159 1001 1384 1044 spiritualilnts
1414 1001 1602 1034 huiusmodi
1628 1011 1705 1034 con-

968 1055 1144 1098 sequendis
1171 1055 1294 1087 venturi
1321 1055 1465 1094 fuissent,
1490 1065 1565 1087 vere
1591 1055 1705 1097 poeni-

968 1109 1108 1142 tentibus
1129 1113 1157 1141 el
1185 1108 1349 1148 confessis,
1373 1109 1458 1152 quod
1482 1108 1512 1140 in
1543 1109 1624 1141 locis
1649 1108 1703 1140 ubi

967 1173 1021 1195 eos
1047 1172 1117 1194 esse
1143 1161 1324 1203 contigerit,
1347 1161 1401 1204 pia
1423 1160 1620 1194 christianae
1640 1161 1705 1204 pie-

969 1215 1040 1247 tatis
1067 1220 1097 1247 et
1123 1215 1289 1247 charitatis
1315 1225 1429 1258 opera,
1460 1214 1546 1247 iuxta
1572 1214 1705 1247 sormam

967 1268 1007 1301 ab
1032 1268 1209 1301 Ordinariis
1235 1269 1378 1302 locorum
1397 1279 1451 1301 seu
1478 1267 1706 1301 sanctimonia-

968 1322 1046 1356 lium
1072 1327 1103 1354 et
1127 1322 1395 1354 anachoretarum
1429 1321 1704 1364 eremitarumque

967 1375 1150 1408 huiusmodi
1177 1375 1412 1418 superioribus,
1438 1376 1502 1414 vel,
1528 1374 1566 1407 de
1593 1384 1706 1407 eorum

967 1428 1130 1467 mandato,
1147 1439 1162 1460 a
1177 1428 1335 1471 prudente
1351 1427 1561 1467 confessario,
1577 1427 1608 1459 in
1625 1427 1707 1459 alma

967 1493 1043 1515 vcro
1070 1482 1154 1515 Urbe
1174 1492 1190 1514 a
1209 1482 1326 1514 dilecto
1354 1480 1419 1513 silio
1446 1485 1559 1513 nostro
1586 1479 1705 1512 vicario

967 1546 1021 1568 seu
1049 1535 1118 1567 eius
1144 1534 1367 1576 vicesgerente
1394 1539 1527 1574 tantum,
1548 1533 1707 1576 praescri-

968 1588 1106 1621 bendam
1132 1597 1189 1631 pro
1221 1587 1395 1620 cuiuslibet
1431 1592 1514 1619 statu
1542 1591 1573 1619 ct
1598 1586 1708 1619 condi-

968 1641 1101 1681 ditione,
1122 1651 1157 1673 ac
1178 1641 1238 1673 loci
1266 1647 1297 1673 et
1323 1640 1477 1684 temporis
1503 1640 1629 1672 ratione
1655 1640 1708 1671 ba-

968 1694 1044 1735 bita,
1064 1694 1255 1733 exercendo,
1275 1698 1306 1726 et
1331 1693 1393 1726 alia
1419 1693 1450 1725 in
1477 1693 1596 1726 nostris
1622 1693 1707 1726 litte-

968 1748 1012 1780 ris
1048 1747 1236 1780 indictionis
1272 1746 1347 1779 anni
1385 1746 1516 1779 iubilaei
1554 1751 1707 1779 contenta

969 1801 1199 1843 adimplendo,
1226 1810 1337 1833 omnes
1372 1805 1402 1832 et
1433 1799 1576 1842 singulas
1603 1800 1708 1833 indul-

970 1854 1096 1895 gentias
1113 1859 1143 1886 ct
1162 1858 1364 1896 pcccatorum
1384 1852 1595 1885 remissiones
1610 1852 1705 1884 etiam

969 1906 1174 1950 plenissimas
1201 1909 1464 1948 consequantur,
1493 1916 1570 1948 quas
1595 1916 1709 1938 conse-

970 1965 1150 2002 querentur
1187 1964 1218 1991 et
1253 1959 1405 2001 consequi
1442 1963 1576 2001 possent
1611 1957 1637 1990 si
1674 1958 1705 1989 in

971 2013 1031 2046 hoc
1056 2012 1222 2056 praesenti
1259 2023 1343 2045 anno
1370 2011 1503 2044 iubilaei
1529 2011 1642 2044 diebus
1668 2011 1707 2044 ad

970 2066 1001 2098 id
1027 2066 1154 2099 statutis
1181 2070 1318 2108 quatuor
1343 2066 1380 2097 ad
1403 2065 1433 2097 id
1460 2065 1629 2107 deputatas
1653 2064 1708 2096 ba-

970 2119 1076 2151 silicas
1095 2124 1126 2151 ct
1144 2118 1296 2151 ecclesias
1318 2119 1419 2151 alinae
1440 2117 1545 2156 Urbis,
1568 2123 1600 2150 et
1621 2123 1709 2150 extra

971 2171 1058 2204 illius
1083 2182 1200 2211 muros,
1223 2181 1282 2214 pro
1309 2170 1425 2213 quibus
1443 2170 1611 2203 visitandis
1632 2170 1710 2202 iubi-

971 2225 1076 2256 laeum
1102 2229 1133 2256 et
1169 2223 1390 2265 indulgentiae
1422 2223 1607 2266 praedictae
1634 2234 1710 2257 con-

972 2287 1079 2309 cessae
1105 2282 1200 2315 sunt,
1228 2276 1442 2319 personaliter
1468 2276 1653 2317 visitarent,
1679 2282 1710 2309 et

973 2340 1084 2362 eorum
1103 2330 1239 2373 quilibet
1256 2330 1413 2370 visitaret;
1433 2330 1620 2374 eisdemque
1638 2342 1710 2364 san-

973 2382 1210 2415 ctimonialibus
1236 2393 1271 2416 ac
1297 2383 1422 2423 oblatis,
1444 2383 1562 2426 puellis
1584 2389 1616 2416 et
1640 2395 1709 2416 mu-

974 2434 1107 2467 lieribus
1132 2435 1364 2476 saecularibus,
1387 2446 1514 2469 necnon
1533 2437 1711 2470 anachore—

975 2487 1013 2520 tis
1033 2492 1126 2530 atque
1152 2488 1294 2521 eremitis
1314 2494 1345 2521 et
1369 2489 1634 2522 christifidelibus
1653 2490 1710 2522 im-

975 2541 1092 2583 peditis·
1111 2540 1307 2582 huiusmodi,
1326 2547 1370 2582 ut,
1389 2542 1425 2574 ad
1449 2542 1596 2575 cll'ectum
1622 2554 1709 2586 prae

1011 2604 1021 2629 1
1046 2602 1195 2639 praeposit.
1212 2603 1243 2631 in
1259 2612 1308 2632 nos
1325 2604 1450 2634 addimus
1467 2606 1506 2640 (a.
1526 2605 1575 2641 r).

1600 203 1664 238 1⁹23
1712 215 1759 240 ltu.
1776 214 1803 240 C.
1828 213 1896 241 ¹795
