2170 3147
19 186 68 215 An.
90 185 120 212 C.
141 184 209 212 1725

213 233 288 273 sore,
315 242 455 275 suosque
474 231 638 274 plenarios
658 234 686 263 et
712 230 857 273 integros
876 229 947 263 ess'e-
967 234 969 273 ξ

212 290 280 319 etus
298 285 407 318 sortiri
434 289 465 317 et
484 283 631 316 obtinere
650 282 780 323 debere,
801 294 836 316 ac
858 285 946 316 nullo
967 286 969 338 ]

210 349 352 382 unquam
377 344 521 381 tempore
552 348 587 369 ex
619 346 823 379 quocumque
842 337 969 396 capitel¹

210 393 259 426 vel
277 391 422 435 qualibet
446 392 554 430 eausa,
576 389 779 433 quantumvis
803 389 947 432 legitima
968 416 969 431 3

211 450 243 478 et
261 444 406 484 iuridica‚
432 442 527 476 etiam
553 454 589 475 ex
617 452 654 475 eo
674 442 758 485 quod
784 441 890 484 aliqua
908 452 945 475 ex
967 453 968 488 ᾗ

209 497 417 542 praemissis,
452 496 590 529 narratis
627 506 661 527 ac
698 495 854 538 expositis
881 491 969 536 non}

209 550 432 587 subsisterent.
457 554 488 582 et
513 548 699 592 episcopus,
718 547 896 590 capitulum
915 552 947 580 et

209 602 356 636 canonici
389 601 492 634 dictae
533 600 690 634 ecclesiae
727 599 968 642 Eugubinae‚{

208 661 239 688 et
264 654 459 698 quicumque
482 653 546 693 alii,
563 652 793 694 cuiuscumque
815 652 944 693 gradus,
966 663 968 690 j

208 706 374 749 dignitatis
389 712 420 738 et
433 705 633 739 conditionis
647 705 794 744 existant,
808 704 839 736 in
854 714 945 747 prae·
966 722 968 751 5

207 758 312 792 missis
338 759 486 791 omnibus
512 763 543 791 et
568 757 705 800 singulis
732 762 763 789 et
788 756 872 789 eirea
909 766 945 789 ea

208 810 467 855 quomodolibet,
495 815 528 843 et
552 820 589 843 ex
614 809 726 852 quavis
751 811 870 849 causa,
896 818 943 841 ra-

207 864 295 898 tione
314 892 321 905 ,
351 864 442 897 titulo
467 869 498 897 et
524 865 717 903 occasione,
746 863 793 895 ius
820 863 868 895 vel
898 862 968 908 5¹¹ss

206 922 328 951 teresse
355 917 514 950 habentes
541 927 597 949 seu
629 915 751 949 habere
788 918 942 958 praeten-
966 912 968 936 ³·

206 971 320 1004 dentes
336 997 343 1010 ,
370 970 433 1003 illis
458 979 525 1003 non
551 967 799 1019 consenserint,
827 972 881 1000 aut
906 967 944 1000 ad
966 979 967 1005 3

206 1034 243 1057 ea
267 1023 370 1057 vocati
397 1028 427 1056 et
452 1022 574 1061 auditi,
600 1027 633 1055 et
657 1031 788 1061 causae,
813 1026 946 1064 propter

206 1086 286 1120 quas
313 1076 445 1109 eaedem
471 1081 658 1119 praesentes
684 1074 886 1114 emanarint,
912 1073 944 1107 in

205 1129 402 1163 consistorio
428 1134 551 1169 nostro,
570 1129 620 1162 vel
647 1127 732 1170 alibi,
753 1128 876 1161 vocatis
891 1138 944 1160 vo·
965 1135 967 1162 2

205 1181 328 1222 caudis,
356 1187 386 1214 et
410 1181 550 1225 praeviis
583 1181 701 1215 debitis
735 1181 942 1221 tractatibus,
965 1181 967 1219 ξ

205 1247 242 1269 ac
266 1235 399 1269 servatis
427 1240 457 1268 et
494 1235 650 1269 adhibitis
684 1236 967 1279 solemnitatibusg

205 1295 237 1322 et
268 1289 340 1322 aliis
375 1289 413 1322 de
440 1289 508 1321 iure
533 1289 582 1322 vel
608 1289 868 1329 consuetudine,
894 1291 943 1322 vel
965 1309 967 1328 1

204 1344 291 1376 iuxta
314 1342 564 1376 constitutiones
582 1348 613 1375 et
631 1343 853 1376 ordinationes
872 1354 944 1387 apo-

203 1397 341 1435 stolicas,
364 1401 418 1429 aut
435 1396 592 1429 ecclesiae
610 1397 796 1439 praedictae
814 1402 943 1437 statuta,
965 1425 966 1429 ,

204 1449 378 1492 privilegia
413 1454 444 1482 et
480 1449 604 1481 indulta
641 1450 738 1482 etiam
774 1443 966 1494 contii·ina-}

205 1503 292 1536 tione
318 1502 498 1546 apostolica
513 1504 562 1536 vel
582 1503 693 1546 quavis
713 1503 862 1536 firmitate
881 1503 943 1536 alia

203 1556 364 1596 roborata,
391 1562 443 1588 aut
470 1556 546 1589 alias
572 1549 943 1600 quomodolibet'requi-

204 1608 274 1642 sitis
300 1613 328 1642 et
354 1608 384 1641 in
412 1608 572 1641 similibus
598 1609 801 1648 necessariis,
824 1609 943 1642 exami-

203 1667 323 1704 natae,
359 1661 539 1695 verificatae
578 1673 613 1695 ac
650 1662 839 1696 iustificatae
876 1674 941 1696 non

204 1712 342 1755 suerint}
368 1716 406 1748 de
439 1715 657 1759 subreptionis
696 1721 751 1749 aut
783 1716 940 1749 nullitatis

203 1779 259 1802 seu
296 1768 505 1801 invaliditatis
531 1768 630 1809 vitio,
665 1769 713 1801 vel
751 1769 964 1806 intentionis,

203 1826 341 1861 nostrae,
367 1826 422 1854 aut
447 1822 494 1854 ius
511 1822 558 1854 vel
574 1821 731 1854 interesse
752 1822 941 1854 habentium

204 1875 391 1914 consensus,
418 1880 470 1906 aut
496 1874 640 1918 quolibet
658 1875 721 1908 alio
738 1875 941 1918 quantumvis

203 1939 329 1972 magno,
344 1928 555 1969 substantiali,
575 1928 835 1972 inexcogitatoet
854 1929 943 1963 inex-

203 1981 386 2025 cogitabili,
417 1992 452 2014 ac
478 1981 662 2024 specificam
690 1988 720 2014 et
744 1982 941 2015 individuam

204 2035 404 2068 mentionem
429 2045 463 2067 ac
486 2034 728 2078 expressionem
756 2036 940 2078 requirente

204 2088 363 2128 defectu,
391 2088 458 2121 sive
495 2088 589 2120 etiam
630 2098 666 2120 ex
706 2099 744 2121 eo
782 2089 868 2132 quod
911 2089 940 2121 in

203 2143 389 2186 praemissis
430 2152 606 2185 eorumque
643 2141 751 2185 aliquo
789 2143 942 2176 solemni-

174 2211 177 2216 ,
205 2201 284 2228 tates
311 2201 340 2228 et
366 2195 497 2239 quaevis
523 2195 600 2235 alia,
627 2195 665 2228 de
693 2195 760 2228 iure
786 2196 942 2229 servanda

204 2254 236 2283 et
259 2248 491 2292 adimplenda,
529 2254 653 2281 servata
693 2255 724 2281 et
764 2250 941 2292 adimpleta

204 2313 269 2336 non
306 2302 448 2342 suerint,
486 2308 540 2335 aut
576 2312 612 2335 ex
647 2313 849 2346 quocumque
879 2303 940 2336 alio

203 2356 307 2400 capite
333 2367 349 2389 a
369 2355 454 2396 iure,
482 2362 600 2389 statuto
626 2357 676 2389 vel
702 2356 940 2389 consuetudine

203 2410 311 2454 aliqua
337 2411 516 2443 resultante
537 2437 544 2449 ,
572 2420 626 2442 seu
653 2410 750 2443 etiam
776 2410 938 2450 enormis,

204 2462 461 2503 enormissimae,
489 2462 661 2506 totalisque
688 2463 861 2503 laesionis,
887 2469 941 2496 aut

204 2525 409 2560 quocumque
434 2516 544 2548 colore
563 2542 570 2555 ,
594 2520 786 2558 praetextu,
814 2515 939 2548 ratione

203 2570 252 2602 vel
278 2570 382 2609 eausa,
409 2568 503 2602 etiam
521 2568 554 2601 in
576 2578 711 2611 corpore
730 2567 808 2601 iuris
825 2568 940 2609 clausa,

289 2633 369 2660 Bull.
395 2631 477 2658 nom.
496 2647 521 2651 ·-
549 2631 610 2658 vot.
631 2630 720 2658 XXII.
868 2630 902 2659 ⁶25

966 799 968 815 l

796 182 990 206 BENEDICTUS
1016 181 1071 205 xm
1096 182 1143 204 PP.

990 234 1022 262 et
1055 230 1261 273 quantumvis
1300 230 1380 262 iusta
1400 256 1407 269 ‚
1442 228 1651 268 rationabili,
1685 229 1729 261 le-

989 282 1100 326 gitima
1120 310 1127 324 ,
1156 281 1289 316 iuridiea
1307 310 1314 323 ,
1342 283 1394 326 pia
1414 309 1421 323 ‚
1447 282 1672 326 privilegiata,
1698 287 1731 315 et

990 336 1043 368 tali
1077 347 1158 379 quae
1185 336 1223 369 ad
1251 335 1402 369 effectum
1432 335 1604 369 validitatis
1638 346 1729 378 prae-

991 388 1162 421 missorum
1190 388 1372 422 necessario
1400 388 1610 432 exprimenda
1635 389 1728 429 foret,

989 445 1043 472 aut
1068 441 1152 484 quod
1179 440 1218 473 de
1248 441 1411 474 voluntate
1447 444 1557 474 nostra
1593 447 1624 474 et
1657 441 1727 473 aliis

989 493 1140 536 superius
1163 493 1327 537 expressis
1349 493 1465 526 nullibi
1484 500 1649 537 appareat,
1668 504 1729 527 nec

966 551 968 589 j
989 547 1068 578 alias
1086 547 1216 589 probari
1236 546 1368 589 possit⁴,
1392 547 1508 585 notari,
1532 547 1727 590 impugnari,

989 598 1182 639 invalidam,
1210 599 1374 631 retraetari
1398 626 1405 639 ,
1433 599 1465 630 in
1492 599 1538 631 ius
1569 600 1615 632 vel
1653 609 1729 632 con·

990 651 1179 684 troversiam
1205 651 1375 691 revocari,
1403 657 1457 684 aut
1495 651 1533 683 ad
1574 652 1728 684 terminos

989 704 1066 737 iuris
1091 705 1226 745 reduci,
1254 706 1304 738 vel
1329 705 1480 738 adversus
1505 706 1577 738 illas
1603 706 1729 738 restitu—

966 754 1086 790 {tionis
1114 758 1145 790 in
1180 758 1366 800 integrum,
1404 758 1598 801 aperitionis
1635 758 1698 791 oris
1718 785 1726 799 ,

966 811 1188 845 ÷reductionis
1213 813 1252 845 ad
1278 812 1360 845 viam
1387 817 1417 845 et
1443 812 1597 845 terminos
1622 812 1701 845 iuris
1719 839 1726 852 ,

988 870 1040 896 aut
1066 864 1153 897 aliud
1179 865 1407 908 quodcumque
1433 865 1512 898 iuris
1542 865 1592 898 vel
1626 864 1699 897 sacti
1718 893 1725 905 ,

989 922 1042 950 aut
1067 918 1190 960 gratiae
1217 919 1265 952 vel
1291 918 1434 951 iustitiae
1460 918 1639 951 remedium
1673 917 1728 950 im-

988 971 1107 1013 petrari
1126 997 1133 1011 ,
1160 982 1215 1013 seu
1242 971 1493 1016 quomodolibet
1517 971 1613 1004 etiam
1639 977 1728 1003 motu

966 1049 967 1064 2
988 1023 1083 1057 simili
1110 1035 1268 1058 concesso
1293 1025 1342 1058 vel
1369 1024 1543 1068 impetrato
1568 1026 1619 1056 aut
1644 1033 1729 1056 ema-

988 1082 1064 1110 nato
1088 1078 1132 1109 uti
1166 1088 1223 1111 seu
1255 1088 1289 1111 se
1323 1077 1429 1110 iuvare
1462 1077 1494 1110 in
1528 1076 1645 1109 iudicio
1679 1076 1727 1109 vel

988 1135 1076 1163 extra
1101 1141 1209 1174 posse,
1236 1141 1341 1174 neque
1360 1130 1446 1173 ipsas
1463 1136 1650 1173 praesentes
1669 1129 1727 1163 sub

989 1184 1155 1227 quibusvis
1178 1183 1329 1216 similium
1357 1184 1405 1217 vel
1433 1183 1638 1217 dissimilium
1657 1194 1728 1226 gra-

989 1237 1103 1269 tiarum
1130 1242 1160 1269 et
1186 1236 1436 1280 dispositionum
1456 1236 1726 1277 revocationibus,

988 1290 1255 1331 suspensionibus
1276 1318 1282 1329 ,
1310 1290 1555 1323 limitationibus
1574 1316 1580 1329 ‚
1606 1291 1727 1323 moditi-

965 1340 967 1361 *
988 1342 1179 1381 canonibus,
1198 1343 1475 1385 derogationibus,
1491 1343 1630 1386 aliisque
1649 1353 1726 1376 con-

989 1396 1094 1429 trariis
1120 1396 1414 1439 dispositionibus,
1441 1396 1536 1428 eliam
1573 1407 1631 1440 per
1666 1407 1725 1430 nos

987 1455 1018 1482 et
1043 1460 1247 1483 successores
1285 1449 1417 1482 nostros
1459 1450 1622 1482 Romanos
1648 1450 1726 1484 Pon-

988 1502 1088 1535 tifices
1114 1513 1170 1546 pro
1193 1508 1339 1546 tempore
1359 1502 1535 1535 existentes
1566 1502 1723 1536 etSedem

988 1557 1208 1599 Apostolicam
1235 1555 1461 1598 praedictam,
1488 1555 1584 1588 etiam
1611 1561 1724 1595 motu,

986 1609 1121 1642 seientia
1140 1614 1170 1641 et
1190 1607 1359 1651 potestatis
1385 1608 1589 1651 plenitudiue
1616 1608 1724 1642 simili-

987 1663 1055 1701 bus,
1073 1662 1167 1694 etiam
1186 1661 1467 1701 consistorialiter,
1488 1666 1519 1693 et
1537 1672 1572 1694 ex
1595 1662 1725 1705 quibus-

986 1715 1067 1747 libet
1087 1714 1201 1752 causis
1221 1720 1253 1747 et
1277 1714 1337 1746 sub
1363 1714 1526 1756 quibusvis
1553 1715 1723 1747 verborum

987 1768 1157 1801 tenoribus
1185 1774 1215 1801 et
1243 1768 1363 1807 formis,
1385 1778 1419 1799 ac
1437 1778 1507 1799 cum
1526 1767 1725 1810 quibuslibet

986 1822 1137 1855 clausulis
1164 1827 1195 1855 et
1220 1821 1379 1861 decretis,
1406 1821 1529 1854 etiamsi
1557 1821 1588 1853 in
1615 1822 1660 1854 eis
1685 1822 1724 1854 de

963 1881 964 1909 i
986 1874 1107 1907 eisdem
1135 1874 1360 1918 praesentibus
1387 1884 1565 1917 earumque
1591 1879 1656 1907 toto
1684 1880 1724 1908 te·

963 1922 964 1934 ³
986 1938 1065 1961 nore
1091 1938 1126 1960 ac
1145 1928 1216 1961 data
1237 1927 1384 1970 specialis
1402 1927 1524 1959 mentio
1545 1927 1646 1967 (ieret,
1665 1938 1723 1970 pro

988 1986 1133 2024 tempore
1161 1981 1251 2013 saetis
1271 1986 1301 2013 et
1318 1980 1489 2019 concessis,
1506 1990 1541 2012 ac
1565 1980 1722 2013 faciendis

962 2032 963 2048 ³
987 2040 1018 2067 et
1042 2034 1272 2074 concedendis,
1298 2033 1543 2077 comprehendi,
1563 2034 1627 2074 sed,
1651 2039 1723 2066 tam-

987 2099 1083 2131 quam
1110 2088 1147 2121 ad
1174 2088 1275 2120 maius
1300 2087 1420 2119 bonum
1446 2092 1477 2119 et
1494 2086 1723 2120 ecelesiastica·

987 2152 1056 2174 rum
1082 2151 1293 2185 personarum
1319 2140 1556 2184 praedictarum
1583 2140 1722 2183 quietem

986 2205 1022 2227 ac
1047 2205 1158 2238 pacem
1185 2194 1376 2233 tendentes,
1401 2203 1528 2236 semper
1546 2193 1722 2226 etomnino

987 2247 1025 2279 ab
1053 2247 1115 2280 illis
1142 2247 1256 2290 excipi,
1282 2253 1324 2285 et,
1345 2245 1471 2289 quoties
1497 2245 1571 2278 illae
1597 2256 1724 2279 emana-

985 2301 1089 2340 bunt,
1117 2301 1212 2333 toties
1238 2301 1269 2332 in
1301 2299 1472 2343 pristinum
1505 2304 1535 2332 et
1568 2299 1724 2333 validissi-

986 2365 1071 2386 mum
1105 2364 1140 2386 ac
1166 2364 1239 2386 eum
1265 2353 1296 2384 in
1323 2362 1388 2395 quo
1420 2356 1512 2385 antea
1546 2353 1724 2395 quomodo-

986 2408 1064 2440 libet
1093 2411 1183 2439 erant
1211 2411 1326 2439 statum
1352 2405 1533 2444 restitutas,
1563 2405 1724 2448 repositas

985 2466 1017 2494 et
1041 2459 1185 2503 plenarie
1224 2459 1459 2501 i·eintegrataS‚
1494 2469 1529 2491 ae
1556 2459 1595 2491 de
1622 2469 1722 2498 novo,

986 2514 1081 2547 etiam
1107 2513 1164 2545 sub
1204 2522 1407 2556 quacumque
1440 2511 1612 2554 posteriori
1651 2512 1724 2544 data

1022 2577 1031 2602 1
1055 2574 1126 2602 Edit.
1148 2573 1225 2602 Main.
1248 2573 1312 2610 legit
1330 2573 1441 2609 possin!
1459 2575 1498 2608 (R.
1516 2573 1564 2607 τ.).

1629 169 1692 203 193
1739 181 1788 205 An.
1806 179 1836 205 c.
1859 177 1924 205 1725
