2139 3142
785 209 877 230 INDEX
905 208 1103 231 tttiBRtCAttt‘tt

178 259 278 292 CXVI.
316 259 531 302 Supprimitur
566 260 695 292 ecclesia
732 260 919 302 parochialis

267 312 299 345 B.
325 312 469 354 Gregorii
495 312 533 344 ad
559 313 687 345 Pontem
712 312 851 352 Quatuor
869 313 920 346 Ca-

267 364 367 407 pitum
394 364 432 396 de
457 364 562 405 Urbe,
583 364 713 408 eiusque
746 365 866 397 fructus
890 371 920 398 et

267 417 336 449 iura
357 417 510 449 uniuntur
534 417 685 450 ecclesiae
704 418 736 450 B.
754 418 863 460 Angeli
889 418 919 450 in

267 469 349 502 Foro
368 469 514 509 Piscium,
533 469 662 513 ipsaque
682 470 813 503 ecclesia
838 470 920 504 Con-

267 521 459 563 gregationis
483 522 610 554 Divinae
629 522 754 554 Pietatis
774 522 919 564 adsigna-

270 579 337 612 tur,
362 572 438 606 332.

177 625 294 660 CXVII.
319 626 529 659 confirmatur
553 626 713 659 decretum
738 627 917 669 Congrega-

267 679 360 711 tionis
375 679 596 722 epiScoporum
611 685 640 711 et
655 680 847 721 regularium
861 691 918 723 pro

267 731 442 764 Carmelitis
453 731 632 774 provinciae
651 732 859 774 Pol-tugalliae
872 743 919 764 su-

266 793 325 826 per
349 783 418 815 iure
444 783 658 826 suffragandi,
682 784 758 816 3:37.

175 836 304 870 CXVIII.
321 835 553 869 Confirmantur
570 837 738 869 nonnullae
756 837 921 879 indulgen-

266 888 328 921 tiae
350 899 409 932 pro
434 888 619 928 Minoribus,
638 889 769 932 aliisque
789 889 833 922 eis
850 890 921 921 sub-

267 941 375 980 iectis,
400 940 486 984 pium
512 942 697 973 exercitium
720 942 785 974 viae
812 942 920 975 Crucis

234 1003 239 1007 ·
265 994 508 1038 peragentibus;
533 994 683 1037 ipsaeque
708 994 920 1036 indulgentiae

265 1046 519 1090 quibuscumque
530 1047 598 1079 aliis
610 1046 918 1088 concediintui·,339.

178 1099 281 1133 CXIX.
303 1099 496 1142 Praecipitur
521 1099 663 1132 executio
687 1100 920 1132 constitutionis

266 1152 439 1185 Innocentii
464 1152 533 1185 XIII
558 1163 617 1196 pro
642 1153 853 1185 ecclesiastica
874 1154 921 1186 di-

266 1205 399 1248 sciplina
423 1205 454 1237 in
472 1205 577 1247 regnis
594 1205 830 1248 Hispaniarum,
849 1217 920 1239 cum

246 1257 427 1290 -nonnullis
451 1257 721 1299 ordinationibus,
746 1257 822 1291 342.

180 1310 267 1344 CXX.
288 1310 475 1344 Statuuntur
494 1311 643 1344 nonnulla
661 1322 720 1354 pro
737 1312 812 1343 artis
831 1321 923 1354 agra-

268 1364 334 1397 riae
358 1364 591 1403 sublevamine,
616 1369 646 1396 et
670 1365 837 1397 securitate
861 1375 918 1397 an-

268 1426 369 1449 nonae
394 1417 424 1448 in
451 1417 717 1456 mutuationibus,
742 1416 817 1449 346.

178 1469 283 1503 CXXI.
307 1470 540 1503 Confirmantur
563 1470 726 1513 privilegia
743 1470 922 1504 academiae

269 1523 467 1565 theologicae
510 1523 541 1555 in
571 1523 825 1567 arcliigymnasio
862 1523 919 1556 Sa-

268 1575 406 1619 pientiae
442 1581 564 1608 erectae
602 1586 768 1617 concessa,
799 1576 923 1619 aliaque

269 1629 409 1672 plurima
440 1639 500 1671 pro
529 1628 669 1660 eiusdem
694 1629 870 1662 directione
894 1635 924 1662 et

269 1683 465 1716 incremento
497 1683 715 1715 conceduntur
734 1688 763 1715 et
787 1688 925 1716 statuun-

269 1740 339 1774 tur,
364 1734 440 1767 349.

179 1787 297 1821 CXXII.
323 1787 511 1821 Conceditur
538 1788 698 1830 prioribus
723 1789 925 1830 generalibus

269 1840 474 1873 eremitarum
520 1841 548 1874 S.
588 1842 753 1883 Augustini
794 1842 925 1875 facultas

271 1893 397 1926 creandi
431 1894 599 1937 magistros
634 1895 862 1938 quinquaginta
893 1896 951 1928 ini

950 1962 952 1966 ’
976 1949 1130 1983 CXXXIII.
1156 1948 1343 1982 Conceditur
1375 1950 1569 1993 presbyteris
1594 1950 1719 1985 Ordinis

269 1947 443 1989 provinciis
467 1947 582 1986 ltaliae,
602 1948 812 1990 quadraginta
831 1948 924 1981 dum-

272 2004 354 2031 taxat
378 2003 464 2032 extra
488 1999 626 2039 Italiam,
651 1999 728 2034 352.

178 2051 310 2085 CXXIII.
335 2052 555 2085 Conceduntur
582 2053 735 2096 quaedam
760 2053 925 2097 indulgen-

270 2105 332 2137 tiae
356 2105 387 2137 in
412 2105 553 2138 ecclesiis
577 2106 787 2139 Eremitarum
813 2107 844 2140 S.
865 2109 926 2140 Au-

271 2157 388 2201 gustini
405 2158 661 2191 Excalceatorum
680 2158 710 2191 in
733 2170 831 2202 reguo
847 2160 927 2193 Tun-

272 2210 358 2252 kini,
382 2209 458 2243 354.

177 2263 308 2297 CXXIV.
332 2263 496 2303 Statuitur,
513 2274 552 2297 ne
567 2264 679 2298 fratres
704 2264 926 2308 Congregatio-

271 2316 320 2349 nis
336 2315 368 2350 S.
391 2316 515 2350 Ioannis
531 2317 570 2350 de
589 2317 782 2351 Carbonaria
800 2317 926 2352 Ordinis

271 2369 476 2403 eremitarum
509 2369 540 2404 S.
570 2371 736 2414 Augustini
771 2371 810 2404 ad
849 2372 926 2405 alias

270 2422 449 2465 provincias
466 2432 520 2455 seu
540 2424 803 2466 congregationes
826 2428 925 2459 trans-

272 2473 320 2507 ire
343 2475 480 2518 possint,
503 2475 580 2509 354.

180 2525 299 2560 CXXV.
324 2527 534 2562 Contirmatur
564 2529 725 2563 decretum
746 2530 925 2573 Congrega-

273 2579 368 2613 tionis
392 2581 613 2626 episcoporum
631 2588 662 2616 et
681 2583 877 2626 regularium
894 2582 925 2615 in

1600 199 1665 231 919

1059 261 1197 293 favorem
1224 260 1349 293 Piorum
1375 259 1602 304 Operariorum
1627 272 1713 294 ema-

1058 316 1164 346 natum
1179 312 1217 345 de
1239 312 1390 355 privativa
1406 312 1489 345 circa
1506 322 1622 345 nomen
1637 314 1711 347 Pio-

1059 376 1133 398 rum
1159 365 1403 408 operariorum,
1430 364 1507 398 356.

970 419 1098 452 CXXVI.
1138 417 1354 450 Restituuntur
1394 418 1499 451 denuo
1538 423 1712 451 conventus

1058 471 1087 505 S.
1112 471 1261 510 Sabinae,
1286 476 1379 513 atque
1405 471 1557 504 uniuntur
1580 472 1710 515 provin—

1059 523 1124 555 ciae
1149 523 1375 562 Lombardiae,
1401 522 1477 556 357.

969 576 1109 609 CXXVII.
1128 576 1361 608 Consti-tuantur
1382 576 1503 609 litterae
1520 576 1604 608 Pauli
1624 577 1647 609 V
1665 588 1713 609 su-

1057 639 1114 671 per
1138 628 1290 661 electione
1313 629 1433 661 abbatis
1453 630 1610 671 generaIIs
1626 629 1714 663 Ordi-

1058 682 1107 713 nis
1131 681 1160 714 S.
1185 681 1288 713 Basilii
1324 682 1424 724 Magni
1458 682 1496 714 ad
1527 683 1711 716 sexennium

1058 734 1235 772 dumtaxat,
1255 733 1331 766 3611.

970 787 1122 822 CXXVIII.
1144 786 1360 830 Supprimitur
1381 787 1621 820 confraternitas
1639 799 1710 821 san-

1059 840 1189 872 ctissimi
1202 840 1332 879 Rosarii,
1347 840 1495 883 Coepputa
1510 841 1603 883 vulgo
1617 841 1711 882 dicta,

1060 892 1194 924 civitatis
1217 892 1439 932 Anconitanae‚
1464 899 1494 926 et
1518 894 1713 928 Praedicato-

1061 954 1131 976 rum
1147 946 1313 977 conventui
1327 946 1356 977 S.
1367 946 1480 978 Mariae
1494 946 1710 988 lncoronatae,

1061 1007 1183 1029 necnon
1199 1007 1370 1039 puerorum
1386 999 1556 1032 seminario
1570 1001 1714 1034 ecclesia-

1060 1050 1138 1082 stico
1163 1049 1263 1082 dictae
1299 1050 1432 1082 civitatis
1462 1052 1530 1084 eius
1554 1052 1635 1085 bona
1659 1064 1715 1097 ap-

1060 1101 1237 1144 plicantur,
1263 1101 1338 1134 363.

972 1154 1095 1187 CXXIX.
1121 1155 1273 1187 Statuitur
1308 1155 1453 1189 ministro
1488 1158 1628 1199 generali
1664 1159 1716 1192 Ca-

1060 1208 1268 1251 puccinorum
1308 1215 1488 1252 competere
1534 1211 1715 1244 facultatem

1062 1260 1203 1302 erigendi
1238 1260 1354 1303 ubique
1388 1262 1527 1294 Tertium
1563 1263 1713 1298 Ordinem

1062 1313 1160 1345 sancti
1186 1313 1365 1353 Francisci,
1397 1315 1526 1357 riusquc
1558 1317 1717 1359 professo-

1062 1366 1148 1397 ribus
1173 1366 1337 1407 scapulare
1361 1377 1432 1399 cuin
1461 1367 1588 1410 cingulo
1612 1370 1717 1403 conse-

1063 1419 1170 1457 rendi,
1195 1418 1272 1451 367.

974 1472 1089 1505 CXXX.
1115 1472 1302 1504 Statuuntur
1314 1473 1467 1516 quaedam
1483 1484 1541 1517 pro
1554 1474 1716 1508 Tertiariis

1063 1524 1120 1556 sub
1151 1525 1306 1557 Minorum
1343 1525 1603 1560 Conventualium
1635 1527 1719 1562 dire-

1064 1577 1168 1610 ctione
1193 1577 1382 1617 vivenfibus,
1409 1578 1484 1611 370.

974 1630 1101 1664 CXXXI.
1137 1631 1340 1663 Declarantur
1371 1637 1455 1663 ratae
1491 1642 1642 1666 censurae
1673 1634 1720 1666 Ia-

1065 1689 1112 1716 tac
1129 1683 1168 1715 ab
1193 1684 1342 1726 episcopo
1368 1684 1511 1727 papiensi
1536 1685 1569 1718 in
1593 1688 1718 1720 canoni-

1064 1748 1128 1777 cos,
1152 1736 1227 1770 373.

976 1791 1113 1825 CXXXII.
1148 1791 1322 1823 Abolentur
1357 1801 1467 1824 omnes
1502 1792 1719 1827 coadiutoriae

1065 1853 1339 1886 quorumcumque
1363 1844 1552 1884 officiorum,
1572 1855 1652 1889 quae
1677 1846 1721 1880 ad

1064 1897 1151 1928 viam
1178 1897 1263 1928 iuris
1288 1896 1493 1936 reducuntur,
1517 1896 1594 1930 374.

1065 2001 1095 2034 S.
1114 2001 1236 2034 loannis
1254 2002 1317 2041 Dei,
1336 2001 1366 2033 in
1384 2002 1548 2035 Americae
1573 2004 1721 2037 meridio-

1065 2054 1166 2094 nalis,
1191 2054 1447 2097 septentrionalis
1480 2061 1509 2088 et
1538 2056 1720 2090 Mai-linicae

1065 2108 1176 2141 insulis
1201 2108 1415 2149 existentibus,
1432 2108 1563 2141 facultas
1586 2109 1721 2143 admini-

1066 2160 1184 2192 strandi
1208 2166 1403 2192 sacramenta
1427 2171 1489 2194 non
1513 2162 1719 2205 parochialia,

1065 2212 1143 2245 376.

977 2266 1135 2300 CXXXIV.
1157 2266 1341 2298 Statuuntur
1353 2266 1506 2299 nonnulla
1522 2267 1606 2300 circa
1623 2268 1720 2301 eccle-

1066 2320 1126 2352 sias
1151 2319 1349 2362 parochiales
1380 2325 1468 2352 extra
1493 2320 1608 2353 Urbem
1634 2321 1721 2355 insti-

1066 2377 1164 2411 tutas,
1189 2382 1247 2415 pro
1272 2374 1414 2415 congrua
1445 2373 1592 2416 portione
1616 2379 1720 2409 recto-

1066 2436 1135 2457 rum
1161 2430 1191 2457 et
1215 2425 1404 2458 vicariorum
1419 2452 1426 2465 ,
1451 2425 1527 2459 376.

977 2478 1117 2512 CXXXV.
1131 2478 1342 2511 Confirmatur
1358 2478 1521 2512 decretum
1535 2480 1652 2524 prioris
1665 2491 1721 2524 ge-

1065 2530 1180 2563 neralis
1216 2530 1341 2564 Ordinis
1380 2531 1491 2565 Beatae
1529 2533 1645 2566 Mariae
1680 2533 1720 2567 de

1065 2582 1167 2616 Monte
1205 2583 1368 2627 carmelo,
1404 2594 1444 2618 ne
1481 2586 1718 2620 commissarius
