2170 3147
25 235 75 262 An.
96 235 125 261 C.
148 234 214 262 ¹7³2AE

42 1243 163 1264 Exordium.

19 1768 127 1795 Expositi.)
137 1770 193 1791 rat-it.

796 237 853 260 BEN
860 237 991 262 Enlcrus
1019 237 1073 262 xm
1099 238 1146 262 PP.

217 286 235 344 Τ

215 344 234 370 Τ

256 381 287 411 P.
313 381 468 411 cardinalis
492 381 684 421 prodatarius.

256 430 288 460 F.
312 430 469 460 cardinalis
487 429 642 460 Oliverius.

336 488 398 518 Visa
425 490 453 518 in
478 488 562 518 Carisi
585 489 606 518 1.
624 489 753 528 archiep.
772 489 951 527 Ancyranus.
974 501 977 510 ¹

531 538 560 567 L.
585 537 804 567 MAnrmerres.

294 594 448 633 Royistrata
472 597 501 625 in
523 595 675 625 secretaria
698 596 842 624 Rrerinm.

542 749 615 781 vm.

211 828 451 869 Pronmlqatur
482 827 685 860 canonizatio
716 828 755 860 B.
783 827 904 860 Felicis
929 838 947 860 a

256 880 437 914 Cantalicio
464 879 598 913 Ordinis
624 880 894 922 Cuymccinorum,
922 890 949 912 o-

255 933 310 964 lim
330 943 350 964 a
371 932 529 966 Clemente
545 933 598 965 XI
622 933 655 964 in
679 933 871 965 Sanctorum
892 942 948 965 nu-

254 995 378 1018 merum
405 984 563 1027 adscripti
573 984 593 1017 ¹.

384 1066 568 1094 Benedictus
595 1065 770 1100 Episcopus,

402 1117 508 1137 servus
521 1117 675 1137 servorum
690 1110 750 1141 Dei,

325 1157 361 1183 ad
382 1158 560 1189 perpetuam
578 1155 623 1182 rei
643 1155 826 1182 memoriam.

253 1225 380 1260 Rationi
407 1224 557 1267 congruit
589 1231 618 1258 et
657 1226 805 1259 convenit
838 1226 945 1269 aequi-

210 1279 278 1319 tati,
295 1285 341 1320 ut,
361 1289 444 1322 quae
469 1278 631 1311 Romanus
656 1277 801 1310 Pontifex
829 1278 860 1310 in
879 1279 944 1321 ple-

209 1333 298 1366 nario
337 1337 494 1366 conventu
535 1331 769 1365 venerabilium
810 1331 943 1364 fratrum

207 1386 321 1419 S.R.E.
342 1384 556 1418 cardinalium
570 1411 577 1424 ‚
598 1383 868 1427 patriarcharum,
896 1394 943 1415 ar-

207 1438 491 1481 chiepiscoporum
517 1442 548 1469 et
573 1436 814 1480 episcoporum,
830 1437 941 1469 unani-

208 1491 250 1524 mi
276 1501 389 1524 eorum
414 1490 550 1523 oonsilio
576 1491 821 1529 communicato,
841 1490 941 1523 sanxit

207 1549 239 1576 et
271 1542 431 1583 definivit,
457 1542 531 1575 licet
562 1547 696 1586 postea,
725 1543 765 1576 ob
796 1542 939 1575 eiusdem

206 1594 370 1629 Pontificis
386 1594 519 1636 obitum,
534 1595 661 1628 litterae
680 1594 878 1638 apostolicae
900 1595 938 1628 de

206 1649 256 1682 his
275 1649 477 1692 conscriptae
503 1659 568 1682 non
596 1648 730 1689 suerint,
758 1659 848 1681 suum
876 1654 940 1681 tan-

205 1703 277 1736 dem
301 1706 540 1744 consequantur
561 1700 723 1734 effectum.

247 1756 262 1799 ἓ
285 1755 317 1788 1.
344 1755 549 1788 Recolendae
578 1754 755 1787 memoriae
794 1761 938 1789 anteces-

204 1819 255 1843 sor
274 1813 386 1842 noster
404 1807 551 1841 Clemens
571 1808 630 1840 Pr.
646 1807 696 1847 XI,
713 1813 748 1839 ut
765 1808 938 1850 frigescen-

204 1869 266 1896 tem
293 1861 544 1896 christianorum
570 1861 723 1904 pietatem
750 1862 787 1894 ad
809 1862 935 1895 Domini

203 1917 323 1950 cultum
348 1915 554 1955 accenderet,
580 1924 746 1946 servorum
760 1914 815 1947 Dei
835 1925 936 1948 exem-

201 1971 265 2013 pla,
293 1968 347 2012 qui
373 1967 526 2001 virtutum
540 1966 763 2009 magnitudine
780 1967 855 2000 olim
874 1969 936 2000 cla-

203 2027 345 2062 ruerant,
372 2021 405 2053 in
431 2031 557 2053 summo
582 2020 744 2052 Romanae
769 2020 934 2054 Ecclesiae

202 2075 397 2108 candelabro
433 2074 575 2107 lucentia
606 2083 667 2117 pro
700 2075 755 2105 sua
780 2075 932 2116 pastorali

202 2127 421 2162 sollicitudine
447 2137 610 2170 exponere
636 2127 755 2167 statuit,
783 2128 932 2171 beatique

201 2181 316 2215 Felicis
341 2192 358 2214 a
378 2180 550 2214 Cantalicio
575 2180 702 2213 Ordinis
727 2180 859 2213 fratrum
882 2182 932 2214 Mi<

199 2244 314 2267 norum
339 2233 374 2266 B.
401 2232 573 2272 Francisci,
598 2232 653 2275 qui
685 2232 856 2276 Capuccini
882 2244 933 2277 ap·

198 2288 371 2331 pellantur,
399 2284 497 2328 gestis
534 2285 620 2317 omni
657 2286 832 2328 praeconio
866 2297 932 2320 me-

198 2340 359 2374 morandis
387 2344 417 2372 et
442 2338 554 2381 signis,
580 2348 660 2380 quae
685 2338 768 2370 Deus
793 2339 833 2371 ob
863 2339 931 2373 eius

196 2394 308 2428 merita
332 2392 491 2432 ediderat,
520 2391 550 2423 in
574 2401 708 2424 examen
733 2391 864 2432 vocatis,
892 2393 930 2425 de

230 2484 239 2509 1
264 2469 424 2509 Constitutio
444 2479 608 2515 praecedens
628 2483 668 2506 est
687 2478 749 2506 huic
768 2479 871 2513 similis,
893 2481 929 2508 uti

193 2530 219 2553 et
238 2527 290 2554 alia
309 2526 375 2552 edit.
397 2531 540 2557 nnecxxw,
562 2523 605 2550 die
627 2524 658 2549 10
677 2523 838 2557 decembris,
860 2533 929 2560 pon-

193 2571 232 2598 tis.
254 2578 294 2598 ui.
315 2571 431 2598 Peracta
450 2569 499 2596 fuit
519 2568 684 2596 canonizatio
711 2576 782 2596 anno
802 2576 926 2604 Moccxu,

192 2615 235 2643 die
253 2614 288 2642 ⁶22
307 2615 369 2649 mai,
392 2613 489 2649 pontif.
511 2619 557 2640 xit.

297 2671 375 2699 Bull.
395 2671 473 2699 Rom.
492 2687 526 2692 —
547 2673 606 2700 Vol.
625 2674 716 2704 XXII.
862 2676 878 2704 6

1657 229 1693 261 41

1002 286 1058 319 illo
1088 292 1270 320 sanctorum
1297 286 1385 320 fastis
1422 286 1638 320 adscribendo
1663 297 1738 330 pro-

1001 339 1072 372 vide
1098 339 1260 381 cogitavit.

1044 392 1058 434 ἓ
1083 391 1110 424 52.
1137 392 1236 433 Felix,
1262 391 1391 425 ineunte
1417 393 1547 425 saeculo
1577 403 1626 425 xvi
1650 392 1735 425 circa

1000 454 1119 476 annum
1153 444 1270 477 Christi
1300 454 1403 478 Μυκη]
1429 445 1462 477 in
1488 445 1606 478 sinibus
1632 445 1736 478 Reati-

999 506 1111 529 norum
1140 496 1252 529 lmmili
1279 497 1351 530 loco
1379 503 1482 538 natus,
1508 499 1546 531 ab
1573 497 1642 541 ipsa
1661 498 1736 531 ado-

997 548 1155 581 lescentia
1180 549 1305 581 suturae
1332 549 1458 582 virtutis
1483 556 1682 592 argumenta,
1704 551 1733 583 in

998 600 1066 634 dies
1093 601 1235 634 animum
1261 602 1329 635 eius
1355 602 1394 635 ad
1425 603 1542 635 summi
1576 603 1630 636 Dei
1668 605 1735 638 cul-

997 658 1061 685 tum
1087 654 1270 694 excitantia,
1290 654 1519 687 manifestavit.
1541 655 1734 689 Litterarum

996 706 1091 748 plane
1118 706 1207 740 rudis
1232 707 1382 750 agrisque
1415 707 1560 740 colendis
1592 708 1731 750 deditus,

995 769 1030 791 ex
1049 758 1108 791 sibi
1128 759 1296 802 praelectis
1313 765 1456 793 veterum
1475 760 1601 793 Patrum
1625 762 1730 804 gestis,

995 812 1181 845 austerioris
1206 813 1309 853 vitae,
1332 824 1393 856 qua
1418 813 1464 846 illi
1490 814 1729 855 excellueiant,

993 874 1102 896 amore
1143 871 1274 908 captim,
1320 866 1501 898 institutum
1544 867 1731 901 eorumdem

993 916 1124 950 fratrum
1150 917 1310 951 Minorum
1337 919 1371 952 Β,
1399 918 1577 959 Francisci,
1604 920 1657 963 qui
1678 920 1730 953 Ca-

993 970 1119 1011 puccini
1133 971 1352 1013 appellantur,
1370 977 1443 1005 voto
1461 983 1520 1006 suo
1534 974 1729 1016 complendo

991 1022 1191 1066 aptissimum
1219 1025 1354 1065 censuit,
1373 1025 1423 1058 cui
1442 1025 1584 1069 plurimo
1610 1026 1729 1069 gaudio

992 1075 1023 1108 in
1062 1076 1216 1109 laicorum
1257 1077 1371 1111 ordine
1409 1089 1526 1112 nomen
1569 1080 1701 1113 daturus
1718 1108 1725 1120 ‚

991 1129 1125 1162 Romam
1152 1142 1187 1163 ex
1215 1132 1319 1174 patria
1343 1133 1399 1165 sua
1423 1132 1598 1166 Cantalicio
1624 1134 1728 1176 prose-

991 1188 1059 1216 ctus
1087 1189 1143 1216 est.
1169 1185 1225 1217 llic
1244 1185 1435 1229 religionem
1453 1186 1617 1229 ingressus
1643 1198 1727 1221 anno

988 1246 1112 1270 nnxrm
1139 1238 1192 1270 toti
1220 1238 1295 1271 Urbi
1323 1249 1382 1282 per
1399 1240 1612 1283 quadraginta
1637 1246 1667 1273 et
1687 1252 1725 1275 eo

988 1290 1127 1332 amplius
1160 1302 1262 1324 annos
1297 1303 1419 1326 summe
1457 1294 1631 1326 christiana
1658 1306 1725 1328 mo-

988 1352 1058 1374 rum
1092 1343 1278 1377 innocentia
1304 1351 1334 1378 et
1366 1346 1583 1389 simplicitate,
1614 1358 1723 1391 asper-

988 1395 1152 1439 rimaeque
1179 1397 1398 1440 poenitentiae
1425 1404 1454 1431 et
1486 1400 1568 1432 vitae
1602 1411 1722 1443 genere

986 1458 1018 1481 se
1044 1448 1269 1483 admirandum
1296 1451 1455 1484 exhibuit.
1491 1452 1641 1495 Rigidum
1675 1454 1721 1486 sui

985 1501 1112 1534 Ordinis
1132 1502 1312 1535 institutum
1330 1515 1388 1547 per
1407 1505 1515 1538 onmia
1533 1505 1722 1540 observasse

984 1564 1187 1598 nequaquam
1214 1562 1398 1597 contentus,
1426 1558 1566 1600 plurima
1591 1559 1654 1592 alia
1676 1561 1722 1593 ul-

986 1612 1033 1639 tro
1059 1607 1118 1639 sibi
1145 1609 1301 1641 servanda
1333 1620 1389 1652 pro
1416 1610 1470 1643 Dei
1500 1621 1630 1651 amore,
1657 1623 1720 1654 quo

983 1660 1154 1702 flagrabat,
1172 1661 1224 1693 diu
1246 1667 1407 1705 noctuque
1427 1665 1612 1706 proposuit.
1643 1664 1721 1697 Cou-

982 1713 1137 1746 scientiae
1157 1714 1214 1747 viri
1236 1715 1290 1748 Dei
1311 1715 1544 1757 moderatores,
1565 1718 1719 1750 dominici

981 1766 1131 1809 Corporis
1161 1768 1377 1810 sumptionem
1417 1775 1464 1801 ter
1501 1770 1547 1802 illi
1582 1770 1718 1812 singulis

983 1819 1194 1852 hebdomadis
1227 1831 1380 1863 peragere
1407 1822 1513 1863 solito,
1547 1833 1605 1865 per
1636 1828 1717 1856 totos

981 1872 1166 1916 quindecim
1191 1878 1264 1906 ante
1291 1874 1521 1908 dormitionem
1545 1886 1656 1915 annos,
1676 1878 1717 1909 ob

980 1925 1049 1958 cius
1068 1926 1331 1960 ardentissimum
1351 1928 1517 1961 charitatis
1544 1928 1715 1969 fervorem,

979 1978 1202 2022 quotidianam
1228 1979 1355 2013 divinae
1381 1991 1512 2014 mensae
1532 1984 1717 2026 perceptio—

979 2043 1052 2065 nem
1078 2033 1270 2073 concedere,
1298 2040 1443 2067 sanctum
1472 2035 1714 2069 existimarunt:

978 2086 1016 2117 ad
1054 2096 1148 2128 quam
1189 2086 1258 2119 sine
1300 2087 1464 2121 uberrimo
1502 2090 1714 2132 lacrymarum

977 2138 1079 2170 imbre
1106 2149 1268 2182 nunquam
1295 2140 1440 2173 accessit.
1465 2141 1560 2174 Lasso
1586 2144 1715 2185 corpori

976 2191 1097 2224 nullam
1123 2192 1269 2235 requiem
1295 2192 1439 2233 indulsit,
1472 2194 1552 2227 illud
1577 2194 1715 2236 ieiuniis,

975 2248 1105 2286 praeter
1138 2254 1226 2277 suam
1256 2246 1402 2287 regulam
1436 2256 1600 2290 supraque
1629 2258 1715 2281 com-

975 2306 1104 2330 munem
1127 2307 1220 2329 usum
1239 2297 1299 2330 sibi
1319 2299 1540 2342 praescriptis,
1560 2300 1713 2344 durisque

974 2350 1110 2391 flagellis
1143 2350 1315 2392 castigans.
1353 2351 1451 2384 Nudis
1483 2352 1623 2395 pedibus
1656 2364 1714 2396 per

975 2401 1107 2442 Urbem,
1133 2403 1356 2447 eleemosynas
1381 2414 1439 2447 pro
1465 2405 1617 2438 fratribus
1644 2406 1713 2438 resi-

973 2453 1095 2486 ciendis
1121 2455 1266 2498 quotidie
1293 2462 1530 2499 corrogaturus,
1547 2457 1712 2499 incedere,

974 2506 1087 2540 ferreis
1113 2519 1244 2551 quoque
1271 2510 1399 2543 annulis
1419 2510 1455 2542 ad
1476 2511 1604 2543 lumbos
1619 2522 1711 2554 prac-

973 2560 1096 2593 cinctus
1114 2561 1314 2595 celebriores
1335 2562 1429 2595 Urbis
1447 2563 1595 2595 basilicas
1616 2564 1709 2597 obire

972 2615 1161 2657 consuevit,
1181 2616 1287 2659 palam
1306 2615 1402 2649 etiam
1420 2617 1506 2649 visus
1525 2626 1597 2649 cum
1615 2617 1709 2652 beato

1748 238 1796 263 An.
1814 237 1842 263 C.
1868 237 1934 265 51:⁷22

1800 405 1849 425 Eius
1874 409 1931 427 ortus

1748 437 1813 451 unxit!
1835 434 1855 452 et
1876 436 1930 452 vitae

1748 457 1769 478 ll.
1788 457 1862 478 Felici:
1876 464 1931 479 Gom-

1748 484 1854 508 pendium.
