<?xml version="1.0" encoding="UTF-8"?>
<!DOCTYPE html PUBLIC "-//W3C//DTD XHTML 1.0 Transitional//EN"
    "http://www.w3.org/TR/xhtml1/DTD/xhtml1-transitional.dtd">
<html xmlns="http://www.w3.org/1999/xhtml" xml:lang="en" lang="en">
 <head>
  <title>
</title>
<meta http-equiv="Content-Type" content="text/html;charset=utf-8" />
  <meta name='ocr-system' content='tesseract 3.04.00' />
  <meta name='ocr-capabilities' content='ocr_page ocr_carea ocr_par ocr_line ocrx_word'/>
</head>
<body>
  <div class='ocr_page' id='page_1' title='image "./bullarumdiplomat22cath_0897.png"; bbox 0 0 2139 3142; ppageno 0'>
   <div class='ocr_carea' id='block_1_1' title="bbox 20 220 204 249">
    <p class='ocr_par' dir='ltr' id='par_1_1' title="bbox 20 220 204 249">
     <span class='ocr_line' id='line_1_1' title="bbox 20 220 204 249; baseline -0.011 0"><span class='ocrx_word' id='word_1_1' title='bbox 20 221 69 249; x_wconf 74' lang='lat' dir='ltr'>An.</span> <span class='ocrx_word' id='word_1_2' title='bbox 90 221 119 249; x_wconf 90' lang='lat' dir='ltr'>C.</span> <span class='ocrx_word' id='word_1_3' title='bbox 137 220 204 248; x_wconf 72' lang='lat'>¹729</span> 
     </span>
    </p>
   </div>
   <div class='ocr_carea' id='block_1_2' title="bbox 790 223 1133 247">
    <p class='ocr_par' dir='ltr' id='par_1_2' title="bbox 790 223 1133 247">
     <span class='ocr_line' id='line_1_2' title="bbox 790 223 1133 247; baseline 0.003 -1"><span class='ocrx_word' id='word_1_4' title='bbox 790 223 982 247; x_wconf 80' lang='lat' dir='ltr'>BENEDICTUS</span> <span class='ocrx_word' id='word_1_5' title='bbox 1006 223 1062 247; x_wconf 75' lang='lat' dir='ltr'>xm</span> <span class='ocrx_word' id='word_1_6' title='bbox 1086 224 1133 247; x_wconf 88' lang='lat' dir='ltr'>PP.</span> 
     </span>
    </p>
   </div>
   <div class='ocr_carea' id='block_1_3' title="bbox 211 270 947 366">
    <p class='ocr_par' dir='ltr' id='par_1_3' title="bbox 211 270 947 366">
     <span class='ocr_line' id='line_1_3' title="bbox 213 270 946 313; baseline 0.001 -10"><span class='ocrx_word' id='word_1_7' title='bbox 213 270 297 303; x_wconf 86' lang='lat' dir='ltr'>dinis</span> <span class='ocrx_word' id='word_1_8' title='bbox 323 270 354 302; x_wconf 92' lang='lat' dir='ltr'>in</span> <span class='ocrx_word' id='word_1_9' title='bbox 392 270 454 302; x_wconf 78' lang='lat' dir='ltr'>vim</span> <span class='ocrx_word' id='word_1_10' title='bbox 479 271 608 312; x_wconf 76' lang='lat' dir='ltr'>regulae</span> <span class='ocrx_word' id='word_1_11' title='bbox 649 281 719 313; x_wconf 82' lang='lat' dir='ltr'>cap.</span> <span class='ocrx_word' id='word_1_12' title='bbox 746 281 793 311; x_wconf 87' lang='lat'>11,</span> <span class='ocrx_word' id='word_1_13' title='bbox 820 281 946 304; x_wconf 91' lang='lat' dir='ltr'>necnon</span> 
     </span>
     <span class='ocr_line' id='line_1_4' title="bbox 211 323 947 366; baseline 0.004 -12"><span class='ocrx_word' id='word_1_14' title='bbox 211 323 357 355; x_wconf 89' lang='lat' dir='ltr'>binarum</span> <span class='ocrx_word' id='word_1_15' title='bbox 397 324 671 366; x_wconf 81' lang='lat' dir='ltr'>apostolicarum,</span> <span class='ocrx_word' id='word_1_16' title='bbox 704 324 799 356; x_wconf 83' lang='lat' dir='ltr'>unius</span> <span class='ocrx_word' id='word_1_17' title='bbox 825 324 947 357; x_wconf 86' lang='lat' dir='ltr'>scilicet</span> 
     </span>
    </p>
   </div>
   <div class='ocr_carea' id='block_1_4' title="bbox 211 375 972 420">
    <p class='ocr_par' dir='ltr' id='par_1_4' title="bbox 211 375 972 420">
     <span class='ocr_line' id='line_1_5' title="bbox 211 375 972 420; baseline 0.004 -13"><span class='ocrx_word' id='word_1_18' title='bbox 211 375 312 408; x_wconf 77' lang='lat' dir='ltr'>felicis</span> <span class='ocrx_word' id='word_1_19' title='bbox 338 375 575 408; x_wconf 85' lang='lat' dir='ltr'>recordationis</span> <span class='ocrx_word' id='word_1_20' title='bbox 594 376 766 409; x_wconf 79' lang='lat' dir='ltr'>Clementis</span> <span class='ocrx_word' id='word_1_21' title='bbox 783 376 844 416; x_wconf 69' lang='lat' dir='ltr'>Vll,</span> <span class='ocrx_word' id='word_1_22' title='bbox 865 388 945 420; x_wconf 86' lang='lat' dir='ltr'>quae</span> <span class='ocrx_word' id='word_1_23' title='bbox 965 403 972 410; x_wconf 87' lang='lat'><strong>.</strong></span> 
     </span>
    </p>
   </div>
   <div class='ocr_carea' id='block_1_5' title="bbox 204 427 946 2689">
    <p class='ocr_par' dir='ltr' id='par_1_5' title="bbox 204 427 946 2689">
     <span class='ocr_line' id='line_1_6' title="bbox 209 427 946 471; baseline 0.003 -12"><span class='ocrx_word' id='word_1_24' title='bbox 209 427 324 471; x_wconf 77' lang='lat' dir='ltr'>incipit</span> <span class='ocrx_word' id='word_1_25' title='bbox 366 428 450 460; x_wconf 79' lang='lat' dir='ltr'>Dum</span> <span class='ocrx_word' id='word_1_26' title='bbox 475 429 585 461; x_wconf 82' lang='lat' dir='ltr'><em>uberes</em></span> <span class='ocrx_word' id='word_1_27' title='bbox 616 429 762 471; x_wconf 75' lang='lat' dir='ltr'>fructus,</span> <span class='ocrx_word' id='word_1_28' title='bbox 788 434 859 469; x_wconf 60' lang='grc' dir='ltr'>σία,</span> <span class='ocrx_word' id='word_1_29' title='bbox 886 429 946 461; x_wconf 90' lang='lat' dir='ltr'>idi-</span> 
     </span>
     <span class='ocr_line' id='line_1_7' title="bbox 210 480 945 516; baseline 0.004 -4"><span class='ocrx_word' id='word_1_30' title='bbox 210 480 270 513; x_wconf 86' lang='lat' dir='ltr'>bus</span> <span class='ocrx_word' id='word_1_31' title='bbox 297 481 401 513; x_wconf 85' lang='lat' dir='ltr'>martii</span> <span class='ocrx_word' id='word_1_32' title='bbox 415 491 534 514; x_wconf 79' lang='lat' dir='ltr'>MDxxvi</span> <span class='ocrx_word' id='word_1_33' title='bbox 553 486 583 513; x_wconf 84' lang='lat' dir='ltr'>et</span> <span class='ocrx_word' id='word_1_34' title='bbox 602 482 732 514; x_wconf 86' lang='lat' dir='ltr'>alterius</span> <span class='ocrx_word' id='word_1_35' title='bbox 755 483 945 516; x_wconf 74' lang='lat' dir='ltr'>recolendae</span> 
     </span>
     <span class='ocr_line' id='line_1_8' title="bbox 211 534 946 573; baseline 0.003 -7"><span class='ocrx_word' id='word_1_36' title='bbox 211 534 383 567; x_wconf 77' lang='lat' dir='ltr'>memoriae</span> <span class='ocrx_word' id='word_1_37' title='bbox 409 534 497 567; x_wconf 84' lang='lat' dir='ltr'>Pauli</span> <span class='ocrx_word' id='word_1_38' title='bbox 524 535 572 573; x_wconf 88' lang='lat' dir='ltr'>Ill,</span> <span class='ocrx_word' id='word_1_39' title='bbox 598 535 815 568; x_wconf 79' lang='lat' dir='ltr'>Romanorum</span> <span class='ocrx_word' id='word_1_40' title='bbox 841 536 946 569; x_wconf 86' lang='lat' dir='ltr'>Ponti-</span> 
     </span>
     <span class='ocr_line' id='line_1_9' title="bbox 210 586 944 629; baseline 0.003 -11"><span class='ocrx_word' id='word_1_41' title='bbox 210 586 304 619; x_wconf 79' lang='lat' dir='ltr'>ficum</span> <span class='ocrx_word' id='word_1_42' title='bbox 323 587 611 629; x_wconf 84' lang='lat' dir='ltr'>praedeeessorum</span> <span class='ocrx_word' id='word_1_43' title='bbox 634 593 832 628; x_wconf 86' lang='lat' dir='ltr'>nostrorum,</span> <span class='ocrx_word' id='word_1_44' title='bbox 853 589 944 621; x_wconf 89' lang='lat' dir='ltr'>cuius</span> 
     </span>
     <span class='ocr_line' id='line_1_10' title="bbox 210 639 945 683; baseline 0.004 -12"><span class='ocrx_word' id='word_1_45' title='bbox 210 639 336 672; x_wconf 88' lang='lat' dir='ltr'>initium</span> <span class='ocrx_word' id='word_1_46' title='bbox 370 646 417 673; x_wconf 77' lang='lat' dir='ltr'>est</span> <span class='ocrx_word' id='word_1_47' title='bbox 451 641 505 673; x_wconf 81' lang='lat' dir='ltr'>Ad</span> <span class='ocrx_word' id='word_1_48' title='bbox 534 642 660 683; x_wconf 77' lang='lat' dir='ltr'>fructus</span> <span class='ocrx_word' id='word_1_49' title='bbox 686 642 806 682; x_wconf 46' lang='lat' dir='ltr'>ubere&amp;</span> <span class='ocrx_word' id='word_1_50' title='bbox 834 646 902 680; x_wconf 57' lang='lat' dir='ltr'>eta,</span> <span class='ocrx_word' id='word_1_51' title='bbox 928 653 945 673; x_wconf 94' lang='lat' dir='ltr'>v</span> 
     </span>
     <span class='ocr_line' id='line_1_11' title="bbox 209 693 944 738; baseline 0.003 -13"><span class='ocrx_word' id='word_1_52' title='bbox 209 703 310 725; x_wconf 84' lang='lat' dir='ltr'>nonas</span> <span class='ocrx_word' id='word_1_53' title='bbox 335 693 405 726; x_wconf 90' lang='lat' dir='ltr'>iulii</span> <span class='ocrx_word' id='word_1_54' title='bbox 436 704 580 734; x_wconf 63' lang='lat' dir='ltr'>manvu,</span> <span class='ocrx_word' id='word_1_55' title='bbox 613 694 672 727; x_wconf 88' lang='lat' dir='ltr'>sub</span> <span class='ocrx_word' id='word_1_56' title='bbox 698 695 833 738; x_wconf 90' lang='lat' dir='ltr'>plumbo</span> <span class='ocrx_word' id='word_1_57' title='bbox 859 705 944 728; x_wconf 86' lang='lat' dir='ltr'>ema-</span> 
     </span>
     <span class='ocr_line' id='line_1_12' title="bbox 207 746 944 790; baseline 0.003 -13"><span class='ocrx_word' id='word_1_58' title='bbox 207 750 363 785; x_wconf 70' lang='lat' dir='ltr'>naturum,</span> <span class='ocrx_word' id='word_1_59' title='bbox 380 746 510 780; x_wconf 77' lang='lat' dir='ltr'>facultas</span> <span class='ocrx_word' id='word_1_60' title='bbox 522 753 685 790; x_wconf 73' lang='lat' dir='ltr'>competat</span> <span class='ocrx_word' id='word_1_61' title='bbox 699 758 756 790; x_wconf 91' lang='lat' dir='ltr'>per</span> <span class='ocrx_word' id='word_1_62' title='bbox 773 758 807 780; x_wconf 91' lang='lat' dir='ltr'>se</span> <span class='ocrx_word' id='word_1_63' title='bbox 825 748 944 781; x_wconf 84' lang='lat' dir='ltr'>aliosve</span> 
     </span>
     <span class='ocr_line' id='line_1_13' title="bbox 209 797 941 842; baseline 0.003 -13"><span class='ocrx_word' id='word_1_64' title='bbox 209 797 396 840; x_wconf 73' lang='lat' dir='ltr'>superiores</span> <span class='ocrx_word' id='word_1_65' title='bbox 437 798 640 832; x_wconf 88' lang='lat' dir='ltr'>subalternos</span> <span class='ocrx_word' id='word_1_66' title='bbox 689 799 866 842; x_wconf 81' lang='lat' dir='ltr'>recipiendi</span> <span class='ocrx_word' id='word_1_67' title='bbox 911 800 941 831; x_wconf 89' lang='lat' dir='ltr'>in</span> 
     </span>
     <span class='ocr_line' id='line_1_14' title="bbox 208 850 943 891; baseline 0.001 -9"><span class='ocrx_word' id='word_1_68' title='bbox 208 850 356 883; x_wconf 90' lang='lat' dir='ltr'>eumdem</span> <span class='ocrx_word' id='word_1_69' title='bbox 381 850 533 884; x_wconf 75' lang='lat' dir='ltr'>Ordinem</span> <span class='ocrx_word' id='word_1_70' title='bbox 562 852 736 891; x_wconf 86' lang='lat' dir='ltr'>tertiarios,</span> <span class='ocrx_word' id='word_1_71' title='bbox 764 852 858 884; x_wconf 86' lang='lat' dir='ltr'>etiam</span> <span class='ocrx_word' id='word_1_72' title='bbox 876 862 943 884; x_wconf 85' lang='lat' dir='ltr'>sae-</span> 
     </span>
     <span class='ocr_line' id='line_1_15' title="bbox 208 903 943 946; baseline 0.001 -10"><span class='ocrx_word' id='word_1_73' title='bbox 208 903 347 943; x_wconf 85' lang='lat' dir='ltr'>culares,</span> <span class='ocrx_word' id='word_1_74' title='bbox 374 903 441 936; x_wconf 80' lang='lat' dir='ltr'>sive</span> <span class='ocrx_word' id='word_1_75' title='bbox 478 904 509 936; x_wconf 90' lang='lat' dir='ltr'>in</span> <span class='ocrx_word' id='word_1_76' title='bbox 535 904 677 946; x_wconf 87' lang='lat' dir='ltr'>propriis</span> <span class='ocrx_word' id='word_1_77' title='bbox 713 904 861 937; x_wconf 80' lang='lat' dir='ltr'>domibus</span> <span class='ocrx_word' id='word_1_78' title='bbox 889 905 943 937; x_wconf 88' lang='lat' dir='ltr'>de-</span> 
     </span>
     <span class='ocr_line' id='line_1_16' title="bbox 208 955 943 1000; baseline 0.004 -13"><span class='ocrx_word' id='word_1_79' title='bbox 208 960 331 998; x_wconf 83' lang='lat' dir='ltr'>gentes,</span> <span class='ocrx_word' id='word_1_80' title='bbox 357 955 422 989; x_wconf 83' lang='lat' dir='ltr'>sive</span> <span class='ocrx_word' id='word_1_81' title='bbox 448 956 661 998; x_wconf 77' lang='lat' dir='ltr'>collegialiter</span> <span class='ocrx_word' id='word_1_82' title='bbox 684 957 838 996; x_wconf 79' lang='lat' dir='ltr'>viventes,</span> <span class='ocrx_word' id='word_1_83' title='bbox 864 967 943 1000; x_wconf 86' lang='lat' dir='ltr'>quo-</span> 
     </span>
     <span class='ocr_line' id='line_1_17' title="bbox 207 1008 941 1052; baseline 0.001 -12"><span class='ocrx_word' id='word_1_84' title='bbox 207 1019 278 1041; x_wconf 87' lang='lat' dir='ltr'>rum</span> <span class='ocrx_word' id='word_1_85' title='bbox 304 1008 403 1051; x_wconf 81' lang='lat' dir='ltr'>aliqui</span> <span class='ocrx_word' id='word_1_86' title='bbox 436 1008 609 1041; x_wconf 82' lang='lat' dir='ltr'>etiamnum</span> <span class='ocrx_word' id='word_1_87' title='bbox 634 1009 862 1052; x_wconf 88' lang='lat' dir='ltr'>reperiuntur,</span> <span class='ocrx_word' id='word_1_88' title='bbox 888 1010 941 1052; x_wconf 87' lang='lat' dir='ltr'>qui</span> 
     </span>
     <span class='ocr_line' id='line_1_18' title="bbox 207 1060 941 1104; baseline 0.004 -12"><span class='ocrx_word' id='word_1_89' title='bbox 207 1060 245 1098; x_wconf 78' lang='lat' dir='ltr'>ab</span> <span class='ocrx_word' id='word_1_90' title='bbox 270 1060 368 1104; x_wconf 89' lang='lat' dir='ltr'>ipsius</span> <span class='ocrx_word' id='word_1_91' title='bbox 405 1060 543 1094; x_wconf 86' lang='lat' dir='ltr'>ministri</span> <span class='ocrx_word' id='word_1_92' title='bbox 570 1061 727 1103; x_wconf 78' lang='lat' dir='ltr'>generalis</span> <span class='ocrx_word' id='word_1_93' title='bbox 764 1061 941 1095; x_wconf 87' lang='lat' dir='ltr'>directione</span> 
     </span>
     <span class='ocr_line' id='line_1_19' title="bbox 207 1113 942 1157; baseline 0 -10"><span class='ocrx_word' id='word_1_94' title='bbox 207 1114 411 1157; x_wconf 79' lang='lat' dir='ltr'>dependent3</span> <span class='ocrx_word' id='word_1_95' title='bbox 438 1113 522 1146; x_wconf 88' lang='lat' dir='ltr'>idem</span> <span class='ocrx_word' id='word_1_96' title='bbox 549 1114 787 1154; x_wconf 79' lang='lat' dir='ltr'>Bonaventura,</span> <span class='ocrx_word' id='word_1_97' title='bbox 814 1115 851 1147; x_wconf 90' lang='lat' dir='ltr'>ad</span> <span class='ocrx_word' id='word_1_98' title='bbox 883 1115 942 1147; x_wconf 87' lang='lat' dir='ltr'>tol-</span> 
     </span>
     <span class='ocr_line' id='line_1_20' title="bbox 206 1167 942 1210; baseline 0 -10"><span class='ocrx_word' id='word_1_99' title='bbox 206 1167 318 1200; x_wconf 85' lang='lat' dir='ltr'>lendas</span> <span class='ocrx_word' id='word_1_100' title='bbox 342 1177 561 1210; x_wconf 87' lang='lat' dir='ltr'>quascumque</span> <span class='ocrx_word' id='word_1_101' title='bbox 598 1167 760 1200; x_wconf 82' lang='lat' dir='ltr'>molestias</span> <span class='ocrx_word' id='word_1_102' title='bbox 792 1173 823 1200; x_wconf 84' lang='lat' dir='ltr'>et</span> <span class='ocrx_word' id='word_1_103' title='bbox 857 1179 942 1200; x_wconf 82' lang='lat' dir='ltr'>vexa-</span> 
     </span>
     <span class='ocr_line' id='line_1_21' title="bbox 208 1219 941 1263; baseline -0.001 -10"><span class='ocrx_word' id='word_1_104' title='bbox 208 1220 320 1260; x_wconf 89' lang='lat' dir='ltr'>tiones,</span> <span class='ocrx_word' id='word_1_105' title='bbox 348 1230 424 1263; x_wconf 82' lang='lat' dir='ltr'>quas</span> <span class='ocrx_word' id='word_1_106' title='bbox 450 1230 515 1252; x_wconf 92' lang='lat' dir='ltr'>non</span> <span class='ocrx_word' id='word_1_107' title='bbox 542 1219 646 1252; x_wconf 83' lang='lat' dir='ltr'>minus</span> <span class='ocrx_word' id='word_1_108' title='bbox 674 1220 805 1252; x_wconf 81' lang='lat' dir='ltr'>tertiarii</span> <span class='ocrx_word' id='word_1_109' title='bbox 831 1230 941 1253; x_wconf 79' lang='lat' dir='ltr'>saecu-</span> 
     </span>
     <span class='ocr_line' id='line_1_22' title="bbox 206 1272 942 1316; baseline 0 -10"><span class='ocrx_word' id='word_1_110' title='bbox 206 1274 289 1307; x_wconf 85' lang='lat' dir='ltr'>lares</span> <span class='ocrx_word' id='word_1_111' title='bbox 317 1272 518 1313; x_wconf 85' lang='lat' dir='ltr'>huiusmodi,</span> <span class='ocrx_word' id='word_1_112' title='bbox 553 1283 647 1315; x_wconf 83' lang='lat' dir='ltr'>quam</span> <span class='ocrx_word' id='word_1_113' title='bbox 674 1273 821 1305; x_wconf 75' lang='lat' dir='ltr'>minister</span> <span class='ocrx_word' id='word_1_114' title='bbox 846 1284 942 1316; x_wconf 77' lang='lat' dir='ltr'>gene-</span> 
     </span>
     <span class='ocr_line' id='line_1_23' title="bbox 206 1326 942 1370; baseline -0.003 -11"><span class='ocrx_word' id='word_1_115' title='bbox 206 1327 283 1359; x_wconf 84' lang='lat' dir='ltr'>ralis</span> <span class='ocrx_word' id='word_1_116' title='bbox 308 1326 427 1370; x_wconf 88' lang='lat' dir='ltr'>aliique</span> <span class='ocrx_word' id='word_1_117' title='bbox 453 1326 638 1369; x_wconf 88' lang='lat' dir='ltr'>superiores</span> <span class='ocrx_word' id='word_1_118' title='bbox 659 1327 835 1359; x_wconf 75' lang='lat' dir='ltr'>subalterni</span> <span class='ocrx_word' id='word_1_119' title='bbox 855 1338 942 1370; x_wconf 65' lang='lat' dir='ltr'>prae-</span> 
     </span>
     <span class='ocr_line' id='line_1_24' title="bbox 207 1379 940 1422; baseline 0.001 -11"><span class='ocrx_word' id='word_1_120' title='bbox 207 1379 260 1412; x_wconf 82' lang='lat' dir='ltr'>sati</span> <span class='ocrx_word' id='word_1_121' title='bbox 286 1379 348 1412; x_wconf 90' lang='lat' dir='ltr'>sibi</span> <span class='ocrx_word' id='word_1_122' title='bbox 380 1379 491 1412; x_wconf 77' lang='lat' dir='ltr'>inferri</span> <span class='ocrx_word' id='word_1_123' title='bbox 528 1390 626 1422; x_wconf 88' lang='lat' dir='ltr'>posse</span> <span class='ocrx_word' id='word_1_124' title='bbox 650 1385 801 1412; x_wconf 82' lang='lat' dir='ltr'>verentur</span> <span class='ocrx_word' id='word_1_125' title='bbox 832 1380 870 1412; x_wconf 91' lang='lat' dir='ltr'>ab</span> <span class='ocrx_word' id='word_1_126' title='bbox 903 1381 940 1412; x_wconf 88' lang='lat' dir='ltr'>iis</span> 
     </span>
     <span class='ocr_line' id='line_1_25' title="bbox 206 1431 942 1475; baseline 0.001 -9"><span class='ocrx_word' id='word_1_127' title='bbox 206 1434 350 1466; x_wconf 88' lang='lat' dir='ltr'>locorum</span> <span class='ocrx_word' id='word_1_128' title='bbox 376 1431 552 1465; x_wconf 85' lang='lat' dir='ltr'>Ordinariis</span> <span class='ocrx_word' id='word_1_129' title='bbox 578 1433 631 1475; x_wconf 90' lang='lat' dir='ltr'>qui</span> <span class='ocrx_word' id='word_1_130' title='bbox 659 1433 762 1466; x_wconf 86' lang='lat' dir='ltr'>dictos</span> <span class='ocrx_word' id='word_1_131' title='bbox 783 1434 942 1467; x_wconf 82' lang='lat' dir='ltr'>tertiarios</span> 
     </span>
     <span class='ocr_line' id='line_1_26' title="bbox 208 1485 943 1519; baseline 0.001 -1"><span class='ocrx_word' id='word_1_132' title='bbox 208 1486 388 1518; x_wconf 73' lang='lat' dir='ltr'>saeculares</span> <span class='ocrx_word' id='word_1_133' title='bbox 402 1495 476 1518; x_wconf 84' lang='lat' dir='ltr'>suae</span> <span class='ocrx_word' id='word_1_134' title='bbox 491 1485 691 1518; x_wconf 83' lang='lat' dir='ltr'>obedientiae</span> <span class='ocrx_word' id='word_1_135' title='bbox 706 1486 864 1519; x_wconf 78' lang='lat' dir='ltr'>subiicere</span> <span class='ocrx_word' id='word_1_136' title='bbox 884 1488 943 1519; x_wconf 71' lang='lat' dir='ltr'>vel-</span> 
     </span>
     <span class='ocr_line' id='line_1_27' title="bbox 206 1538 939 1582; baseline 0.001 -11"><span class='ocrx_word' id='word_1_137' title='bbox 206 1539 282 1578; x_wconf 80' lang='lat' dir='ltr'>lent,</span> <span class='ocrx_word' id='word_1_138' title='bbox 301 1538 423 1571; x_wconf 75' lang='lat' dir='ltr'>litteras</span> <span class='ocrx_word' id='word_1_139' title='bbox 448 1544 573 1571; x_wconf 80' lang='lat' dir='ltr'>nostras</span> <span class='ocrx_word' id='word_1_140' title='bbox 590 1538 699 1572; x_wconf 78' lang='lat' dir='ltr'>itidem</span> <span class='ocrx_word' id='word_1_141' title='bbox 719 1540 777 1572; x_wconf 89' lang='lat' dir='ltr'>sub</span> <span class='ocrx_word' id='word_1_142' title='bbox 795 1541 939 1582; x_wconf 87' lang='lat' dir='ltr'>plumbo,</span> 
     </span>
     <span class='ocr_line' id='line_1_28' title="bbox 207 1590 940 1632; baseline 0 -8"><span class='ocrx_word' id='word_1_143' title='bbox 207 1601 290 1624; x_wconf 82' lang='lat' dir='ltr'>anno</span> <span class='ocrx_word' id='word_1_144' title='bbox 314 1590 545 1624; x_wconf 82' lang='lat' dir='ltr'>lncarnationis</span> <span class='ocrx_word' id='word_1_145' title='bbox 573 1591 751 1625; x_wconf 82' lang='lat' dir='ltr'>dominicae</span> <span class='ocrx_word' id='word_1_146' title='bbox 776 1602 940 1632; x_wconf 49' lang='lat' dir='ltr'>nuceam,</span> 
     </span>
     <span class='ocr_line' id='line_1_29' title="bbox 208 1643 940 1687; baseline 0 -10"><span class='ocrx_word' id='word_1_147' title='bbox 208 1655 238 1678; x_wconf 93' lang='lat' dir='ltr'>1v</span> <span class='ocrx_word' id='word_1_148' title='bbox 263 1645 334 1677; x_wconf 89' lang='lat' dir='ltr'>idus</span> <span class='ocrx_word' id='word_1_149' title='bbox 374 1643 568 1683; x_wconf 89' lang='lat' dir='ltr'>decembris,</span> <span class='ocrx_word' id='word_1_150' title='bbox 595 1644 800 1687; x_wconf 76' lang='lat' dir='ltr'>pontificatus</span> <span class='ocrx_word' id='word_1_151' title='bbox 839 1646 940 1678; x_wconf 82' lang='lat' dir='ltr'>nostri</span> 
     </span>
     <span class='ocr_line' id='line_1_30' title="bbox 206 1696 943 1740; baseline 0 -10"><span class='ocrx_word' id='word_1_152' title='bbox 206 1707 290 1730; x_wconf 87' lang='lat' dir='ltr'>anno</span> <span class='ocrx_word' id='word_1_153' title='bbox 316 1707 348 1737; x_wconf 89' lang='lat'>11,</span> <span class='ocrx_word' id='word_1_154' title='bbox 367 1696 478 1737; x_wconf 88' lang='lat' dir='ltr'>editas,</span> <span class='ocrx_word' id='word_1_155' title='bbox 504 1707 562 1739; x_wconf 90' lang='lat' dir='ltr'>per</span> <span class='ocrx_word' id='word_1_156' title='bbox 587 1708 663 1740; x_wconf 87' lang='lat' dir='ltr'>quas</span> <span class='ocrx_word' id='word_1_157' title='bbox 691 1698 771 1730; x_wconf 82' lang='lat' dir='ltr'>inter</span> <span class='ocrx_word' id='word_1_158' title='bbox 795 1698 857 1730; x_wconf 87' lang='lat' dir='ltr'>alia</span> <span class='ocrx_word' id='word_1_159' title='bbox 883 1703 943 1730; x_wconf 70' lang='lat' dir='ltr'>ter-</span> 
     </span>
     <span class='ocr_line' id='line_1_31' title="bbox 208 1749 940 1792; baseline 0 -10"><span class='ocrx_word' id='word_1_160' title='bbox 208 1749 290 1783; x_wconf 84' lang='lat' dir='ltr'>tiarii</span> <span class='ocrx_word' id='word_1_161' title='bbox 305 1750 343 1783; x_wconf 91' lang='lat' dir='ltr'>de</span> <span class='ocrx_word' id='word_1_162' title='bbox 359 1749 560 1782; x_wconf 74' lang='lat' dir='ltr'>Poenitentia</span> <span class='ocrx_word' id='word_1_163' title='bbox 574 1751 749 1792; x_wconf 85' lang='lat' dir='ltr'>nuncupati</span> <span class='ocrx_word' id='word_1_164' title='bbox 761 1750 940 1791; x_wconf 86' lang='lat' dir='ltr'>directioni,</span> 
     </span>
     <span class='ocr_line' id='line_1_32' title="bbox 206 1802 942 1845; baseline 0 -9"><span class='ocrx_word' id='word_1_165' title='bbox 206 1813 302 1836; x_wconf 86' lang='lat' dir='ltr'>curae</span> <span class='ocrx_word' id='word_1_166' title='bbox 327 1807 358 1836; x_wconf 89' lang='lat' dir='ltr'>et</span> <span class='ocrx_word' id='word_1_167' title='bbox 383 1803 531 1845; x_wconf 80' lang='lat' dir='ltr'>regimini</span> <span class='ocrx_word' id='word_1_168' title='bbox 557 1802 694 1836; x_wconf 87' lang='lat' dir='ltr'>ministri</span> <span class='ocrx_word' id='word_1_169' title='bbox 720 1804 880 1845; x_wconf 80' lang='lat' dir='ltr'>generalis</span> <span class='ocrx_word' id='word_1_170' title='bbox 905 1815 942 1837; x_wconf 87' lang='lat' dir='ltr'>ac</span> 
     </span>
     <span class='ocr_line' id='line_1_33' title="bbox 206 1855 940 1899; baseline 0.003 -11"><span class='ocrx_word' id='word_1_171' title='bbox 206 1855 412 1899; x_wconf 84' lang='lat' dir='ltr'>superiorum</span> <span class='ocrx_word' id='word_1_172' title='bbox 448 1855 576 1889; x_wconf 80' lang='lat' dir='ltr'>Ordinis</span> <span class='ocrx_word' id='word_1_173' title='bbox 613 1856 746 1888; x_wconf 79' lang='lat' dir='ltr'>fratrum</span> <span class='ocrx_word' id='word_1_174' title='bbox 784 1857 940 1890; x_wconf 88' lang='lat' dir='ltr'>Minorum</span> 
     </span>
     <span class='ocr_line' id='line_1_34' title="bbox 207 1909 941 1943; baseline 0.003 -2"><span class='ocrx_word' id='word_1_175' title='bbox 207 1909 310 1942; x_wconf 82' lang='lat' dir='ltr'>sancti</span> <span class='ocrx_word' id='word_1_176' title='bbox 335 1909 497 1942; x_wconf 86' lang='lat' dir='ltr'>Francisci</span> <span class='ocrx_word' id='word_1_177' title='bbox 530 1910 568 1942; x_wconf 89' lang='lat' dir='ltr'>de</span> <span class='ocrx_word' id='word_1_178' title='bbox 604 1909 813 1943; x_wconf 74' lang='lat' dir='ltr'>Observantia</span> <span class='ocrx_word' id='word_1_179' title='bbox 844 1911 941 1943; x_wconf 89' lang='lat' dir='ltr'>subii-</span> 
     </span>
     <span class='ocr_line' id='line_1_35' title="bbox 208 1961 940 2003; baseline 0.003 -9"><span class='ocrx_word' id='word_1_180' title='bbox 208 1962 338 1995; x_wconf 79' lang='lat' dir='ltr'>ciuntur</span> <span class='ocrx_word' id='word_1_181' title='bbox 372 1972 428 1994; x_wconf 86' lang='lat' dir='ltr'>seu</span> <span class='ocrx_word' id='word_1_182' title='bbox 468 1961 604 1995; x_wconf 85' lang='lat' dir='ltr'>subiecti</span> <span class='ocrx_word' id='word_1_183' title='bbox 645 1963 863 2003; x_wconf 81' lang='lat' dir='ltr'>declarantur,</span> <span class='ocrx_word' id='word_1_184' title='bbox 902 1964 940 1996; x_wconf 91' lang='lat' dir='ltr'>ad</span> 
     </span>
     <span class='ocr_line' id='line_1_36' title="bbox 208 2014 942 2058; baseline 0.003 -11"><span class='ocrx_word' id='word_1_185' title='bbox 208 2014 368 2048; x_wconf 84' lang='lat' dir='ltr'>tertiarios</span> <span class='ocrx_word' id='word_1_186' title='bbox 401 2014 544 2046; x_wconf 89' lang='lat' dir='ltr'>eiusdem</span> <span class='ocrx_word' id='word_1_187' title='bbox 581 2014 678 2047; x_wconf 84' lang='lat' dir='ltr'>Tertii</span> <span class='ocrx_word' id='word_1_188' title='bbox 718 2015 846 2048; x_wconf 84' lang='lat' dir='ltr'>Ordinis</span> <span class='ocrx_word' id='word_1_189' title='bbox 882 2026 942 2058; x_wconf 91' lang='lat' dir='ltr'>per</span> 
     </span>
     <span class='ocr_line' id='line_1_37' title="bbox 207 2066 941 2111; baseline 0.001 -11"><span class='ocrx_word' id='word_1_190' title='bbox 207 2077 266 2100; x_wconf 91' lang='lat' dir='ltr'>nos</span> <span class='ocrx_word' id='word_1_191' title='bbox 292 2066 420 2100; x_wconf 79' lang='lat' dir='ltr'>extendi</span> <span class='ocrx_word' id='word_1_192' title='bbox 444 2066 617 2109; x_wconf 88' lang='lat' dir='ltr'>plurimum</span> <span class='ocrx_word' id='word_1_193' title='bbox 635 2067 809 2108; x_wconf 82' lang='lat' dir='ltr'>desiderat,</span> <span class='ocrx_word' id='word_1_194' title='bbox 829 2079 941 2111; x_wconf 86' lang='lat' dir='ltr'>quem-</span> 
     </span>
     <span class='ocr_line' id='line_1_38' title="bbox 207 2119 940 2154; baseline 0 0"><span class='ocrx_word' id='word_1_195' title='bbox 207 2121 382 2154; x_wconf 85' lang='lat' dir='ltr'>admodum</span> <span class='ocrx_word' id='word_1_196' title='bbox 410 2120 450 2152; x_wconf 83' lang='lat' dir='ltr'>ad</span> <span class='ocrx_word' id='word_1_197' title='bbox 482 2119 643 2153; x_wconf 88' lang='lat' dir='ltr'>tertiarios</span> <span class='ocrx_word' id='word_1_198' title='bbox 676 2120 808 2153; x_wconf 83' lang='lat' dir='ltr'>fratrum</span> <span class='ocrx_word' id='word_1_199' title='bbox 845 2122 940 2154; x_wconf 85' lang='lat' dir='ltr'>etiam</span> 
     </span>
     <span class='ocr_line' id='line_1_39' title="bbox 207 2172 941 2207; baseline 0 -1"><span class='ocrx_word' id='word_1_200' title='bbox 207 2173 364 2206; x_wconf 90' lang='lat' dir='ltr'>Minorum</span> <span class='ocrx_word' id='word_1_201' title='bbox 390 2172 537 2205; x_wconf 90' lang='lat' dir='ltr'>eiusdem</span> <span class='ocrx_word' id='word_1_202' title='bbox 563 2173 665 2205; x_wconf 84' lang='lat' dir='ltr'>sancti</span> <span class='ocrx_word' id='word_1_203' title='bbox 686 2173 847 2207; x_wconf 88' lang='lat' dir='ltr'>Francisci</span> <span class='ocrx_word' id='word_1_204' title='bbox 864 2174 941 2207; x_wconf 89' lang='lat' dir='ltr'>Con-</span> 
     </span>
     <span class='ocr_line' id='line_1_40' title="bbox 205 2226 941 2271; baseline -0.003 -9"><span class='ocrx_word' id='word_1_205' title='bbox 205 2227 407 2262; x_wconf 87' lang='lat' dir='ltr'>ventualium</span> <span class='ocrx_word' id='word_1_206' title='bbox 433 2232 464 2260; x_wconf 88' lang='lat' dir='ltr'>et</span> <span class='ocrx_word' id='word_1_207' title='bbox 487 2226 741 2270; x_wconf 86' lang='lat' dir='ltr'>Capuccinorum</span> <span class='ocrx_word' id='word_1_208' title='bbox 775 2238 941 2271; x_wconf 89' lang='lat' dir='ltr'>nuncupa-</span> 
     </span>
     <span class='ocr_line' id='line_1_41' title="bbox 207 2279 940 2323; baseline -0.001 -9"><span class='ocrx_word' id='word_1_209' title='bbox 207 2287 319 2320; x_wconf 88' lang='lat' dir='ltr'>torum,</span> <span class='ocrx_word' id='word_1_210' title='bbox 345 2279 547 2323; x_wconf 86' lang='lat' dir='ltr'>aliorumque</span> <span class='ocrx_word' id='word_1_211' title='bbox 564 2279 719 2313; x_wconf 90' lang='lat' dir='ltr'>Ordinum</span> <span class='ocrx_word' id='word_1_212' title='bbox 744 2281 940 2323; x_wconf 77' lang='lat' dir='ltr'>regularium</span> 
     </span>
     <span class='ocr_line' id='line_1_42' title="bbox 206 2333 939 2376; baseline 0 -9"><span class='ocrx_word' id='word_1_213' title='bbox 206 2334 269 2367; x_wconf 88' lang='lat' dir='ltr'>iam</span> <span class='ocrx_word' id='word_1_214' title='bbox 294 2333 508 2373; x_wconf 80' lang='lat' dir='ltr'>extendimus,</span> <span class='ocrx_word' id='word_1_215' title='bbox 526 2333 719 2376; x_wconf 87' lang='lat' dir='ltr'>pracsertim</span> <span class='ocrx_word' id='word_1_216' title='bbox 742 2334 816 2376; x_wconf 82' lang='lat' dir='ltr'>quia</span> <span class='ocrx_word' id='word_1_217' title='bbox 834 2334 939 2367; x_wconf 89' lang='lat' dir='ltr'>dictus</span> 
     </span>
     <span class='ocr_line' id='line_1_43' title="bbox 204 2384 938 2420; baseline 0 -1"><span class='ocrx_word' id='word_1_218' title='bbox 204 2386 329 2419; x_wconf 85' lang='lat' dir='ltr'>Tertius</span> <span class='ocrx_word' id='word_1_219' title='bbox 353 2385 438 2418; x_wconf 94' lang='lat' dir='ltr'>Ordo</span> <span class='ocrx_word' id='word_1_220' title='bbox 463 2384 621 2418; x_wconf 83' lang='lat' dir='ltr'>admissus</span> <span class='ocrx_word' id='word_1_221' title='bbox 643 2385 733 2418; x_wconf 83' lang='lat' dir='ltr'>suita</span> <span class='ocrx_word' id='word_1_222' title='bbox 753 2387 938 2420; x_wconf 79' lang='lat' dir='ltr'>memoratis</span> 
     </span>
     <span class='ocr_line' id='line_1_44' title="bbox 205 2437 938 2481; baseline -0.001 -8"><span class='ocrx_word' id='word_1_223' title='bbox 205 2440 370 2473; x_wconf 81' lang='lat' dir='ltr'>Clemente</span> <span class='ocrx_word' id='word_1_224' title='bbox 397 2442 428 2471; x_wconf 89' lang='lat' dir='ltr'>et</span> <span class='ocrx_word' id='word_1_225' title='bbox 452 2437 551 2471; x_wconf 84' lang='lat' dir='ltr'>Paulo</span> <span class='ocrx_word' id='word_1_226' title='bbox 576 2438 886 2481; x_wconf 84' lang='lat' dir='ltr'>praedecessoribus</span> <span class='ocrx_word' id='word_1_227' title='bbox 908 2439 938 2472; x_wconf 93' lang='lat' dir='ltr'>in</span> 
     </span>
     <span class='ocr_line' id='line_1_45' title="bbox 205 2490 939 2535; baseline -0.001 -10"><span class='ocrx_word' id='word_1_228' title='bbox 205 2491 363 2525; x_wconf 84' lang='lat' dir='ltr'>enarratis</span> <span class='ocrx_word' id='word_1_229' title='bbox 380 2500 492 2524; x_wconf 87' lang='lat' dir='ltr'>eorum</span> <span class='ocrx_word' id='word_1_230' title='bbox 511 2490 796 2524; x_wconf 84' lang='lat' dir='ltr'>constitutionibus</span> <span class='ocrx_word' id='word_1_231' title='bbox 814 2491 852 2524; x_wconf 80' lang='lat' dir='ltr'>ad</span> <span class='ocrx_word' id='word_1_232' title='bbox 870 2502 939 2535; x_wconf 87' lang='lat' dir='ltr'>par-</span> 
     </span>
     <span class='ocr_line' id='line_1_46' title="bbox 205 2543 939 2588; baseline -0.001 -10"><span class='ocrx_word' id='word_1_233' title='bbox 205 2544 427 2588; x_wconf 89' lang='lat' dir='ltr'>ticipationem</span> <span class='ocrx_word' id='word_1_234' title='bbox 451 2543 696 2586; x_wconf 80' lang='lat' dir='ltr'>privilegiorum</span> <span class='ocrx_word' id='word_1_235' title='bbox 722 2549 862 2587; x_wconf 85' lang='lat' dir='ltr'>quatuor</span> <span class='ocrx_word' id='word_1_236' title='bbox 886 2544 939 2577; x_wconf 92' lang='lat' dir='ltr'>Or—</span> 
     </span>
     <span class='ocr_line' id='line_1_47' title="bbox 204 2596 938 2633; baseline -0.003 0"><span class='ocrx_word' id='word_1_237' title='bbox 204 2597 334 2633; x_wconf 86' lang='lat' dir='ltr'>dinibus</span> <span class='ocrx_word' id='word_1_238' title='bbox 379 2596 633 2630; x_wconf 85' lang='lat' dir='ltr'>Mendicantibus</span> <span class='ocrx_word' id='word_1_239' title='bbox 676 2602 708 2630; x_wconf 84' lang='lat' dir='ltr'>et</span> <span class='ocrx_word' id='word_1_240' title='bbox 746 2597 938 2632; x_wconf 86' lang='lat' dir='ltr'>nominatim</span> 
     </span>
     <span class='ocr_line' id='line_1_48' title="bbox 273 2659 884 2689; baseline -0.003 0"><span class='ocrx_word' id='word_1_241' title='bbox 273 2659 354 2689; x_wconf 70' lang='lat' dir='ltr'>Bau.</span> <span class='ocrx_word' id='word_1_242' title='bbox 368 2660 452 2689; x_wconf 80' lang='lat' dir='ltr'><strong><em>Rom.</em></strong></span> <span class='ocrx_word' id='word_1_243' title='bbox 467 2674 500 2680; x_wconf 89' lang='lat'><em>-</em></span> <span class='ocrx_word' id='word_1_244' title='bbox 520 2659 581 2689; x_wconf 82' lang='lat' dir='ltr'><em>Vol.</em></span> <span class='ocrx_word' id='word_1_245' title='bbox 596 2659 688 2688; x_wconf 77' lang='lat' dir='ltr'><em>XXII.</em></span> <span class='ocrx_word' id='word_1_246' title='bbox 832 2659 884 2689; x_wconf 81' lang='lat'>108</span> 
     </span>
    </p>
   </div>
   <div class='ocr_carea' id='block_1_6' title="bbox 960 285 971 2638">
    <p class='ocr_par' dir='ltr' id='par_1_6' title="bbox 960 285 971 2638">
     <span class='ocr_line' id='line_1_49' title="bbox 960 285 971 2638; baseline 0 0"><span class='ocrx_word' id='word_1_247' title='bbox 960 285 971 2638; x_wconf 95' lang='lat' dir='ltr'> </span> 
     </span>
    </p>
   </div>
   <div class='ocr_carea' id='block_1_7' title="bbox 989 212 1727 737">
    <p class='ocr_par' dir='ltr' id='par_1_7' title="bbox 989 212 1727 737">
     <span class='ocr_line' id='line_1_50' title="bbox 1618 212 1681 246; baseline 0 0"><span class='ocrx_word' id='word_1_248' title='bbox 1618 212 1681 246; x_wconf 72' lang='lat'>857</span> 
     </span>
     <span class='ocr_line' id='line_1_51' title="bbox 990 271 1727 304; baseline -0.001 -1"><span class='ocrx_word' id='word_1_249' title='bbox 990 271 1099 303; x_wconf 89' lang='lat' dir='ltr'>Ordini</span> <span class='ocrx_word' id='word_1_250' title='bbox 1125 272 1183 303; x_wconf 84' lang='lat' dir='ltr'>frat</span> <span class='ocrx_word' id='word_1_251' title='bbox 1206 281 1243 304; x_wconf 86' lang='lat' dir='ltr'>ur</span> <span class='ocrx_word' id='word_1_252' title='bbox 1296 271 1454 304; x_wconf 83' lang='lat' dir='ltr'>Minorum</span> <span class='ocrx_word' id='word_1_253' title='bbox 1489 272 1591 304; x_wconf 85' lang='lat' dir='ltr'>saneti</span> <span class='ocrx_word' id='word_1_254' title='bbox 1628 271 1727 303; x_wconf 85' lang='lat' dir='ltr'>Fran-</span> 
     </span>
     <span class='ocr_line' id='line_1_52' title="bbox 990 323 1724 368; baseline -0.001 -12"><span class='ocrx_word' id='word_1_255' title='bbox 990 323 1066 356; x_wconf 87' lang='lat' dir='ltr'>cisci</span> <span class='ocrx_word' id='word_1_256' title='bbox 1092 324 1130 356; x_wconf 85' lang='lat' dir='ltr'>ab</span> <span class='ocrx_word' id='word_1_257' title='bbox 1156 324 1189 357; x_wconf 64' lang='lat' dir='ltr'>liz</span> <span class='ocrx_word' id='word_1_258' title='bbox 1206 335 1216 357; x_wconf 76' lang='lat'><em>3</em></span> <span class='ocrx_word' id='word_1_259' title='bbox 1236 326 1356 368; x_wconf 44' lang='lat' dir='ltr'>saneta</span> <span class='ocrx_word' id='word_1_260' title='bbox 1382 324 1463 357; x_wconf 86' lang='lat' dir='ltr'>Sede</span> <span class='ocrx_word' id='word_1_261' title='bbox 1482 334 1724 361; x_wconf 81' lang='lat' dir='ltr'>concessorum,</span> 
     </span>
     <span class='ocr_line' id='line_1_53' title="bbox 990 377 1725 420; baseline 0 -12"><span class='ocrx_word' id='word_1_262' title='bbox 990 386 1114 419; x_wconf 89' lang='lat' dir='ltr'>nosque</span> <span class='ocrx_word' id='word_1_263' title='bbox 1163 377 1321 409; x_wconf 86' lang='lat' dir='ltr'>eiusmodi</span> <span class='ocrx_word' id='word_1_264' title='bbox 1367 377 1650 420; x_wconf 82' lang='lat' dir='ltr'>participationem</span> <span class='ocrx_word' id='word_1_265' title='bbox 1694 377 1725 408; x_wconf 85' lang='lat' dir='ltr'>in</span> 
     </span>
     <span class='ocr_line' id='line_1_54' title="bbox 989 429 1723 472; baseline 0 -11"><span class='ocrx_word' id='word_1_266' title='bbox 989 429 1103 462; x_wconf 86' lang='lat' dir='ltr'>litteris</span> <span class='ocrx_word' id='word_1_267' title='bbox 1127 429 1246 462; x_wconf 90' lang='lat' dir='ltr'>nostris</span> <span class='ocrx_word' id='word_1_268' title='bbox 1271 429 1423 472; x_wconf 78' lang='lat' dir='ltr'>praefatis</span> <span class='ocrx_word' id='word_1_269' title='bbox 1449 429 1723 469; x_wconf 74' lang='lat' dir='ltr'>confirmavimus,</span> 
     </span>
     <span class='ocr_line' id='line_1_55' title="bbox 989 482 1726 516; baseline 0.003 -2"><span class='ocrx_word' id='word_1_270' title='bbox 989 487 1020 515; x_wconf 88' lang='lat' dir='ltr'>et</span> <span class='ocrx_word' id='word_1_271' title='bbox 1046 483 1083 515; x_wconf 89' lang='lat' dir='ltr'>ad</span> <span class='ocrx_word' id='word_1_272' title='bbox 1109 482 1264 516; x_wconf 87' lang='lat' dir='ltr'>maiorem</span> <span class='ocrx_word' id='word_1_273' title='bbox 1290 484 1446 516; x_wconf 84' lang='lat' dir='ltr'>cautelam</span> <span class='ocrx_word' id='word_1_274' title='bbox 1473 483 1578 516; x_wconf 88' lang='lat' dir='ltr'>denuo</span> <span class='ocrx_word' id='word_1_275' title='bbox 1597 494 1726 516; x_wconf 83' lang='lat' dir='ltr'>eonces-</span> 
     </span>
     <span class='ocr_line' id='line_1_56' title="bbox 990 535 1726 578; baseline -0.004 -10"><span class='ocrx_word' id='word_1_276' title='bbox 990 535 1110 568; x_wconf 87' lang='lat' dir='ltr'>simus:</span> <span class='ocrx_word' id='word_1_277' title='bbox 1137 535 1233 568; x_wconf 89' lang='lat' dir='ltr'>nobis</span> <span class='ocrx_word' id='word_1_278' title='bbox 1258 540 1435 578; x_wconf 84' lang='lat' dir='ltr'>propterea</span> <span class='ocrx_word' id='word_1_279' title='bbox 1462 535 1627 568; x_wconf 85' lang='lat' dir='ltr'>humiliter</span> <span class='ocrx_word' id='word_1_280' title='bbox 1653 547 1726 578; x_wconf 83' lang='lat' dir='ltr'>sup-</span> 
     </span>
     <span class='ocr_line' id='line_1_57' title="bbox 990 588 1724 631; baseline -0.001 -11"><span class='ocrx_word' id='word_1_281' title='bbox 990 588 1103 631; x_wconf 83' lang='lat' dir='ltr'>plicari</span> <span class='ocrx_word' id='word_1_282' title='bbox 1130 588 1204 620; x_wconf 77' lang='lat' dir='ltr'>fecit</span> <span class='ocrx_word' id='word_1_283' title='bbox 1226 593 1260 620; x_wconf 86' lang='lat' dir='ltr'>ut</span> <span class='ocrx_word' id='word_1_284' title='bbox 1285 588 1315 620; x_wconf 89' lang='lat' dir='ltr'>in</span> <span class='ocrx_word' id='word_1_285' title='bbox 1336 588 1521 631; x_wconf 79' lang='lat' dir='ltr'>praemissis</span> <span class='ocrx_word' id='word_1_286' title='bbox 1541 593 1724 631; x_wconf 86' lang='lat' dir='ltr'>opportune</span> 
     </span>
     <span class='ocr_line' id='line_1_58' title="bbox 989 641 1725 683; baseline -0.001 -10"><span class='ocrx_word' id='word_1_287' title='bbox 989 641 1159 683; x_wconf 88' lang='lat' dir='ltr'>providere</span> <span class='ocrx_word' id='word_1_288' title='bbox 1185 646 1217 674; x_wconf 89' lang='lat' dir='ltr'>et</span> <span class='ocrx_word' id='word_1_289' title='bbox 1241 646 1276 673; x_wconf 90' lang='lat' dir='ltr'>ut</span> <span class='ocrx_word' id='word_1_290' title='bbox 1300 641 1382 673; x_wconf 79' lang='lat' dir='ltr'>infra</span> <span class='ocrx_word' id='word_1_291' title='bbox 1406 641 1577 683; x_wconf 78' lang='lat' dir='ltr'>indulgere</span> <span class='ocrx_word' id='word_1_292' title='bbox 1604 641 1642 673; x_wconf 90' lang='lat' dir='ltr'>dc</span> <span class='ocrx_word' id='word_1_293' title='bbox 1669 641 1725 673; x_wconf 83' lang='lat' dir='ltr'>be-</span> 
     </span>
     <span class='ocr_line' id='line_1_59' title="bbox 989 693 1590 737; baseline 0 -12"><span class='ocrx_word' id='word_1_294' title='bbox 989 693 1142 735; x_wconf 74' lang='lat' dir='ltr'>nignitate</span> <span class='ocrx_word' id='word_1_295' title='bbox 1168 693 1347 737; x_wconf 67' lang='lat' dir='ltr'>apostolica</span> <span class='ocrx_word' id='word_1_296' title='bbox 1372 694 1590 736; x_wconf 75' lang='lat' dir='ltr'>dignaiemm.</span> 
     </span>
    </p>
   </div>
   <div class='ocr_carea' id='block_1_8' title="bbox 1031 745 1920 803">
    <p class='ocr_par' dir='ltr' id='par_1_8' title="bbox 1031 745 1920 803">
     <span class='ocr_line' id='line_1_60' title="bbox 1031 745 1920 803; baseline -0.002 -24.998"><span class='ocrx_word' id='word_1_297' title='bbox 1031 746 1046 788; x_wconf 66' lang='grc' dir='ltr'>ξ</span> <span class='ocrx_word' id='word_1_298' title='bbox 1071 745 1099 777; x_wconf 96' lang='grc'>2.</span> <span class='ocrx_word' id='word_1_299' title='bbox 1125 745 1188 778; x_wconf 89' lang='lat' dir='ltr'>Nos</span> <span class='ocrx_word' id='word_1_300' title='bbox 1213 746 1324 788; x_wconf 79' lang='lat' dir='ltr'>igitur,</span> <span class='ocrx_word' id='word_1_301' title='bbox 1351 746 1453 789; x_wconf 89' lang='lat' dir='ltr'>ipsius</span> <span class='ocrx_word' id='word_1_302' title='bbox 1480 746 1779 802; x_wconf 56' lang='lat' dir='ltr'>Bonuentuiae&#39;r¹</span> <span class='ocrx_word' id='word_1_303' title='bbox 1770 759 1794 775; x_wconf 86' lang='grc' dir='ltr'>ιι</span> <span class='ocrx_word' id='word_1_304' title='bbox 1792 757 1842 803; x_wconf 57' lang='grc' dir='ltr'>ιιίιιιι</span> <span class='ocrx_word' id='word_1_305' title='bbox 1843 762 1920 802; x_wconf 56' lang='grc' dir='ltr'>ιιιιΓ-ιιι1</span> 
     </span>
    </p>
   </div>
   <div class='ocr_carea' id='block_1_9' title="bbox 987 773 1759 922">
    <p class='ocr_par' dir='ltr' id='par_1_9' title="bbox 987 773 1754 893">
     <span class='ocr_line' id='line_1_61' title="bbox 989 773 1754 840; baseline 0.003 -11"><span class='ocrx_word' id='word_1_306' title='bbox 989 797 1069 830; x_wconf 86' lang='lat' dir='ltr'>votis</span> <span class='ocrx_word' id='word_1_307' title='bbox 1096 798 1154 830; x_wconf 84' lang='lat' dir='ltr'>bac</span> <span class='ocrx_word' id='word_1_308' title='bbox 1179 798 1210 830; x_wconf 88' lang='lat' dir='ltr'>in</span> <span class='ocrx_word' id='word_1_309' title='bbox 1238 809 1283 838; x_wconf 91' lang='lat' dir='ltr'>r,e</span> <span class='ocrx_word' id='word_1_310' title='bbox 1310 773 1465 840; x_wconf 68' lang='lat' dir='ltr'>quantum</span> <span class='ocrx_word' id='word_1_311' title='bbox 1492 809 1564 831; x_wconf 93' lang='lat' dir='ltr'>cum</span> <span class='ocrx_word' id='word_1_312' title='bbox 1588 798 1754 831; x_wconf 61' lang='lat' dir='ltr'>fluminei</span> 
     </span>
     <span class='ocr_line' id='line_1_62' title="bbox 987 851 1759 922; baseline -0.003 -39"><span class='ocrx_word' id='word_1_313' title='bbox 987 859 1168 893; x_wconf 82' lang='lat' dir='ltr'>possumus</span> <span class='ocrx_word' id='word_1_314' title='bbox 1184 851 1269 883; x_wconf 77' lang='lat' dir='ltr'>saror</span> <span class='ocrx_word' id='word_1_315' title='bbox 1272 851 1400 922; x_wconf 72' lang='lat' dir='ltr'>tbiliter</span> <span class='ocrx_word' id='word_1_316' title='bbox 1417 861 1558 883; x_wconf 84' lang='lat' dir='ltr'>annueie</span> <span class='ocrx_word' id='word_1_317' title='bbox 1564 861 1724 893; x_wconf 72' lang='lat' dir='ltr'>eumque</span> <span class='ocrx_word' id='word_1_318' title='bbox 1738 868 1759 906; x_wconf 74' lang='grc' dir='ltr'>ιιι</span> 
     </span>
    </p>
   </div>
   <div class='ocr_carea' id='block_1_10' title="bbox 1737 815 1786 854">
    <p class='ocr_par' dir='ltr' id='par_1_10' title="bbox 1737 815 1786 854">
     <span class='ocr_line' id='line_1_63' title="bbox 1737 815 1786 854; baseline -0.037 -1"><span class='ocrx_word' id='word_1_319' title='bbox 1737 838 1756 854; x_wconf 59' lang='lat' dir='ltr'>lq</span> <span class='ocrx_word' id='word_1_320' title='bbox 1760 815 1786 854; x_wconf 61' lang='lat' dir='ltr'>llis</span> 
     </span>
    </p>
   </div>
   <div class='ocr_carea' id='block_1_11' title="bbox 985 915 1728 1898">
    <p class='ocr_par' dir='ltr' id='par_1_11' title="bbox 985 915 1728 1898">
     <span class='ocr_line' id='line_1_64' title="bbox 989 915 1728 999; baseline 0.001 -11"><span class='ocrx_word' id='word_1_321' title='bbox 989 962 1054 996; x_wconf 84' lang='lat' dir='ltr'>tes,</span> <span class='ocrx_word' id='word_1_322' title='bbox 1093 961 1123 989; x_wconf 91' lang='lat' dir='ltr'>et</span> <span class='ocrx_word' id='word_1_323' title='bbox 1158 967 1176 988; x_wconf 84' lang='lat' dir='ltr'>a</span> <span class='ocrx_word' id='word_1_324' title='bbox 1175 915 1385 999; x_wconf 89' lang='lat' dir='ltr'>quibusvis</span> <span class='ocrx_word' id='word_1_325' title='bbox 1419 956 1728 990; x_wconf 81' lang='lat' dir='ltr'>excommunicatio-</span> 
     </span>
     <span class='ocr_line' id='line_1_65' title="bbox 985 1008 1728 1051; baseline 0.001 -11"><span class='ocrx_word' id='word_1_326' title='bbox 985 1008 1050 1049; x_wconf 87' lang='lat' dir='ltr'>nis,</span> <span class='ocrx_word' id='word_1_327' title='bbox 1073 1008 1297 1051; x_wconf 88' lang='lat' dir='ltr'>suspensionis</span> <span class='ocrx_word' id='word_1_328' title='bbox 1323 1014 1354 1041; x_wconf 87' lang='lat' dir='ltr'>et</span> <span class='ocrx_word' id='word_1_329' title='bbox 1382 1009 1564 1048; x_wconf 88' lang='lat' dir='ltr'>interdicti,</span> <span class='ocrx_word' id='word_1_330' title='bbox 1590 1008 1728 1051; x_wconf 85' lang='lat' dir='ltr'>aliisque</span> 
     </span>
     <span class='ocr_line' id='line_1_66' title="bbox 986 1061 1728 1104; baseline 0 -10"><span class='ocrx_word' id='word_1_331' title='bbox 986 1061 1215 1094; x_wconf 80' lang='lat' dir='ltr'>ecclesiasticis</span> <span class='ocrx_word' id='word_1_332' title='bbox 1239 1061 1418 1101; x_wconf 86' lang='lat' dir='ltr'>sententiis,</span> <span class='ocrx_word' id='word_1_333' title='bbox 1437 1063 1585 1095; x_wconf 85' lang='lat' dir='ltr'>censuris</span> <span class='ocrx_word' id='word_1_334' title='bbox 1603 1067 1633 1094; x_wconf 90' lang='lat' dir='ltr'>et</span> <span class='ocrx_word' id='word_1_335' title='bbox 1651 1071 1728 1104; x_wconf 89' lang='lat' dir='ltr'>poc-</span> 
     </span>
     <span class='ocr_line' id='line_1_67' title="bbox 986 1113 1727 1158; baseline 0.003 -13"><span class='ocrx_word' id='word_1_336' title='bbox 986 1113 1051 1153; x_wconf 87' lang='lat' dir='ltr'>nis,</span> <span class='ocrx_word' id='word_1_337' title='bbox 1068 1124 1085 1146; x_wconf 90' lang='lat' dir='ltr'>a</span> <span class='ocrx_word' id='word_1_338' title='bbox 1102 1113 1171 1146; x_wconf 90' lang='lat' dir='ltr'>iure</span> <span class='ocrx_word' id='word_1_339' title='bbox 1190 1115 1239 1147; x_wconf 86' lang='lat' dir='ltr'>vel</span> <span class='ocrx_word' id='word_1_340' title='bbox 1265 1114 1303 1147; x_wconf 86' lang='lat' dir='ltr'>ab</span> <span class='ocrx_word' id='word_1_341' title='bbox 1329 1114 1474 1155; x_wconf 86' lang='lat' dir='ltr'>homine,</span> <span class='ocrx_word' id='word_1_342' title='bbox 1499 1115 1610 1158; x_wconf 84' lang='lat' dir='ltr'>quavis</span> <span class='ocrx_word' id='word_1_343' title='bbox 1636 1125 1727 1147; x_wconf 87' lang='lat' dir='ltr'>ocea-</span> 
     </span>
     <span class='ocr_line' id='line_1_68' title="bbox 985 1165 1727 1211; baseline 0.003 -12"><span class='ocrx_word' id='word_1_344' title='bbox 985 1165 1076 1199; x_wconf 87' lang='lat' dir='ltr'>sione</span> <span class='ocrx_word' id='word_1_345' title='bbox 1103 1168 1152 1199; x_wconf 92' lang='lat' dir='ltr'>vel</span> <span class='ocrx_word' id='word_1_346' title='bbox 1177 1169 1273 1200; x_wconf 74' lang='lat' dir='ltr'>causa</span> <span class='ocrx_word' id='word_1_347' title='bbox 1297 1166 1382 1207; x_wconf 89' lang='lat' dir='ltr'>latis,</span> <span class='ocrx_word' id='word_1_348' title='bbox 1402 1168 1428 1200; x_wconf 89' lang='lat' dir='ltr'>si</span> <span class='ocrx_word' id='word_1_349' title='bbox 1455 1168 1571 1211; x_wconf 89' lang='lat' dir='ltr'>quibus</span> <span class='ocrx_word' id='word_1_350' title='bbox 1595 1179 1727 1211; x_wconf 88' lang='lat' dir='ltr'>quomo-</span> 
     </span>
     <span class='ocr_line' id='line_1_69' title="bbox 986 1219 1725 1260; baseline 0.004 -9"><span class='ocrx_word' id='word_1_351' title='bbox 986 1219 1110 1252; x_wconf 87' lang='lat' dir='ltr'>dolibet</span> <span class='ocrx_word' id='word_1_352' title='bbox 1140 1219 1317 1252; x_wconf 88' lang='lat' dir='ltr'>innodatus</span> <span class='ocrx_word' id='word_1_353' title='bbox 1350 1220 1475 1260; x_wconf 82' lang='lat' dir='ltr'>existit,</span> <span class='ocrx_word' id='word_1_354' title='bbox 1502 1221 1540 1253; x_wconf 90' lang='lat' dir='ltr'>ad</span> <span class='ocrx_word' id='word_1_355' title='bbox 1574 1222 1725 1254; x_wconf 78' lang='lat' dir='ltr'>effectum</span> 
     </span>
     <span class='ocr_line' id='line_1_70' title="bbox 986 1272 1724 1317; baseline 0.004 -13"><span class='ocrx_word' id='word_1_356' title='bbox 986 1272 1204 1314; x_wconf 82' lang='lat' dir='ltr'>praesentium</span> <span class='ocrx_word' id='word_1_357' title='bbox 1239 1273 1403 1305; x_wconf 68' lang='lat' dir='ltr'>dumtaxat</span> <span class='ocrx_word' id='word_1_358' title='bbox 1438 1275 1724 1317; x_wconf 87' lang='lat' dir='ltr'>consequendum,</span> 
     </span>
     <span class='ocr_line' id='line_1_71' title="bbox 987 1326 1724 1360; baseline 0.003 -2"><span class='ocrx_word' id='word_1_359' title='bbox 987 1327 1099 1359; x_wconf 85' lang='lat' dir='ltr'>barum</span> <span class='ocrx_word' id='word_1_360' title='bbox 1125 1326 1210 1359; x_wconf 86' lang='lat' dir='ltr'>serie</span> <span class='ocrx_word' id='word_1_361' title='bbox 1243 1326 1450 1359; x_wconf 86' lang='lat' dir='ltr'>absolventes</span> <span class='ocrx_word' id='word_1_362' title='bbox 1475 1333 1507 1359; x_wconf 88' lang='lat' dir='ltr'>et</span> <span class='ocrx_word' id='word_1_363' title='bbox 1538 1327 1724 1360; x_wconf 80' lang='lat' dir='ltr'>absolutum</span> 
     </span>
     <span class='ocr_line' id='line_1_72' title="bbox 987 1379 1724 1419; baseline 0.003 -9"><span class='ocrx_word' id='word_1_364' title='bbox 987 1379 1054 1412; x_wconf 86' lang='lat' dir='ltr'>sore</span> <span class='ocrx_word' id='word_1_365' title='bbox 1084 1384 1273 1419; x_wconf 77' lang='lat' dir='ltr'>censentes,</span> <span class='ocrx_word' id='word_1_366' title='bbox 1307 1390 1344 1412; x_wconf 87' lang='lat' dir='ltr'>ac</span> <span class='ocrx_word' id='word_1_367' title='bbox 1378 1380 1562 1412; x_wconf 88' lang='lat' dir='ltr'>litterarum</span> <span class='ocrx_word' id='word_1_368' title='bbox 1599 1386 1724 1413; x_wconf 82' lang='lat' dir='ltr'>nostra-</span> 
     </span>
     <span class='ocr_line' id='line_1_73' title="bbox 986 1432 1724 1476; baseline 0.003 -12"><span class='ocrx_word' id='word_1_369' title='bbox 986 1443 1055 1464; x_wconf 90' lang='lat' dir='ltr'>rum</span> <span class='ocrx_word' id='word_1_370' title='bbox 1080 1432 1292 1475; x_wconf 80' lang='lat' dir='ltr'>praefatarum</span> <span class='ocrx_word' id='word_1_371' title='bbox 1318 1438 1460 1472; x_wconf 84' lang='lat' dir='ltr'>tenores,</span> <span class='ocrx_word' id='word_1_372' title='bbox 1486 1438 1517 1466; x_wconf 89' lang='lat' dir='ltr'>et</span> <span class='ocrx_word' id='word_1_373' title='bbox 1541 1433 1604 1466; x_wconf 88' lang='lat' dir='ltr'>alia</span> <span class='ocrx_word' id='word_1_374' title='bbox 1629 1444 1724 1476; x_wconf 83' lang='lat' dir='ltr'>quae-</span> 
     </span>
     <span class='ocr_line' id='line_1_74' title="bbox 987 1485 1724 1529; baseline 0.003 -12"><span class='ocrx_word' id='word_1_375' title='bbox 987 1496 1125 1528; x_wconf 86' lang='lat' dir='ltr'>cumque</span> <span class='ocrx_word' id='word_1_376' title='bbox 1152 1485 1247 1518; x_wconf 84' lang='lat' dir='ltr'>etiam</span> <span class='ocrx_word' id='word_1_377' title='bbox 1274 1485 1459 1529; x_wconf 80' lang='lat' dir='ltr'>specificam</span> <span class='ocrx_word' id='word_1_378' title='bbox 1477 1492 1509 1519; x_wconf 89' lang='lat' dir='ltr'>et</span> <span class='ocrx_word' id='word_1_379' title='bbox 1525 1486 1724 1519; x_wconf 84' lang='lat' dir='ltr'>individuam</span> 
     </span>
     <span class='ocr_line' id='line_1_75' title="bbox 987 1539 1722 1582; baseline 0 -11"><span class='ocrx_word' id='word_1_380' title='bbox 987 1539 1186 1571; x_wconf 81' lang='lat' dir='ltr'>mentionem</span> <span class='ocrx_word' id='word_1_381' title='bbox 1201 1544 1232 1571; x_wconf 89' lang='lat' dir='ltr'>et</span> <span class='ocrx_word' id='word_1_382' title='bbox 1248 1539 1494 1582; x_wconf 75' lang='lat' dir='ltr'>expressionem</span> <span class='ocrx_word' id='word_1_383' title='bbox 1512 1539 1722 1581; x_wconf 85' lang='lat' dir='ltr'>requirentia,</span> 
     </span>
     <span class='ocr_line' id='line_1_76' title="bbox 986 1591 1724 1635; baseline 0 -12"><span class='ocrx_word' id='word_1_384' title='bbox 986 1591 1209 1634; x_wconf 83' lang='lat' dir='ltr'>praesentibus</span> <span class='ocrx_word' id='word_1_385' title='bbox 1235 1602 1295 1635; x_wconf 88' lang='lat' dir='ltr'>pro</span> <span class='ocrx_word' id='word_1_386' title='bbox 1336 1592 1432 1634; x_wconf 87' lang='lat' dir='ltr'>plene</span> <span class='ocrx_word' id='word_1_387' title='bbox 1468 1597 1500 1625; x_wconf 88' lang='lat' dir='ltr'>et</span> <span class='ocrx_word' id='word_1_388' title='bbox 1523 1592 1724 1625; x_wconf 83' lang='lat' dir='ltr'>sufficienter</span> 
     </span>
     <span class='ocr_line' id='line_1_77' title="bbox 987 1644 1723 1688; baseline 0 -11"><span class='ocrx_word' id='word_1_389' title='bbox 987 1645 1148 1688; x_wconf 85' lang='lat' dir='ltr'>expressis</span> <span class='ocrx_word' id='word_1_390' title='bbox 1174 1649 1204 1677; x_wconf 90' lang='lat' dir='ltr'>et</span> <span class='ocrx_word' id='word_1_391' title='bbox 1237 1644 1432 1688; x_wconf 76' lang='lat' dir='ltr'>specificatis</span> <span class='ocrx_word' id='word_1_392' title='bbox 1465 1644 1637 1682; x_wconf 83' lang='lat' dir='ltr'>habentes,</span> <span class='ocrx_word' id='word_1_393' title='bbox 1665 1645 1723 1677; x_wconf 83' lang='lat' dir='ltr'>liu-</span> 
     </span>
     <span class='ocr_line' id='line_1_78' title="bbox 987 1697 1721 1740; baseline 0.001 -11"><span class='ocrx_word' id='word_1_394' title='bbox 987 1697 1126 1730; x_wconf 87' lang='lat' dir='ltr'>iusmodi</span> <span class='ocrx_word' id='word_1_395' title='bbox 1151 1697 1445 1740; x_wconf 84' lang='lat' dir='ltr'>supplicationibus</span> <span class='ocrx_word' id='word_1_396' title='bbox 1471 1697 1637 1738; x_wconf 81' lang='lat' dir='ltr'>inclinati,</span> <span class='ocrx_word' id='word_1_397' title='bbox 1672 1698 1721 1730; x_wconf 87' lang='lat' dir='ltr'>lit-</span> 
     </span>
     <span class='ocr_line' id='line_1_79' title="bbox 988 1750 1722 1794; baseline 0.001 -11"><span class='ocrx_word' id='word_1_398' title='bbox 988 1756 1070 1784; x_wconf 87' lang='lat' dir='ltr'>teras</span> <span class='ocrx_word' id='word_1_399' title='bbox 1095 1756 1222 1784; x_wconf 80' lang='lat' dir='ltr'>nostras</span> <span class='ocrx_word' id='word_1_400' title='bbox 1258 1750 1450 1793; x_wconf 82' lang='lat' dir='ltr'>praedictas,</span> <span class='ocrx_word' id='word_1_401' title='bbox 1478 1751 1596 1794; x_wconf 87' lang='lat' dir='ltr'>quibus</span> <span class='ocrx_word' id='word_1_402' title='bbox 1638 1751 1722 1784; x_wconf 88' lang='lat' dir='ltr'>inter</span> 
     </span>
     <span class='ocr_line' id='line_1_80' title="bbox 986 1803 1721 1847; baseline 0 -10"><span class='ocrx_word' id='word_1_403' title='bbox 986 1804 1047 1837; x_wconf 89' lang='lat' dir='ltr'>alia</span> <span class='ocrx_word' id='word_1_404' title='bbox 1084 1804 1218 1837; x_wconf 82' lang='lat' dir='ltr'>tertiarii</span> <span class='ocrx_word' id='word_1_405' title='bbox 1244 1804 1283 1836; x_wconf 87' lang='lat' dir='ltr'>de</span> <span class='ocrx_word' id='word_1_406' title='bbox 1309 1803 1512 1836; x_wconf 75' lang='lat' dir='ltr'>Poenitcntia</span> <span class='ocrx_word' id='word_1_407' title='bbox 1543 1805 1721 1847; x_wconf 86' lang='lat' dir='ltr'>nuncupati</span> 
     </span>
     <span class='ocr_line' id='line_1_81' title="bbox 986 1856 1721 1898; baseline 0 -8"><span class='ocrx_word' id='word_1_408' title='bbox 986 1856 1175 1897; x_wconf 88' lang='lat' dir='ltr'>directioni,</span> <span class='ocrx_word' id='word_1_409' title='bbox 1201 1866 1298 1889; x_wconf 87' lang='lat' dir='ltr'>curae</span> <span class='ocrx_word' id='word_1_410' title='bbox 1331 1862 1361 1889; x_wconf 92' lang='lat' dir='ltr'>et</span> <span class='ocrx_word' id='word_1_411' title='bbox 1398 1856 1548 1898; x_wconf 79' lang='lat' dir='ltr'>regimini</span> <span class='ocrx_word' id='word_1_412' title='bbox 1584 1857 1721 1890; x_wconf 84' lang='lat' dir='ltr'>ministri</span> 
     </span>
    </p>
   </div>
   <div class='ocr_carea' id='block_1_12' title="bbox 963 1908 1722 1952">
    <p class='ocr_par' dir='ltr' id='par_1_12' title="bbox 963 1908 1722 1952">
     <span class='ocr_line' id='line_1_82' title="bbox 963 1908 1722 1952; baseline -0.001 -10"><span class='ocrx_word' id='word_1_413' title='bbox 963 1909 1146 1952; x_wconf 50' lang='lat' dir='ltr'>¹generalis</span> <span class='ocrx_word' id='word_1_414' title='bbox 1182 1920 1218 1942; x_wconf 84' lang='lat' dir='ltr'>ac</span> <span class='ocrx_word' id='word_1_415' title='bbox 1256 1908 1461 1952; x_wconf 84' lang='lat' dir='ltr'>superiorum</span> <span class='ocrx_word' id='word_1_416' title='bbox 1497 1908 1626 1941; x_wconf 89' lang='lat' dir='ltr'>Ordinis</span> <span class='ocrx_word' id='word_1_417' title='bbox 1661 1910 1722 1942; x_wconf 85' lang='lat' dir='ltr'>sra-</span> 
     </span>
    </p>
   </div>
   <div class='ocr_carea' id='block_1_13' title="bbox 983 1961 1721 2376">
    <p class='ocr_par' dir='ltr' id='par_1_13' title="bbox 983 1961 1721 2376">
     <span class='ocr_line' id='line_1_83' title="bbox 986 1961 1721 1995; baseline -0.003 0"><span class='ocrx_word' id='word_1_418' title='bbox 986 1968 1071 1995; x_wconf 90' lang='lat' dir='ltr'>trum</span> <span class='ocrx_word' id='word_1_419' title='bbox 1097 1962 1255 1994; x_wconf 81' lang='lat' dir='ltr'>Minoi-um</span> <span class='ocrx_word' id='word_1_420' title='bbox 1279 1961 1381 1994; x_wconf 80' lang='lat' dir='ltr'>sancti</span> <span class='ocrx_word' id='word_1_421' title='bbox 1407 1961 1570 1994; x_wconf 85' lang='lat' dir='ltr'>Francisci</span> <span class='ocrx_word' id='word_1_422' title='bbox 1600 1962 1639 1995; x_wconf 86' lang='lat' dir='ltr'>de</span> <span class='ocrx_word' id='word_1_423' title='bbox 1663 1962 1721 1995; x_wconf 92' lang='lat' dir='ltr'>Ob-</span> 
     </span>
     <span class='ocr_line' id='line_1_84' title="bbox 984 2015 1718 2058; baseline -0.001 -10"><span class='ocrx_word' id='word_1_424' title='bbox 984 2015 1143 2048; x_wconf 78' lang='lat' dir='ltr'>servantia</span> <span class='ocrx_word' id='word_1_425' title='bbox 1183 2019 1444 2058; x_wconf 82' lang='lat' dir='ltr'>nuncupatorum</span> <span class='ocrx_word' id='word_1_426' title='bbox 1482 2015 1718 2055; x_wconf 89' lang='lat' dir='ltr'>subiiciuntur,</span> 
     </span>
     <span class='ocr_line' id='line_1_85' title="bbox 985 2067 1721 2111; baseline -0.001 -10"><span class='ocrx_word' id='word_1_427' title='bbox 985 2079 1039 2101; x_wconf 89' lang='lat' dir='ltr'>seu</span> <span class='ocrx_word' id='word_1_428' title='bbox 1065 2067 1199 2101; x_wconf 83' lang='lat' dir='ltr'>subiecti</span> <span class='ocrx_word' id='word_1_429' title='bbox 1225 2068 1440 2106; x_wconf 87' lang='lat' dir='ltr'>declarantur,</span> <span class='ocrx_word' id='word_1_430' title='bbox 1464 2068 1547 2100; x_wconf 91' lang='lat' dir='ltr'>sicut</span> <span class='ocrx_word' id='word_1_431' title='bbox 1570 2069 1721 2111; x_wconf 82' lang='lat' dir='ltr'>praemit-</span> 
     </span>
     <span class='ocr_line' id='line_1_86' title="bbox 985 2120 1720 2160; baseline 0 -7"><span class='ocrx_word' id='word_1_432' title='bbox 985 2121 1072 2160; x_wconf 88' lang='lat' dir='ltr'>titur,</span> <span class='ocrx_word' id='word_1_433' title='bbox 1090 2121 1128 2154; x_wconf 93' lang='lat' dir='ltr'>ad</span> <span class='ocrx_word' id='word_1_434' title='bbox 1156 2120 1319 2154; x_wconf 86' lang='lat' dir='ltr'>tertiarios</span> <span class='ocrx_word' id='word_1_435' title='bbox 1333 2120 1427 2154; x_wconf 87' lang='lat' dir='ltr'>etiam</span> <span class='ocrx_word' id='word_1_436' title='bbox 1441 2122 1625 2154; x_wconf 84' lang='lat' dir='ltr'>saeculares</span> <span class='ocrx_word' id='word_1_437' title='bbox 1645 2121 1720 2154; x_wconf 89' lang='lat' dir='ltr'>Ter-</span> 
     </span>
     <span class='ocr_line' id='line_1_87' title="bbox 985 2173 1718 2216; baseline 0 -10"><span class='ocrx_word' id='word_1_438' title='bbox 985 2174 1018 2206; x_wconf 89' lang='lat' dir='ltr'>tii</span> <span class='ocrx_word' id='word_1_439' title='bbox 1044 2174 1183 2214; x_wconf 84' lang='lat' dir='ltr'>Ordinis,</span> <span class='ocrx_word' id='word_1_440' title='bbox 1203 2173 1385 2214; x_wconf 86' lang='lat' dir='ltr'>directioni,</span> <span class='ocrx_word' id='word_1_441' title='bbox 1402 2184 1498 2206; x_wconf 87' lang='lat' dir='ltr'>curae</span> <span class='ocrx_word' id='word_1_442' title='bbox 1517 2179 1549 2207; x_wconf 87' lang='lat' dir='ltr'>et</span> <span class='ocrx_word' id='word_1_443' title='bbox 1566 2173 1718 2216; x_wconf 74' lang='lat' dir='ltr'>regimini</span> 
     </span>
     <span class='ocr_line' id='line_1_88' title="bbox 983 2225 1718 2270; baseline 0.001 -11"><span class='ocrx_word' id='word_1_444' title='bbox 983 2227 1105 2270; x_wconf 87' lang='lat' dir='ltr'>pariter</span> <span class='ocrx_word' id='word_1_445' title='bbox 1129 2225 1356 2266; x_wconf 79' lang='lat' dir='ltr'>subiaceant¹‚</span> <span class='ocrx_word' id='word_1_446' title='bbox 1377 2227 1566 2260; x_wconf 83' lang='lat' dir='ltr'>auctoritate</span> <span class='ocrx_word' id='word_1_447' title='bbox 1592 2232 1718 2269; x_wconf 87' lang='lat' dir='ltr'>aposto-</span> 
     </span>
     <span class='ocr_line' id='line_1_89' title="bbox 983 2279 1718 2323; baseline 0.001 -11"><span class='ocrx_word' id='word_1_448' title='bbox 983 2279 1062 2320; x_wconf 74' lang='lat' dir='ltr'>lica,</span> <span class='ocrx_word' id='word_1_449' title='bbox 1089 2284 1202 2312; x_wconf 90' lang='lat' dir='ltr'>tenore</span> <span class='ocrx_word' id='word_1_450' title='bbox 1228 2280 1462 2323; x_wconf 86' lang='lat' dir='ltr'>praesentium,</span> <span class='ocrx_word' id='word_1_451' title='bbox 1490 2284 1647 2323; x_wconf 84' lang='lat' dir='ltr'>perpetuo</span> <span class='ocrx_word' id='word_1_452' title='bbox 1667 2290 1718 2313; x_wconf 84' lang='lat' dir='ltr'>ex-</span> 
     </span>
     <span class='ocr_line' id='line_1_90' title="bbox 983 2332 1429 2376; baseline 0 -11"><span class='ocrx_word' id='word_1_453' title='bbox 983 2332 1143 2366; x_wconf 87' lang='lat' dir='ltr'>tendimus</span> <span class='ocrx_word' id='word_1_454' title='bbox 1168 2337 1201 2365; x_wconf 88' lang='lat' dir='ltr'>et</span> <span class='ocrx_word' id='word_1_455' title='bbox 1226 2332 1429 2376; x_wconf 84' lang='lat' dir='ltr'>ampliamus.</span> 
     </span>
    </p>
   </div>
   <div class='ocr_carea' id='block_1_14' title="bbox 1025 2385 1876 2429">
    <p class='ocr_par' dir='ltr' id='par_1_14' title="bbox 1025 2385 1876 2429">
     <span class='ocr_line' id='line_1_91' title="bbox 1025 2385 1876 2429; baseline 0.001 -10"><span class='ocrx_word' id='word_1_456' title='bbox 1025 2387 1040 2429; x_wconf 74' lang='lat'>§</span> <span class='ocrx_word' id='word_1_457' title='bbox 1064 2385 1096 2419; x_wconf 77' lang='lat'>3.</span> <span class='ocrx_word' id='word_1_458' title='bbox 1116 2385 1185 2419; x_wconf 90' lang='lat' dir='ltr'>Non</span> <span class='ocrx_word' id='word_1_459' title='bbox 1218 2385 1422 2419; x_wconf 84' lang='lat' dir='ltr'>obstantibus</span> <span class='ocrx_word' id='word_1_460' title='bbox 1454 2386 1655 2429; x_wconf 83' lang='lat' dir='ltr'>praemissis,</span> <span class='ocrx_word' id='word_1_461' title='bbox 1683 2398 1718 2420; x_wconf 85' lang='lat' dir='ltr'>ac</span> <span class='ocrx_word' id='word_1_462' title='bbox 1756 2391 1876 2413; x_wconf 52' lang='lat' dir='ltr'>Chanmau-</span> 
     </span>
    </p>
   </div>
   <div class='ocr_carea' id='block_1_15' title="bbox 983 2438 1717 2484">
    <p class='ocr_par' dir='ltr' id='par_1_15' title="bbox 983 2438 1717 2484">
     <span class='ocr_line' id='line_1_92' title="bbox 983 2438 1717 2484; baseline 0.004 -13"><span class='ocrx_word' id='word_1_463' title='bbox 983 2438 1268 2472; x_wconf 85' lang='lat' dir='ltr'>constitutionibus</span> <span class='ocrx_word' id='word_1_464' title='bbox 1294 2443 1326 2472; x_wconf 86' lang='lat' dir='ltr'>et</span> <span class='ocrx_word' id='word_1_465' title='bbox 1353 2439 1614 2473; x_wconf 85' lang='lat' dir='ltr'>ordinationibus</span> <span class='ocrx_word' id='word_1_466' title='bbox 1639 2450 1717 2484; x_wconf 84' lang='lat' dir='ltr'>apo-</span> 
     </span>
    </p>
   </div>
   <div class='ocr_carea' id='block_1_16' title="bbox 981 2517 1718 2642">
    <p class='ocr_par' dir='ltr' id='par_1_16' title="bbox 981 2517 1718 2642">
     <span class='ocr_line' id='line_1_93' title="bbox 1018 2517 1718 2554; baseline 0.003 -9"><span class='ocrx_word' id='word_1_467' title='bbox 1018 2520 1028 2545; x_wconf 75' lang='lat'><strong>1</strong></span> <span class='ocrx_word' id='word_1_468' title='bbox 1047 2518 1156 2546; x_wconf 85' lang='lat' dir='ltr'>Comma</span> <span class='ocrx_word' id='word_1_469' title='bbox 1170 2518 1241 2545; x_wconf 85' lang='lat' dir='ltr'>istud</span> <span class='ocrx_word' id='word_1_470' title='bbox 1258 2517 1363 2545; x_wconf 87' lang='lat' dir='ltr'>videtur</span> <span class='ocrx_word' id='word_1_471' title='bbox 1378 2518 1522 2554; x_wconf 82' lang='lat' dir='ltr'>legendum</span> <span class='ocrx_word' id='word_1_472' title='bbox 1538 2522 1570 2547; x_wconf 77' lang='lat' dir='ltr'>ut</span> <span class='ocrx_word' id='word_1_473' title='bbox 1584 2519 1718 2547; x_wconf 70' lang='lat' dir='ltr'>directio-</span> 
     </span>
     <span class='ocr_line' id='line_1_94' title="bbox 981 2562 1718 2597; baseline 0.001 -8"><span class='ocrx_word' id='word_1_474' title='bbox 981 2563 1014 2590; x_wconf 78' lang='lat' dir='ltr'>ni</span> <span class='ocrx_word' id='word_1_475' title='bbox 1030 2582 1084 2590; x_wconf 92' lang='grc'><em>.....</em></span> <span class='ocrx_word' id='word_1_476' title='bbox 1099 2563 1265 2590; x_wconf 72' lang='lat' dir='ltr'>subiaceant</span> <span class='ocrx_word' id='word_1_477' title='bbox 1279 2562 1441 2590; x_wconf 75' lang='lat' dir='ltr'>eorumdem</span> <span class='ocrx_word' id='word_1_478' title='bbox 1456 2563 1587 2591; x_wconf 78' lang='lat' dir='ltr'>ministri</span> <span class='ocrx_word' id='word_1_479' title='bbox 1599 2571 1718 2597; x_wconf 57' lang='lat' dir='ltr'>,venera-</span> 
     </span>
     <span class='ocr_line' id='line_1_95' title="bbox 981 2605 1505 2642; baseline -0.002 -7"><span class='ocrx_word' id='word_1_480' title='bbox 981 2607 1016 2636; x_wconf 80' lang='lat' dir='ltr'>lis</span> <span class='ocrx_word' id='word_1_481' title='bbox 1035 2615 1069 2635; x_wconf 83' lang='lat' dir='ltr'>ac</span> <span class='ocrx_word' id='word_1_482' title='bbox 1087 2607 1272 2642; x_wconf 78' lang='lat' dir='ltr'>superiorum</span> <span class='ocrx_word' id='word_1_483' title='bbox 1290 2606 1362 2636; x_wconf 62' lang='lat' dir='ltr'>dicct·</span> <span class='ocrx_word' id='word_1_484' title='bbox 1379 2605 1505 2636; x_wconf 80' lang='lat' dir='ltr'>Ordinis.</span> 
     </span>
    </p>
   </div>
   <div class='ocr_carea' id='block_1_17' title="bbox 1729 223 1914 251">
    <p class='ocr_par' dir='ltr' id='par_1_17' title="bbox 1729 223 1914 251">
     <span class='ocr_line' id='line_1_96' title="bbox 1729 223 1914 251; baseline 0.005 -3"><span class='ocrx_word' id='word_1_485' title='bbox 1729 224 1777 249; x_wconf 78' lang='lat' dir='ltr'>An.</span> <span class='ocrx_word' id='word_1_486' title='bbox 1799 223 1827 250; x_wconf 74' lang='lat' dir='ltr'>C.</span> <span class='ocrx_word' id='word_1_487' title='bbox 1849 223 1914 251; x_wconf 69' lang='lat'>1729</span> 
     </span>
    </p>
   </div>
   <div class='ocr_carea' id='block_1_18' title="bbox 1781 791 1941 910">
    <p class='ocr_par' dir='ltr' id='par_1_18' title="bbox 1781 791 1941 910">
     <span class='ocr_line' id='line_1_97' title="bbox 1781 791 1941 910; baseline 0 -102"><span class='ocrx_word' id='word_1_488' title='bbox 1781 791 1941 910; x_wconf 95' lang='lat' dir='ltr'>  </span> 
     </span>
    </p>
   </div>
  </div>
 </body>
</html>
