2139 3142
873 181 968 204 tunax
994 181 1099 204 annun
1645 172 1708 206 889

308 233 425 266 vincias
453 233 708 266 constitutionem
733 233 900 276 quamdam
927 233 1011 265 Pauli
1031 233 1053 265 V
1074 233 1105 265 in
1122 233 1261 266 favorem
1282 234 1465 267 eorumdem
1491 236 1622 267 fratrum
1649 235 1679 267 in
1704 236 1753 268 In-

306 285 366 318 diis
389 284 640 318 Occidentalibus
660 285 774 318 editam
799 285 950 325 extendit,
975 286 1073 325 ibid.;
1097 286 1216 329 pariter
1239 286 1405 319 nonnullas
1425 287 1611 320 Pontificum
1636 288 1751 320 consti-

305 337 441 370 tutiones
466 343 496 369 et
519 337 645 370 decreta
669 337 930 380 congregationis
960 338 1181 382 episcoporum
1215 343 1245 371 et
1274 338 1468 381 regularium
1501 339 1683 379 confirmat,
1718 345 1749 372 et

305 390 459 433 quaedam
489 390 598 423 statuit
626 391 709 422 circa
738 390 927 423 delationem
952 390 1139 423 cadaverum
1165 390 1202 422 ad
1227 391 1374 424 ecclesias
1399 392 1582 424 eorumdem
1607 392 1751 431 fratrum,

305 441 369 475 632
386 443 423 483 b;
449 443 523 475 item
542 443 647 476 statuit
671 454 735 486 quo
760 449 852 487 pacto
876 443 1055 476 obedientia
1079 444 1118 475 sit
1142 444 1316 476 exhibenda
1340 444 1590 487 archiepiscopo,
1610 455 1665 477 seu
1684 445 1753 488 epi-

305 505 411 538 scopo,
437 506 454 527 a
471 496 675 528 conventibus
696 496 873 539 suppressis
891 501 921 528 et
945 496 1107 535 restitutis,
1132 495 1197 529 634
1213 507 1250 535 (13
1276 496 1442 529 confirmat
1466 497 1627 529 decretum
1652 497 1752 540 quod—

306 547 376 580 dam
402 549 530 591 capituli
554 548 710 590 generalis
735 548 808 580 dicti
828 548 963 588 Ordinis,
980 548 1063 581 circa
1088 549 1339 592 praecedentiam
1361 555 1391 582 et
1412 550 1577 592 privilegia
1595 550 1748 583 lectorum

306 601 523 644 philosophiae
548 601 578 633 in
596 601 686 633 dictis
706 601 869 641 fratribus,
892 600 957 634 634
983 601 1015 640 b;
1040 602 1205 634 confirmat
1229 602 1346 644 pariter
1374 602 1553 645 privilegia,
1580 603 1696 644 gratias
1721 608 1751 635 et

303 653 513 695 indulgentias
530 654 840 686 confraternitatibus
858 659 888 686 et
904 654 1303 687 archiconfraternitatibus
1321 655 1377 686 sub
1395 655 1478 687 dicto
1503 655 1618 687 Ordine
1638 655 1751 688 erectis

305 716 487 746 concessas,
519 717 591 739 cum
625 717 735 739 eorum
771 707 984 749 ampliatione,
1015 707 1105 746 ibid.‚·
1139 707 1282 739 concedit
1308 707 1381 738 item
1407 707 1556 740 fratribus
1581 708 1749 750 saepedicti

305 758 429 791 Ordinis
453 759 588 802 amplam
610 759 786 791 facultatem
805 760 888 791 circa
905 759 1122 802 processiones
1139 759 1344 802 peragendas,
1358 758 1422 792 635
1442 760 1474 800 b;
1494 760 1637 792 coneedit
1654 761 1747 792 etiarn

303 817 370 843 tuto
387 821 477 854 posse
494 812 537 844 uti
555 812 721 854 privilegio
739 811 881 844 initiandi
899 811 995 844 sacris
1020 811 1183 843 ordinibus
1207 817 1292 844 extra
1317 817 1476 855 tempora,
1492 813 1587 853 2·bid.;
1612 813 1751 845 declarat

302 869 465 906 praeterea
483 864 738 897 constitutionem
756 864 924 907 quamdam
941 864 1108 897 Clementis
1126 865 1150 896 X
1170 865 1253 896 circa
1272 865 1404 897 vicarios
1428 865 1589 908 generales
1615 865 1752 908 Congre-

306 916 440 957 gationis
462 917 668 949 Lombardiae
688 916 762 949 dicti
798 916 922 949 Ordinis
949 916 1183 958 intelligendam
1219 928 1286 949 esse
1321 918 1359 949 dc
1395 918 1518 950 vicariis
1550 918 1749 959 generalibus

301 979 428 1012 quoque
453 969 714 1011 Congregationis
740 969 1014 1006 Excalceatorum,
1040 968 1103 1001 636
1120 980 1157 1005 α’,
1184 969 1295 1001 iisdem
1321 970 1463 1002 concedit
1488 975 1518 1002 ct
1542 970 1647 1003 denuo
1672 981 1746 1003 con-

300 1020 405 1052 firmat
429 1020 640 1063 indulgentias
664 1030 773 1052 omnes
798 1020 873 1052 alias
897 1030 1077 1059 concessas,
1102 1021 1203 1059 itn·‹t.;
1229 1022 1368 1053 eremitis
1393 1023 1540 1065 praefatis
1565 1024 1745 1065 provinciae

300 1072 550 1115 Philippinarum
576 1073 747 1111 indultum,
772 1083 827 1105 scu
851 1073 1144 1105 determinationem
1162 1073 1262 1105 dictae
1283 1074 1476 1116 provinciae,
1503 1080 1536 1107 ut
1559 1081 1747 1118 procurator

300 1125 456 1166 generalis
480 1131 509 1157 et
533 1126 679 1168 superior
703 1126 878 1158 Conventus
902 1125 1080 1157 Manilensis
1101 1126 1240 1158 eiusdem
1261 1127 1441 1169 provinciae
1461 1127 1645 1170 suffragium
1664 1129 1745 1161 serre

300 1177 398 1220 possit
423 1177 453 1209 in
480 1178 623 1220 capitulis
650 1178 904 1221 provincialibus,
931 1178 1114 1217 confirmat,
1139 1179 1203 1211 040
1228 1191 1247 1212 α
1273 1185 1303 1212 et
1325 1181 1351 1212 b.

215 1230 371 1262 Eremitae
395 1230 426 1263 S.
454 1230 618 1271 Augustini
644 1230 834 1263 Discalccati.
855 1249 898 1253 -—
924 1231 961 1263 Ut
985 1231 1133 1263 eremitae
1158 1232 1189 1264 S.
1210 1232 1372 1274 Augustini
1394 1232 1574 1265 Discalceati
1600 1244 1750 1275 quarum-

301 1283 372 1315 dam
397 1282 684 1325 Congregatiomun
711 1284 740 1315 in
766 1289 857 1315 cantu
882 1290 912 1316 et
936 1284 1043 1317 habitu
1069 1285 1313 1317 uniformitatem
1335 1290 1472 1325 servent,
1493 1286 1615 1325 statuit,
1640 1286 1704 1319 310
1728 1298 1748 1319 a

301 1341 331 1368 et
355 1336 387 1375 b3
416 1336 446 1368 in
470 1336 653 1368 eorumdem
679 1336 819 1369 ecclesiis
845 1336 875 1368 in
896 1346 994 1378 regno
1018 1336 1153 1369 Tunltini
1175 1336 1384 1378 indulgentias
1404 1337 1555 1380 quasdam
1580 1338 1748 1377 concessit,

301 1388 366 1421 354
389 1401 408 1422 α
430 1393 461 1422 et
484 1390 516 1428 b;
542 1389 711 1432 praedictis
735 1390 992 1432 Congregationis
1018 1390 1238 1432 Hispaniarum
1264 1396 1293 1422 et
1318 1390 1488 1429 Indiarum,
1505 1396 1537 1422 ut
1557 1391 1692 1424 sandalis
1711 1402 1748 1424 ex

300 1442 381 1485 pelle
406 1442 487 1484 nigri
513 1442 628 1475 coloris
654 1443 696 1474 uti
721 1443 852 1485 possint,
877 1442 1023 1481 indulsit,
1049 1442 1113 1476 584
1137 1443 1153 1475 b
1178 1449 1207 1475 et
1224 1454 1301 1486 seq.;
1336 1443 1365 1475 in
1390 1443 1574 1475 eorumdem
1610 1444 1747 1486 capitulo

301 1494 484 1539 provinciali
510 1495 690 1538 provinciae
714 1495 855 1528 Baeticae
879 1495 1093 1528 alter-nativam
1119 1496 1285 1539 quamdam
1312 1496 1393 1528 inter
1418 1496 1529 1528 fratres
1554 1496 1654 1528 dictae
1677 1507 1749 1539 prm

300 1548 419 1581 vinciae
444 1554 474 1580 et
499 1559 551 1581 eos
582 1549 668 1582 della
695 1549 812 1581 Manca
841 1548 1016 1580 institutam
1042 1549 1156 1587 refert,
1188 1548 1252 1581 (520
1277 1559 1296 1580 α
1322 1553 1351 1581 et
1374 1559 1454 1591 seqq
1484 1549 1623 1580 eremitis
1647 1549 1748 1581 dictae

300 1600 481 1643 provinciae
505 1602 636 1633 relatam
661 1601 881 1633 alternatiram
907 1601 1085 1633 officiorum
1111 1601 1325 1639 confirmavit,
1351 1600 1409 1633 621
1440 1601 1455 1632 b
1480 1606 1510 1633 ct
1533 1611 1610 1644 seq.;
1637 1601 1747 1633 eremi-

301 1654 340 1686 tis
364 1653 562 1686 Discalccatis
583 1654 612 1687 S.
633 1654 798 1696 Augustini
823 1653 1084 1696 Congregationis
1102 1653 1268 1696 Hispaniae
1293 1659 1322 1685 et
1347 1653 1504 1685 lndiarum
1530 1653 1747 1686 alter-nativam

300 1706 460 1738 electionis
477 1706 584 1738 vicarii
602 1706 761 1748 generalis
787 1706 887 1739 dietae
911 1706 1171 1749 Congregationis
1193 1706 1230 1738 ad
1257 1712 1318 1738 tres
1341 1712 1462 1738 tantum
1482 1707 1647 1749 Hispaniae
1672 1717 1748 1749 pro-

301 1760 418 1793 vincias
444 1759 583 1799 reduxit,
608 1759 673 1792 870
697 1760 714 1791 l)
739 1766 768 1791 et
792 1771 853 1803 seq.

209 1812 375 1855 Eugubina
400 1812 540 1844 ecelesia.
565 1831 609 1835 ——
635 1813 674 1845 De
700 1813 883 1855 Eugubinae
915 1813 1065 1845 ecclesiae
1094 1812 1287 1844 subiectione
1316 1811 1575 1854 metropolitanae
1608 1811 1744 1844 Urbina-

299 1865 377 1897 tensi
403 1865 658 1898 constitutionem
684 1866 728 1898 Pii
754 1865 789 1897 lV
815 1866 911 1897 refert
937 1865 1122 1897 Benedictus
1147 1864 1234 1904 xm,
1258 1863 1317 1896 188
1334 1875 1354 1896 α
1377 1869 1407 1896 et
1430 1875 1510 1906 serp,
1539 1864 1736 1906 Eugubinam

299 1916 380 1950 inter
403 1923 433 1949 et
459 1918 700 1950 Urbinatensem
724 1918 872 1951 ccclesias
897 1918 955 1950 hac
980 1929 1016 1950 ex
1042 1928 1075 1949 re
1099 1924 1184 1950 ortas
1209 1917 1440 1950 controversias
1465 1917 1607 1959 exponit,
1632 1916 1696 1948 2188
1721 1917 1739 1948 b

298 1975 328 2001 et
350 1980 421 2012 seq.;
446 1970 610 2003 ecclesiam
635 1970 828 2014 praedictam
853 1971 957 2004 denuo
984 1971 1179 2004 Urbinatensi
1214 1976 1366 2013 perpetuo
1391 1970 1565 2002 subiectam
1591 1969 1745 2009 declarat,

299 2021 357 2054 191
387 2023 404 2054 b
429 2028 459 2054 et
483 2034 545 2065 seq.

210 2074 388 2108 Exactores
413 2094 457 2099 —-
483 2076 514 2107 ln
540 2080 705 2109 exactores
733 2077 904 2109 camerales
934 2076 1074 2108 infideles
1095 2075 1206 2107 Montis
1237 2075 1361 2107 Pietatis
1390 2080 1419 2106 et
1451 2074 1478 2107 S.
1509 2074 1642 2116 Spiritus
1666 2084 1740 2117 poe-

297 2138 351 2160 nas
376 2128 523 2168 decrevit,
549 2128 612 2161 849
638 2129 656 2160 lt
680 2135 709 2161 et
735 2140 795 2172 seq.

965 2261 987 2291 F

210 2390 410 2423 Fabrianum.
434 2410 478 2414 ——
502 2391 646 2424 Fabriani
676 2393 707 2424 in
741 2393 856 2425 Piceno
880 2392 988 2435 oppidi
1014 2392 1117 2434 elogia
1141 2390 1256 2429 refert,
1287 2389 1344 2422 741
1374 2390 1410 2430 b3
1446 2389 1590 2422 Fabriani
1623 2394 1741 2422 terram

298 2443 329 2475 in
354 2443 516 2477 Civitatem
541 2444 652 2486 erigit,
678 2444 741 2476 742
765 2456 800 2484 a3
825 2445 896 2477 vide
919 2444 1061 2477 Ecclesia
1085 2443 1258 2485 collegiata.

209 2495 339 2528 Fabrica
362 2495 578 2529 ecclesiarum.
601 2515 645 2520 —
669 2497 708 2529 Ut
731 2497 868 2529 fabricae
892 2506 1019 2529 suarum
1043 2496 1217 2539 respective
1253 2495 1459 2528 ecclesiarum
1490 2504 1599 2527 omnes
1622 2494 1741 2537 provisi

296 2547 334 2581 de
358 2547 520 2582 beneficiis
545 2549 679 2582 mediam
704 2555 851 2583 annatam
871 2550 993 2582 solvere
1012 2553 1203 2588 tenerentur,
1229 2547 1345 2590 statuit,
1369 2546 1434 2580 153
1463 2559 1481 2580 a
1508 2553 1537 2579 et
1558 2547 1591 2587 b;
1624 2552 1658 2579 ut
1681 2557 1740 2589 pro

367 2610 445 2636 Ball.
463 2610 546 2637 Rom.
561 2625 596 2630 —
614 2611 673 2638 Vol.
690 2611 780 2638 XXII.
910 2611 962 2638 819.
