2170 3147
236 221 285 247 An.
303 221 332 248 c.
358 221 424 247 1725
471 211 534 244 ⁶228

1014 217 1197 242 ammaum

435 269 603 302 missorum
630 268 816 302 necessario
843 267 1055 312 exprimenda
1080 268 1173 306 foret,

432 328 484 355 aut
510 323 594 366 quod
622 323 661 355 de
687 323 851 355 voluntate
888 323 999 354 nostra
1035 327 1066 355 et
1102 320 1173 354 aliis

431 376 583 418 superius
601 375 763 418 expressis
782 374 897 408 nullibi
924 380 1098 418 appareret
1116 385 1172 407 seu

431 430 509 461 alias
536 429 667 472 probari
696 435 815 472 posset,
843 428 957 468 notari,
978 428 1172 471 impugnari,

430 482 611 520 invalidari,
637 481 815 521 retractari,
844 482 874 514 in
901 482 949 514 ius
975 483 1024 515 vel
1046 488 1174 514 contro-

430 536 567 568 versiam
594 536 752 574 revocari,
779 540 832 568 aut
856 536 895 569 ad
922 535 1079 568 terminos
1098 536 1173 568 iuris

430 589 567 629 reduci,
594 590 643 622 vel
670 589 823 622 adversus
854 589 924 622 illas
959 589 1196 622 restitutionisi

430 643 462 675 in
489 643 661 685 integrum,
687 642 883 685 aperitionis
907 643 985 682 oris,
1012 642 1196 682 reductio-¹

430 695 480 727 nis
507 695 544 727 ad
571 696 655 728 viam
681 701 712 728 et
727 696 883 727 terminos
904 695 995 735 iuris,
1015 700 1069 728 aut
1086 695 1172 728 aliud

430 749 659 792 quodcumque
687 749 766 781 iuris
792 750 840 782 vel
866 749 950 783 facti,
977 755 1030 781 aut
1052 749 1173 791 gratiae

430 803 480 835 vel
507 802 647 835 iustitiae
674 803 855 835 remedium
888 802 1078 845 impetrari,
1116 813 1172 834 scu

430 856 681 899 quomodolibet
713 856 809 889 etiam
847 861 935 889 motu
969 855 1064 888 simili
1097 866 1174 888 cou-

429 921 520 944 ccsso
556 911 604 943 vel
644 910 818 953 impetrato
854 915 909 942 aut
945 914 1095 942 emanato
1128 909 1172 941 uti

429 973 484 995 seu
512 973 546 996 se
573 963 682 996 iuvare
708 963 739 995 in
759 962 879 995 iudicio
900 963 946 995 vel
962 968 1052 995 extra
1067 972 1172 1006 posse,

428 1026 534 1059 neque
562 1016 649 1059 ipsas
675 1021 863 1059 praesentes
886 1016 1010 1048 litteras
1028 1016 1087 1048 sub
1105 1016 1173 1059 qui-

429 1069 537 1102 busvis
565 1069 717 1101 similium
751 1069 927 1111 gratiarum
958 1069 1174 1102 revocationi-

428 1121 487 1153 bus
510 1149 515 1161 ,
554 1122 825 1165 suspensionibus
847 1148 853 1161 ,
892 1121 1140 1154 limitationihus
1166 1149 1172 1160 ‚

429 1174 752 1214 modificationibus,
780 1175 1057 1216 derogationibus,
1085 1175 1172 1207 aliis-

430 1238 491 1271 que
530 1227 705 1260 contrariis
743 1221 1036 1269 dispositionibus,
1076 1227 1195 1267 etiam,

428 1291 488 1323 per
506 1290 564 1313 nos
583 1286 613 1313 et
631 1291 839 1313 successores
858 1286 987 1313 nostros
1010 1280 1172 1313 Romanos
1193 1294 1195 1327 ζ

430 1333 602 1366 Pontifices
640 1344 699 1376 pro
743 1339 889 1377 tempore
928 1333 1102 1370 existentes
1142 1340 1195 1367 et>

428 1385 544 1419 Sedem
583 1386 801 1429 Apostolicam
834 1387 1048 1430 praedictam,
1077 1386 1195 1427 etiam¹

430 1446 528 1479 motu,
555 1440 690 1472 scientia
715 1446 746 1473 et
772 1440 944 1483 potestatis
966 1440 1172 1483 plenitudine

429 1493 615 1532 similibus,
655 1494 751 1526 etiam
793 1493 1097 1533 consistorialiter,
1136 1504 1171 1526 ex

430 1546 631 1589 quibuslibet
655 1546 770 1587 causis,
790 1552 820 1580 et
838 1547 896 1579 sub
916 1546 1172 1590 quibuscumque
1193 1561 1195 1580 i

429 1601 600 1633 verborum
629 1601 796 1633 tenoribus
823 1607 854 1633 et
879 1600 1010 1640 formis,
1039 1611 1073 1633 ac
1100 1603 1195 1671 cums

430 1653 594 1696 quibusvis
619 1655 771 1687 clausulis
798 1659 830 1687 et
855 1654 994 1688 decretis
1010 1681 1017 1694 ,
1046 1654 1171 1687 etiamsi
1193 1674 1195 1699 ς

1221 216 1374 242 ηΟΜΑΝυΜ

1218 266 1314 299 etiam
1340 276 1506 299 causarum
1532 266 1642 310 palatii
1669 265 1839 310 apostolici
1872 265 1960 299 audi-

1218 326 1316 361 toreS,
1343 331 1379 353 ac
1403 319 1434 353 S.
1455 320 1492 353 R.
1512 320 1544 353 E.
1572 320 1766 359 cardinales,
1795 320 1892 352 etiam
1918 319 1958 352 dc

1218 375 1318 407 latere
1359 375 1483 417 legatos
1504 402 1510 414 ,
1550 374 1746 416 vicelegatos
1788 373 1958 416 dictaeque

1217 426 1308 460 Sedis
1325 427 1471 467 nuncios,
1492 432 1523 459 et
1540 427 1620 460 alios
1641 436 1864 470 quoscumque
1883 436 1960 469 qua-

1218 480 1261 513 vis
1287 480 1503 519 auctoritate,
1529 485 1703 523 potestate,
1731 479 1959 522 praerogativa

1218 539 1248 567 et
1284 534 1454 577 privilegio
1488 533 1660 576 fungentes
1699 543 1734 564 ac
1768 532 1895 565 bonore
1929 537 1961 565 et

1218 588 1477 630 praeeminentia
1504 587 1684 629 fulgentes,
1711 586 1837 618 sublata
1865 585 1909 618 eis
1929 590 1961 618 et

1217 650 1328 672 eorum
1356 640 1489 672 cuilibet
1521 639 1633 681 quavis
1667 639 1762 671 aliter
1794 638 1958 671 iudicandi

1217 697 1248 725 et
1270 691 1505 735 interpretandi
1527 692 1677 724 facultate
1704 697 1736 723 et
1757 691 1958 731 auctoritate,

1218 745 1248 777 in
1276 756 1481 788 quocumque
1508 745 1629 777 iudicio
1656 745 1738 777 etin
1756 755 1959 788 quacumque

1218 799 1370 831 instantia
1398 799 1530 831 iudicari
1558 804 1588 831 et
1614 798 1739 831 definiri
1759 798 1890 840 debere,
1914 803 1957 839 et,

1217 852 1242 885 si
1269 863 1361 885 secus
1386 863 1483 896 super
1508 852 1558 885 his
1585 863 1601 885 a
1627 863 1788 896 quoquam
1809 879 1816 892 ,
1847 851 1959 896 quavis

1217 907 1441 947 auctoritate,
1476 906 1618 938 scienter
1651 906 1702 938 vel
1739 905 1955 948 ignoranter,

1217 959 1389 1002 contigerit
1423 960 1599 998 attentari,
1638 959 1763 992 irritum
1798 964 1829 992 et
1862 959 1958 992 inane

1217 1012 1341 1054 pariter
1366 1012 1585 1045 decernimus.

1261 1066 1275 1108 g
1300 1064 1331 1097 6.
1352 1065 1421 1097 Nou
1441 1066 1663 1106 obstantibus,
1691 1071 1848 1108 quatenus
1875 1076 1957 1109 opus

1217 1118 1266 1157 sit,
1294 1120 1403 1150 nostra
1439 1124 1469 1151 ct
1506 1118 1726 1151 Cancellariae
1753 1118 1957 1161 Apostolicae

1218 1173 1331 1214 regula
1357 1173 1396 1205 dc
1422 1173 1490 1205 iure
1516 1172 1661 1214 quaesito
1688 1182 1752 1205 non
1780 1172 1928 1205 tollendo
1948 1199 1956 1213 ‚

1216 1225 1355 1268 aliisque
1396 1226 1427 1257 in
1465 1226 1662 1258 contrarium
1699 1225 1957 1269 praemissorum

1217 1279 1466 1320 quomodolibet
1492 1278 1586 1311 editis
1614 1280 1661 1311 vel
1689 1279 1835 1319 edendis,
1858 1278 1956 1311 etiarn

1217 1331 1247 1363 in
1275 1332 1504 1374 synodalibus,
1531 1332 1800 1374 provincialibus,
1825 1332 1957 1365 univer-

1217 1384 1403 1427 salibusque
1429 1385 1587 1424 conciliis,
1615 1385 1811 1428 specialibus
1837 1385 1887 1418 vel
1905 1395 1957 1427 ge-

1217 1437 1412 1477 neralibus,
1446 1438 1582 1481 aliisque
1614 1438 1901 1472 constitutionibus
1927 1443 1958 1470 et

1217 1491 1478 1524 ordinationibus
1509 1492 1724 1534 apostolicis,
1757 1502 1794 1524 ac
1825 1490 1958 1535 praedi-

1216 1543 1366 1577 ctarum¹
1391 1544 1632 1578 Terracinensis
1658 1550 1690 1577 et
1713 1544 1853 1584 Setinae,
1879 1543 1957 1576 alia-

1216 1608 1353 1640 rumque
1367 1597 1378 1614 «z
1398 1598 1623 1638 ecclesiarum,
1644 1598 1739 1630 etiarn
1758 1597 1954 1636 iuramento,

1217 1651 1463 1684 confirmatione
1489 1651 1676 1695 apostolica,
1702 1652 1753 1684 vel
1779 1650 1890 1694 quavis
1903 1649 1957 1682 fir-

430 1706 461 1738 in
488 1706 632 1740 eisdem¹
656 1707 882 1751 praesentibus
909 1718 1085 1750 earumque
1105 1712 1171 1740 toto
1193 1701 1195 1749 l
1217 1704 1327 1736 mitate
1349 1704 1410 1736 alia
1433 1704 1603 1743 roboratis,
1622 1704 1759 1744 statutis,
1778 1713 1955 1746 eorumque

430 1764 543 1793 tenore
561 1770 596 1792 ac
618 1760 691 1793 data
713 1761 862 1804 specialis
881 1760 1001 1793 mentio
1020 1760 1088 1799 fiat,
1115 1771 1172 1803 pro
1193 1753 1195 1795 Ῐ
1216 1757 1503 1790 reformationibus
1529 1762 1558 1790 et
1584 1757 1674 1790 novis
1709 1756 1929 1790 additionibus
1946 1782 1954 1796 ,

431 1818 578 1856 tempore
605 1813 697 1846 factis
724 1819 755 1846 et
769 1813 942 1853 concessis,
958 1824 993 1845 ac
1015 1813 1172 1846 faciendis
1192 1803 1195 1845 l
1216 1810 1330 1854 stiylis,
1348 1810 1460 1843 usibus
1485 1816 1515 1843 et
1541 1810 1839 1851 consuetudinibus,
1858 1809 1954 1843 etiam

430 1872 461 1899 et
485 1867 716 1907 concedendis,
737 1868 986 1911 comprehendi,
1014 1867 1083 1906 sed,
1107 1873 1173 1900 tan·
1193 1848 1194 1879 l
1217 1863 1531 1896 immemorabilibus
1554 1892 1560 1904 ,
1587 1864 1766 1907 privilegiis
1799 1874 1926 1907 quoque
1945 1890 1953 1903 ,

430 1931 523 1963 quam
551 1921 588 1953 ad
617 1923 717 1953 maius
744 1922 864 1954 bonum
892 1922 1070 1960 tendentes,
1090 1931 1171 1953 sem-
1193 1959 1194 1962 Ἴ

430 1984 487 2015 per
505 1981 535 2006 et
559 1974 693 2007 omnino
716 1975 755 2006 ab
778 1974 841 2007 illis
860 1974 976 2017 excipi,
991 1979 1031 2014 et,
1046 1974 1172 2017 quoties

430 2025 506 2058 illae
533 2027 738 2067 emanabant,
767 2027 861 2059 toties
889 2027 920 2059 in
947 2026 1118 2069 pristinum
1141 2020 1195 2070 et}

429 2079 672 2120 validissimum,
699 2092 733 2112 ac
760 2091 831 2113 eum
858 2080 889 2112 in
905 2090 968 2123 quo
984 2085 1078 2112 antea
1097 2090 1173 2122 quo·
1193 2120 1195 2131 ι

432 2133 611 2165 modolibet
638 2139 742 2172 crant,
770 2137 886 2167 statum
913 2134 1099 2173 restitutas,
1127 2139 1195 2181 νεὶ-ξ

432 2186 552 2227 positas
577 2192 608 2219 ct
634 2187 778 2230 plenarie
807 2188 1044 2229 reintegratas,
1071 2198 1106 2219 ac
1132 2187 1170 2220 de
1193 2186 1195 2237 ζ

431 2249 513 2271 ηοω
540 2240 634 2272 etiam
661 2240 719 2272 sub
757 2251 961 2283 quacumque
999 2240 1170 2283 posteriori

432 2292 503 2323 data
529 2294 802 2336 quandocumque
828 2294 980 2336 eligenda
1004 2303 1171 2326 concessas
1193 2283 1194 2318 Ῠ

432 2355 502 2376 esse
529 2352 560 2377 ct
585 2346 679 2385 fore,
708 2347 817 2389 sicque
845 2353 877 2379 et
906 2357 970 2379 non
1008 2347 1102 2379 aliter
1140 2346 1170 2378 in
1193 2353 1194 2392 j

431 2398 617 2439 praemissis
635 2400 784 2431 omnibus
801 2405 833 2431 et
847 2399 984 2442 singulis
1003 2410 1061 2442 per
1078 2410 1194 2442 quos-

431 2461 570 2493 cumquc¹
599 2452 719 2483 iudices
740 2453 925 2485 ordinarios
944 2459 973 2485 et
992 2453 1168 2495 delegatos,

467 2534 475 2557 ⁴.
503 2531 615 2557 Prorsus
636 2532 825 2558 interiicienda
849 2532 891 2558 bic
912 2537 950 2559 cst
976 2541 1102 2567 praepos.
1124 2532 1169 2566 de,

430 2581 460 2603 ut
479 2576 584 2608 legatur
612 2577 729 2603 etiamsi
758 2577 790 2603 in
819 2577 926 2603 eisdem
955 2578 988 2604 cle
1005 2577 1168 2612 praesenti-

431 2621 513 2648 bus...
531 2622 664 2655 specialis
683 2622 788 2648 mentio
809 2622 859 2655 fiat
880 2622 917 2655 (a.
937 2623 985 2655 r).

1216 1916 1351 1950 indultis
1377 1923 1409 1949 et
1434 1917 1550 1950 litteris
1575 1918 1761 1960 apostolicis
1780 1944 1787 1957 ,
1812 1917 1876 1950 illis
1901 1927 1956 1950 eo—

1217 1981 1353 2014 rumque
1372 1970 1597 2014 superioribus
1613 1976 1643 2003 et
1657 1972 1807 2014 personis
1825 1980 1860 2003 ac
1874 1969 1954 2003 locis

1216 2024 1488 2067 quibuscumque,
1507 2024 1603 2056 etiam
1623 2024 1783 2067 specifica,
1799 2024 1955 2067 expressa

1216 2084 1246 2111 et
1272 2077 1435 2110 individua
1461 2078 1626 2111 mentione
1653 2078 1777 2120 dignis,
1803 2077 1861 2110 sub
1887 2077 1955 2121 qui-

1216 2132 1415 2175 buscumque
1443 2130 1608 2163 tenoribus
1634 2136 1665 2163 et
1691 2130 1813 2171 formis,
1832 2140 1954 2163 aecum

1216 2185 1382 2228 quibusvis
1408 2184 1504 2216 etiam
1523 2183 1799 2226 derogatoriarum
1819 2183 1955 2226 deroga·

1216 2238 1326 2277 toriis,
1354 2237 1490 2280 aliisque
1517 2236 1771 2276 efficacioribus,
1799 2235 1954 2268 efficacis-

1216 2291 1306 2322 simis
1317 2297 1348 2323 ct
1360 2290 1496 2322 insolitis
1507 2289 1673 2329 clausulis,
1687 2288 1953 2332 irritantibusque

1216 2350 1245 2376 et
1267 2344 1337 2376 aliis
1364 2342 1515 2381 decretis,
1532 2342 1563 2374 in
1584 2352 1703 2384 genere
1718 2342 1766 2374 vel
1785 2341 1817 2373 in
1835 2340 1954 2384 specie,

1215 2397 1311 2429 etiam
1339 2402 1426 2429 motu
1459 2395 1556 2438 pari,
1591 2406 1627 2427 ac
1659 2393 1925 2427 consistorialiter
1943 2419 1951 2434 ,

1215 2456 1268 2482 aut
1293 2450 1372 2482 alias
1398 2447 1669 2492 quomodolibet,
1703 2447 1798 2479 ctiam
1830 2445 1952 2478 iteratis

1215 2503 1336 2535 vicibus
1349 2505 1380 2535 in
1395 2502 1594 2534 contrarium
1606 2499 1858 2543 praemissorum
1877 2509 1953 2532 con-

1249 2574 1258 2599 1
1284 2572 1345 2599 Edit
1364 2572 1442 2599 Main.
1465 2572 1531 2606 legit
1546 2570 1766 2606 praedictorum
1786 2570 1828 2604 (R.
1848 2566 1916 2602 Τ.).’

1247 2618 1262 2644 ⁶2
1284 2617 1343 2644 Edit
1363 2617 1442 2643 atain.
1465 2616 1527 2651 legit
1547 2616 1732 2649 aliorumque
1752 2622 1791 2649 (Β.
1812 2615 1860 2651 Τ.).

1965 216 2013 243 An.
2035 217 2063 245 C.
2085 218 2152 247 1725

2038 1129 2152 1156 Derogatio

1970 1157 2040 1183 ampla
2071 1159 2154 1177 couti-a·

1969 1189 2055 1204 riorum.
