2170 3147
21 227 70 255 An.
85 225 115 252 C.
137 224 203 252 1728

52 1389 201 1409 mansei-vatur

23 1416 141 1442 praefectus
169 1420 202 1434 sa-

21 1443 50 1463 cri
61 1442 135 1468 palatii
151 1447 201 1466 apo-

21 1468 89 1488 stolici
105 1468 130 1488 ab
150 1472 202 1488 irre·

22 1495 140 1521 gularitate.

61 2385 162 2406 Adimitnr
177 2386 208 2406 fa·

27 2412 94 2432 cultas
104 2413 141 2432 has
152 2413 207 2432 titte-

26 2444 60 2458 τῆς
77 2439 208 2464 quomodoli-

27 2464 63 2485 bet.
88 2471 207 2491 unpugnan.

783 224 976 249 BENEDICTUS
1001 224 1058 248 XIII
1083 224 1132 248 1³1³.

214 272 290 306 tium
315 272 524 307 concedimus
549 277 581 306 et
603 273 828 315 indulgemus:
853 279 898 313 et,
922 272 947 305 si

211 331 326 368 agatur
343 326 468 359 actione
486 326 563 359 reali
582 326 734 358 adversus
759 325 948 359 familiarem

212 379 385 419 eiusmodi,
414 384 489 411 tunc
513 379 619 412 eidem
645 379 812 422 praefecto
838 378 947 420 palatii

211 432 279 465 sola
296 438 460 474 competat
479 433 611 465 facultas
630 431 830 464 concedendi
851 431 949 463 licen-

213 484 286 517 tiam
313 485 495 527 exequendi
515 484 705 523 sententias,
725 484 874 516 mandata
899 484 947 515 vel

211 538 352 577 decreta,
379 539 474 580 vulgo
499 538 701 581 Exequatur,
725 548 805 580 quae
826 537 948 580 absque

211 590 475 633 reassumptione
515 589 713 632 cognitionis
757 589 947 621 meritorum

211 652 324 675 causae
351 648 553 685 praestetnr;
581 642 667 685 quod
694 647 726 675 et
750 652 821 674 cum
848 640 948 673 artifi-

212 694 301 727 cibus
325 695 465 738 aliisque
501 695 686 738 patentibus
723 695 868 727 eiusdem
892 705 949 737 pa-

211 747 281 780 latii
306 747 477 790 apostolici
504 747 637 780 munitis
663 758 700 780 ex
725 747 826 780 veteri
858 756 948 779 more

212 804 245 832 et
268 801 371 842 aequa
396 800 568 832 honestate
601 805 755 832 servatur.
777 799 948 832 Declaran-

213 857 277 892 tcs,
303 853 391 895 quod
416 853 548 885 nomine
574 852 780 886 familiarium
805 862 871 885 non
897 862 949 884 ve-

211 904 303 937 niant
343 905 402 937 nisi
443 905 475 937 in
512 905 586 938 albo
623 915 680 938 seu
718 905 837 938 tabella
873 904 949 937 dieti

211 957 322 999 palatii
349 964 380 990 et
403 963 438 990 ut
461 959 556 1000 vulgo
582 958 698 991 dicitur
715 957 809 991 Rollo
829 957 949 990 descri—

210 1009 283 1052 pti,
307 1011 460 1053 quodque
492 1015 667 1043 memorata
702 1010 882 1042 iurisdictio
917 1009 949 1042 in

212 1061 364 1094 omnibus
404 1063 532 1095 casibus
571 1063 756 1105 praemissis
792 1072 950 1095 concessa

211 1114 253 1147 sit
278 1120 309 1148 et
334 1125 405 1148 esse
438 1126 474 1148 ac
505 1122 694 1159 competere
730 1115 947 1157 intelligatur,

211 1167 277 1201 sive
295 1168 524 1212 delinquentes
538 1175 570 1202 et
587 1169 763 1202 familiares
789 1174 844 1201 aut
867 1168 949 1201 aliae

211 1230 371 1264 personae
404 1221 590 1255 huiusmodi
624 1221 887 1261 ecclesiasticae,
913 1231 950 1254 ac

213 1274 308 1307 etiam
336 1274 368 1307 in
394 1275 614 1308 ecclesiastica
638 1275 794 1318 dignitate
828 1273 950 1308 consti-

214 1333 314 1368 tutae,
341 1328 406 1361 sive
433 1330 615 1362 saeculares
641 1328 770 1362 fuerint.

255 1381 332 1424 §3-
369 1382 469 1415 Porro
506 1382 612 1415 cidem
641 1381 776 1415 Camillo
812 1381 948 1425 patriar·

213 1434 312 1474 chae,
339 1446 375 1467 ac
401 1445 460 1477 pro
491 1440 638 1478 tempore
664 1435 814 1467 existenti
836 1434 949 1477 palatii

212 1487 381 1530 apostolici
407 1487 583 1529 praefecto,
601 1493 644 1527 ut,
665 1487 812 1520 muneris
838 1487 949 1519 liuius-

212 1539 302 1572 modi
328 1550 363 1572 ac
388 1540 642 1582 praemissorum
675 1540 802 1572 ratione
836 1544 868 1572 et
898 1549 951 1572 oc-

213 1593 361 1633 casione,
387 1593 418 1625 in
444 1593 588 1635 negociis
616 1600 647 1625 et
671 1593 776 1626 causis
801 1592 952 1625 crimina-

212 1645 297 1678 libus
315 1645 584 1689 quibuscumque,
602 1646 726 1689 quoties
740 1656 821 1688 opus
844 1645 950 1685 fuerit,

213 1709 248 1731 se
274 1698 466 1739 immiscere,
486 1705 517 1731 et
534 1699 565 1731 in
591 1699 636 1731 eis
658 1699 842 1737 consilium,
862 1708 951 1730 man-

214 1751 288 1784 data
312 1757 344 1784 et
368 1752 527 1785 iussiones
561 1758 623 1784 tam
656 1753 756 1785 verbo
791 1762 886 1795 quam
918 1751 949 1783 in

214 1805 344 1848 scriptis
370 1805 458 1845 dare,
483 1816 519 1837 ac
544 1805 671 1838 debitae
694 1804 877 1838 executioni
896 1804 951 1837 dc-

214 1857 367 1890 mandare
391 1868 447 1890 seu
473 1858 662 1891 demandari
688 1858 804 1898 facere,
823 1857 950 1891 etiamsi

214 1910 380 1952 sanguinis
407 1910 520 1943 effusio
546 1911 833 1953 membrorumque
858 1911 950 1943 muti-

215 1962 292 1995 latio
331 1973 388 1995 seu
421 1963 516 1996 etiarn
541 1974 626 1997 mors
662 1964 736 1997 inde
773 1970 950 2007 sequatur,

215 2014 319 2047 libere
345 2020 376 2047 ct
400 2015 486 2048 licite
512 2027 548 2049 ae
573 2017 694 2058 absque
720 2016 854 2049 alicuius
878 2027 951 2059 poe-

215 2076 275 2100 nae
300 2069 347 2100 vel
374 2078 529 2100 censurae
554 2069 792 2102 ecclesiasticae
822 2070 951 2102 incursu

215 2119 322 2161 possit
356 2124 388 2152 et
423 2121 543 2158 valeat,
574 2121 750 2154 dummodo
789 2127 894 2154 tamen
935 2133 953 2154 a

216 2171 377 2204 sententia
402 2172 434 2204 in
467 2174 561 2205 causa
593 2174 763 2215 sanguinis
798 2184 856 2216 per
892 2175 952 2207 sei-

215 2234 306 2266 psum
332 2224 465 2257 ferenda
490 2226 623 2258 omnino
642 2225 816 2267 abstineat,
842 2232 953 2260 aucto-

215 2277 312 2309 ritate
352 2283 384 2309 et
419 2282 531 2310 tenore
569 2278 721 2320 praefatis
767 2278 951 2311 facultatem

217 2330 424 2363 concedimus
451 2335 483 2363 et
509 2330 723 2372 impertimur.

262 2383 277 2426 §
301 2382 332 2415 4.
352 2382 583 2422 Decernentes‚
604 2383 673 2426 ipas
699 2389 890 2426 praesentes
907 2384 954 2416 lit-

218 2441 303 2468 teras
328 2440 359 2467 et
383 2436 414 2467 in
446 2436 491 2468 eis
527 2441 680 2468 contenta
706 2446 927 2479 quaecumque
943 2463 950 2476 ,

219 2487 315 2521 etiam
340 2498 375 2520 ex
402 2497 440 2520 eo
466 2488 551 2531 qnod
578 2488 713 2530 quilibet
738 2488 769 2520 in
799 2488 953 2530 praemis-

218 2539 260 2572 sis
284 2540 442 2572 interesse
468 2540 627 2573 habentes
648 2551 703 2573 seu
726 2540 849 2573 habere
875 2551 952 2583 quo-

218 2593 399 2628 modolibet
423 2593 684 2636 praetendentes,
706 2593 769 2627 illis
787 2604 853 2628 non
879 2604 953 2628 con-

1629 212 1697 246 725

992 272 1169 312 senserint,
1195 282 1255 305 nec
1287 272 1326 305 ad
1362 282 1399 305 ea
1424 270 1550 310 vocati,
1576 270 1664 303 citati
1699 276 1731 303 et

992 324 1103 363 auditi,
1128 335 1187 357 nec
1212 335 1336 364 causae,
1352 328 1487 367 propter
1501 334 1579 366 quas
1595 323 1729 356 eaedem

991 383 1179 420 praesentes
1215 377 1418 415 emanarint,
1443 376 1640 409 sufficienter
1675 376 1730 408 ad-

992 430 1115 471 ductae,
1133 430 1314 463 verificatae
1335 435 1368 463 et
1392 429 1581 462 iustificatae
1598 428 1730 467 fuerint,

991 484 1040 515 vel
1067 494 1103 516 ex
1130 484 1192 517 alia
1217 493 1421 526 quacumque
1453 482 1658 526 quantumvis
1685 481 1730 513 le-

991 535 1114 577 gitima,
1132 535 1185 578 pia
1203 540 1233 568 ct
1250 535 1454 578 privilegiata
1474 535 1584 574 causa,
1603 534 1725 572 colore,

991 592 1160 629 praetextu
1188 593 1220 620 et
1252 587 1375 630 capite,
1410 586 1506 619 etiam
1532 587 1565 618 in
1590 596 1730 629 corpore

992 640 1072 672 iuris
1095 640 1227 679 clauso,
1255 640 1350 672 etiam
1382 639 1545 679 enormis,
1573 638 1731 671 enormis-

991 691 1092 725 simae
1118 698 1148 725 et
1167 692 1271 725 totalis
1288 692 1454 731 laesionis,
1477 692 1568 724 nullo
1588 701 1730 734 unquam

992 749 1141 788 tempore
1167 744 1206 777 de
1231 744 1451 786 subreptionis
1484 744 1532 777 vel
1559 743 1730 786 obreptio-

992 798 1041 830 nis
1067 803 1120 830 aut
1144 798 1299 831 nullitatis
1325 798 1419 838 vitio,
1445 808 1503 830 seu
1540 796 1731 830 intentionis

993 856 1145 890 nostrae,
1171 852 1221 884 vel
1248 851 1410 883 interesse
1436 850 1627 883 habentium
1657 859 1732 882 con-

992 904 1119 944 senst‘1S,
1145 903 1250 936 aliove
1276 903 1424 946 quolibet
1443 902 1650 946 quantumvis
1668 912 1732 934 ma-

993 966 1057 998 gno
1083 966 1118 988 ac
1144 955 1269 988 formali
1306 961 1338 988 et
1368 955 1573 988 substantiali
1604 954 1731 987 defectu

993 1008 1117 1048 notari,
1144 1008 1347 1051 impugnari,
1371 1008 1521 1050 infringi,
1548 1008 1730 1046 retractari,

993 1061 1032 1093 ad
1059 1060 1215 1094 terminos
1242 1061 1322 1093 iuris
1348 1060 1470 1100 reduci,
1496 1071 1552 1093 seu
1578 1060 1731 1092 adversus

993 1113 1065 1146 illas
1106 1112 1297 1156 aperitionis
1334 1113 1422 1152 oris,
1450 1112 1663 1145 restitutionis
1699 1112 1731 1144 in

993 1166 1176 1209 integrum,
1203 1165 1331 1198 aliudve
1371 1165 1601 1209 quodcumque
1628 1165 1729 1204 iuris,

994 1219 1067 1252 facti
1091 1220 1140 1252 vel
1164 1219 1283 1261 gratiae
1304 1218 1485 1251 remedium
1506 1218 1659 1251 intentari
1681 1219 1731 1251 vel

993 1271 1171 1315 impetrari,
1185 1282 1240 1304 seu
1259 1271 1441 1315 impetrato,
1459 1276 1513 1304 aut
1531 1271 1625 1303 etiam
1642 1276 1731 1304 motu

992 1325 1127 1368 proprio
1152 1334 1307 1358 concesso
1340 1325 1389 1357 vel
1420 1329 1569 1357 emanato
1586 1350 1593 1364 ,
1619 1334 1732 1367 quem-

994 1377 1079 1420 piam
1103 1377 1135 1409 in
1162 1376 1284 1409 iudicio
1312 1378 1361 1409 vel
1383 1382 1471 1409 extra
1498 1376 1579 1409 illud
1605 1377 1652 1409 uti
1674 1387 1731 1409 seu

993 1441 1027 1463 se
1052 1430 1163 1463 iuvare
1189 1440 1284 1472 posse
1302 1456 1309 1467 ,
1337 1429 1392 1461 scd
1418 1429 1549 1461 easdem
1581 1439 1733 1471 praesen-

994 1491 1041 1516 tes
1062 1483 1185 1516 litteras
1210 1493 1342 1525 semper
1362 1481 1480 1522 firmas,
1497 1481 1620 1514 validas
1639 1486 1671 1514 et
1690 1481 1734 1514 ef-

993 1537 1109 1569 ficaces
1137 1536 1278 1569 existere
1304 1541 1334 1568 et
1355 1536 1437 1574 fore,
1457 1545 1599 1578 suosque
1621 1536 1734 1577 plena-

994 1590 1058 1623 rios
1088 1594 1120 1622 et
1144 1589 1291 1631 integros
1317 1588 1449 1621 effectus
1475 1588 1585 1620 sortiri
1604 1593 1634 1620 et
1651 1587 1734 1620 obti-

993 1653 1080 1682 nere,
1099 1654 1136 1675 ac
1153 1643 1227 1682 illis,
1242 1643 1281 1674 ad
1296 1653 1378 1685 quos
1396 1646 1520 1684 spectat
1534 1646 1565 1673 et
1581 1652 1640 1684 pro
1657 1647 1734 1673 tem-

994 1706 1071 1739 pore
1096 1696 1368 1739 quandocumque
1393 1695 1564 1738 spectabit,
1582 1694 1613 1726 in
1629 1694 1734 1726 omni-

993 1749 1052 1781 hus
1070 1755 1101 1781 et
1125 1759 1183 1792 per
1207 1749 1316 1781 omnia
1340 1748 1528 1791 plenissime
1554 1747 1733 1790 suffragari,

994 1807 1026 1834 et
1051 1801 1089 1834 ab
1119 1802 1164 1834 eis
1198 1801 1378 1844 respective
1415 1800 1647 1833 inviolabiliter
1681 1800 1735 1832 ob-

993 1855 1130 1895 servari,
1156 1855 1265 1897 sicque
1291 1860 1322 1887 et
1347 1865 1413 1887 non
1448 1853 1543 1886 aliter
1576 1853 1608 1885 in
1645 1863 1736 1895 prae-

994 1908 1098 1941 missis
1136 1918 1195 1951 per
1231 1917 1454 1951 quoscumque
1491 1905 1616 1939 iudices
1649 1905 1736 1938 ordi-

994 1961 1103 1995 narios
1135 1967 1168 1994 et
1202 1962 1393 2003 delegatos,
1430 1961 1527 1993 etiam
1565 1969 1735 1992 causarum

995 2014 1107 2057 palatii
1134 2014 1305 2057 apostolici
1343 2013 1528 2053 auditores,
1563 2023 1600 2045 ac
1632 2012 1734 2055 ipsius

994 2068 1025 2100 S.
1047 2067 1082 2100 R.
1100 2067 1135 2100 E.
1162 2068 1357 2106 cardinales,
1384 2066 1480 2099 ctiam
1499 2067 1538 2099 de
1563 2067 1666 2099 latere
1692 2066 1735 2098 le-

996 2125 1105 2161 gatos,
1143 2126 1174 2153 et
1209 2120 1292 2153 alios
1329 2120 1497 2162 quoslibet
1532 2128 1736 2161 quacumque

995 2173 1252 2215 praeeminentia
1277 2178 1308 2205 et
1332 2177 1490 2214 potestate
1513 2171 1685 2213 fungentes
1704 2175 1736 2202 et

996 2225 1173 2265 suncturos,
1201 2226 1331 2257 sublata
1355 2224 1399 2257 eis
1418 2229 1581 2256 eteorum
1602 2223 1736 2255 cuilibet

995 2278 1106 2320 quavis
1131 2278 1223 2310 aliter
1248 2277 1413 2310 iudicandi
1440 2283 1471 2310 et
1496 2275 1735 2319 interpretandi

997 2331 1145 2363 facultate
1171 2336 1202 2363 et
1227 2330 1431 2369 auctoritate,
1457 2329 1589 2361 iudicari
1609 2333 1641 2361 et
1659 2328 1736 2361 defi—

995 2382 1056 2414 niri
1093 2382 1236 2421 debere,
1274 2392 1309 2414 ac
1342 2382 1467 2414 irritum
1506 2387 1537 2414 ct
1579 2383 1673 2414 inane
1708 2381 1735 2413 si

996 2445 1089 2468 secus
1114 2445 1212 2476 super
1238 2435 1288 2466 his
1314 2445 1331 2467 a
1349 2445 1529 2478 quoquam,
1549 2433 1660 2478 quavis
1677 2443 1734 2466 au-

996 2487 1162 2526 ctoritate,
1188 2487 1328 2519 scienter
1356 2487 1403 2519 vel
1429 2487 1633 2529 ignoranter,
1659 2496 1736 2519 con-

997 2540 1108 2582 tigerit
1132 2540 1293 2572 attentari.

1743 221 1792 248 An.
1808 221 1837 248 C.
1860 222 1926 248 ¹728

1772 2582 1882 2602 clausulae
1892 2580 1927 2603 ἅθ’

1039 2594 1054 2635 ξ
1079 2592 1110 2625 5.
1137 2591 1206 2626 Non
1231 2592 1448 2633 obstantibus,
1466 2598 1625 2636 quatenus
1652 2602 1873 2635 opussogawme,
