2170 3147
447 198 511 232 Qui]

407 256 511 297 (ει-Μ’,
550 256 625 300 quin
658 256 688 288 in
724 266 834 288 eorum
868 254 1149 288 administratione

407 316 461 342 aut
486 312 769 353 eleemosynarum
798 308 990 352 receptione
1016 309 1065 341 vel
1088 307 1152 341 dis-

409 363 588 395 tributione
615 373 649 394 se
676 362 844 403 ingerant,
870 362 925 394 sed
949 365 1090 401 tantum,
1113 371 1150 393 an

408 416 562 449 videlicet
588 416 734 459 deputati
761 420 792 447 et
817 415 972 448 officiales
997 414 1058 458 piis
1075 425 1151 458 ope-

407 470 495 502 ribus
522 480 557 501 ae
582 469 708 511 legatis,
737 467 961 512 oneribusque
987 469 1151 512 praefatae

408 522 655 565 congregationi
684 521 835 554 iniunctis
858 527 955 565 atque
982 521 1151 565 impositis,

408 575 526 608 debitis
559 576 656 608 modo
694 580 722 607 et
758 575 862 607 formai
899 581 929 608 et
966 580 1151 618 opportuno

409 634 555 672 tempore
582 628 800 668 satisfaciunt,
827 628 1037 662 concedimus
1056 634 1087 661 et
1105 628 1151 660 in-

409 683 601 723 dulgernus3
629 688 676 722 et,
696 692 756 724 pro
783 681 904 724 potiori
924 683 1061 720 cautela,
1079 681 1150 725 piae

409 738 583 769 memoriae
610 734 792 768 innocentii
819 734 925 778 Papae
950 734 990 767 XI
1017 734 1153 777 disposi-

411 790 531 822 tionem
558 799 618 832 per
642 799 716 821 snas
735 789 859 821 litteras
878 788 910 820 in
926 788 1027 821 forma
1045 788 1152 820 Brevis

410 842 607 884 incipientes
632 841 762 885 Eaxpom'
787 841 901 880 nobis,
928 847 997 881 ctc.,
1023 840 1083 873 sul)
1103 841 1153 872 da-

410 903 476 929 tum
498 896 616 929 Romae
631 906 649 928 x
664 895 817 928 februarii
834 905 1051 935 noctxxxvtn,
1069 895 1153 927 circa

409 951 567 982 rationem
594 949 777 981 reddituum
805 959 864 992 per
889 949 997 981 omnia
1027 958 1153 981 monas-

412 1003 490 1036 teria
532 1003 723 1035 monialium
768 1012 947 1045 eorumque
985 1007 1152 1034 exactores

411 1056 635 1099 superioribus
662 1055 791 1088 Ordinis
817 1055 977 1088 Minorum
1011 1055 1153 1087 redden-

411 1111 496 1149 dam,
515 1120 669 1152 expresse
695 1107 934 1147 confirmamus,
962 1114 993 1141 et
1018 1108 1056 1140 :id
1083 1108 1153 1140 uni-

410 1173 518 1194 versas
553 1162 652 1194 Tertii
687 1161 816 1194 Ordinis
853 1161 1151 1204 congregationeS,

411 1216 476 1249 sive
509 1215 643 1247 fratrum
679 1214 894 1247 saccularium
928 1214 986 1246 sub
1019 1215 1153 1258 proprio

411 1275 519 1309 tecto,
546 1269 611 1301 sive
639 1268 736 1301 etiam
763 1278 911 1301 sororum
938 1268 1155 1310 collegialiter

411 1323 610 1361 viventium,
639 1322 845 1354 extendimus
871 1327 902 1354 et
928 1332 1132 1355 renovamus.

247 1392 402 1413 Ontiuatxanvs
458 1378 472 1420 ξ
497 1376 527 1410 9.
564 1376 717 1408 Volumus
742 1375 906 1418 proinde,
942 1381 975 1407 ut
1006 1375 1153 1408 Tertiarii

216 1420 474 1474 l’sslfll'll'll'i,1..l'.7.'1'‚ipsi
501 1430 560 1462 sul)
586 1429 721 1473 proprio
745 1434 827 1461 tecto
847 1429 988 1461 viventes
1007 1429 1037 1461 in
1056 1429 1153 1461 omni-

217 1480 327 1498 s‘¹''“''¹¹’'''
414 1486 474 1517 bus
510 1494 542 1516 se
570 1483 750 1526 praebeant
787 1482 882 1514 liuius
918 1482 1038 1514 saeculi
1072 1492 1151 1514 con-

414 1542 603 1580 tcn‘iptores,
632 1542 728 1579 atque
750 1546 864 1568 eorum
884 1537 1035 1579 exemplo
1055 1536 1153 1568 ceteri

413 1592 600 1625 alliciantur
621 1596 652 1623 et
674 1590 712 1622 ad
733 1589 948 1622 humilitatem
968 1589 1153 1630 incitentur,

412 1652 447 1677 ut
473 1645 531 1678 sul)
559 1644 690 1687 propria
716 1654 810 1675 cruce
841 1643 973 1675 siatrurn
997 1643 1154 1675 Minorum

413 1700 450 1732 ad
486 1698 632 1742 publicas
666 1696 898 1740 processiones
940 1697 1035 1728 etad
1069 1707 1157 1729 asso-

413 1752 527 1785 cianda
553 1751 709 1783 cadavera
742 1750 888 1793 aliasque
919 1750 1156 1782 ecclesiasticas

414 1806 596 1838 functiones
622 1815 656 1837 se
683 1804 844 1844 conferre,
871 1808 902 1836 et
928 1804 988 1835 sul)
1021 1803 1156 1846 proprio

414 1859 528 1892 habitu
569 1869 628 1902 per
652 1857 781 1890 Ordinis
819 1856 1069 1890 constitutiones
1102 1857 1157 1890 de-

414 1913 541 1955 signato
580 1911 733 1944 incedere
771 1911 899 1943 valeant
934 1920 970 1942 ac
1004 1909 1154 1953 possint,

415 1972 527 1999 tenore
554 1964 778 2009 praesentium
806 1963 1016 1996 concedimus
1042 1969 1073 1996 et
1099 1964 1159 1996 lar·

414 2019 542 2062 gimus,
570 2017 809 2061 praecipientes
835 2017 977 2059 pariter,
1015 2017 1053 2049 ad
1092 2017 1158 2049 evi-

415 2074 511 2106 tanda
549 2072 653 2115 iurgia
680 2077 710 2103 ct
737 2071 978 2110 contentiones,
1006 2071 1157 2104 omnibus

415 2134 445 2159 ct
470 2127 627 2169 singulis,
655 2125 752 2158 ctiam
779 2125 864 2157 inter
889 2124 1036 2157 subditos
1062 2135 1156 2168 prae-

415 2180 489 2212 dicti
517 2179 682 2222 generalis
708 2178 847 2210 ministri
882 2177 1156 2220 comprehensis,

415 2239 445 2265 ct
472 2233 622 2265 facultate
649 2242 706 2275 pro
730 2231 904 2263 fundandis
929 2230 1045 2263 Tertiis
1070 2230 1159 2263 Ordi-

414 2287 509 2319 nibus
527 2285 752 2318 sati¹cularilitts
773 2285 946 2328 praedictis
966 2295 1024 2328 per
1043 2284 1158 2318 Sedem

417 2340 633 2383 Apostolicum
661 2341 814 2371 concesszl
842 2338 1078 2380 gaudentibus,
1107 2348 1157 2380 nc,

416 2403 623 2435 quocumque
650 2403 715 2434 pra«
733 2397 829 2431 textu,
857 2392 997 2424 audeant
1028 2392 1073 2424 uti
1100 2392 1158 2424 liu-

416 2447 555 2479 iusmodi
583 2445 755 2488 privilegio
782 2445 979 2488 ubicumque
1016 2445 1157 2477 Tertium

416 2500 568 2532 Ordinem
597 2498 779 2541 repererint
804 2499 865 2531 iam
893 2499 1070 2538 l'undatum,
1105 2509 1159 2530 eo-

212 211 261 236 Αη.
279 209 307 235 C.
333 209 400 235 1725

992 206 1171 230 nt‘LLmtmt
1197 205 1350 229 ROMANUM

1943 208 1980 234 An
2009 209 2029 235 C
2062 209 2128 237 ¹725

1194 254 1466 297 congregationes
1493 255 1531 288 ad
1558 266 1590 288 se
1609 256 1764 298 recipere,
1784 256 1808 289 si
1828 267 1844 289 a
1861 267 1935 290 con-

1194 313 1288 341 ventu
1317 309 1481 350 recedere,
1507 309 1592 353 apud
1620 320 1716 353 quem
1745 314 1776 342 et
1800 309 1860 342 sub
1881 321 1935 343 cu-

1194 361 1244 394 ius
1273 361 1454 395 directione
1485 373 1521 395 ac
1534 362 1698 405 gubernio
1726 362 1825 395 crecti
1844 363 1934 406 prius

1195 414 1429 455 inveniuntur,
1466 416 1621 448 recedere
1659 415 1833 449 voluerint.
1861 416 1936 450 Pro-

1195 473 1306 511 pterea
1324 468 1528 502 declaramus
1546 468 1653 501 omnia
1672 468 1773 508 irrita,
1795 475 1826 502 et
1848 480 1936 504 mera

1195 527 1379 562 attentata,
1408 532 1636 566 quaecumque
1663 521 1702 554 ab
1728 521 1798 555 aliis
1815 549 1822 562 ,
1849 533 1937 566 prae-

1196 580 1244 608 ter
1276 575 1470 608 voluntatem
1508 574 1746 608 antedictorum
1790 575 1938 619 superio-

1195 638 1266 660 rum
1292 627 1421 661 Ordinis
1446 627 1615 667 Minorum,
1635 627 1721 661 circa
1738 627 1865 662 Tertios
1886 627 1937 662 Or·

1196 681 1288 714 dines
1328 681 1404 714 istos
1438 686 1492 714 aut
1525 680 1673 713 innovari
1700 687 1756 713 aut
1791 681 1938 715 mandari

1195 734 1369 777 contigerit
1394 739 1508 767 contra
1534 734 1618 767 lianc
1643 739 1784 767 nostram
1810 735 1938 768 consti-

1197 788 1365 828 tutionem,
1382 788 1573 831 Tertiosque
1591 787 1728 821 Ordines
1742 794 1938 823 memoratos

1196 841 1228 874 in
1255 847 1426 884 posterum
1454 842 1637 883 erigendos
1659 841 1714 874 ubi
1740 841 1802 875 iam
1828 842 1881 876 alii
1908 853 1940 876 e-

1196 895 1274 928 recti
1300 900 1331 928 et
1357 895 1480 928 fund-ati
1507 900 1606 937 sunt,
1632 901 1685 928 aut
1710 905 1727 928 a
1751 901 1914 929 conventu
1931 923 1939 937 ,

1196 949 1281 992 apud
1307 960 1402 992 quem
1431 949 1598 989 existunt,
1627 950 1871 983 transferendos
1898 951 1938 984 ad

1196 1002 1315 1042 atium,
1345 1002 1538 1045 praesertim
1563 1001 1668 1035 eidem
1703 1003 1847 1045 generali
1884 1002 1940 1035 nii-

1196 1055 1298 1087 nistro
1324 1065 1532 1099 nequaquam
1559 1055 1748 1096 subiectum,
1767 1055 1853 1089 inter
1870 1055 1940 1090 Ter-

1198 1109 1258 1141 tios
1284 1107 1420 1141 Ordines
1446 1109 1645 1152 approbatos
1683 1108 1722 1142 ab
1752 1109 1940 1152 Apostoliea

1196 1161 1277 1195 Sede
1298 1162 1466 1195 habendos
1484 1173 1548 1195 non
1568 1173 1652 1203 esse,
1669 1163 1844 1206 minusque
1867 1174 1941 1205 gau-

1198 1216 1274 1248 dere
1305 1216 1519 1258 indulgentiis
1555 1221 1586 1249 et
1616 1216 1795 1259 privilegiis
1832 1216 1940 1250 Tertio

1199 1269 1274 1301 linic
1300 1268 1413 1302 Ordini
1440 1280 1497 1313 per
1523 1270 1672 1303 eamdem
1701 1269 1817 1303 Sedetn
1856 1270 1942 1314 Apo-

1198 1322 1343 1355 stolicam
1369 1322 1567 1366 impertitis.⁸

1243 1375 1257 1418 ἓ
1286 1374 1335 1408 10.
1364 1375 1402 1408 Ut
1429 1382 1536 1409 autem
1564 1375 1796 1409 christifideles
1815 1386 1940 1410 sacrum
1976 1385 2137 1412 confirmantur.

1200 1429 1259 1461 hoc
1286 1429 1466 1462 institutum
1494 1430 1670 1463 ferventius
1697 1435 1876 1473 quaerant,
1911 1413 2064 1476 etissdflsii'i?
2076 1419 2138 1471 οῗζῖἶῖ

1200 1483 1364 1515 inventum
1391 1494 1456 1516 non
1491 1483 1678 1523 dimittant,
1717 1472 2138 1527 libentiusque3111231’1'1320*¹2¹2

1199 1541 1314 1568 vacent
1338 1536 1503 1569 exercitiis
1529 1536 1658 1580 pietatis
1685 1542 1716 1570 et
1750 1522 2138 1577 humilitatisgiifgss-iaffiiiss

1199 1601 1215 1622 a
1240 1589 1336 1622 beate
1362 1590 1532 1624 Francisco
1559 1591 1590 1623 in
1618 1592 1731 1634 regulo
1756 1593 1812 1624 sua
1849 1574 2050 1636 prae-'eiiiisdissxi
2069 1573 2137 1630 ῗέζῗῖ

1200 1643 1340 1686 scriptis,
1367 1654 1481 1677 omnes
1500 1650 1531 1677 et
1548 1644 1693 1686 singulas
1713 1629 2082 1678 eoiicessiones³'²⁸³¹'⁰u¹'

1201 1702 1233 1729 et
1257 1697 1399 1738 gratias,
1428 1703 1490 1730 tum
1518 1697 1703 1741 spirituales
1728 1708 1822 1741 quam
1863 1702 1944 1730 tem-

1201 1751 1331 1793 porales
1353 1777 1360 1791 ‚
1388 1751 1608 1793 indulgenti-as
1644 1751 1858 1795 praesertim,
1887 1761 1946 1795 per

1201 1814 1425 1847 quoscumque
1453 1804 1614 1837 Romanos
1644 1804 1817 1837 Pontifices
1852 1813 1946 1848 prae-

1203 1858 1391 1890 decessores
1419 1863 1547 1891 nostros
1573 1858 1627 1890 uni
1670 1860 1719 1891 vel
1745 1857 1840 1890 alteri
1870 1868 1946 1891 con·

1201 1910 1382 1953 gregationi
1400 1910 1497 1943 Tertii
1517 1911 1646 1944 Ordinis
1665 1911 1862 1951 huiusmodi,
1879 1911 1945 1944 sive

1201 1964 1424 2003 saecularium,
1440 1964 1505 1997 sive
1522 1964 1741 2007 collegialiter
1755 1964 1943 2005 viventium,

1201 2017 1267 2049 sire
1290 2017 1386 2050 ctiam
1413 2017 1651 2060 religiosorum,
1672 2027 1851 2061 eorumque
1871 2027 1947 2061 per-

1201 2071 1287 2104 sonis
1313 2076 1410 2114 atque
1437 2071 1657 2112 monasteriis,
1685 2071 1846 2109 domibus,
1872 2081 1947 2104 con-

1201 2125 1387 2158 servatoriis
1411 2151 1418 2164 ,
1461 2124 1609 2158 eeclesiis
1641 2151 1647 2164 ‚
1696 2124 1914 2168 hospitalibus
1938 2151 1945 2165 ,

1201 2178 1335 2221 capellis
1372 2184 1403 2211 et
1438 2178 1518 2211 locis
1555 2177 1844 2220 quibuscumque,
1882 2181 1945 2210 tami

1202 2232 1322 2265 directe
1350 2237 1382 2264 et
1417 2230 1569 2274 specilice
1589 2258 1596 2271 ,
1628 2242 1724 2274 quam
1754 2230 1850 2263 etiam
1885 2240 1946 2274 per

1201 2285 1530 2318 communicationem
1557 2295 1629 2317 cum
1658 2284 1728 2317 aliis
1750 2283 1942 2324 Ordinibus,

1202 2338 1360 2371 Minorum
1388 2338 1521 2380 scilicet,
1540 2338 1572 2370 S.
1592 2337 1718 2377 Clarae,
1739 2336 1945 2369 Praedicato-

1203 2402 1292 2431 rum,
1320 2391 1628 2434 Augustinianorum
1646 2416 1653 2430 ,
1678 2389 1942 2429 carmelitarum,

1202 2445 1407 2488 aliorumque
1434 2444 1700 2482 Mendicantium‚
1727 2452 1854 2475 necnon
1871 2453 1944 2475 cum

1202 2498 1623 2530 arcl1icont'raternitatibus
1644 2497 1895 2537 Cordigerorun'i
1914 2501 1946 2528 et.

417 2563 479 2596 qne
506 2552 611 2583 minus
639 2551 701 2583 iam
730 2552 877 2583 fundatas
902 2551 1158 2584 TertiiOrdinis
1201 2550 1391 2584 Goul‘alonis
1427 2551 1466 2583 de
1503 2549 1611 2589 Urbe,
1648 2549 1705 2581 sub
1741 2558 1945 2591 quacumque

453 2618 461 2643 1
487 2615 594 2642 Videtur
615 2613 761 2649 legendum
780 2614 870 2649 possit
891 2614 931 2649 (n.
948 2615 996 2648 T.)-

1203 2604 1305 2637 forma
1331 2609 1362 2636 et
1388 2603 1599 2647 expressione
1618 2602 1791 2640 verborum
1809 2612 1945 2641 conces-
