2170 3147
2 256 52 284 An.
67 255 96 283 C.
118 254 184 283 1724

771 252 964 277 nnxcnicrrs

192 303 295 335 ciscus
319 301 430 335 limina
448 301 678 344 Apostolorum
705 302 926 344 t'requentatu-
947 305 948 309 ’

192 365 254 395 rus,
265 359 366 398 utque
379 354 493 397 Ignatii
504 354 669 387 invitantis
680 353 831 397 alloquiis
841 354 925 386 frue-

193 412 289 447 retur,
308 412 337 439 et
356 406 460 440 Caroli
478 407 501 439 Υ
518 406 696 440 beneficam
722 416 797 449 erga
822 417 855 438 sc
873 416 925 438 vo-
945 434 947 446 ,

190 461 344 493 luntatem
360 460 548 500 declinaret,
569 460 632 493 suis
654 459 846 499 valedicens,
867 459 925 491 Ro·
943 492 947 503 ὦ

189 523 273 546 mam
287 523 325 546 eo
344 512 450 546 animo
468 513 629 556 cogitavit,
644 519 677 545 ut
695 513 799 545 natale
818 513 924 544 solum
945 506 947 515 ’

190 566 345 610 deinceps
367 577 533 609 nunquam
558 571 724 610 repeteret
748 565 801 609 qui
832 566 870 598 ad
893 576 924 598 a-

189 619 264 652 liam
282 620 419 663 patriam
439 620 610 653 caelestem
629 619 782 652 nimirum
801 620 924 652 summa
945 622 946 653 i

189 671 396 705 contentione
436 677 652 716 properaret;
679 672 777 716 idque
814 677 922 705 sancte

188 725 325 759 servavit
348 726 451 766 etiam,
478 726 611 759 sedente
637 731 839 759 antecessore
865 735 922 758 no·
944 738 946 748 ι

189 784 257 812 stro
283 779 339 812 Pio
363 779 448 823 Papa
464 779 498 820 V,
518 779 550 812 in
569 779 730 822 legatione
750 777 922 811 cardinalis

188 831 393 864 Alexandrini
419 832 458 865 ad
476 832 672 865 catholicum
694 831 922 874 Hispaniarum

188 894 299 927 regem
324 884 510 928 Philippum
535 885 559 917 ΙΙ
584 885 660 917 illuc
685 884 861 926 digressus.
889 883 922 915 ln

190 947 281 970 sacro
305 938 420 972 itinere
445 938 485 971 ad
510 937 638 977 Urbem,
662 938 749 981 quod
775 937 921 970 assiduae
943 956 945 960 ν

189 1000 303 1033 preces
333 990 495 1035 divinique
533 1002 698 1025 sermones
724 990 922 1029 minuebant,

190 1043 279 1076 iuxta
305 1054 341 1076 ac
359 1044 477 1077 Romae
501 1045 638 1088 positus,
662 1043 806 1086 ignorari
826 1053 922 1086 quam

190 1096 366 1130 honorifice
384 1097 486 1140 excipi
505 1097 689 1137 maluisset·,
709 1097 873 1139 ingentem
891 1095 921 1128 in

190 1159 228 1182 eo
245 1150 396 1193 pietatem
416 1150 673 1194 submissumque
692 1150 854 1194 spiritum,
868 1149 922 1192 qui

189 1202 224 1235 B.
244 1203 354 1246 Ignatii
376 1204 557 1247 complexui
584 1203 782 1248 amplissima
807 1207 839 1236 et
858 1213 923 1235 ma-

189 1265 251 1297 gna
269 1267 415 1300 quaeque
441 1262 662 1300 postponeret,
684 1256 764 1289 Urbs
790 1262 855 1289 tota
876 1266 924 1288 su-

189 1310 304 1352 spexit.
324 1309 448 1343 Menses
466 1309 618 1353 quatuor¹
646 1309 819 1342 lustrandis
839 1308 924 1341 basi-

189 1362 260 1395 licis
293 1362 356 1396 Deo
391 1363 488 1396 sacris
523 1363 676 1405 omnique
713 1362 841 1404 pietatis
870 1372 925 1404 ge-

190 1425 268 1449 nere
293 1426 364 1448 cum
390 1416 512 1458 ignatio
547 1416 666 1448 Romae
703 1420 922 1458 transegerat,

191 1479 260 1501 cum
287 1469 324 1501 de
349 1479 382 1501 se
409 1469 619 1502 cardinalium
646 1469 771 1502 senatui
805 1468 925 1501 adscri-

190 1521 298 1554 bendo
323 1521 404 1564 apud
418 1521 530 1555 Iulium
555 1522 604 1564 agi
630 1522 853 1561 subodoratus,
875 1532 925 1554 eo-

189 1572 261 1606 dem
286 1573 406 1616 lgnatio
440 1580 593 1614 auctore,
627 1574 790 1607 Pontificis
822 1574 924 1607 oculis

189 1635 327 1669 propere
345 1636 377 1658 se
396 1627 590 1664 subducens,
608 1626 639 1659 in
666 1627 852 1670 Hispaniam
879 1637 924 1659 re-

188 1688 299 1711 versus
314 1684 370 1711 est.
389 1678 455 1719 Ubi,
472 1679 574 1712 Caroli
593 1680 615 1711 V
636 1680 837 1723 propositum
855 1679 923 1712 eius

188 1731 346 1764 laudantis
378 1733 591 1772 auctoritate,
629 1733 725 1765 rebus
762 1738 792 1766 et
823 1733 922 1766 titulis

187 1783 252 1816 suis
277 1783 511 1817 Gandiensibus
537 1785 830 1825 univci·sis,Carolo
855 1785 921 1819 tilio

188 1837 398 1880 transcriptis,
415 1848 446 1871 se
465 1838 592 1881 penitus
614 1838 779 1878 abdicarit,
800 1839 922 1882 regula-

188 1900 254 1923 rem
280 1890 447 1924 Societatis
483 1891 553 1924 lesu
580 1892 732 1924 clericum
758 1892 917 1932 induens,

188 1948 220 1975 et
251 1943 429 1976 davidicum
465 1944 543 1977 illud
578 1945 678 1977 lactus
715 1945 919 1987 ingeminans

186 1995 362 2039 Dirupisli,
389 1997 546 2037 Domine,
574 1997 705 2030 vincula
742 2008 833 2037 mea,
861 1998 922 2031 libi

186 2048 370 2091 sacrificabo
404 2049 540 2082 hostiam
581 2050 699 2084 lamus.
745 2051 920 2095 Presbyte-

189 2106 260 2133 ratu
286 2101 446 2142 initiatus,
474 2102 610 2145 primum
639 2103 703 2135 Deo
729 2103 918 2136 sacrificium

190 2153 323 2197 Loyolae
350 2155 381 2186 in
403 2155 580 2196 Cantabria,
598 2155 711 2199 Ignatii
738 2157 870 2200 patriae,
891 2162 921 2190 et

189 2206 300 2249 pietati
330 2207 392 2240 hoc
425 2207 584 2249 tribuens,
610 2209 757 2252 privatim
787 2210 917 2250 obtulit,

188 2259 314 2303 mappis
340 2260 516 2293 Ludovicae
542 2261 662 2294 sororis
687 2273 743 2294 acu
769 2263 861 2305 pictis
887 2263 918 2295 in

188 2314 243 2346 ara
262 2323 348 2345 usus.
368 2312 445 2350 Quia
471 2324 546 2345 vero
572 2313 667 2346 Iulius
687 2314 831 2347 Pontifex
858 2315 919 2348 hoc

187 2365 352 2408 speciatim
377 2365 577 2406 indulserat,
604 2372 660 2407 ut,
684 2378 752 2399 cum
778 2367 917 2410 primum

188 2417 315 2461 publice
341 2418 438 2450 sacris
456 2424 653 2461 operaretur,
671 2425 829 2463 quotquot
848 2430 918 2463 pec-

187 2477 330 2504 catorum
357 2471 557 2504 consessione
585 2471 642 2504 rite
661 2473 776 2516 expiati
797 2483 831 2505 ex
852 2473 918 2505 vius
939 2488 940 2492 ι

223 2552 231 2576 1
248 2551 366 2577 Pessima
386 2551 601 2586 interpunctione
614 2552 656 2578 ed,
675 2552 751 2579 Μαίη.
766 2553 830 2587 legit
841 2557 915 2588 post-

182 2597 311 2629 poneret.
337 2594 408 2621 Urbs
427 2598 485 2623 tota
506 2597 632 2631 suspesrit
656 2605 764 2624 menses
784 2600 916 2632 quatuor,

186 2642 236 2667 etc.
259 2640 295 2675 (R,
321 2640 367 2674 T.).

993 254 1046 277 xm
1072 253 1121 277 Pr.

969 312 1063 335 manu
1089 302 1211 345 Corpus
1238 302 1364 336 Domini
1389 302 1615 346 sumpsissent,
1643 303 1705 345 ple-

969 354 1092 387 nariam
1129 355 1254 388 veniam
1290 355 1520 399 perciperent,
1547 355 1704 398 Vergerae

968 407 1088 450 oppido
1114 407 1145 440 id
1172 408 1297 448 sactum,
1323 418 1387 451 quo
1416 407 1459 441 tot
1484 407 1633 440 homines
1660 407 1705 440 rei

968 459 1051 492 sama
1076 460 1161 492 ducti
1186 460 1404 499 advenerunt,
1430 466 1484 501 ut,
1510 463 1600 493 saera
1625 460 1705 493 aede

967 511 1043 544 licet
1060 514 1176 555 magna
1192 523 1396 556 nequaquam
1416 523 1469 546 eos
1491 513 1654 555 capiente,
1672 514 1704 544 in

967 566 1021 597 ara
1045 565 1102 597 sub
1121 565 1172 598 dio
1199 565 1334 598 excitata
1359 565 1523 598 celebrare
1543 564 1703 604 debuerit,

969 622 1013 650 tot
1029 618 1067 651 ad
1093 628 1214 651 sacram
1242 629 1387 651 mensam
1413 618 1643 651 accedentibus
1672 623 1705 650 ut

967 670 1146 704 meridiana
1164 671 1246 704 hora
1271 672 1367 714 longe
1396 670 1571 704 transierit.
1591 670 1706 703 Postea

968 723 1158 758 concionem
1187 724 1322 766 habuit,
1349 730 1380 757 et
1409 725 1496 758 clero
1523 734 1558 757 ae
1584 724 1705 766 populo

944 786 945 814 ι
966 778 1158 821 suppliciter
1173 779 1384 822 procedente,
1397 777 1632 811 sanctissimum
1651 777 1707 809 Eu-

967 831 1139 864 charistiae
1163 837 1398 864 sacramentum
1426 831 1570 874 gestavit.
1593 830 1638 863 Ad
1657 840 1707 862 so-

967 884 1032 917 cios
1050 884 1123 917 inde
1144 895 1302 924 reverstlS‚
1323 883 1437 917 maiori
1452 894 1527 916 sane
1546 882 1706 915 sanctitati

967 937 1163 970 excolendae
1191 947 1322 980 operam
1349 936 1448 977 dedit,
1466 935 1620 980 precandi
1647 941 1707 968 stu-

967 989 1019 1023 dio
1046 990 1142 1023 horas
1167 996 1240 1023 octo
1265 990 1410 1033 quotidie
1441 990 1596 1032 largitus,
1626 989 1708 1022 vilis·-

967 1043 1047 1076 sima
1074 1053 1219 1087 quaeque
1252 1043 1359 1076 rmuiia
1388 1044 1471 1077 ultro
1506 1041 1617 1075 subire
1643 1052 1706 1075 nou

967 1096 1182 1138 dedignatus,
1209 1096 1325 1140 stipem
1354 1096 1481 1129 vicatim
1506 1100 1538 1128 et
1562 1094 1705 1128 ostiatim

967 1149 1053 1183 nudo
1079 1149 1183 1193 capite
1209 1155 1240 1183 et
1264 1150 1401 1194 pedihus
1439 1150 1545 1193 palam
1574 1148 1704 1182 mendi-

967 1213 1053 1244 cans,
1072 1209 1102 1236 et
1116 1203 1314 1247 pauperibus
1333 1214 1369 1236 ao
1386 1202 1579 1236 nosocomiis
1605 1201 1708 1236 distri-

967 1256 1082 1297 buens,
1109 1257 1196 1290 humi
1224 1258 1353 1300 quoque
1378 1257 1426 1290 vel
1451 1256 1482 1289 in
1509 1255 1624 1289 tabulis
1653 1265 1707 1289 cu-

968 1310 1058 1342 bans.
1087 1310 1182 1343 Fama
1208 1314 1313 1343 tantae
1339 1309 1468 1353 pietatis
1490 1310 1578 1342 aulas
1599 1308 1705 1351 regias

968 1369 1175 1407 pervagante,
1190 1363 1420 1407 quamplurimi
1444 1364 1532 1396 illum
1552 1363 1641 1396 adire
1655 1363 1708 1396 de-

968 1428 1028 1460 que
1054 1417 1168 1450 salutis
1185 1416 1323 1459 negocio
1342 1417 1515 1449 consulere
1540 1415 1599 1448 visi
1618 1421 1705 1455 sunt,

968 1470 1154 1514 complures
1171 1468 1294 1512 pariter
1314 1474 1486 1502 summates
1511 1468 1706 1511 praesertim

967 1522 1129 1555 Francisci
1152 1522 1337 1565 exemplum
1355 1521 1454 1554 secuti
1484 1521 1646 1564 religiosis
1668 1521 1707 1554 [a-

967 1575 1063 1609 miliis
1084 1586 1117 1609 se
1137 1576 1348 1609 devoverunt.
1364 1574 1426 1608 Sed
1444 1575 1541 1608 Iulius
1555 1575 1704 1608 Pontifex

967 1633 998 1661 et
1022 1628 1154 1662 Carolus
1171 1629 1194 1659 V
1221 1633 1339 1662 tantam
1364 1627 1513 1662 virtutem
1540 1627 1572 1661 in
1597 1627 1706 1661 Canta·

966 1682 1033 1714 bris
1052 1681 1242 1715 delitescere
1264 1681 1431 1724 indignum
1447 1681 1518 1722 rati,
1533 1681 1705 1715 consilium

967 1736 1005 1769 de
1030 1736 1086 1769 illo
1119 1736 1205 1769 inter
1230 1735 1261 1769 S.
1290 1736 1327 1768 R.
1354 1735 1386 1768 Ε.
1413 1735 1596 1769 cardinales
1612 1742 1701 1769 'coo-

965 1789 1086 1832 ptando
1111 1789 1266 1828 certatim,
1286 1789 1447 1822 incassum
1475 1794 1590 1828 tamen,
1617 1788 1703 1832 quod

965 1848 1080 1885 postea
1112 1853 1208 1885 saepe
1249 1853 1384 1875 numero
1421 1853 1550 1886 quoque
1573 1842 1702 1882 sactum,

966 1896 1119 1928 inierunt.
1148 1895 1302 1938 Ignatius,
1322 1895 1375 1938 qui
1395 1895 1490 1928 sociis
1516 1895 1636 1928 aditum
1662 1895 1701 1928 ad

965 1948 1122 1981 honorem
1149 1947 1274 1990 legibus
1298 1948 1370 1981 latis
1397 1948 1612 1988 obstruxerat,
1632 1948 1701 1981 Iulii

964 2000 1100 2044 pedibus
1125 2001 1317 2040 advolutus,
1342 2011 1382 2034 ne
1409 2001 1506 2034 invito
1533 2006 1628 2045 atque
1654 2001 1702 2034 in-

963 2054 1029 2087 scio
1055 2054 1212 2087 honorem
1238 2054 1372 2094 deserat,
1393 2065 1471 2088 neve
1492 2054 1635 2088 oblatum
1654 2066 1702 2088 ca-

964 2117 1039 2150 pere
1066 2112 1168 2149 cogat‚
1195 2108 1338 2140 nascenti
1363 2108 1524 2141 sodalitati
1551 2108 1614 2141 hoc
1638 2109 1702 2141 sal-

964 2165 1027 2192 tem
1051 2160 1211 2203 benignus
1238 2160 1376 2200 tribuat,
1414 2160 1526 2194 libello
1551 2160 1699 2204 supplice

963 2218 995 2245 et
1019 2212 1156 2246 lacrimis
1181 2223 1288 2246 coram
1316 2218 1434 2253 exorat,
1468 2219 1499 2246 et
1522 2214 1702 2257 permagna

962 2265 1125 2298 Francisci
1150 2265 1271 2299 laetitia
1296 2265 1460 2308 impetrat,
1482 2266 1534 2309 qui
1561 2272 1592 2299 et
1617 2266 1699 2309 grati

963 2317 1060 2350 animi
1087 2323 1183 2351 testes
1218 2317 1339 2351 litteras
1365 2318 1403 2351 ad
1430 2318 1618 2353 Pontificem
1645 2320 1700 2352 de—

963 2370 1019 2402 dit.
1047 2370 1116 2403 Non
1153 2376 1259 2404 autem
1294 2371 1383 2405 illum
1418 2371 1559 2415 ignatius
1596 2373 1697 2406 latere

963 2424 1123 2465 permisit,
1150 2424 1207 2456 viri
1234 2423 1318 2457 enim
1345 2424 1500 2468 singulari
1527 2425 1697 2468 prudentia

964 2475 993 2507 in
1011 2476 1174 2509 lucrandis
1201 2477 1265 2510 Deo
1291 2477 1457 2511 animabus
1479 2484 1509 2511 et
1527 2479 1697 2512 sanctitate

963 2531 1148 2571 perspecta,
1181 2540 1286 2563 sacras
1312 2531 1484 2565 conciones
1509 2531 1696 2565 habiturum

963 2581 1065 2614 varias
1096 2582 1238 2617 civitates
1270 2590 1302 2616 ct
1338 2585 1487 2627 regiones
1518 2585 1629 2626 adire,
1665 2591 1697 2618 et

961 2636 1132 2669 multarum
1158 2637 1408 2680 provinciarum,
1436 2649 1523 2682 quas,
1550 2639 1624 2675 licet
1649 2639 1696 2673 in-

1626 243 1667 277 19
1715 253 1762 279 An.
1780 250 1808 279 c.
1833 251 1899 280 1724
