2170 3147
950 160 1131 185 arrianum
1156 159 1314 183 nouimuu

1160 209 1229 240 eius
1256 208 1408 240 virtutum
1429 208 1631 251 pei-lectione
1647 208 1678 241 in
1693 208 1794 251 gradu
1811 217 1900 241 surn—

185 163 221 189 Αη
252 163 270 189 c
301 163 365 190 1724
411 153 453 186 38
1903 159 1953 186 An.
1975 160 2004 187 c.
2027 160 2094 189 ¹724

195 225 368 246 s·>.·=·20iu÷=:‹11-
424 215 438 253 ,ξ’
464 213 494 243 ti.
523 211 674 243 ltesiiiicta
701 212 794 252 longe
823 210 994 252 [uilclirior
1020 220 1114 251 quam

183 306 227 325 dit-1
237 320 241 324 .

184 858 195 876 Α
206 857 309 875 itii—ment,-
320 855 364 876 t‘ill

181 890 206 901 ‘¹'
226 890 249 902 '¹'
277 883 365 928 ''¹¹'„'.'-'1'.¹.¹{
379 904 487 931 noster
511 898 658 932 Clemens
680 900 765 942 Papa
783 900 840 938 Vll,
867 910 970 932 annos
988 904 1111 942 septem

299 941 409 983 likin-et
433 952 598 994 sexaginta
617 964 633 985 a
653 952 845 986 Catliarinae
864 953 1009 991 decessu,
1029 952 1110 985 sacri

223 991 366 1061 “umr‘d'i'fiii'i
377 1005 525 1048 corporis
552 1005 848 1049 incorruptionem,
876 1017 972 1039 manu
1001 1011 1112 1038 tracta-

277 1057 488 1098 ·renmbilem,
515 1069 623 1092 coram
641 1059 786 1099 miratus,
807 1059 997 1093 monasterii
1024 1070 1113 1093 soro-

182 1046 201 1060 ΙΙΙ

181 1067 264 1087 tabutas

183 252 447 298 sJ.'.¹.⁴²<'3{-'i.'{.'‚ss'¹'0¹1viva
471 263 744 297 adolescentulam
771 263 866 305 plane
897 261 1111 294 dormientem

378 316 498 348 referre
524 315 588 348 visa
613 320 672 348 est.
713 315 786 347 Post
819 315 888 346 eius
915 314 1053 345 animam
1082 313 1111 344 in

377 369 499 401 caelum
514 374 676 411 receptam
694 373 724 401 et
739 368 922 410 corpusculi
939 366 1113 409 depositio-

376 432 458 461 nem,
475 422 585 454 multis
605 421 689 454 illius
708 421 891 464 patrocinio
909 421 993 464 apud
1013 421 1111 452 Deum

376 484 409 507 se
424 474 738 515 commendantibus,
750 484 847 518 quum
863 475 926 507 duo
945 474 983 506 de
1002 473 1111 516 viginti

375 526 445 560 dies
465 527 677 567 effluxissent,
695 527 920 570 incorruptum
936 532 965 559 et
982 536 1111 559 suavem

375 580 502 622 spirans
527 580 680 619 odorem,
700 581 878 623 sepulchro
896 580 1037 619 eruitur,
1063 589 1113 612 se-

375 638 531 676 ptemque
558 634 682 666 dierum
709 634 814 677 spatio
846 633 988 666 omnium
1020 633 1112 665 undi-

375 697 437 728 que
456 687 687 719 continentium
707 687 810 720 oculis
825 686 1010 729 exponitur,
1025 686 1110 729 quod

375 739 491 772 sedens
522 740 620 772 instar
647 740 782 772 viventis
813 740 969 772 hactenus
995 749 1112 781 magno

376 802 446 824 eum
464 793 588 826 bonore
606 793 726 826 ibidem
746 792 873 826 colitur.

419 846 434 887 ξ
460 845 491 878 7.
520 846 632 879 Felicis
659 846 895 879 reeordationis
927 851 1113 879 antecessor

375 1110 464 1142 ribus
492 1110 676 1144 facultatem
702 1111 834 1145 indulsit
862 1112 1038 1155 quotannis
1062 1111 1113 1145 Ca-

376 1163 523 1196 tbariuae
549 1164 764 1197 anniversarii
792 1165 899 1197 obitus
926 1165 978 1198 die
1003 1175 1113 1197 recur-

376 1222 467 1249 rente
493 1227 597 1249 sacras
632 1228 746 1260 preces
783 1218 814 1250 iu
851 1218 918 1250 eius
953 1219 1111 1252 honorem

374 1269 435 1301 ritu
462 1270 681 1303 ecclesiastico
707 1271 885 1310 recitandi;
911 1277 978 1304 tum
997 1272 1111 1304 diebus

374 1322 510 1365 singulis
537 1324 620 1356 inter
646 1323 743 1357 horas
768 1325 940 1357 canonicas
966 1325 1111 1358 eiusdem

374 1385 494 1408 nomen
535 1378 833 1417 commemorandi·,
876 1378 1111 1421 indulgentiam

375 1439 503 1472 quoque
529 1429 566 1462 iis
591 1430 763 1470 concessit,
791 1431 865 1474 qui,
891 1431 1111 1465 poenitentiae

376 1487 407 1513 et
432 1482 653 1516 Eucharistiae
679 1484 886 1517 sacramentis
923 1485 975 1528 pie
1007 1495 1114 1517 susce-

375 1536 449 1577 ptis,
474 1546 598 1569 sacram
624 1537 747 1576 aedem,
773 1538 828 1570 ubi
853 1539 944 1580 virgo
969 1538 1024 1570 Dei
1060 1548 1112 1571 re-

376 1588 524 1630 quiescit,
557 1600 664 1622 annuo
698 1590 779 1623 sesto
813 1590 880 1623 eius
918 1591 1110 1624 inviserent.

375 1640 584 1675 Postmodum
619 1643 657 1675 ad
691 1654 799 1676 sacras
833 1655 965 1687 quoque
997 1644 1112 1676 Ferra-

374 1693 498 1727 rienses
524 1695 664 1738 virgines
692 1698 882 1730 earumdem
907 1708 1040 1740 precum
1067 1708 1114 1730 re-

376 1747 576 1781 citandarum
613 1749 746 1782 facultas
780 1756 912 1783 extensa
947 1756 1013 1789 est;
1049 1755 1137 1789 tum5

1159 272 1210 294 mo
1237 262 1334 304 plene
1360 266 1510 293 constare
1548 261 1716 294 decretum
1744 266 1804 294 est.
1832 261 1900 294 Hoc

1159 313 1261 345 felicis
1302 323 1432 356 quoque
1474 313 1650 346 memoriae
1689 313 1899 346 innocentius

1158 366 1242 408 Papa
1269 366 1306 398 §lt
1332 371 1522 399 antecessor
1547 372 1658 399 noster
1682 366 1898 407 confirmavit,

1134 430 1136 448 t
1157 429 1304 461 novaque
1330 419 1500 459 miracula,
1519 419 1649 462 quibus,
1669 424 1741 463 post
1757 420 1899 463 permis-

1157 483 1223 504 sam
1249 473 1288 504 ab
1321 472 1507 515 Apostolica
1538 472 1620 505 Sede
1646 473 1784 506 ancillae
1821 483 1898 506 suae

1157 524 1410 564 venerationem,
1429 525 1513 558 Deus
1531 525 1735 558 sanctitatem
1761 525 1830 558 eius
1847 536 1900 568 pa-

1158 578 1331 619 tefecerat,
1357 578 1551 612 auctoritate
1577 580 1633 612 sua
1657 578 1783 622 pariter
1811 589 1900 612 com-

1157 631 1319 673 probavit.

1200 683 1270 727 §R
1306 684 1386 717 lline
1418 685 1548 717 taudem
1587 686 1704 718 sactum
1740 691 1774 718 ut
1810 685 1896 719 idem
1924 697 2092 719 ,tetamentum

1157 738 1229 780 piae
1256 738 1430 771 memoriae
1456 738 1606 771 Clemens
1630 739 1716 782 Papa
1742 739 1800 779 XI,
1826 724 2096 782 uni-Eilffil'rissbssii'.

1157 791 1269 831 versis,
1296 801 1377 834 quae
1403 801 1439 824 ex
1466 791 1497 824 S.
1526 792 1562 824 R.
1590 792 1625 824 E.
1653 791 1829 836 disciplina
1866 780 2095 835 etssiiiiiuniibouii'ii}

1158 844 1230 881 ritu,
1258 844 1537 887 decessorumque
1569 850 1757 878 nostrorum
1789 833 2095 879 Ponti-{ftilpissiffii's‘ssliss

1157 898 1250 930 sicum
1277 898 1495 931 Romanorum
1514 899 1802 932 constitutionibus
1827 884 1986 943 apo-⁶⁸³¹*

1134 944 1288 992 *stolicis
1314 951 1481 994 sacrisque
1508 952 1686 985 canonibus
1717 952 1749 985 in
1783 952 1899 986 Catha-

1157 1003 1248 1036 rinae
1289 1003 1414 1037 eximiis
1455 1005 1627 1038 virtutibus
1663 1011 1695 1039 et
1733 1005 1898 1039 miraculis

1157 1057 1382 1090 examinandis
1409 1062 1439 1090 et
1466 1058 1717 1101 comprobandis
1737 1060 1899 1093 servanda

1157 1115 1259 1149 erant,
1287 1116 1398 1143 sancte
1424 1112 1569 1150 servatis
1592 1122 1729 1153 magnae
1747 1112 1899 1145 solemni-

1158 1163 1230 1195 tatis
1275 1163 1362 1196 diem
1408 1164 1604 1197 dominicam
1647 1166 1700 1198 SS.
1747 1164 1896 1198 Triuitati

1134 1226 1279 1249 *sacram
1305 1227 1336 1250 xx
1362 1217 1516 1250 kalendas
1542 1218 1647 1251 iunias
1681 1219 1758 1251 anui
1795 1218 1899 1251 domi-

1157 1270 1248 1303 nicae
1273 1270 1510 1304 incarnationis
1534 1281 1681 1310 itmcexu,
1715 1272 1762 1304 sui
1788 1271 1899 1316 ponti-

1156 1323 1266 1355 ficatus
1290 1333 1344 1359 xu,
1372 1324 1510 1356 suturam
1544 1324 1707 1365 indixerit,
1744 1335 1807 1367 qua
1842 1324 1899 1358 Ca-

1158 1375 1320 1409 tharinam
1357 1382 1540 1410 sanctarum
1577 1377 1738 1420 virginum
1779 1377 1898 1410 canoni

1156 1428 1367 1469 adscriberet,
1395 1430 1481 1473 quod
1509 1440 1615 1473 reges,
1634 1431 1802 1474 principes
1827 1430 1900 1463 viri-

1157 1493 1220 1526 que
1247 1483 1393 1526 insignes
1420 1484 1631 1516 ecclesiastici
1658 1490 1690 1517 et
1714 1484 1900 1518 saeculares

1157 1537 1308 1579 plurimis
1341 1543 1369 1570 et
1407 1537 1647 1580 urgentissimis
1672 1538 1825 1581 precibus
1857 1539 1897 1571 ab

1158 1591 1343 1633 Apostoliea
1362 1590 1445 1623 Sede
1463 1596 1557 1623 antea
1576 1591 1813 1634 flagitaverant.
1832 1592 1899 1625 Cle-

1158 1653 1250 1675 mens
1275 1653 1352 1686 ergo
1387 1643 1509 1676 indicta
1534 1643 1586 1676 die
1612 1643 1644 1676 in
1669 1644 1841 1677 beatorum
1867 1655 1899 1678 a-

1158 1696 1362 1738 postolorum
1403 1696 1488 1729 Petri
1533 1701 1564 1729 et
1601 1696 1691 1730 Pauli
1731 1697 1898 1731 basilicam

1158 1758 1274 1789 magno
1299 1755 1455 1792 apparatu
1482 1750 1662 1790 deseendit,
1692 1750 1747 1782 ubi
1773 1751 1805 1783 in
1830 1752 1900 1794 ple-

375 1801 471 1833 missa
497 1802 631 1845 propria
655 1803 692 1835 ad
721 1803 789 1835 eius
824 1804 981 1836 bonorem
1008 1804 1039 1836 in
1065 1815 1136 1837 ec-⁴

376 1854 482 1886 clesiis
514 1855 809 1888 sanctimonialium
835 1857 1004 1900 utriusque
1039 1857 1136 1900 civi-i¹

1157 1802 1247 1835 nario
1273 1802 1303 1834 S.
1322 1802 1359 1835 lt.
1380 1802 1414 1835 E.
1442 1803 1671 1844 cardinalium,
1697 1803 1900 1846 patriarcha-

1158 1865 1238 1896 rum,
1265 1855 1588 1898 at·t·.liiepiscopoi·tun
1613 1862 1644 1888 et
1670 1857 1898 1900 episcoporum

377 1907 448 1939 tatis
485 1908 731 1948 sacerdotibus,
774 1909 828 1952 qui
867 1910 912 1942 eis
951 1915 1062 1943 essent
1098 1906 1136 1942 a*

376 1960 475 1992 sacris
492 1961 757 2001 confessionibus,
772 1963 949 2005 apostolica
964 1963 1113 2005 largitate

376 2013 545 2055 permissa.
575 2013 746 2047 Crescente
772 2015 825 2048 Dei
853 2016 990 2049 ancillae
1017 2017 1114 2048 virtu-

377 2120 498 2152 moriae
525 2126 712 2154 antecessor
736 2128 845 2155 noster
877 2123 1025 2156 Clemens
1056 2123 1113 2156 Pa-

377 2184 417 2215 pa
442 2172 505 2204 Ylll
531 2184 650 2206 nomen
684 2175 752 2207 eius
783 2175 815 2207 in
841 2186 949 2208 sacras
989 2176 1113 2208 tabulas

378 2277 431 2309 rit.
460 2277 585 2318 Postea,
613 2280 747 2313 sedente
773 2281 836 2314 alio
861 2282 1032 2314 decessore
1058 2292 1113 2314 no-

377 2336 444 2362 stro
485 2331 586 2363 felictis
624 2333 799 2366 memoriae
832 2334 1021 2366 Innocentio
1057 2334 1113 2367 l'a-

378 2393 418 2426 pa
457 2384 499 2421 X,
539 2385 577 2416 ad
614 2386 747 2417 alterius
781 2387 962 2419 decessoris
995 2386 1136 2419 l'rbauil

378 2436 482 2478 Papae

525 2437 587 2470 Vlll
625 2439 833 2471 decretorum
872 2451 1036 2479 normani,
1075 2442 1112 2472 tle

378 2552 452 2575 nem
479 2542 650 2575 reserenda
681 2549 801 2585 actum,
829 2544 933 2588 deque
969 2546 1113 2578 omnium

1158 1914 1316 1940 conventu
1343 1909 1490 1951 repetitis
1516 1920 1576 1953 pro
1601 1910 1695 1942 beata
1719 1910 1897 1944 (latbarina

1158 1962 1189 1993 iu
1216 1967 1398 1994 sanctarum
1432 1962 1593 2005 virginum
1619 1973 1778 1996 canonem
1814 1963 1898 1996 rese-

1135 2015 1258 2059 ¹reuda
1295 2015 1485 2048 humillimis
1518 2016 1556 2048 ad
1595 2016 1695 2049 Deum
1730 2017 1896 2059 precibus,

378 2072 443 2099 tuin
477 2074 508 2099 ct
542 2069 731 2101 meritorum
759 2069 852 2109 sama,
887 2070 1022 2113 inclytae
1053 2063 1136 2102 uie-³

1158 2068 1331 2111 Sanetique
1345 2068 1485 2111 Spiritus
1505 2069 1607 2112 gratia
1622 2070 1715 2103 enixe
1736 2070 1896 2110 invocata,

1135 2141 1137 2157 z
1159 2121 1196 2153 ad
1226 2122 1387 2155 bonorem
1413 2123 1633 2156 sanctissimae
1660 2129 1691 2156 et
1712 2123 1898 2156 individuae

1135 2188 1136 2211 1
1158 2173 1330 2215 Trinitatis,
1358 2175 1497 2219 fideique
1519 2175 1699 2209 catholicae
1725 2175 1899 2219 amplifica-

377 2226 602 2269 martyrologii
635 2227 758 2260 romani
785 2228 994 2261 referendum
1022 2239 1136 2261 cura-1

1160 2228 1291 2269 tionem,
1329 2229 1520 2261 auctoritate
1558 2229 1795 2272 omnipotentis
1830 2229 1896 2270 Dei,

1159 2282 1276 2321 Patris,
1303 2282 1386 2322 Filii,
1414 2289 1443 2315 et
1470 2283 1609 2326 Spiritus
1630 2284 1751 2323 Sancti,
1770 2294 1805 2316 ae
1822 2284 1898 2316 bea—

1159 2341 1263 2368 torum
1285 2335 1369 2368 Petri
1387 2341 1418 2368 et
1432 2336 1519 2369 Pauli
1539 2336 1773 2379 apostolorum,
1800 2336 1898 2369 totius

1158 2388 1303 2421 eiusdem
1330 2394 1505 2421 conventus
1531 2389 1668 2422 consilio
1687 2389 1897 2433 unanimique

1135 2448 1137 2489 ἐ,
1158 2451 1329 2481 consensu,
1355 2442 1468 2475 beatae
1495 2442 1668 2474 memoriae
1689 2442 1898 2475 Catliarinam

378 2488 550 2521 Catliarina
576 2491 607 2521 in
634 2497 815 2523 sanctarum
838 2492 996 2534 virginum
1024 2493 1137 2525 cano-⁴

1158 2506 1174 2525 a
1192 2494 1347 2535 Bononia,
1367 2495 1405 2527 de
1431 2495 1523 2527 cuius
1541 2495 1710 2528 sanctitate
1729 2496 1898 2529 virtutum-

1135 2576 1136 2579 ,
1160 2557 1221 2590 que
1248 2557 1283 2578 τυ·
1310 2547 1535 2590 prodigiorum
1553 2548 1775 2590 magnitudine
1800 2551 1898 2593 plene
