2170 3147
20 254 69 280 An.
85 252 113 279 C.
137 252 205 279 ¹726

44 681 167 703 Clausulas.

42 1365 200 1386 Contrariorum

19 1392 138 1418 derogatio.

787 249 980 273 Bssnnnicrcs

213 299 398 343 provinciae
419 298 629 331 Lombardiae
648 309 701 331 seu
723 298 952 340 Longobardo·

213 363 283 385 rum
310 351 417 384 ltaliae
449 356 575 393 gestant
610 356 641 385 et
677 351 873 394 induuntur,
901 361 950 383 eo-

213 404 285 438 dem
310 414 383 437 cum
419 403 536 436 amictu
569 408 631 436 tam
661 404 694 435 in
727 404 827 436 choro
853 395 949 445 quam

214 463 302 490 extra
327 458 507 500 procedere
528 456 655 500 possint
679 461 711 489 et
736 457 876 494 valeant,
896 465 948 487 au-

213 510 362 543 ctoritate
381 511 571 554 apostolica,
591 515 703 543 tenore
718 508 947 552 praesentium,

212 563 435 606 indulgemus:
449 564 534 596 salva
551 568 656 595 tamen
671 571 799 605 semper
813 560 844 593 in
861 570 948 604 prae·

212 616 319 649 missis
337 616 526 649 auctoritate
543 614 812 658 Congregationis
827 623 950 647 eorum-

214 668 286 701 dem
311 669 535 701 cardinalium.

255 720 315 764 53.
335 721 552 754 Decernentes
569 720 700 764 pariter,
715 719 843 753 easdem
859 728 935 761 prae

213 779 322 807 sentes
349 774 472 807 litteras
489 784 617 817 semper
643 773 759 813 firmas,
779 772 899 805 validas
920 776 951 804 et

213 826 361 870 efficaces
387 827 527 860 existere
552 831 583 860 et
607 827 688 867 sore,
714 835 856 868 suosque
882 824 950 867 ple-

212 880 323 912 narios
343 884 374 912 et
391 879 535 922 integros
561 878 691 912 effectus
718 878 830 911 sortiri
851 883 883 910 et
899 877 951 909 ob-

214 932 330 972 tinere,
357 943 392 965 ac
417 932 512 965 dictis
538 931 776 976 exponentibus
798 931 830 963 in
850 930 950 963 omni-

211 985 273 1018 bus
299 990 330 1017 et
354 995 414 1028 per
434 984 543 1018 omnia
560 984 748 1028 plenissime
768 982 948 1025 suffragari,

213 1038 327 1080 sicque
352 1037 384 1069 in
411 1037 600 1080 praemissis
634 1047 694 1080 per
727 1046 949 1080 quoscumque

212 1090 334 1123 iudices
371 1090 553 1123 ordinarios
583 1095 614 1122 et
639 1090 827 1132 delegatos,
855 1088 948 1121 etiam

212 1154 381 1176 causarum
407 1143 515 1187 palatii
552 1142 723 1187 apostolici
759 1141 946 1181 auditores,

212 1196 348 1229 iudicari
375 1201 407 1229 et
432 1195 559 1229 definiri
579 1196 706 1235 debere,
725 1206 760 1228 ao
778 1195 905 1227 irritum
919 1200 949 1227 et

213 1248 310 1282 inane
344 1248 368 1281 si
403 1259 495 1281 secus
527 1259 622 1292 super
647 1248 698 1281 his
725 1260 742 1281 a
767 1258 947 1292 quoquam,

214 1301 326 1345 quavis
352 1302 554 1343 auctoritate,
573 1302 714 1335 scienter
731 1302 780 1335 vel
804 1302 950 1344 ignoran-

213 1359 272 1396 ter,
298 1355 473 1398 eontigerit
497 1355 660 1388 attentari.

256 1409 271 1452 ἓ
295 1408 326 1441 4.
353 1408 423 1441 Non
449 1409 651 1442 obstantibus
676 1408 882 1451 praemissis,
914 1419 949 1441 ac

212 1462 500 1495 constitutionibus
527 1468 556 1495 et
588 1462 847 1495 ordinationibus
873 1472 949 1504 apo-

212 1514 349 1554 stolicis,
370 1525 507 1555 necnon,
526 1520 685 1558 quatenus
704 1526 784 1558 opus
800 1515 848 1555 sit,
867 1516 949 1548 Con-

213 1568 425 1610 gregaffionis,
448 1568 635 1611 provinciae
655 1574 686 1601 et
701 1568 830 1601 Ordinis
857 1579 948 1611 prae-

212 1620 389 1661 dictorum,
423 1620 518 1653 etiam
545 1622 749 1661 iuramento,
783 1621 949 1654 conflrma-

212 1673 298 1706 tione
313 1673 500 1716 apostolica,
519 1675 567 1706 vel
587 1674 698 1717 quavis
718 1673 867 1706 firmitate
888 1674 948 1707 alia

211 1726 392 1766 roborum,
419 1726 545 1759 statutis
579 1732 609 1759 et
640 1727 946 1766 consuetudinilnis,

212 1779 389 1823 privilegiis
427 1790 579 1823 quoque,
604 1780 736 1812 indultis
772 1786 802 1813 et
834 1780 949 1813 litteris

212 1832 398 1875 apostolicis
417 1832 448 1864 in
473 1833 672 1865 contrarium
698 1833 947 1875 praemissorum

212 1886 461 1928 quomodolibet
486 1886 671 1925 concessis,
699 1886 893 1918 confirmatis
919 1891 950 1918 et

212 1938 392 1979 innovatis;
420 1938 537 1981 quibus
562 1939 710 1971 omnibus
737 1945 768 1972 et
792 1939 948 1982 singulis,

212 1991 344 2025 illorum
371 1997 500 2024 tenores
526 1992 748 2035 praesentibus
773 2002 833 2034 pro
855 1993 949 2035 plene

213 2049 245 2077 et
269 2044 467 2076 sufficienter
492 2045 654 2087 expressis
681 2056 716 2077 ac
750 2045 788 2077 ad
818 2046 949 2078 verbum

214 2096 342 2130 insertis
369 2098 542 2137 habentes,
569 2097 632 2130 illis
657 2095 733 2130 alias
759 2098 789 2129 in
816 2108 874 2130 sno
901 2109 951 2131 ro-

212 2150 292 2183 bore
310 2150 548 2193 permansuris,
571 2151 608 2182 ad
635 2150 889 2194 praemissorum
908 2152 950 2184 es-

214 2205 354 2244 sectuin,
384 2205 444 2237 hac
468 2205 535 2236 viee
561 2205 739 2244 dumtaxat,
767 2204 951 2247 specialiter

214 2263 245 2290 et
265 2267 413 2300 expresse
433 2257 648 2299 derogamus3
671 2257 852 2300 ceterisque
874 2267 950 2290 con-

215 2310 321 2343 trariis
347 2310 619 2353 quibuscumque.

258 2363 372 2396 Datum
401 2363 517 2396 Romae
532 2389 539 2402 ,
557 2362 696 2405 apud-S.
714 2362 865 2403 Petrum,
890 2364 949 2396 sub

215 2418 334 2450 annulo
350 2415 532 2453 PiscatoriS,
548 2415 599 2448 die
609 2425 681 2449 xxiv
696 2415 765 2448 iulii
779 2425 949 2456 MDccxxv1‚

214 2470 420 2514 pontificatus
447 2468 547 2501 nostri
573 2478 657 2501 anno
683 2478 729 2501 n1.

250 2531 310 2558 Dat.
326 2531 371 2558 die
391 2531 423 2558 24
443 2530 500 2557 iulii
524 2531 606 2563 1726,
628 2530 725 2565 pontif.
743 2538 813 2558 anno
833 2537 872 2557 111.

1006 249 1062 273 xin
1088 249 1138 272 rr.

1274 296 1445 330 CXXXVII.

993 366 1232 409 Confirmantm·
1256 366 1380 400 decreta
1408 366 1567 410 quaedam
1591 365 1730 409 capituli

1034 420 1196 461 generalis
1211 420 1443 452 monachorum
1460 419 1592 452 Ordinis
1606 419 1639 451 S.
1655 418 1731 451 Hie-

1034 473 1166 514 ronymi
1184 472 1450 515 Conpregyationis
1467 471 1693 514 Porluqallioe
1706 469 1727 502 ¹.

1180 552 1358 580 Benedictus
1379 553 1458 585 Papa
1477 551 1557 584 XlII,

1132 599 1168 626 ad
1186 598 1319 624 futuram
1339 596 1384 623 rei
1405 594 1587 623 memoriam.

991 680 994 686 ·
1036 670 1051 713 §t
1068 670 1099 702 «1.
1120 668 1243 712 Exponi
1262 668 1355 701 nobis
1374 678 1479 711 nuper
1499 667 1576 700 fecit
1594 667 1730 700 dilectus
1741 675 1850 701 exp-mim
1867 675 1924 697 faut.

970 722 971 730 ¹
993 723 1077 756 silius
1114 721 1305 755 Franciscus
1339 721 1378 752 de
1404 720 1609 759 Bettanmii't,
1641 719 1732 762 prior

994 775 1157 819 generalis
1182 773 1312 808 Ordinis
1343 773 1578 805 monachorum
1603 772 1633 805 S.
1658 771 1733 804 llie-

994 829 1121 872 ronymi
1169 827 1437 870 Congregationis
1490 825 1729 868 portugalliae,

994 882 1094 925 quod,
1115 892 1187 914 cum
1203 881 1236 913 in
1254 880 1395 923 capitulo
1413 878 1560 922 generali
1579 878 1657 911 dicti
1677 877 1733 910 Or-

994 934 1098 974 dinis,
1125 934 1211 977 qnod
1237 933 1268 965 in
1299 932 1390 975 regio
1416 937 1571 964 conventu
1596 931 1731 964 Nostrae

992 986 1145 1020 Dominae
1164 986 1203 1019 de
1221 985 1415 1018 Bethlehem
1430 988 1628 1026 nuncupato,
1642 989 1731 1015 extra

993 1050 1103 1073 muros
1128 1038 1264 1072 civitatis
1293 1037 1554 1080 olyssiponensis
1583 1036 1731 1069 occiden-

995 1092 1153 1131 talissito,
1173 1101 1284 1124 mense
1303 1090 1387 1123 maio
1406 1090 1480 1122 anni
1501 1099 1664 1123 nnccxxiv
1684 1099 1731 1121 ce-

992 1145 1153 1177 lebratum
1179 1144 1256 1183 suit,
1289 1152 1488 1186 perpensum
1514 1141 1625 1174 suisset
1650 1151 1732 1173 non-

994 1198 1097 1231 nullas
1119 1197 1280 1229 interdum
1306 1195 1385 1228 oriri
1412 1194 1667 1227 inordinationes
1693 1204 1730 1226 ex

994 1261 1032 1283 eo
1064 1249 1173 1292 quod,
1201 1259 1273 1281 cum
1310 1248 1396 1280 iuxta
1430 1246 1576 1280 eiusdem
1600 1245 1729 1279 Ordinis

993 1289 1239 1335 constitutiones
1276 1299 1493 1333 definitorium
1528 1310 1562 1332 ex
1590 1304 1730 1342 quatuor

995 1360 1116 1387 tantum
1149 1353 1373 1387 definitoribus
1405 1353 1630 1391 constituatur,
1656 1352 1728 1384 isti-

994 1418 1067 1451 que,
1092 1408 1175 1440 inter
1192 1412 1310 1446 cetera,
1334 1406 1527 1439 electionem
1544 1405 1662 1449 prioris
1688 1405 1732 1438 di-

994 1461 1036 1493 cti
1053 1465 1243 1499 conventus,
1263 1459 1317 1502 qui
1337 1459 1432 1491 etiam
1452 1459 1541 1501 prior
1566 1458 1729 1501 generalis

994 1513 1089 1546 totius
1109 1512 1236 1545 Ordinis
1255 1512 1375 1551 existit,
1395 1511 1589 1544 confirmare
1611 1516 1665 1543 aut
1683 1521 1731 1543 re·

992 1566 1130 1609 probare
1146 1565 1297 1605 debeant,
1315 1570 1450 1607 propter
1468 1574 1544 1597 vero
1562 1565 1730 1607 aequalem

993 1624 1140 1651 votorum
1158 1628 1328 1650 numerum
1346 1617 1537 1659 contingere
1556 1617 1672 1661 possit,
1695 1628 1731 1650 ac

992 1671 1155 1704 interdum
1181 1671 1358 1713 contingat,
1386 1671 1488 1713 quod,
1516 1671 1547 1702 in
1574 1672 1729 1713 aequales

993 1730 1140 1757 votorum
1156 1729 1262 1767 partes
1283 1729 1421 1767 quatuor
1440 1724 1668 1756 definitoribus
1686 1724 1731 1757 di-

992 1777 1089 1816 visis,
1114 1777 1290 1819 quidquam
1320 1776 1478 1808 canonice
1506 1776 1637 1808 decerni
1664 1787 1731 1809 non

993 1831 1104 1868 valeat,
1124 1839 1183 1861 nee
1201 1840 1217 1861 a
1235 1829 1522 1862 constitutionibus
1542 1829 1731 1862 huiusmodi

994 1884 1171 1925 praefixum
1197 1882 1238 1914 sit
1266 1892 1346 1925 quae
1372 1892 1446 1924 pars
1472 1893 1510 1915 eo
1536 1893 1612 1914 casu
1639 1893 1733 1926 prae-

994 1936 1099 1968 valere
1125 1935 1261 1973 debent,
1295 1934 1387 1967 sicuti
1426 1935 1521 1968 etium
1554 1935 1585 1968 in
1618 1935 1731 1968 iisdem

994 1988 1282 2021 constitutionibus
1297 1988 1379 2021 nibil
1395 1989 1479 2021 cirea
1493 1988 1731 2032 praesidentem

995 2041 1127 2084 capituli
1156 2042 1317 2084 generalis
1351 2047 1503 2074 statutum
1530 2042 1730 2084 reperiatur,

994 2095 1164 2137 solumque
1190 2094 1399 2137 dispositum,
1419 2095 1523 2137 quod,
1551 2094 1576 2126 si
1602 2096 1732 2137 quando

995 2158 1076 2179 unus
1095 2158 1130 2180 ex
1151 2153 1290 2190 quatuor
1307 2147 1533 2180 definitoribus
1555 2148 1752 2181 actualibus

994 2200 1086 2243 prior
1111 2199 1274 2242 generalis
1299 2200 1473 2240 extitisset,
1508 2200 1560 2233 liic
1586 2201 1732 2234 eiusdem

994 2253 1124 2295 capituli
1151 2263 1280 2295 praeses
1315 2263 1383 2285 esse
1414 2253 1551 2294 debeat,
1578 2259 1609 2286 et
1640 2264 1734 2287 casus

995 2305 1123 2338 evenire
1158 2306 1260 2348 possit
1293 2305 1379 2348 quod
1412 2307 1519 2339 nullus
1552 2317 1589 2339 ex
1622 2306 1735 2340 denni-

995 2358 1118 2391 toribus
1140 2358 1229 2401 prior
1255 2359 1417 2400 generalis
1451 2359 1612 2399 extiterit,
1644 2360 1734 2393 inde-

996 2411 1061 2444 cisa
1087 2416 1162 2443 tnnc
1186 2417 1374 2445 remanente
1407 2412 1482 2444 dieti
1519 2413 1733 2456 praesidentis

1029 2500 1037 2525 1
1062 2499 1092 2525 ln
1114 2499 1295 2534 praecedente
1322 2500 1430 2527 constit.
1451 2509 1598 2527 concessus
1616 2501 1668 2528 fuit
1686 2501 1734 2528 iis-

994 2543 1055 2569 dem
1077 2543 1217 2570 monacbis
1239 2552 1303 2570 usus
1332 2545 1454 2571 cucullae
1474 2545 1507 2571 ad
1533 2545 1619 2571 instar
1639 2553 1735 2572 mona-

993 2586 1105 2613 chorum
1127 2587 1247 2614 eiusdem
1277 2587 1385 2615 Ordinis
1414 2588 1635 2624 Congregationis
1655 2588 1734 2616 Lom-

993 2630 1116 2661 bardiae.

1623 236 1687 271 383
1733 246 1782 272 An.
1801 246 1830 272 o.
1855 246 1922 274 1726
