2139 3142
393 240 458 272 920

439 301 482 334 ris
523 298 728 333 viterbiensis
770 298 801 330 in
839 298 1095 341 quibuscumque

439 353 559 395 causis,
586 352 661 385 750.

349 407 498 441 CCXLIX.
517 405 753 440 Confirmantur
772 409 858 437 motu
876 403 1008 447 proprio
1025 413 1097 447 pro-

438 459 574 492 visiones
594 462 623 491 et
647 456 871 490 conventiones
896 456 990 489 initae
1015 456 1096 490 inter

440 513 629 555 religionen]
661 510 897 543 Dominicanam
934 515 964 542 et
997 509 1092 541 mini-

440 572 522 599 stros
541 565 689 598 Gamerae
706 563 908 606 Apostolicae
931 573 1027 606 super
1043 573 1096 595 ex-

441 618 601 661 emptione
638 627 655 649 a
690 616 848 659 gabelus,
889 615 1031 648 collectis
1066 620 1097 647 et

440 671 550 711 datiis,
576 670 649 702 752.

352 726 433 760 CCL.
460 725 666 757 Declarantur
698 723 852 756 inhabiles
877 722 917 755 ad
940 722 1043 754 officia
1067 727 1098 755 et

442 777 611 820 dignitates
636 776 777 819 religiosi
808 776 837 809 S.
865 775 968 808 Basilii
993 774 1096 817 Magni

441 831 501 864 sibi
526 836 733 874 procurantes
757 829 1050 872 archiepiscopatus
1067 833 1098 860 et

444 884 644 927 episcopatus
661 882 800 925 aliasque
824 881 1003 924 dignitates,
1024 880 1097 913 758.

353 937 446 972 CCLI.
472 936 615 979 Erigitur
634 935 776 969 custodia
789 935 923 968 Alsatiae
940 935 1097 967 Minorum

442 990 694 1033 Capuccinorum
713 989 744 1021 in
765 999 879 1021 novam
902 987 1096 1031 provinciam

442 1044 611 1077 Alsaticam
637 1042 902 1084 nuncupandam,
931 1039 1007 1073 758.

356 1097 464 1131 CCLIl.
492 1096 690 1140 Praecipitur
719 1102 753 1127 ut
781 1100 948 1128 serventur
980 1093 1098 1126 consti-

444 1150 581 1183 tutiones
606 1149 771 1191 generales
792 1147 918 1180 Ordinis
942 1147 1099 1179 Minorum

443 1204 482 1236 de
514 1202 721 1236 Observantia
752 1201 1007 1233 Reformatorum
1026 1227 1033 1239 ,
1070 1205 1100 1231 ct

444 1257 542 1289 Breve
561 1256 677 1289 Urbani
696 1255 761 1288 VIII
787 1265 882 1298 super
908 1253 1100 1297 praeceden-

444 1311 486 1343 tia
511 1309 696 1342 eorumdem
729 1309 760 1340 in
793 1307 959 1351 provincia
984 1307 1100 1339 Roma-

442 1367 496 1403 na,
522 1362 598 1396 760.

355 1417 478 1451 CCLIII.
520 1416 708 1450 Conceditur
743 1415 872 1447 facultas
918 1413 1100 1446 definitorio

443 1469 583 1513 generali
626 1467 890 1511 Congregationis
929 1466 1101 1509 IIispania-

441 1533 513 1556 rum
527 1522 754 1555 canonicorum
769 1520 963 1563 regularium
975 1519 1100 1552 Ordinis

443 1574 763 1609 Praemonstratensis
780 1573 907 1606 creandi
929 1583 1029 1605 unum
1048 1582 1101 1604 vo-

443 1631 541 1663 calem
578 1629 610 1661 in
642 1628 783 1671 quolibet
823 1627 961 1670 capitulo
998 1636 1097 1668 gene-

441 1683 517 1723 rali,
543 1681 618 1715 763.

355 1738 476 1773 CCLIV.
505 1737 718 1771 Confirmatur
742 1734 1011 1777 chirographum,
1037 1743 1100 1775 quo

442 1791 546 1823 denuo
572 1788 763 1831 gubernium
788 1787 887 1820 Castri
920 1786 1100 1829 Gandulphi

444 1844 568 1877 unitum
586 1843 643 1875 fuit
661 1842 880 1885 praefecturae
900 1840 1008 1883 palatii
1026 1849 1101 1881 apo-

443 1897 557 1937 stolici,
569 1907 640 1929 cum
659 1894 820 1927 nonnullis
835 1892 1101 1926 declarationibus

444 1956 474 1983 et
498 1949 719 1989 facultatibus,
743 1946 818 1979 764.

356 2004 460 2039 CCLV.
487 2003 699 2037 Confirmatur
723 2000 885 2033 decretum
923 1998 960 2031 de
996 1998 1102 2042 prohi-

442 2057 561 2089 bitione
579 2055 660 2093 libri,
678 2054 726 2086 cui
755 2053 864 2087 titulus
881 2052 1002 2085 [storia
1020 2051 1102 2084 delle

442 2109 603 2153 wiffredi
615 2108 748 2150 Europa
760 2106 812 2139 del
822 2106 988 2138 marclzese
997 2105 1028 2138 F
1028 2115 1103 2137 ran-

444 2173 527 2196 cesco
552 2162 662 2194 Μανία
688 2160 818 2199 Oltieri,
847 2157 921 2192 768.

356 2218 474 2252 CCLVt.
509 2215 698 2251 Conceditur
733 2213 928 2255 indulgentia
960 2212 1103 2255 plenaria

448 2269 644 2302 visitantibus
666 2267 716 2300 die
740 2276 773 2299 XI
795 2265 946 2298 februarii
964 2265 1102 2308 aliquam

446 2334 480 2356 ex
505 2322 646 2355 ecclesiis
676 2321 810 2353 fratrum
840 2319 966 2353 Ordinis
990 2319 1103 2351 Servo-

445 2387 516 2409 rum
538 2376 571 2408 B.
595 2375 633 2407 M.
664 2374 697 2406 V.
727 2373 921 2416 ubicumque
946 2371 1104 2404 existenti-

446 2430 523 2469 bus,
550 2428 625 2461 768.

359 2483 490 2517 CCLVII.
526 2482 762 2515 Confirmantur
797 2479 963 2522 privilegia
997 2478 1104 2511 omnia

447 2546 537 2567 sacro
554 2534 662 2567 Ordini
683 2532 880 2566 Cisterciensi
905 2531 1009 2564 adhuc
1033 2541 1104 2564 con-

449 2598 554 2626 cessa,
581 2586 656 2620 769.

360 2641 506 2676 CCLVIII.
548 2639 711 2672 Mandatur
749 2637 906 2681 publicari
941 2637 1103 2670 decretum

945 245 1123 269 Bathinum
1148 245 1301 270 nummum

1236 297 1485 331 canonizationis
1514 297 1546 330 B.
1573 298 1698 331 Ioannis
1727 300 1893 343 Nepomu-

1236 350 1323 390 ceni,
1351 350 1426 384 771.

1148 403 1273 438 CCLIX.
1301 403 1465 436 Mandatur
1496 404 1649 447 peculiari
1679 404 1905 449 chirographo—

1238 457 1357 490 erectio
1374 457 1499 499 collegii
1516 456 1655 490 Cerasoli
1673 457 1809 491 nationis
1826 458 1896 492 Ber·

1237 509 1399 552 gomensis
1417 536 1424 549 ‚
1464 510 1595 553 eiusque
1639 509 1714 543 unio
1759 510 1896 553 collegio

1239 562 1332 595 Urbis
1362 561 1544 603 nobilium,
1579 563 1673 605 vulgo
1704 562 1896 604 Nazareno,

1239 614 1315 648 772.

1148 668 1258 703 CCLX.
1285 669 1439 703 Statuitur
1469 670 1655 703 alternativa
1685 670 1716 702 in
1740 669 1905 703 electionev

1238 722 1442 766 provincialis
1472 728 1502 756 et
1525 722 1729 756 definitorum
1766 722 1895 767 provin-

1239 775 1305 808 ciae
1334 776 1503 809 Brixiensis
1528 786 1564 809 ex
1588 775 1712 809 duabus
1743 775 1895 808 custodiis

1238 829 1394 862 Brixiensi
1430 835 1460 862 et
1491 829 1698 872 Bergomensi
1726 828 1899 868 facienda.

1239 881 1366 915 Ordinis
1391 882 1661 926 capuccinorum,
1688 881 1763 914 780.

1150 934 1274 969 CCLXI.
1303 935 1466 968 Mandatur
1486 935 1644 978 publicari
1661 934 1825 967 decretum
1842 933 1896 966 de-

1240 988 1422 1021 clarationis
1447 988 1590 1032 martyrii
1609 987 1798 1020 venerabilis
1815 986 1898 1019 servi

1239 1042 1294 1074 Dei
1312 1042 1419 1074 fratris
1437 1041 1553 1074 Fidelis
1577 1052 1595 1073 a
1619 1040 1821 1084 Sigmaringa
1844 1038 1898 1073 Or-

1240 1094 1322 1127 dinis
1347 1094 1610 1137 Capucciuorum,
1637 1092 1713 1126 781.

1151 1148 1287 1182 CCLXII.
1316 1148 1526 1189 Prohibetur,
1551 1158 1590 1180 ne
1614 1152 1788 1180 conventus
1811 1155 1894 1190 quo-

1242 1201 1362 1233 rumvis
1387 1200 1540 1233 Ordinum
1565 1199 1811 1233 Mendicantium
1844 1199 1898 1232 de-

1242 1265 1305 1287 nuo
1331 1254 1530 1297 erigerentur
1566 1254 1597 1286 in
1626 1252 1786 1296 Hispaniis
1812 1252 1897 1285 intra

1242 1307 1381 1350 quinque
1405 1313 1459 1340 aut
1483 1307 1593 1339 saltem
1618 1311 1755 1350 quatuor
1790 1306 1897 1338 leucas

1242 1371 1260 1393 a
1280 1360 1489 1393 conventibus
1525 1360 1586 1392 iam
1623 1360 1737 1392 erectis
1770 1358 1898 1393 Ordinis

1242 1414 1416 1453 Minorum,
1443 1412 1518 1445 782.

1152 1466 1305 1500 CCLXIII.
1332 1466 1528 1506 Declaratur,
1545 1466 1625 1507 illos,
1650 1466 1703 1509 qui
1721 1475 1739 1498 a
1755 1465 1787 1498 S.
1807 1465 1843 1498 R.
1864 1464 1899 1497 E.

1242 1520 1467 1553 communione
1480 1519 1692 1553 ecclesiastica
1706 1517 1840 1562 separati
1854 1527 1900 1551 re-

1242 1574 1419 1616 periuntur,
1437 1583 1499 1606 non
1525 1583 1594 1606 esse
1612 1572 1784 1616 participes
1801 1571 1901 1604 indul-

1243 1628 1369 1670 gentiae
1385 1627 1458 1659 anni
1476 1626 1612 1666 iubHaei,
1626 1626 1824 1669 aliarumque
1841 1624 1901 1669 spi-

1242 1681 1402 1714 ritualium
1428 1680 1617 1723 gratiarum,
1644 1678 1718 1711 785.

1152 1734 1300 1768 CCLXIV.
1328 1734 1481 1766 Indicitur
1515 1732 1706 1765 beatificatio
1737 1731 1820 1764 servi
1844 1730 1909 1763 Dei2

1241 1787 1342 1819 fidelis
1367 1798 1384 1818 a
1408 1786 1609 1828 Sigmaringa
1634 1784 1759 1818 Ordinis
1782 1784 1898 1827 Capuc-

1241 1841 1404 1879 cimorum,
1431 1839 1506 1872 787.

1152 1895 1284 1928 CCLXV.
1300 1893 1546 1935 Reintegrantur
1560 1897 1732 1924 conventus
1749 1896 1778 1924 et
1795 1896 1900 1934 patres

1241 1947 1272 1980 S.
1300 1946 1437 1979 Marcelli
1456 1945 1548 1978 Urbis
1576 1944 1702 1978 Ordinis
1726 1943 1898 1977 Ser-vorum

1244 2001 1274 2033 B.
1300 2001 1337 2033 M.
1370 2000 1403 2032 V.
1432 1999 1469 2032 ad
1494 1999 1657 2042 pristinam
1683 2004 1713 2031 et
1736 1998 1899 2041 antiquam

1242 2053 1474 2097 possessionem
1505 2062 1600 2084 curae
1628 2052 1761 2084 actualis
1792 2051 1897 2084 eccle-

1243 2107 1306 2140 siae
1331 2106 1522 2150 parochialis
1539 2106 1570 2138 S.
1594 2104 1714 2138 Nicolai
1738 2104 1770 2136 in
1795 2104 1901 2138 Arcio-

1245 2170 1304 2199 ne,
1331 2158 1404 2192 789.

1155 2213 1303 2247 CCval.
1328 2212 1554 2255 Dispensantur
1590 2217 1619 2244 et
1652 2210 1859 2243 absolvuntur
1882 2220 1910 2243 a.

1249 2271 1320 2299 voto
1353 2265 1554 2307 magistratus
1584 2269 1613 2296 et
1642 2263 1733 2296 electi
1765 2262 1900 2296 civitatis

1244 2318 1521 2361 Pampilonensis,
1553 2328 1616 2360 quo
1652 2327 1719 2349 sese
1756 2316 1896 2348 adstrin-

1245 2376 1354 2405 xerant
1378 2371 1517 2404 scenicas
1538 2380 1652 2413 operas
1670 2375 1699 2402 et
1717 2369 1899 2402 comoedias

1244 2425 1331 2458 nullo
1353 2434 1490 2467 unquam
1514 2428 1654 2467 tempore
1676 2421 1910 2466 permissuros„

1246 2477 1322 2510 796.

1154 2530 1314 2565 CCLXVII.
1328 2530 1550 2573 promulgatur
1563 2527 1757 2561 canonizatio
1771 2528 1803 2560 B.
1813 2527 1913 2560 loan->

1244 2584 1293 2616 nis
1317 2582 1550 2627 Neponiuceni‚
1575 2581 1727 2615 ccclesiae
1762 2581 1898 2624 Pragen-

1245 2637 1287 2669 sis
1312 2636 1471 2675 canonici,
1496 2634 1571 2668 800.
