2170 3147
2 275 52 303 An.
69 274 100 302 C.
123 274 192 302 1724

34 1761 153 1783 Exormmn.

80 2290 192 2311 uince-sio

9 2317 125 2343 praedicta.

788 271 983 296 BENEDIC'ITS
1008 270 1065 294 xm
1090 271 1140 294 1³1².

196 323 310 354 litterae
341 322 517 362 apostolicae
549 321 625 360 apud
657 325 768 360 portam
793 320 931 349 maiorem

196 371 296 410 palatii
320 370 461 410 pontificii
484 369 614 399 Vaticani
639 369 730 398 lectae
752 372 780 398 et
803 367 933 406 publica-

196 424 242 449 tae
265 419 382 449 fuerunt
405 427 455 457 per
477 427 528 448 nos
550 417 753 455 infrascriptos
782 415 932 445 subdiaco-
953 418 955 447 ξ

195 476 249 496 nos
267 466 452 506 apostolicos.

235 522 359 551 lomnes
382 521 564 551 Bmmmvs
587 520 753 550 anrttorr
769 528 863 548 sacrae
880 518 932 548 Ro-

195 575 238 598 tae
259 570 380 604 auditor:
403 570 567 599 Fennntnrs
586 568 750 597 Consanus
770 576 864 596 sacrae
881 566 931 595 llo-

195 624 237 648 tue
259 619 378 649 auditor.

236 685 350 715 Eisdem
373 693 441 715 vero
474 684 633 714 indictione
656 687 684 712 et
706 682 752 712 die
769 706 776 720 ,
801 681 934 721 supradi-

196 738 258 764 ctae
282 734 395 764 litterae
417 733 591 773 apostolicae
615 740 681 771 prae
704 730 812 761 foribus
834 730 934 760 basili-

196 791 295 812 carum
313 781 355 812 ss.
373 781 450 811 Petri
468 785 496 810 et
516 781 609 815 Pauli,
626 789 739 809 necnon
757 779 934 809 Lateranen-

197 831 236 860 sis
258 835 286 861 et
308 830 495 867 Liberianae,
523 834 608 869 prout
630 829 665 858 ad
692 829 788 858 valvas
815 827 933 858 Cancel-

198 880 286 910 lariae
309 879 490 919 Apostolicae
518 883 546 908 et
578 887 698 916 magnae
724 878 826 907 Curiae
848 876 934 906 lnno-

197 928 348 958 centianae
380 928 410 958 in
443 928 538 957 Monte
570 926 707 957 Citatorio
742 931 771 956 et
806 926 834 955 iu
872 925 932 955 acie

197 977 397 1016 Campitlorae,
421 976 543 1016 aliisque
566 975 638 1005 locis
660 975 807 1005 consuetis
834 974 930 1012 Urbis,

198 1024 362 1064 publicatae
387 1030 415 1056 et
437 1025 540 1055 affixae
570 1025 605 1054 de
632 1034 711 1054 more
740 1025 857 1053 suerunt
884 1031 934 1062 per

197 1082 249 1103 nos
271 1073 408 1103 Ioannem
431 1073 580 1103 Trifolium
603 1078 631 1103 et
660 1073 796 1102 loannem
825 1071 870 1102 del
893 1071 933 1102 ae

197 1122 246 1151 SS.
271 1122 303 1152 D.
322 1123 354 1152 N.
374 1123 467 1162 Papae
490 1131 635 1152 cursores.

350 1171 420 1200 Imm
443 1171 616 1201 Tmrmws
637 1180 778 1201 cursorum
802 1180 873 1208 nmy.

530 1319 606 1351 XIV.

201 1397 393 1433 Conceditur
418 1397 626 1441 indulqentz'a
650 1397 803 1441 plenaria
825 1406 938 1441 perpe-

244 1457 300 1484 tua
325 1451 534 1484 visitantibus
559 1450 705 1483 ecclesias
731 1450 937 1483 monasterio-

243 1515 318 1537 rum
356 1503 491 1537 Ordinis
529 1503 747 1538 Cisterciensis
783 1503 834 1536 dic
860 1503 937 1546 sesto

243 1558 277 1590 S.
303 1557 464 1601 Stephani
489 1557 578 1590 tertii
602 1556 727 1589 abbatis
753 1554 934 1590 Ct'slrrcz'i‘.

377 1636 560 1664 Benedictus
582 1637 660 1670 Papa
678 1637 761 1668 xtu,

319 1681 355 1708 ad
374 1685 552 1715 perpetuam
572 1681 617 1708 rei
637 1680 819 1708 memoriam.

244 1751 409 1785 Iniunetae
435 1752 530 1784 nobis
561 1752 712 1785 divinitus
745 1751 938 1795 apostolicae

200 1804 363 1838 servitutis
389 1805 469 1837 ratio
497 1807 659 1847 postulat,
693 1810 726 1837 ut
751 1805 937 1838 caelestium

200 1868 370 1891 munerum
406 1858 579 1890 thesauros
613 1858 849 1901 dispensationi
881 1868 939 1890 no-

200 1916 286 1944 strae
304 1921 321 1944 a
341 1911 478 1944 Domino
504 1911 644 1944 creditos
669 1910 810 1943 fideliter
828 1921 939 1952 eroge-

200 1973 290 2004 muS,
317 1974 388 1996 cum
424 1963 454 1996 id
489 1963 525 1996 ad
561 1964 741 2005 aagendam
775 1963 806 1996 iu
845 1963 937 1995 terris

200 2022 384 2050 sanctorum
401 2017 433 2049 in
448 2017 546 2049 caelis
564 2027 636 2049 eum
655 2016 782 2049 Christo
805 2026 940 2059 regnan-

200 2070 279 2102 tium
313 2070 576 2108 venerationem,
609 2070 876 2113 excitandamque
909 2076 940 2102 et

201 2123 433 2156 confovendam
464 2133 540 2166 erga
565 2123 637 2156 illos
671 2123 815 2156 fidelium
844 2123 940 2156 devo-

204 2177 344 2216 tionem,
371 2187 406 2209 ac
431 2176 470 2209 ad
496 2177 676 2209 animarum
704 2178 839 2210 salutem
866 2187 939 2221 spe-

203 2240 311 2263 ramus
335 2230 367 2262 in
393 2230 530 2262 Domino
554 2230 769 2272 profuturum.

247 2283 317 2327 gl.
351 2283 649 2326 Supplicationibus
687 2283 793 2326 itaque
831 2283 938 2317 dilecti

203 2336 260 2369 filii
286 2336 433 2369 moderni
460 2336 682 2379 procuratoris
707 2337 869 2378 generalis
895 2341 940 2369 to-

240 2399 250 2424 1
273 2399 314 2425 De
333 2397 508 2432 indulgentiis
528 2397 609 2424 totius
624 2396 734 2424 Ordinis
754 2397 941 2424 Cisterciensis

203 2446 230 2470 et
249 2442 475 2470 monasteriorum
495 2441 652 2468 Germaniae
679 2441 826 2476 superioris
847 2449 940 2468 mona-

203 2487 261 2514 chis
280 2487 432 2523 provinciae
448 2487 558 2514 Silesiae
575 2487 789 2520 communicatis,
806 2486 866 2513 vide
882 2486 941 2513 Cle-

203 2533 303 2560 mentis
318 2532 348 2559 xt
369 2533 480 2559 constit.
497 2531 562 2559 edit.
580 2537 706 2565 uocem,
723 2531 765 2558 die
780 2531 796 2558 8
811 2531 940 2566 octobris,

204 2576 297 2612 pontis.
319 2583 372 2603 xvi.
393 2576 429 2603 De
445 2576 648 2603 confirmatione
659 2575 778 2603 omnium
790 2576 941 2611 privilegio-

204 2628 264 2647 rum
284 2620 366 2647 totius
386 2620 495 2648 Ordinis
512 2619 570 2647 vide
591 2623 677 2647 const.
695 2619 760 2647 edit.
777 2626 940 2655 unccxxviit,

205 2664 247 2698 die
266 2664 301 2693 25
319 2665 443 2697 ianuarii,
465 2664 558 2701 pontif.
580 2671 605 2693 v.

977 319 1039 351 tius
1065 319 1193 351 Ordinis
1218 318 1438 352 Cistereiensis
1465 317 1596 350 nomine
1616 316 1711 349 nobis

976 381 1076 414 super
1097 372 1157 404 hoe
1179 372 1347 405 humiliter
1371 372 1531 414 porrectis
1557 370 1712 407 inclinati,

976 434 1011 455 ae
1036 424 1073 456 (le
1100 424 1331 467 omnipotentis
1355 425 1410 457 Dei
1431 423 1653 456 misericordia
1678 432 1713 454 ac

977 475 1146 508 beatorum
1183 476 1267 508 Petri
1302 482 1330 509 et
1366 476 1455 509 Pauli
1489 475 1713 518 apostolorum

977 528 1045 561 eius
1070 528 1261 561 auctoritate
1288 528 1411 568 contisi,
1431 529 1581 565 omuibus
1602 533 1632 560 et
1651 527 1715 559 sin·

976 581 1060 623 gulis
1096 580 1266 624 utriusque
1293 591 1388 614 sexus
1421 580 1711 617 christifidelibus,

977 644 1051 667 vere
1079 634 1321 677 poenitentibus
1347 640 1378 666 et
1403 634 1577 672 confessis,
1603 644 1640 666 ae
1665 643 1714 665 sa-

976 689 1031 719 cra
1055 687 1285 720 communione
1318 687 1469 726 resectis,
1495 687 1547 730 qui
1573 687 1714 729 aliquam

977 749 1013 771 ex
1039 739 1183 772 eeclesiis
1205 749 1486 783 quorumcumque
1507 738 1716 773 monasterio-

977 802 1047 825 rum
1072 792 1148 825 dicti
1174 792 1303 825 Ordinis
1330 797 1393 826 tam
1421 793 1577 826 haetenus
1598 792 1725 826 erectis

977 855 1071 888 quam
1098 845 1128 878 in
1154 851 1324 889 posterum
1352 847 1627 890 quandocumque
1654 845 1715 878 eri-

977 900 1103 941 gendis,
1124 905 1155 933 et
1174 900 1372 944 ubicumque
1391 902 1534 934 locorum
1557 899 1716 932 existenti-

977 952 1046 992 bus,
1072 952 1123 985 die
1150 953 1230 985 sesto
1245 953 1277 986 S.
1297 953 1453 996 Stephani
1480 952 1563 986 tertii
1590 951 1716 984 abbatis

978 1006 1168 1039 monasterii
1195 1006 1341 1039 Cistercii
1368 1011 1398 1039 et
1424 1005 1567 1039 eiusdem
1588 1004 1717 1037 Ordinis

978 1058 1186 1101 legislatoris,
1207 1070 1224 1092 a
1249 1059 1360 1102 primis
1385 1058 1529 1102 vesperis
1555 1068 1656 1101 usque
1677 1057 1717 1090 ad

979 1122 1125 1145 oceasum
1147 1112 1225 1145 solis
1244 1113 1307 1145 dici
1330 1111 1529 1150 huiusmodi,
1547 1111 1639 1144 annis
1657 1111 1719 1144 sin-

978 1165 1070 1206 gulis,
1086 1165 1200 1199 devote
1219 1159 1427 1206 visitaverint,
1444 1171 1476 1198 et
1493 1165 1536 1198 ibi
1559 1175 1618 1208 pro
1636 1164 1719 1197 chri-

979 1218 1157 1252 stianorum
1182 1218 1365 1262 principum
1391 1218 1577 1258 eoncordia,
1603 1218 1717 1251 baere-

979 1282 1048 1304 sum
1073 1271 1300 1315 exta-parione,
1320 1282 1356 1305 ae
1373 1277 1503 1305 sanctae
1529 1271 1641 1304 matris
1661 1270 1720 1304 Ec-

980 1324 1098 1357 clesiae
1125 1325 1321 1357 exaltatione
1338 1324 1408 1368 pias
1426 1325 1464 1357 ad
1483 1324 1583 1357 Deum
1602 1333 1717 1367 preces

981 1376 1169 1417 effuderint,
1196 1377 1374 1421 plenariam
1401 1377 1544 1410 omnium
1570 1382 1720 1420 peccato-

981 1439 1049 1462 rum
1076 1441 1208 1463 suorum
1238 1430 1473 1473 indulgentiam
1498 1435 1529 1463 et
1553 1429 1719 1463 remissio-

982 1493 1054 1516 nem
1080 1483 1340 1516 n'iiserieorditer
1371 1484 1403 1516 in
1435 1482 1573 1516 Domino
1604 1493 1720 1515 conee-

982 1536 1105 1569 dimus:
1133 1537 1362 1580 praesentibus
1397 1536 1564 1580 perpetuis
1603 1535 1720 1568 suturis

982 1590 1185 1632 temporibus
1210 1590 1368 1623 valituris.

1025 1644 1040 1686 g
1065 1643 1096 1676 ΕΞ.
1131 1643 1284 1676 Volumus
1319 1649 1426 1677 autem
1462 1648 1497 1676 ut
1532 1643 1721 1677 earumdem

982 1698 1205 1740 praesentium
1223 1697 1405 1730 litterarum
1422 1697 1646 1741 transumptis,
1663 1708 1721 1730 seu

982 1750 1148 1794 exemplis,
1163 1750 1259 1783 etiam
1274 1750 1456 1793 impressis,
1474 1761 1569 1783 manu
1585 1750 1722 1783 alicuius

982 1804 1099 1836 notarii
1115 1803 1238 1846 publici
1251 1804 1457 1847 subscriptis,
1478 1810 1508 1836 et
1526 1804 1634 1847 sigillo
1649 1814 1724 1848 per-

983 1867 1081 1890 sonae
1108 1857 1139 1889 in
1167 1857 1390 1889 ecclesiastica
1419 1857 1579 1899 dignitate
1608 1857 1724 1890 consti-

984 1915 1071 1943 tutae
1091 1909 1232 1948 munitis⁷
1256 1910 1368 1942 eadem
1394 1920 1529 1953 prorsus
1554 1909 1633 1943 tides
1654 1910 1724 1943 ubia

983 1974 1044 2007 que
1063 1963 1229 2001 habeatur,
1245 1974 1328 2007 quae
1344 1964 1521 1996 haberetur
1536 1963 1614 2007 ipsis
1633 1974 1724 2007 prae-

983 2016 1130 2049 sentibus
1144 2018 1170 2049 si
1187 2017 1294 2049 forent
1307 2016 1474 2050 exhibitae
1488 2017 1536 2049 vel
1552 2022 1722 2052 ostensae.

1028 2070 1140 2102 Datum
1167 2070 1308 2109 Romae,
1334 2070 1420 2113 apud
1434 2070 1465 2102 S.
1486 2070 1613 2102 Mariam
1629 2070 1724 2103 Maio-

984 2125 1136 2163 rom,sub
1159 2124 1280 2157 annulo
1306 2123 1503 2163 piscatoris,
1526 2123 1577 2157 die
1600 2134 1628 2156 tv
1656 2123 1723 2155 iulii

984 2186 1170 2218 MDCCXXW,
1199 2176 1410 2220 pontificatus
1447 2177 1551 2209 nostri
1583 2186 1668 2209 {tuno
1699 2187 1721 2209 1.

1021 2239 1078 2267 [lat.
1096 2239 1140 2266 die
1159 2240 1173 2266 4
1193 2239 1249 2266 iulii
1269 2239 1350 2272 1724,
1369 2239 1555 2274 p011tis.anuo
1576 2246 1594 2266 ι.

1323 2372 1384 2405 XV.

984 2443 1236 2487 Suspenduntm·
1274 2453 1497 2487 quaecumque
1542 2443 1720 2487 imlnlqen-

1029 2497 1100 2536 tiae,
1119 2500 1256 2529 vertente
1274 2506 1361 2529 aimo
1375 2497 1572 2530 universalis
1587 2496 1725 2530 subitae&

1028 2559 1175 2583 unecxxv
1190 2548 1210 2581 ¹.

1021 2622 1030 2646 1
1055 2620 1162 2647 Dictum
1183 2620 1331 2648 iubilaeum
1347 2620 1477 2648 indictum
1489 2620 1539 2649 suit
1554 2624 1637 2650 const.
1656 2614 1725 2649 edits

986 2671 1127 2701 unccxxlv7
1148 2665 1192 2692 die
1211 2665 1244 2693 26
1265 2665 1341 2699 iunii,
1364 2665 1457 2702 pontif.
1481 2667 1504 2693 1,

1632 257 1677 291 ¹59
1724 266 1774 293 An.
1795 265 1823 293 c.
1842 266 1907 294 ΜΛ

1760 1656 1878 1676 Clausulam
