2170 3147
261 210 296 233 Αιι
326 208 352 232 (2.
379 207 445 233 1724
491 197 532 230 34

259 426 367 447 Laurentii
380 428 444 448 ortus,

262 460 295 478 ΓΜ
314 453 413 471 educatio
425 454 442 471 el

260 481 444 501 iritum-iiiorilae

259 509 382 526 lustitntuin.

455 254 624 294 universis,
652 265 733 297 quae
767 257 875 286 tantae
912 253 958 285 rei
990 253 1197 296 peragendae

456 306 639 341 necessaria
666 312 774 345 erant,
800 307 859 339 rite
886 306 1073 350 dispositis,
1104 306 1142 338 ad
1164 316 1197 339 0-

456 366 577 404 ptatum
605 360 701 392 smem
728 360 891 403 perduxit.

500 416 514 457 ς’
539 413 567 446 ⁶2.
596 413 686 445 Anno
712 412 828 446 Christi
856 411 982 445 Domini
1009 421 1199 452 nccmxxxr,

457 468 534 511 ipsis
561 467 708 500 kalendis
745 465 841 500 iuliis.
878 477 940 509 qua
977 465 1041 505 die,
1079 465 1196 508 insigni

454 521 492 554 ad
519 519 663 553 Clodiam
688 520 779 563 parta
805 519 945 559 victoria,
967 519 1076 551 civitas
1099 518 1199 551 Vene-

456 575 572 606 tiarum
599 569 737 616 publicis
762 573 800 605 ad
827 572 927 605 Deum
954 571 1197 614 supplicationi-

454 628 514 660 bus
548 626 700 669 omnique
737 625 881 658 laetitiae
913 635 1034 668 genere
1068 626 1198 668 perfusa

456 681 624 724 gestiebat,
640 679 833 712 Laurentius
851 689 887 711 ex
907 677 1090 722 praenobili
1111 677 1197 710 lusti

456 735 552 767 niana
567 732 686 766 sarnilia
701 733 733 764 in
749 733 855 765 lucem
870 732 975 764 editus
991 737 1047 770 est,
1063 731 1130 774 ipse
1146 730 1199 763 ali-

457 787 587 831 quando
613 785 785 819 virtutibus
804 784 870 817 suis
896 784 1018 827 patriae
1043 783 1197 826 gaudium

456 839 725 883 praesidiumque
740 838 826 882 apud
844 838 945 871 Deum
963 837 1104 869 futurus.
1124 836 1198 869 Sub-

458 895 522 926 lato
559 891 723 925 Bernardo
764 895 884 934 patre,
925 889 1058 928 Quirina
1097 894 1199 921 mater

457 957 529 979 euin
556 950 666 979 sancte
689 944 849 984 educavit,
869 944 974 977 donee
1002 953 1088 976 anno
1115 948 1199 976 aeta-

459 1001 497 1034 tis
522 998 776 1039 undevicesimo,
805 997 887 1031 sacri
919 996 1058 1030 instituti
1089 1006 1200 1029 amore

458 1059 579 1097 captus.
607 1051 800 1095 divinaeque
836 1050 1018 1094 sapientiae
1055 1049 1199 1093 alloquio

458 1108 618 1151 dignatus,
644 1112 679 1139 ut
696 1105 826 1149 nuptias
844 1104 905 1137 sibi
927 1109 1056 1148 paratas
1075 1103 1198 1143 vitaret,

459 1162 497 1194 ad
523 1159 681 1193 Marinum
707 1158 820 1192 matris
846 1167 924 1190 suae
953 1156 1198 1196 consobrinum,

459 1214 650 1247 canonicum
689 1213 891 1245 saecularem
934 1209 1201 1252 congregationis

461 1269 493 1301 Β.
529 1266 657 1309 Georgii
684 1266 716 1298 in
743 1265 842 1308 Alga,
878 1274 961 1307 quae
992 1268 1039 1296 est
1071 1264 1198 1302 insula,

459 1322 537 1355 alias
573 1319 768 1353 coenobium
795 1317 932 1351 instituti
970 1317 1200 1359 Augustiniani

460 1386 563 1418 prope
582 1373 741 1412 venetias,
762 1371 914 1405 alacriter
930 1370 1121 1411 convolavit,
1135 1370 1203 1410 ubi,

460 1428 591 1461 calcatis
628 1426 808 1460 honoribus
843 1431 875 1458 et
910 1426 1057 1458 fortunae
1094 1424 1200 1463 bonis,

462 1488 528 1515 toto
554 1481 635 1513 ritae
662 1490 738 1512 suae
765 1484 911 1522 tempore
936 1477 991 1510 uni
1024 1477 1089 1510 Deo
1119 1477 1202 1509 mili-

463 1542 528 1567 tare
555 1534 731 1567 constituit.
758 1532 898 1565 Primum
935 1537 1099 1564 certamen
1126 1541 1199 1563 cor-

461 1588 551 1632 poris
589 1586 750 1620 illecebris
775 1591 925 1618 strenuus
952 1584 1072 1617 Christi
1109 1584 1203 1617 miles

463 1641 589 1680 indixit,
626 1645 713 1673 ratus
746 1638 828 1672 nihil
864 1638 928 1671 illis
953 1638 1200 1681 indulgendum,

462 1694 530 1733 scd,
559 1693 647 1737 quasi
674 1693 705 1725 in
733 1692 934 1725 teterrimum
962 1692 1099 1729 bostem,
1126 1691 1205 1723 ieiu-

461 1747 534 1788 niis,
571 1746 687 1789 vigiliis
719 1750 751 1778 ct
791 1745 972 1788 asperrima
998 1744 1203 1787 poenitentia

462 1806 575 1833 contra
600 1800 672 1832 illas
698 1798 923 1843 pugnandum,
950 1797 1041 1830 Sitim
1071 1802 1131 1833 tarn
1151 1808 1204 1839 pa-

464 1855 583 1887 tienter
608 1853 694 1893 tulit,
713 1857 758 1892 nt,
782 1851 807 1884 si
835 1851 966 1894 quando
992 1854 1026 1884 ea
1048 1861 1104 1894 per
1130 1851 1204 1883 ieiu-

464 1908 563 1947 nium,
590 1916 744 1939 manuum
778 1904 934 1944 laborem,
970 1903 1206 1947 peregrinatio-

463 1972 537 1994 nem
559 1966 611 1993 aut
632 1959 850 1992 valetudinem
869 1968 902 1990 se
925 1957 1040 1990 torreri
1060 1957 1204 1997 sentiret,

465 2024 631 2057 nunqnam
658 2018 770 2056 potum
797 2012 1001 2055 deposceret,
1033 2011 1095 2043 sibi
1132 2021 1204 2043 eum

463 2067 673 2101 offerentibus
698 2066 847 2109 ignorare
874 2076 908 2099 se
930 2065 1051 2105 dicens,
1072 2074 1135 2108 quo
1154 2074 1206 2108 pa-

463 2127 514 2155 cto
540 2120 720 2165 purgatorii
746 2121 870 2153 calores
890 2125 975 2153 esset
996 2120 1131 2158 laturus,
1151 2118 1204 2161 qui

464 2175 550 2207 sitim
577 2175 660 2207 serre
686 2183 750 2207 non
776 2178 899 2216 posset.
938 2172 1130 2205 Yiridarium
1156 2182 1206 2204 re-

464 2227 591 2261 laxandi
618 2226 716 2259 animi
742 2228 865 2266 caussa,
903 2231 937 2258 ut
970 2225 1012 2266 sit,
1039 2235 1204 2268 nunquam

464 2280 619 2319 intravit;
657 2290 777 2323 corpus
813 2278 928 2312 morbo
954 2278 1101 2311 all'ectuin
1128 2288 1207 2310 nun-

464 2345 560 2378 quam
583 2333 750 2366 liberalius
771 2334 878 2365 fovere
897 2331 1015 2372 voluit3
1035 2336 1206 2364 nocturnas

464 2387 588 2431 vigilias
614 2386 656 2419 ita
682 2386 832 2425 servavit,
857 2390 891 2418 ut
916 2385 1038 2429 primus
1064 2385 1102 2418 ad
1130 2384 1208 2418 divi-

465 2452 521 2474 nas
549 2440 661 2473 laudes
680 2439 842 2472 canendas
857 2443 1061 2482 properaret,
1077 2438 1207 2471 ultimus

465 2495 540 2528 inde
566 2493 746 2533 recederet,
772 2492 858 2532 illuc,
890 2492 1006 2526 ceteris
1040 2491 1207 2536 quiescen-

467 2548 563 2587 tibus,
602 2546 777 2580 rediturus.
817 2545 976 2585 Quamvis,
1016 2550 1050 2577 nt
1074 2549 1207 2577 naturae

466 2601 651 2643 imbecillis,
687 2600 785 2644 frigus
815 2599 990 2634 immodice
1026 2603 1205 2643 pateretur,

1031 204 1208 229 lunanum
1235 203 1343 227 RUMAN
1349 203 1389 227 t'31

1241 261 1403 294 nunquam
1419 256 1525 285 tamen
1544 251 1668 296 rigente
1687 252 1795 285 hieme
1813 253 1853 285 ad
1873 252 1982 296 ignem

1240 305 1386 337 accessit.
1412 304 1579 345 psallens,
1607 316 1772 349 nunquam
1805 307 1894 338 laeva
1927 311 1982 338 aut

1240 358 1392 399 dextera,
1430 359 1486 391 scd
1513 359 1670 392 sedilibus
1696 359 1825 399 itaer<it3
1852 369 1982 402 semper

1240 411 1341 453 gradu
1369 412 1461 444 nixus
1482 412 1578 452 stetit,
1597 413 1691 445 etiam
1711 417 1875 455 aegrotus.
1897 412 1982 445 Stru-

1242 475 1364 497 marum
1407 467 1588 508 peracerbo
1628 465 1743 498 morbo
1780 465 1811 498 in
1851 470 1982 507 gutture

1241 517 1386 560 grav-itur
1411 519 1527 559 laesus,
1554 518 1689 551 sectioni
1715 518 1902 562 ustionique
1928 530 1982 561 ge-

1241 581 1356 604 nerose
1394 572 1582 612 succubuit,
1616 571 1783 604 timentem
1817 571 1982 605 medicum

1242 625 1392 657 hortatus
1423 630 1457 657 nt
1489 625 1641 658 audacter
1679 625 1855 664 incideret,
1891 625 1982 657 euius

1242 679 1399 711 novacula
1425 684 1601 721 martyrum
1628 678 1763 711 laminas
1793 687 1859 710 non
1885 688 1982 721 supe-

1241 738 1340 764 raret.
1360 731 1527 765 Coenobio
1547 732 1739 775 praefectus,
1763 730 1870 764 intima
1889 742 1984 774 quae-

1219 800 1221 807 *
1242 795 1303 827 qne
1325 785 1432 817 munia
1447 785 1556 824 obivit,
1576 795 1608 817 se
1625 785 1796 828 increpari,
1817 785 1984 818 contemni

1242 843 1272 871 et
1299 838 1421 882 despici
1449 839 1596 882 cupiens.

1286 892 1300 935 ξ
1325 892 1356 925 3.
1384 892 1482 924 Tanta
1508 892 1566 924 suit
1593 892 1650 924 viri
1676 891 1731 924 Dei
1759 891 1790 924 in
1815 891 1985 935 proposito

1243 1005 1300 1039 set,
1322 999 1495 1032 fraternam
1518 1004 1739 1031 maternamve
1758 998 1891 1032 domum
1908 1009 1986 1031 nun-

1244 1062 1348 1095 quam,
1364 1052 1438 1091 nisi,
1466 1052 1596 1095 pietatis
1616 1053 1725 1091 causa,
1746 1057 1793 1084 ter
1818 1052 1923 1084 solum
1942 1051 1986 1084 in-

1244 1104 1387 1137 traverit.
1404 1104 1527 1147 Stipem
1543 1115 1577 1137 ex
1597 1104 1725 1137 Ordinis
1744 1103 1892 1138 instituto
1907 1104 1986 1138 soris

1243 1163 1369 1201 petens,
1394 1167 1558 1201 nunquam
1584 1157 1751 1199 ingressus
1786 1163 1853 1198 est‘,
1888 1157 1987 1200 inque

1243 1209 1379 1243 maxima
1418 1210 1599 1253 frequentia
1626 1210 1828 1251 mendicans,
1860 1220 1987 1243 saccum

1244 1263 1382 1306 panibus
1415 1265 1546 1307 plenum
1578 1264 1617 1296 ab
1643 1264 1705 1296 alio
1740 1264 1816 1296 ferri
1852 1263 1986 1297 minime

1244 1317 1363 1358 voluit,
1384 1317 1469 1360 quod
1497 1322 1611 1356 mater,
1630 1316 1685 1350 filii
1707 1317 1880 1351 immodico
1908 1328 1989 1362 pon-

1246 1370 1323 1403 dere
1350 1370 1454 1412 gravis
1482 1370 1635 1410 miserta,
1669 1370 1846 1414 aliquando
1871 1376 1989 1404 conata

1246 1429 1306 1456 est.
1334 1423 1435 1456 lluius
1459 1423 1649 1456 dormitioni
1674 1423 1869 1457 Laurentius
1891 1424 1989 1457 inter-

1247 1477 1325 1513 fuit,
1351 1476 1431 1517 sed,
1456 1476 1659 1520 plorantibus
1685 1477 1765 1518 aliis,
1791 1477 1874 1521 ipse,
1901 1477 1988 1511 dono

1248 1532 1461 1574 lacrymarum
1501 1530 1579 1564 alias
1618 1530 1756 1564 maxime
1796 1531 1988 1571 instructus,

1247 1583 1441 1617 morientem
1473 1583 1566 1617 siccis
1598 1583 1700 1617 oeulis
1737 1583 1827 1617 vidit.
1860 1584 1989 1617 Amicus

1248 1638 1335 1671 illum
1376 1649 1393 1671 a
1434 1637 1601 1681 proposito
1641 1648 1799 1682 sacroque
1842 1638 1989 1672 instituto

1248 1692 1415 1725 blanditiis
1441 1698 1472 1725 et
1497 1693 1525 1725 vi
1552 1692 1720 1725 retrahere
1745 1693 1886 1734 inolitus,
1922 1694 1990 1726 eius

1248 1745 1354 1778 verbis
1381 1751 1534 1779 aeternae
1560 1745 1643 1779 vitae
1674 1747 1780 1789 plenis
1817 1746 1850 1780 in
1875 1757 1991 1781 coeno-

1248 1798 1335 1831 bium
1363 1799 1521 1839 trahitur,
1555 1800 1619 1832 una
1655 1809 1728 1832 cum
1761 1799 1934 1833 Laurentio
1960 1804 1992 1833 et

1249 1852 1356 1886 vivere
1383 1857 1414 1885 et
1437 1851 1518 1885 mori
1545 1862 1580 1885 se
1605 1853 1688 1886 velle
1714 1857 1859 1886 testatus.
1885 1853 1991 1892 Quan-

1250 1911 1363 1949 topere
1379 1915 1505 1938 servum
1519 1915 1611 1938 suum
1625 1905 1707 1939 Deus
1721 1906 1887 1949 probaret,
1903 1906 1991 1939 dono

1249 1958 1443 2002 prophetiae
1470 1958 1515 1991 illi
1539 1957 1654 1991 tradito
1673 1958 1901 1992 manifestavit.
1919 1959 1992 1992 Ete-

1249 2012 1314 2044 nim
1341 2012 1475 2044 Fantino
1502 2011 1659 2051 Dandulo‚
1678 2011 1744 2045 viro
1762 2011 1794 2044 in
1813 2011 1994 2056 Republica

1250 2065 1406 2106 senatori,
1440 2065 1479 2098 de
1517 2064 1580 2098 alio
1613 2065 1697 2098 vitae
1734 2070 1821 2098 statu
1860 2065 1993 2099 minime

1250 2118 1416 2161 cogitanti,
1450 2117 1503 2161 qui
1534 2118 1572 2150 ad
1607 2118 1641 2150 B.
1677 2117 1854 2161 Georgium
1879 2118 1992 2152 officiis

1250 2173 1378 2216 pietatis
1403 2171 1537 2205 liberius
1563 2176 1731 2204 vacaturus
1755 2177 1940 2213 secesserat,
1960 2172 1993 2205 in

1250 2237 1376 2260 summo
1403 2225 1508 2269 capite
1527 2235 1637 2258 saeros
1657 2225 1801 2268 eineres,
1827 2225 1992 2270 periturae

1253 2278 1461 2312 luunanitatis
1486 2278 1622 2322 nuncios
1639 2305 1647 2319 ‚
1674 2289 1709 2311 ex
1737 2277 1805 2311 eius
1842 2277 1992 2311 manibus

1252 2332 1458 2376 suscipienti,
1484 2331 1678 2376 praecipuas
1703 2331 1866 2365 Ecclesiae
1891 2331 1994 2375 digni-

1253 2391 1333 2419 tates
1361 2385 1538 2429 praedixit:
1564 2385 1602 2417 ad
1630 2395 1709 2428 quas
1733 2384 1831 2428 paulo
1857 2389 1929 2428 post
1947 2394 1993 2418 rc-

1252 2439 1407 2473 colendae
1434 2438 1611 2471 memoriae
1629 2437 1786 2471 decessor
1810 2442 1920 2471 noster
1936 2436 1994 2470 Eu-

1253 2491 1368 2535 genius
1392 2490 1477 2533 Papa
1494 2490 1530 2522 IV
1551 2489 1743 2530 Danaidum,
1770 2488 1854 2532 apud
1876 2499 1909 2522 se
1931 2499 1992 2532 pro

1253 2544 1356 2588 patria
1382 2548 1557 2582 oratorem,
1576 2542 1685 2582 erexit,
1707 2541 1871 2584 legatione
1892 2541 1994 2575 Bono-

1253 2597 1357 2631 niensi
1383 2602 1415 2631 ct
1439 2596 1629 2641 episcopatu
1662 2595 1815 2629 Patavino
1849 2600 1990 2629 auctum.

1988 205 2037 230 An.
2053 205 2081 230 C>
2106 205 2170 234 wal

1398 945 1403 950 .
1772 945 1778 950 .
1917 944 1922 949 .
1950 945 1955 950 .
1996 901 2094 948 sfidffljgss
2116 900 2170 948 :iim

1242 951 1445 985 constantia,
1467 950 1514 985 ut,
1534 950 1706 988 postquam
1732 955 1796 978 suis
1821 945 2035 978 valedixis—tffl.
