2170 3147
0 219 52 255 -ᾼη,
69 217 97 244 c.
119 216 187 244 1727

776 216 970 240 BEffiDiCTt'S
996 216 1050 240 xm
1076 217 1124 239 PF.

198 263 349 297 omnibus
369 269 400 296 et
415 274 472 307 per
494 264 600 296 omnia
627 252 734 297 sortiri
761 270 792 296 ct
817 263 941 296 obtine-

199 328 248 356 re,
275 326 400 349 necnon
426 317 466 349 ab
492 317 640 348 omnibus
665 322 695 349 et
721 316 875 358 singulis,
901 317 938 349 ad

197 381 278 413 quos
304 379 390 402 nunc
419 374 544 412 spectat
573 374 605 401 et
630 369 786 411 pertinet,
823 375 854 401 et
880 381 940 412 pro

199 430 344 466 tempore
372 422 601 465 quomdolibet
630 422 789 464 spectabit
818 428 849 454 et
873 433 941 464 per-

198 476 321 514 tinebit,
347 475 581 517 cuiuscumque
609 474 784 517 qualitatiS,
804 474 940 516 diguita-

197 529 247 566 tis,
274 528 406 567 ordinis,
434 528 552 569 gradus
578 531 609 560 et
634 526 832 559 conditionis
859 527 937 559 exti-

198 580 306 619 terit¹,
332 585 490 623 perpetuo
513 584 544 612 et
570 578 803 611 inviolabiliter
828 579 939 611 obser-

196 633 260 665 vari
284 632 421 671 debere,
450 642 509 664 nee
527 632 587 664 sub
607 631 682 665 ullis
708 631 862 664 similium
889 632 938 664 vel

196 684 398 717 dissimilium
437 684 612 727 gratiarum
652 683 936 731 revocationibus,

196 737 444 770 limitationibus
468 743 522 769 aut
547 736 617 770 alus
637 735 808 769 contrariis
829 736 938 779 dispo-

196 789 370 823 sitionibus
390 790 643 833 comprehendi,
664 791 718 822 scd
739 800 871 832 semper
898 789 937 821 ab
959 823 960 826 Ἴ

195 843 259 876 illis
284 843 399 885 excipi,
418 848 462 882 et,
484 843 611 886 quoties
640 843 712 875 illae
739 842 939 875 emanabant

195 902 226 929 et
253 897 487 938 vulgabuntur‚
522 896 616 929 toties
641 896 671 928 iu
709 895 881 939 pristinum
908 900 938 929 ct

193 949 428 982 validissimum
455 954 572 981 statum
602 949 786 988 restitutas,
814 949 937 992 reposi-

194 1007 241 1034 tas
266 1007 297 1034 et
321 1001 470 1044 plenarie
497 1001 709 1044 reintegratas
727 1002 874 1040 censeri,
901 1013 938 1035 ac

195 1054 233 1087 de
258 1064 341 1087 novo
368 1054 481 1093 etiam,
509 1054 569 1087 sub
595 1065 801 1097 quacumque
827 1060 937 1097 poste—

194 1106 272 1139 riori
308 1106 380 1138 data
409 1116 468 1149 per
504 1107 717 1149 guardianum
754 1113 785 1140 et
822 1107 935 1140 fratres

192 1159 378 1203 praedictos
415 1161 720 1203 quomodocumque
763 1160 935 1202 eligenda,

193 1221 386 1251 concessas,
415 1212 535 1244 validas
560 1218 592 1245 et
624 1213 769 1245 efficaces
795 1213 935 1246 existere

193 1270 224 1296 et
249 1264 337 1303 sore,
369 1275 510 1307 suosque
542 1266 707 1307 plenarios
734 1271 765 1298 et
791 1266 934 1309 integros

194 1316 327 1350 effectus
355 1317 385 1349 in
412 1318 564 1350 omnibus
591 1324 621 1350 et
648 1329 705 1361 per
731 1319 840 1352 omnia
867 1330 936 1352 sor-

194 1370 246 1402 tiri
271 1376 303 1403 et
327 1371 486 1411 obtinere,
506 1371 617 1414 eisque
644 1379 802 1414 perpetuo
828 1373 935 1405 sull'ra-

194 1423 286 1466 gari,
323 1424 435 1466 sicque
467 1430 499 1457 et
533 1435 599 1457 non
635 1425 714 1458 alias
738 1436 799 1469 per
832 1437 932 1469 quos-

194 1487 331 1520 cumque
357 1477 482 1509 iudices
501 1477 686 1511 ordinarios
711 1485 742 1511 et
768 1479 935 1520 delegatos

194 1530 306 1573 quavis
333 1531 525 1563 auctoritate
548 1531 730 1574 fungentes,
750 1532 844 1565 etiam
863 1543 936 1565 cau-

194 1593 300 1616 sarum
337 1583 444 1625 palatii
479 1584 650 1626 apostolici
688 1585 868 1625 auditores,
902 1596 936 1618 ac

193 1635 224 1669 S.
252 1636 290 1668 R.
317 1635 351 1668 E.
380 1635 584 1676 cardinales,
626 1637 723 1670 etiam
760 1638 799 1671 de
836 1639 936 1672 latere

192 1690 338 1732 legatos,
378 1689 597 1732 vicelegatos,
635 1690 803 1734 dictaeque
844 1691 935 1724 Sedis

192 1742 340 1782 nuncios,
367 1742 501 1775 iudicari
529 1748 559 1774 et
585 1742 710 1775 deliniri
737 1744 854 1777 debere
885 1756 937 1778 vo-

958 831 960 845 t

192 1795 325 1836 lumus;
354 1801 386 1828 et
410 1795 568 1839 quidquid
595 1806 690 1829 secus
716 1807 815 1840 super
844 1798 893 1831 liis
921 1810 959 1841 a,

192 1859 376 1893 quoquam,
402 1848 512 1892 quavis
549 1849 759 1889 auctoritate,
796 1850 959 1884 scienter!

984 263 1057 296 dem
1085 268 1269 305 praesentes
1293 259 1428 301 'litteras
1455 262 1554 303 inque
1578 260 1623 293 eis
1644 270 1720 292 con-

985 320 1071 348 tenta
1099 326 1331 359 quaecumque,
1353 314 1406 346 ubi
1428 319 1458 347 et
1484 313 1613 357 quando
1639 323 1720 355 opus

986 368 1099 407 suerit,
1124 374 1155 401 et
1175 368 1302 411 quoties
1335 379 1392 411 pro
1418 374 1509 411 parte
1536 367 1718 410 praedicto-

985 432 1054 453 rum
1080 422 1249 463 guardiam
1274 427 1304 454 et
1326 421 1459 453 fratrum
1486 432 1542 453 seu
1570 431 1719 462 procura

984 474 1060 506 toris
1078 474 1239 516 generalis
1258 485 1316 516 pro
1337 480 1481 516 ternpore
1501 473 1718 512 existentium,

983 527 1047 558 sive
1079 528 1212 559 alterius
1238 537 1364 567 eorum,
1392 528 1440 559 vel
1471 528 1606 560 aliorum
1632 526 1716 559 inte-

984 588 1071 611 resse
1098 579 1128 610 in
1157 579 1342 621 praemissis
1368 579 1575 618 habentium,
1603 579 1721 611 suerint

983 631 1142 674 requisiti,
1159 631 1350 664 solemniter
1364 631 1575 674 publicantes,
1592 632 1720 675 illisque

982 683 1014 716 in
1037 684 1224 726 praemissis
1250 684 1387 717 efficacis
1412 685 1611 717 defensionis
1630 695 1720 727 prae-

983 736 1065 769 sidio
1092 736 1294 776 assistentes,
1318 738 1402 780 ipsas
1428 742 1615 780 praesentes
1642 737 1721 769 litte-

983 800 1051 827 ras,
1079 790 1176 831 inque
1203 789 1247 822 eis
1272 795 1425 823 contenta
1451 788 1657 829 huiusmodi,
1682 790 1719 822 ab

982 841 1131 874 omuibus
1158 847 1187 874 et
1213 842 1365 884 singulis,
1402 843 1440 875 ad
1479 853 1559 885 quos
1598 847 1720 885 spectat

982 901 1013 927 et
1038 905 1095 937 pro
1120 900 1265 937 tempore
1303 895 1481 937 spectabit,
1515 895 1630 927 saciant
1668 907 1721 927 au·

981 948 1128 980 ctoritate
1155 949 1265 979 nostra
1291 947 1522 980 inviolabiliter
1541 948 1717 987 observari,

981 1000 1132 1043 ipsosque
1154 1000 1365 1042 guardianum
1384 1006 1413 1033 et
1436 1001 1559 1040 fratres,
1578 1007 1607 1033 et
1626 1001 1719 1040 alios,

981 1064 1059 1096 quos
1093 1053 1225 1085 eaedem
1260 1053 1387 1085 litterae
1420 1058 1644 1092 concernunt,
1670 1055 1719 1086 rel

980 1104 1199 1138 concerucut¹
1232 1105 1263 1137 iu
1300 1106 1462 1145 futurum,
1497 1106 1718 1149 praesentitim

980 1158 1164 1191 litterarum
1190 1164 1221 1191 et
1247 1158 1277 1191 in
1305 1159 1349 1191 eis
1376 1164 1604 1192 contentorum
1633 1170 1719 1192 com-

979 1211 1076 1245 modo
1097 1218 1127 1244 et
1146 1210 1258 1245 effectu
1279 1211 1411 1254 pacifice
1431 1212 1489 1244 frui
1510 1217 1540 1245 et
1559 1213 1718 1254 ga·1de1·e;

978 1274 1042 1296 nou
1062 1264 1290 1307 permittentes
1308 1264 1389 1304 illos,
1406 1276 1463 1297 scu
1483 1276 1592 1298 eorum
1611 1276 1720 1308 quem-

979 1318 1075 1360 piam.
1091 1328 1190 1360 super
1206 1318 1255 1350 liis
1274 1319 1523 1361 quomodolibet
1542 1319 1718 1359 molestari,

979 1371 1176 1414 perturbari,
1197 1371 1371 1414 inquietari
1391 1373 1437 1405 rel
1460 1372 1623 1415 iinpediri;
1646 1384 1719 1405 conr

981 1423 1175 1456 tradictores
1190 1424 1351 1467 quoslibet
1368 1430 1399 1457 et
1414 1425 1554 1457 rebelles
1574 1436 1635 1468 per
1652 1437 1720 1458 sen-

981 1476 1107 1516 tentias,
1121 1487 1273 1510 censuras
1290 1484 1320 1511 et
1335 1489 1459 1521 poenas
1476 1479 1718 1518 ecclesiasticas,

979 1530 1104 1573 aliaque
1131 1529 1207 1563 iuris
1227 1536 1258 1563 ct
1283 1531 1357 1563 sacti
1388 1531 1549 1571 remedia,
1577 1533 1720 1574 appella-

981 1584 1068 1616 tione
1083 1583 1275 1627 postposita,
1290 1584 1720 1627 compescendo,legitimis-

980 1647 1041 1680 que
1064 1647 1164 1680 super
1183 1637 1234 1669 liis
1252 1636 1412 1670 habendis
1430 1638 1563 1670 servatis
1588 1648 1720 1681 proces-

979 1691 1091 1731 sibus,
1119 1702 1273 1724 censuras
1300 1697 1330 1724 ct
1363 1702 1485 1734 poenas
1510 1691 1595 1735 ipsas
1621 1692 1717 1725 etiam

980 1744 1102 1777 iteratis
1138 1744 1263 1777 vicibus
1301 1745 1531 1786 aggravando:
1570 1744 1718 1778 invocato

981 1797 1076 1831 etiam
1096 1798 1133 1830 ad
1154 1798 1225 1837 hoc,
1245 1797 1271 1830 si
1290 1796 1360 1829 fieri
1380 1797 1500 1839 poterit
1521 1802 1617 1840 atque
1637 1807 1718 1839 opus

980 1850 1092 1890 suerit,
1119 1850 1239 1883 auxilio
1264 1850 1393 1883 brachii
1419 1850 1604 1882 saecularis.

1619 202 1683 235 505
1728 211 1775 237 An.
1799 210 1827 238 c.

1024 1902 1090 1946 ἓὸ.
1118 1903 1188 1936 Non
1215 1903 1418 1936 obstantibus
1445 1902 1548 1935 felicis
1571 1902 1718 1936 recorda·
1755 1910 1912 1931 cumulando-

1730 1940 1859 1963 rogatorum.

193 1903 242 1936 vel
267 1902 473 1946 ignoranter,
499 1902 676 1944 contigerit
701 1903 868 1943 attentari,
896 1904 936 1936 ir·
957 1926 959 1951 ι

193 1955 291 1988 ritum
318 1959 349 1987 et
373 1954 469 1986 inane
496 1954 710 1987 deceruimus.
957 1954 959 1963 ’
981 1957 1077 1990 tionis
1103 1956 1261 1990 Bonisacii
1282 1956 1387 1999 Papae
1405 1955 1469 1988 t'lll
1491 1957 1717 1999 praedecesso-

1 2018 183 2050 Cardtnatespro·
239 2008 254 2052 ἓ
279 2008 310 2040 7.
336 2007 493 2046 Quocirca
518 2007 645 2039 dilectis
670 2007 726 2040 [ilii
748 2009 867 2041 nostris
895 2009 937 2041 di-
980 2010 1023 2042 ris
1062 2009 1163 2042 nostri
1200 2007 1387 2052 apostolicis
1424 2008 1564 2047 litteris,
1599 2009 1718 2052 quibus

1 2046 237 2102 ffiffl‘ssssslsstissfcti
263 2061 390 2094 Ordinis
416 2061 550 2092 fratrum
577 2060 732 2094 Minorum
760 2062 798 2094 de
820 2062 937 2095 Obscr-
958 2079 959 2082 =
981 2065 1110 2092 cavetur
1135 2070 1175 2093 ne
1201 2060 1273 2102 quis
1310 2065 1399 2091 extra
1437 2070 1526 2092 suam
1553 2059 1716 2093 civitatem

2 2099 313 2153 iiiiiiuembw'vantia,
339 2114 387 2146 vel
413 2113 508 2146 etiam
534 2114 720 2157 praedictae
743 2111 959 2148 Tei·1·aesan-'
980 2113 1029 2145 vel
1069 2112 1265 2150 dioecesim,
1300 2111 1354 2144 ubi
1393 2112 1565 2155 deputatus
1604 2113 1716 2152 suerit.

197 2174 266 2201 ctae
291 2167 509 2200 cardinalibus
531 2167 768 2210 protectoribus
793 2179 879 2201 nunc
905 2174 937 2201 et
957 2186 959 2198 t
980 2171 1092 2199 contra
1118 2175 1342 2208 quoscumque
1368 2166 1560 2207 procedere,
1585 2172 1639 2199 aut
1664 2167 1717 2200 alii

197 2232 257 2266 pro
284 2227 429 2264 tempore
455 2220 679 2261 existentibus,
707 2231 777 2261 seu,
804 2221 936 2254 illorum
979 2220 1029 2252 vel
1055 2217 1125 2251 aliis
1153 2218 1237 2251 vices
1262 2227 1338 2250 suas
1364 2218 1568 2252 committere
1599 2220 1718 2253 audeat

198 2274 330 2308 arbitrio
364 2279 396 2306 et
427 2273 569 2313 defectu,
601 2278 632 2306 et
668 2273 738 2306 aliis
775 2284 810 2306 ex
845 2279 936 2317 parte
980 2281 1036 2304 seu
1063 2276 1262 2314 praesumat,
1284 2269 1381 2314 inque
1407 2271 1546 2304 concilio
1572 2273 1715 2315 generali

197 2329 227 2362 S.
246 2329 280 2361 R.
300 2328 334 2361 E.
355 2327 572 2360 cardinalibus
597 2337 713 2359 munus
741 2327 936 2369 protectoris
980 2324 1067 2357 edita
1101 2323 1332 2357 constitutione
1369 2324 1409 2357 de
1446 2325 1570 2357 duabus
1604 2326 1714 2364 dietis,

198 2380 383 2415 huiusmodi
432 2380 659 2413 exercentibus
676 2406 682 2419 ‚
723 2380 934 2420 mandamus,
979 2378 1114 2421 aliisque
1136 2377 1337 2420 quibuslibet
1354 2377 1385 2410 in
1404 2378 1602 2411 contrarium
1625 2390 1717 2423 prac-

198 2440 359 2479 quatenus
375 2433 433 2476 ipsi
452 2432 632 2466 cardinales
647 2437 863 2475 protectores,
879 2443 936 2466 seu
979 2430 1148 2464 missorum
1168 2429 1360 2463 iacientibus
1375 2431 1630 2474 quomodolibet,
1650 2433 1718 2466 edi-

197 2498 316 2522 munus
353 2485 537 2519 huiusmodi
572 2490 740 2528 gerentes,
769 2487 816 2518 vel
855 2496 936 2518 unus
979 2484 1020 2516 tis
1046 2484 1094 2517 vel
1116 2482 1263 2523 edendis,
1287 2484 1483 2526 specialibus
1509 2486 1558 2518 vel
1584 2496 1718 2528 genera-

199 2551 320 2580 eorum,
342 2550 400 2583 per
417 2549 462 2579 se,
481 2539 530 2572 vel
548 2538 655 2577 alium,
674 2548 732 2570 seu
758 2538 849 2580 alios,
868 2549 937 2572 eas·
979 2538 1081 2577 libus,
1120 2536 1378 2570 ordinationibus
1415 2538 1602 2581 apostolicis
1615 2566 1622 2580 ,
1657 2541 1717 2572 sub

235 2606 246 2630 1
269 2602 363 2638 Aptius
382 2601 442 2637 lege
461 2600 614 2629 extiterint
635 2599 671 2636 (n.
692 2599 741 2634 τ.).
1016 2601 1027 2627 1
1048 2597 1140 2626 verba
1153 2599 1197 2626 vel
1211 2601 1383 2628 comerrien!
1399 2607 1449 2628 nos
1465 2599 1590 2627 addimus
1608 2602 1646 2635 (a.
1668 2602 1716 2635 T.).

307 2656 385 2684 Ball.
400 2656 485 2685 Rom.
498 2671 532 2676 -
552 2654 613 2682 Vol,
632 2653 722 2682 XXII.

868 2651 903 2680 64
