2170 3147
3 186 52 211 An.
73 183 101 209 C.
120 182 185 208 ¹797

37 1136 187 1156 confirmantur

6 1163 297 1219 ll‘leY‘cssfglilssltatem
322 1187 387 1210 non
412 1177 518 1209 minus
543 1187 638 1219 quam
665 1177 791 1209 excelsa
823 1175 937 1208 merita

7 1217 294 1268 ‘'flffe'ceisssslif‘huius
319 1229 457 1269 Ordinis,
484 1230 602 1272 quibus
627 1228 807 1272 perspectis
833 1228 895 1260 Leo
912 1227 937 1259 X

6 1269 82 1289 ceteris
105 1268 186 1293 regula-

6 1295 64 1315 ribus
104 1294 188 1316 Ordini-

7 1321 51 1343 bus.

772 177 936 200 RENtCDlCTt
950 178 964 198 S

197 229 341 273 ipsisque
367 228 588 270 iniungentes‚
608 232 777 270 quatenus,
798 224 939 258 auctori-

196 287 260 315 tate
285 281 390 314 dictae
410 279 510 319 Sedis,
537 280 576 312 ad
601 279 786 311 instantiam
813 278 938 321 praeci-

196 345 258 377 pue
284 333 418 366 fratrum
444 332 720 371 Praedieatorum,
739 337 853 365 contra
871 342 936 371 eos,

196 397 278 430 quos
303 385 462 419 defecisse
488 384 727 428 compererint,
755 384 937 426 procedere

196 438 321 483 possint
352 448 388 470 ac
413 437 563 470 debeant.
590 436 804 470 Concedimus
831 442 938 468 tamen

197 491 349 525 fratribus
374 490 451 533 ipsis
468 489 763 529 Praedicatoribus,
783 494 818 521 ut
835 488 868 521 in
889 489 938 520 iti-

197 555 286 585 nere,
308 545 358 577 vel
377 544 572 577 divertentes
593 543 631 575 ad
651 542 780 575 moenia
798 541 936 580 urbium,

197 599 236 630 ad
261 607 390 640 campos
416 602 445 630 et
470 596 588 629 similia
612 595 698 633 loca,
726 595 763 627 ad
790 605 872 638 quae
900 605 936 627 ex

196 651 224 682 vi
250 650 456 693 antiquarum
485 659 614 691 quoque
640 658 752 680 eorum
784 646 938 680 constitu-

198 703 334 743 tionum,
354 701 532 735 secundum
558 712 637 744 quas
657 711 714 733 nos
739 710 870 743 quoque
895 700 938 732 vi-

197 766 271 788 vere
308 755 447 798 professi
484 764 605 794 sumus,
643 755 831 787 nullatenus
867 763 938 785 cum

196 809 301 851 cappa
336 808 430 850 nigra
466 818 536 840 sese
572 807 722 840 conferre
761 810 935 845 tenentur,

197 871 270 893 cum
296 862 364 894 solo
388 860 499 893 habitu
517 861 603 900 albo,
623 870 719 903 quem
736 869 832 892 nemo
850 858 939 901 igno·

196 917 245 945 rat
269 922 339 945 esse
376 923 488 945 eorum
525 912 761 951 distinctivum,
789 921 855 943 non
881 910 937 943 ob-

196 970 300 998 stante
326 966 432 1008 quoad
458 966 490 998 id
509 965 685 1008 praecitata
703 962 937 997 constitutione

197 1018 372 1052 Clementis
405 1018 484 1056 vill,
510 1018 665 1051 accedere
698 1028 733 1050 ac
757 1016 937 1060 procedere

197 1070 299 1104 libere
325 1076 356 1104 et
380 1071 467 1104 licite
492 1071 622 1114 possint
646 1076 677 1103 et
698 1071 835 1103 valeant.

242 1124 257 1166 ξ
282 1123 335 1156 42.
363 1123 612 1157 Considerantes
640 1133 771 1166 quoque
797 1121 937 1165 antiqui-

198 1294 232 1316 ιη
246 1283 476 1317 constitutione
492 1283 679 1325 Accepimus
698 1293 811 1325 nuper,
823 1292 858 1314 ιιι
869 1281 936 1314 iulii

198 1346 333 1376 almvm,
346 1342 378 1369 et
394 1336 424 1369 S.
444 1336 515 1368 Pius
531 1336 551 1366 V
566 1336 599 1368 in
615 1340 718 1368 const.
734 1334 937 1368 Lxx1Dz'vimi

198 1389 408 1433 disponente,
434 1399 519 1422 xxvn
545 1388 673 1431 augusti
698 1386 878 1427 MDvattl¹,
907 1393 939 1420 et

199 1442 348 1475 Clemens
374 1441 437 1474 Ylll
460 1441 490 1474 in
517 1441 751 1474 constitutione
773 1451 827 1474 xtn
848 1440 939 1473 Inter

198 1502 311 1535 celera,
331 1505 389 1528 xxv
414 1495 611 1538 septembris
637 1504 759 1533 iinxcn,
785 1493 937 1526 tratribus

198 1548 327 1582 Ordinis
353 1548 423 1581 iure
448 1548 566 1581 merito
592 1548 820 1581 adiudicarunt
845 1557 938 1590 prae-

199 1601 381 1635 cedentiam
407 1612 503 1644 supra
529 1607 656 1634 ceteros
688 1601 936 1633 Mendicantiuin

200 1655 404 1698 aliorumque
431 1654 579 1693 Ordines,
606 1655 687 1687 itaut
712 1654 806 1697 primi
829 1659 860 1687 et
881 1654 939 1686 im-

199 1708 329 1741 mediati
347 1713 422 1751 post
439 1708 591 1750 antiquos
610 1707 746 1740 Ordines
762 1708 938 1740 monacha-

200 1762 247 1795 les
268 1763 377 1794 locum
395 1761 427 1793 in
446 1761 598 1793 omnibus
619 1760 777 1804 primum,
797 1762 938 1793 honora-

199 1814 349 1848 biliorem
367 1819 398 1846 et
416 1814 600 1856 digniorem
617 1813 766 1846 obtinere
788 1813 936 1854 debeant,

200 1873 301 1912 prout
322 1867 458 1910 'pacifice
483 1868 516 1900 in
546 1867 697 1900 Conciliis
728 1868 938 1909 generalibus

201 1930 237 1953 ac
261 1920 357 1953 etiam
376 1920 647 1953 Lateranensibus
669 1920 861 1953 inconcusse
880 1920 937 1953 ob-

203 1971 350 2004 tinuere:
367 1972 548 2015 praedictas
564 1972 811 2006 constitutiones
826 1984 938 2006 omncs

204 2029 313 2064 motu,
337 2025 472 2057 seientia
497 2030 528 2057 et
552 2030 713 2068 potestate
745 2026 938 2069 supradictis

204 2077 432 2111 confirmantes
452 2082 483 2110 et
499 2077 702 2118 innovantes,
718 2085 757 2117 et,
777 2084 939 2121 quatenus

204 2140 286 2173 opus
310 2129 361 2170 sit,
381 2130 488 2162 omnia
514 2130 543 2162 in
565 2130 611 2163 eis
629 2135 779 2163 contenta
797 2132 836 2164 de
857 2141 938 2165 novo

203 2183 395 2216 mandantes
421 2188 452 2216 et
477 2184 712 2224 concedentes,
739 2184 939 2218 declaramus

204 2243 300 2279 atque
326 2235 546 2276 decernimus,
572 2236 758 2269 earumdem
783 2238 939 2270 constitu-

204 2289 328 2322 tionum
363 2293 508 2322 tenorem
545 2294 703 2332 perpetuo
739 2290 877 2323 ubilibet
909 2295 940 2323 et

203 2343 235 2376 in
261 2353 464 2386 quacumque
482 2342 593 2375 mundi
611 2348 701 2386 parte
720 2343 851 2377 omnino
870 2354 939 2376 ser-

202 2397 343 2430 vandum
371 2406 453 2435 esse,
481 2395 603 2428 eisdem
629 2396 781 2428 fratribus
811 2396 940 2430 Ordinis

202 2449 464 2483 Praedicatorum
487 2459 503 2481 a
522 2449 572 2481 die
595 2448 826 2491 publicationis
847 2460 939 2492 prae-

203 2503 344 2537 sentium
360 2501 474 2545 priori,
493 2501 632 2544 digniori
650 2507 682 2534 et
700 2502 939 2536 honorabiliori

238 2565 248 2591 1
266 2563 334 2591 Male
350 2564 415 2591 edit.
432 2563 514 2591 Main.
535 2563 601 2599 legit
617 2563 688 2591 1768
705 2566 746 2599 (a.
763 2565 812 2600 τ.),

295 2618 376 2647 Butz.
393 2618 478 2647 Rom.
499 2633 533 2639 —
557 2618 618 2646 Vol.
641 2617 734 2647 XXII.

877 2615 910 2644 69

991 177 1046 199 xm
1074 178 1120 200 rr.
1621 165 1683 197 545

982 225 1056 258 loco
1071 230 1143 268 post
1159 224 1294 257 Ordines
1311 224 1524 257 monachales
1540 223 1724 266 praedictos

982 277 1015 309 in
1040 277 1191 310 omnibus
1218 282 1249 310 et
1273 276 1411 319 singulis
1441 275 1721 319 processionibus,

982 330 1106 363 actibus
1125 336 1155 363 et
1174 329 1406 370 functionibus,
1421 330 1582 372 assignato
1602 333 1634 361 et
1651 338 1724 361 con-

982 384 1109 417 stituto:
1136 383 1328 426 plenissime
1362 384 1559 426 derogantes
1591 382 1725 425 quibus-

982 446 1118 479 cumque
1133 436 1418 475 conventionibus,
1431 434 1723 469 consuetudinibus

983 489 1079 521 etiam
1096 489 1426 528 immemorabilibuS,
1448 488 1576 528 litteris,
1592 493 1724 520 senten-

984 542 1035 575 tiis
1051 553 1086 574 ac
1105 542 1244 576 decretis
1258 544 1297 576 ab
1313 543 1500 586 Apostolica
1514 542 1596 575 Sede
1611 541 1721 579 editis,

981 596 1032 627 vel
1057 595 1208 637 specifice
1226 596 1323 628 etiam
1347 595 1562 634 confirmatis,
1588 595 1619 626 in
1648 604 1722 627 con-

983 647 1117 680 trarium
1141 648 1448 692 quomodocumque
1475 648 1676 681 facientibus.

1737 176 1785 200 Αιι,
1805 174 1917 201 01727

1026 701 1041 742 ξ
1066 700 1119 733 43.
1148 700 1186 733 Ut
1211 700 1364 743 deinceps
1401 701 1515 734 fratres
1544 701 1642 733 liuius
1667 700 1722 733 Or·
1747 709 1831 728 Nomou
1848 715 1915 729 oxorn-

1734 739 1816 760 ριιυιιιί
1843 736 1880 754 iix-t

983 752 1068 786 dinis
1094 763 1239 795 congrue
1265 754 1462 787 substentari
1489 754 1638 792 valeant,
1663 763 1855 785 nece-‹vavexs-nu

983 811 1088 839 tractu
1114 806 1270 849 temporis
1296 811 1473 840 conventus
1497 812 1633 850 propter
1653 806 1724 838 ino-

982 858 1069 902 piam
1096 859 1280 892 necessario
1302 859 1434 891 fratrum
1453 868 1588 891 numero
1613 867 1722 891 carere

983 917 1152 954 cogantur,
1180 912 1403 956 exemptiones
1425 922 1536 945 omnes
1556 923 1573 944 a
1591 911 1722 954 quibus-

983 975 1123 1008 cumque
1149 965 1304 1005 decimis,
1341 965 1456 1003 datiis,
1483 965 1644 1003 collectis,
1670 974 1723 1006 ga-

982 1018 1088 1057 bellis‚
1106 1018 1383 1061 impositionibus,
1405 1017 1624 1059 vectigalibus,
1646 1026 1722 1049 one-

982 1070 1071 1103 ribus
1097 1070 1285 1114 hospitandi
1313 1070 1455 1110 milites,
1481 1070 1620 1112 aliisque
1646 1079 1723 1101 cun-

982 1123 1040 1156 ctis
1066 1134 1269 1167 quocumque
1295 1124 1428 1157 nomine
1462 1122 1671 1165 nuncupatis,
1693 1127 1724 1155 ct

983 1187 1019 1209 ex
1039 1187 1242 1220 quacumque
1265 1177 1352 1219 gravi
1373 1182 1403 1209 et
1423 1176 1609 1218 gravissima
1627 1178 1723 1208 causa

983 1229 1163 1272 impositis,
1201 1230 1368 1273 praedicto
1402 1229 1513 1261 Ordini
1551 1239 1722 1262 concessas

982 1293 1041 1325 per
1073 1282 1104 1315 S.
1140 1282 1229 1314 Pium
1255 1283 1277 1314 Y
1304 1283 1334 1314 in
1373 1282 1604 1315 constitutione
1637 1282 1724 1315 Dum

981 1334 1023 1367 (id
1048 1335 1167 1375 uberes,
1192 1346 1264 1368 xxix
1289 1335 1358 1368 iulii
1384 1346 1516 1374 MDLxrt,
1542 1334 1612 1367 Etsi
1637 1335 1723 1368 Men-

982 1388 1163 1420 dit-aucium
1204 1388 1359 1428 Ordines,
1384 1398 1447 1422 xvti
1474 1389 1627 1421 kalendas
1653 1388 1722 1421 iulii

982 1452 1133 1481 iianvn,
1164 1442 1216 1475 Ad
1248 1443 1305 1474 hoc
1334 1454 1390 1485 nos
1417 1443 1525 1481 Ιὶειιε,
1552 1452 1625 1475 xxm
1652 1452 1723 1486 sep-

984 1495 1114 1527 tembris
1140 1505 1274 1536 MDtxxt,
1302 1495 1468 1529 Romanus
1494 1496 1658 1538 Ponlr's'eoe,
1686 1505 1723 1529 111

983 1548 1124 1580 octobris
1157 1558 1307 1587 MDvan,
1332 1555 1364 1582 et
1395 1548 1588 1581 Iniunclum
1619 1548 1722 1590 nobis,

983 1601 1088 1644 pridie
1114 1611 1217 1634 nonas
1242 1601 1368 1643 augusti
1390 1611 1518 1643 aznrxrx,
1538 1607 1566 1634 el
1590 1612 1647 1644 per
1664 1612 1724 1635 nos

983 1655 1078 1688 etiam
1111 1654 1141 1687 in
1176 1654 1291 1687 litteris
1325 1655 1558 1697 incipientibus
1595 1655 1723 1687 Sollici-

984 1708 1058 1740 tudo
1085 1708 1180 1740 editis
1207 1718 1236 1740 iv
1262 1708 1334 1740 idus
1360 1707 1542 1740 decembris
1569 1718 1722 1749 Moccxxv,

983 1760 1182 1805 amplissime
1209 1761 1437 1793 confirmamus
1457 1766 1488 1793 ct
1508 1761 1720 1801 innovamus,

982 1825 1017 1847 ac
1047 1819 1218 1857 praeterea
1256 1815 1404 1847 volumus
1440 1819 1471 1846 et
1507 1814 1720 1855 mandamus,

983 1868 1086 1911 quod,
1114 1872 1176 1899 tam
1214 1878 1273 1910 pro
1306 1866 1516 1910 praeteritis,
1544 1877 1640 1910 quam
1665 1878 1722 1910 pro

983 1920 1096 1953 futuris
1122 1919 1406 1963 impositionibus,
1434 1930 1470 1952 ex
1498 1920 1723 1961 urgentissima

983 1975 1147 2006 dumtaxat
1171 1974 1266 2006 causa
1290 1972 1367 2005 belli
1393 1977 1506 2005 contra
1531 1972 1648 2006 Turcas
1678 1979 1723 2006 te—

983 2027 1052 2060 neri
1078 2027 1205 2071 possint
1237 2031 1290 2058 aut
1325 2026 1467 2059 debeant
1491 2026 1623 2067 fratres,
1650 2037 1723 2060 con-

982 2086 1115 2120 ventus,
1142 2089 1322 2122 eorumque
1358 2079 1466 2119 bona,
1493 2079 1577 2112 facta
1615 2085 1722 2113 tamen

983 2133 1072 2175 prius
1093 2131 1288 2166 deductione
1313 2141 1473 2173 congruae
1499 2141 1557 2174 pro
1576 2142 1723 2175 unoquo·

984 2196 1044 2228 que
1071 2185 1223 2228 religioso
1257 2184 1296 2217 ad
1332 2183 1493 2217 rationem
1517 2184 1641 2218 scilicet
1672 2196 1722 2219 se-

982 2243 1070 2281 ptem
1104 2239 1296 2272 ducatorum
1333 2236 1400 2270 auri
1437 2238 1476 2270 de
1514 2240 1657 2279 camera,
1692 2245 1723 2273 et

982 2291 1112 2325 nonnisi
1139 2292 1178 2323 de
1203 2291 1333 2324 residuo
1359 2290 1520 2323 fructuum
1548 2291 1722 2333 bonorum,

984 2343 1121 2386 demptis
1148 2349 1178 2376 et
1196 2343 1337 2386 exceptis
1355 2343 1529 2386 praedictis
1556 2345 1720 2387 congruis,
1770 2339 1773 2342 ’

982 2397 1128 2429 volumus
1156 2396 1255 2429 taxari
1280 2406 1377 2439 posse
1409 2396 1442 2429 in
1477 2397 1646 2440 praedicto
1672 2408 1723 2431 ex-

985 2454 1087 2482 tremo
1113 2459 1201 2481 casu.
1241 2447 1311 2481 Non
1345 2453 1454 2481 tamen
1485 2460 1545 2493 per
1570 2449 1601 2483 id
1627 2450 1722 2484 intel-

983 2501 1112 2544 ligimus
1156 2501 1315 2544 derogare
1362 2501 1495 2535 indultis
1537 2508 1722 2537 nostrorum

983 2555 1272 2600 praedecessorum
1297 2565 1356 2599 pro
1377 2555 1629 2600 particularibus
1649 2566 1722 2591 con-

1885 742 1916 755 em
