2170 3147
226 258 275 284 An.
295 257 324 284 C.
350 256 416 283 1795

240 1429 336 1450 Ecclesia
347 1435 407 1455 prae-

463 247 526 280 ⁶212

420 306 517 348 gula,
545 316 625 349 quae
652 306 777 339 ordinis
809 311 841 340 et
865 306 1101 340 iurisdictionis
1127 316 1161 339 ac

420 360 653 403 cuiuscumque
691 361 826 394 alterius
860 361 1005 394 muneris
1035 361 1162 404 episco-

417 413 500 456 palis
526 419 609 452 sunt,
629 419 794 454 exerceat3
822 424 946 447 necnon
966 425 1038 447 cum
1058 415 1161 448 omni·
1182 437 1184 451 .

417 466 478 498 bus
506 471 536 498 et
568 466 704 509 singulis
729 467 924 510 privilegiis,
953 467 1162 500 immunitati-

418 518 499 557 bus,
531 518 663 552 indultis
701 525 732 552 et
757 520 888 561 gratiis,
927 521 1043 563 quibus
1080 520 1160 553 aliae

418 572 626 605 cathedrales
652 572 822 613 ecclesiae,
857 584 1036 617 earumque
1066 581 1184 617 prae-5

418 626 516 664 sales
532 625 571 657 de
593 625 663 657 iure
681 626 729 658 vel
748 627 993 666 consuetudine,
1011 632 1066 658 aut
1083 627 1160 660 alias

419 677 676 719 quomodolibet,
691 683 835 719 utuntur,
851 679 1021 722 potiuntur
1039 684 1069 712 et
1090 690 1162 722 gau-

419 730 505 771 dent,
532 741 567 764 ac
592 731 650 770 uti,
677 731 775 774 potiri
796 737 827 764 et
845 733 987 775 gaudere
1009 738 1160 776 poterunt

419 785 665 827 quomodolibet
690 785 721 817 in
749 785 903 825 futurum,
940 786 980 818 ad
1012 785 1184 829 omnipo-l

421 838 518 869 tentis
545 837 599 870 Dei
628 838 757 871 laudem
785 844 817 871 et
842 839 989 882 gloriam,
1008 849 1044 871 ac
1061 839 1162 882 ipsius

418 890 447 923 S.
462 891 705 925 Bartholomaei
726 893 895 932 honorem,
914 898 944 926 et
965 892 1162 925 christifide-

419 944 498 977 lium
511 945 692 978 devotionis
707 952 929 989 augmentum,
942 951 1054 979 tenore
1072 956 1163 989 prae·
1183 957 1184 965 ¹

419 998 559 1030 sentium
585 1004 743 1041 perpetuo
770 999 924 1042 erigimus
958 1004 988 1031 et
1025 998 1163 1030 institui-

419 1061 510 1090 mus·,
532 1051 673 1094 illasque
706 1051 751 1084 sic
777 1057 901 1084 erectas
928 1057 959 1084 et
984 1052 1159 1091 institutas,

419 1113 548 1136 necnon
576 1104 765 1147 episcopum
783 1115 842 1147 pro
861 1110 1009 1147 tempore
1028 1104 1162 1136 existen-

419 1160 495 1195 tem,
521 1167 557 1188 ac
582 1157 682 1199 ipsius
701 1158 857 1190 ecclesiae
878 1158 1064 1200 capitulum,
1086 1157 1161 1190 Sedi

418 1209 627 1251 Apostolicae
653 1209 842 1242 immediate
868 1210 966 1242 etiam
1000 1216 1162 1252 perpetuo

419 1261 618 1301 subiicimus,
645 1267 676 1294 et
702 1262 763 1294 sub
795 1261 955 1305 peculiari
991 1263 1161 1294 beatorum

419 1314 503 1347 Petri
529 1320 560 1347 et
585 1314 673 1347 Pauli
700 1316 923 1358 apostolorum
959 1316 1163 1359 protectione

418 1368 625 1411 suscipimus.

463 1421 478 1464 ἓ
503 1421 534 1454 4.
562 1421 741 1462 Praeterea,
767 1426 872 1463 motu,
892 1422 1029 1455 scientia
1051 1427 1082 1456 et
1110 1433 1164 1466 po-

1010 256 1191 281 BULLARY'UM
1217 257 1373 293 ROMANUM

1206 307 1281 341 dere
1307 309 1429 347 valeat,
1450 313 1497 349 et,
1524 308 1578 352 qui
1605 307 1644 341 ab
1666 308 1780 342 eodem
1806 307 1947 352 capitulo

1205 361 1366 404 Aquinate
1392 362 1561 395 canonice
1577 362 1700 394 elect.us
1727 367 1757 394 et
1776 361 1947 404 deputatus

1207 415 1301 447 suerit
1326 414 1462 447 vicarius
1488 414 1690 458 capitularis,
1714 425 1801 446 suam
1821 414 1949 447 iurisdi-

1183 468 1345 510 ¹ctionem
1384 468 1480 500 ctiam
1518 467 1549 499 in
1584 467 1720 499 ecclesia
1746 467 1947 500 Pontiscurvi

1182 518 1262 554 y‘seu
1289 521 1491 563 Fregellana,
1522 517 1561 552 >ut
1587 520 1744 553 hactenus
1771 519 1947 561 consuevit,

1205 584 1356 607 exercerc
1375 574 1476 606 libere
1495 573 1618 616 possit,
1647 575 1683 605 ea
1708 574 1803 616 plane
1822 573 1947 606 ratione

1205 639 1301 670 quam
1340 638 1399 660 nos
1437 627 1598 659 observari
1626 627 1828 660 decrevimus
1854 632 1948 670 atque

1206 680 1452 719 mandavimus,
1481 684 1543 711 tam
1583 679 1614 711 in
1652 680 1813 713 electione
1840 679 1948 712 vicarii

1205 733 1400 776 capitularis,
1424 743 1518 776 quam
1538 732 1634 765 ctiam
1656 732 1687 764 in
1706 732 1858 766 omnibus
1878 733 1949 766 aliis

1205 787 1328 819 actibus
1363 786 1567 818 consimilem
1601 786 1948 819 concathedralitatern

1206 839 1469 883 respicientibus,
1489 849 1561 872 cum
1579 849 1685 882 nuper
1710 839 1879 872 ecclesiam
1896 838 1951 872 Se-

1208 893 1306 925 tinam
1334 892 1568 926 declaravimus
1586 892 1805 925 cathedralem
1836 897 1868 925 et
1884 892 1951 926 uni-

1207 950 1269 977 tam
1313 957 1329 978 a
1377 944 1479 978 Felicis
1523 944 1759 978 recordatiouis
1804 945 1949 979 Honorio

1207 999 1291 1041 Papa
1316 998 1353 1031 lll
1391 1009 1493 1041 aeque
1530 998 1756 1041 principaliter
1791 998 1950 1032 ecclesiae

1206 1051 1446 1090 Tarracinensi,
1467 1057 1507 1090 et,
1524 1057 1683 1094 quatenus
1699 1056 1770 1094 post
1786 1051 1948 1084 eiusmodi

1206 1105 1362 1138 unionem
1401 1105 1597 1137 cathedralis
1623 1115 1694 1137 esse
1728 1104 1876 1137 desiisset
1899 1104 1950 1137 vel

1208 1169 1372 1201 nunquam
1414 1158 1615 1191 cathedralis
1657 1158 1840 1198 extitisset,
1880 1168 1950 1191 eam

1208 1211 1315 1244 denuo
1339 1211 1370 1243 in
1397 1211 1620 1243 cathedralem
1640 1211 1809 1251 ereximus,
1828 1211 1951 1244 eidem-

1208 1275 1269 1308 que
1295 1264 1539 1305 Terracinensi;
1559 1264 1713 1297 ecclesiae
1735 1274 1838 1307 aeque
1863 1263 1950 1308 prin-

1207 1318 1356 1361 cipaliter
1373 1318 1404 1350 in
1428 1324 1624 1362 perpetuum
1642 1318 1821 1358 univimus;
1841 1329 1950 1362 quem-

1207 1371 1379 1405 admodum
1391 1371 1421 1404 in
1434 1371 1550 1405 litteris
1563 1372 1750 1415 apostolicis
1763 1372 1823 1406 hoc
1834 1372 1950 1405 eodem

1208 1435 1293 1457 anno
1320 1424 1555 1457 lncarnationis
1581 1424 1762 1458 dominicae
1787 1434 1948 1465 unccxxv,

1961 259 2008 286 An.
2025 259 2053 287 C.
2075 260 2140 290 172'5

223 1457 281 1476 dicta
297 1462 317 1476 iu
335 1457 407 1476 cathe-

223 1483 303 1502 drab-m
336 1486 405 1503 erecta

223 1510 328 1529 ecolesma
345 1511 408 1535 Aqui-

223 1538 266 1555 nat·
281 1538 352 1556 unitur
362 1542 407 1556 cum

223 1563 351 1587 quihuslavn
377 1568 408 1582 or-

224 1589 367 1608 dinatininibiiz
377 1595 408 1607 <1¹-

223 1614 250 1634 do
291 1617 407 1642 episcopali

224 1644 322 1662 vacante.

421 1474 545 1507 testatis
560 1475 766 1518 plenitudine
781 1475 924 1518 paribus,
940 1475 1163 1509 cathedralem
1185 1506 1186 1516 ἶ
1209 1487 1243 1510 111
1276 1477 1433 1510 kalendas
1470 1478 1543 1510 maii
1566 1505 1573 1518 ‚
1599 1489 1616 1510 a
1651 1478 1746 1511 nobis
1785 1479 1818 1510 in
1855 1477 1951 1511 simili

420 1528 591 1561 ecclesiam
625 1528 655 1561 S.
685 1529 928 1562 Bartholomaei
959 1529 1163 1562 Pontiscurvi
1209 1530 1313 1562 forma
1350 1531 1408 1563 sub
1445 1531 1579 1573 plumbo
1614 1531 1757 1574 desuper
1781 1531 1952 1574 expeditis,

423 1581 609 1615 huiusmodi
636 1583 789 1626 antiquae
809 1583 987 1616 cathedrali
1007 1583 1163 1616 ecclesiae
1185 1605 1187 1626 ρ
1207 1583 1338 1616 uberius
1364 1584 1560 1617 continetur.

421 1636 571 1679 Aquinati
612 1646 713 1679 aeque
745 1636 974 1680 principaliter
1003 1635 1187 1680 perpetuo
1252 1638 1266 1680 ξ
1291 1637 1322 1670 5.
1350 1637 1510 1677 Ceterum,
1536 1649 1609 1671 cum
1645 1638 1828 1682 expositum
1859 1639 2146 1690 nobiscanogfggitgglgg

420 1690 561 1730 unimus,
588 1691 668 1722 itaut
691 1690 724 1722 in
750 1695 915 1733 posterum
936 1691 1048 1723 eadem
1068 1692 1166 1724 eccle·
1210 1690 1306 1723 suerit
1345 1691 1663 1734 archipresbyterum
1705 1697 1736 1724 et
1775 1691 1951 1724 canonicos
1962 1696 2145 1717 dvmwhvdra'ss

421 1743 467 1775 sia
500 1743 531 1776 S.
564 1743 804 1776 Bartholomaei
826 1743 1031 1776 Pontiscurvi
1058 1744 1165 1776 cathe-
1961 1728 2071 1743 mmm
2099 1728 2145 1743 Μ’

1207 1744 1404 1777 cathedralis
1429 1744 1584 1777 ecclesiae
1610 1744 1779 1787 Aquinatis
1804 1755 1840 1777 ex
1866 1745 2144 1777 anti-⁰¹11·¹1iete³1²va0

422 1796 521 1829 dralis
541 1807 612 1829 cuin
631 1797 767 1830 ecclesia
785 1797 945 1840 Aquinate
967 1797 1008 1830 sit
1032 1808 1069 1830 ac
1092 1807 1164 1830 esse

1962 1781 2058 1801 magnae.

422 1850 549 1891 debeat,
576 1856 607 1882 et
632 1850 818 1894 episcopus,
844 1861 903 1893 pro
926 1856 1074 1893 tempore
1102 1850 1165 1883 exi-

421 1908 520 1941 stens,
543 1903 717 1946 episcopus
736 1903 881 1946 Aquinas
907 1909 938 1936 et
959 1903 1163 1937 Pontiscurvi

422 1965 478 1987 seu
499 1955 713 1997 Fregellanus
739 1956 939 1989 coniunctim
962 1966 1030 1989 esse
1056 1962 1088 1988 et
1113 1950 1187 2000 no-]

422 2008 539 2040 minari
566 2009 696 2049 debeat,
725 2019 854 2042 necnon
879 2008 911 2041 in
937 2009 1061 2042 actibus
1088 2019 1165 2042 con-

422 2061 639 2094 sistorialil)us
666 2072 700 2094 ac
722 2062 753 2094 in
775 2062 890 2095 litteris
911 2062 1099 2105 apostolicis
1118 2073 1165 2095 su-

421 2126 481 2157 per
499 2116 705 2158 promotione
736 2116 807 2148 novi
837 2115 983 2159 episcopi
1015 2116 1053 2149 ad
1074 2126 1165 2159 prae-

422 2168 522 2201 dictas
539 2169 730 2212 Aquinatem
747 2175 776 2201 et
794 2168 1003 2209 Pontiscurvi,
1023 2179 1077 2201 seu
1094 2168 1165 2201 Fre·
1186 2180 1188 2198 ε

423 2222 602 2262 gellamnn,
633 2228 668 2254 ut
703 2220 986 2254 concathedralis¹
1018 2222 1164 2254 eiusdem

422 2275 577 2306 ecclesiae
612 2275 802 2318 Aquinatis:
836 2275 1023 2308 conditione
1058 2281 1165 2307 tamen

423 2327 555 2366 adiecta,
575 2329 671 2370 quod,
691 2328 861 2361 eveniente
884 2329 971 2361 sedis
998 2328 1167 2371 episcopa—
1187 2331 1188 2368 ξ

423 2379 460 2411 lis
487 2381 665 2419 vacatione,
685 2382 863 2423 capitulum
886 2380 1041 2413 ecclesiae
1060 2381 1167 2424 Aqui-

424 2433 519 2471 natis,
545 2434 589 2465 nti
616 2434 792 2476 antiquius,
812 2435 995 2467 inconsulto
1023 2440 1052 2467 et
1078 2435 1167 2467 mini-

422 2497 472 2518 me
499 2487 608 2519 audito
649 2490 789 2530 capitulo
830 2489 933 2521 dictae
971 2489 1167 2521 cathedralis

423 2540 577 2571 ecclesiae
615 2540 817 2573 Pontiseurvi
854 2552 909 2573 seu
943 2541 1163 2583 Fregellauac,

422 2591 459 2624 ad
486 2592 681 2625 electionem
706 2593 815 2626 vicarii
842 2594 1028 2637 capitularis
1053 2604 1167 2637 proce-

465 2660 475 2684 1
501 2655 589 2683 Potius·
609 2656 727 2692 legerem
747 2657 945 2684 cathedralem
966 2657 1004 2692 (R.
1022 2657 1070 2692 12),

1208 1808 1272 1841 quo
1305 1797 1481 1840 apostolico
1518 1797 1687 1840 privilegio
1728 1796 1759 1829 in
1799 1797 1949 1830 omnibus

1208 1850 1434 1883 ecclesiasticis
1467 1849 1686 1882 functionibus
1722 1849 1849 1882 deserre
1874 1850 1952 1883 soli-

1185 1941 1187 1943 *
1208 1908 1257 1936 tos
1282 1913 1350 1936 esse
1371 1902 1577 1936 rocchettum
1603 1913 1675 1935 cum
1695 1904 1799 1946 cappa
1824 1904 1950 1946 magna,

1209 1967 1345 1999 aequum
1370 1966 1445 1988 vero
1482 1956 1665 1999 iustumque
1692 1956 1888 1989 arbitremur
1918 1962 1954 1988 ut

1209 2009 1294 2041 inter
1331 2009 1405 2042 illos
1432 2014 1462 2040 et
1499 2008 1820 2052 archipresbyterum
1853 2013 1952 2052 atque

1209 2062 1385 2095 canonicos
1419 2061 1618 2094 cathedralis
1645 2062 1803 2095 ecclesiae
1828 2061 1954 2094 Pontis-

1209 2116 1296 2148 curvi
1315 2126 1370 2149 seu
1389 2115 1602 2158 Fregellanae
1620 2115 1806 2158 praedictae
1828 2116 1952 2148 nullum

1209 2181 1342 2213 prorsus
1357 2169 1539 2201 intercedat
1553 2168 1736 2207 discrimen,
1752 2169 1807 2201 scd
1823 2168 1953 2211 utrique

1210 2223 1324 2255 iisdem
1344 2222 1474 2255 omnino
1492 2221 1736 2254 canonicalibus
1755 2220 1953 2254 indumentis

1209 2281 1360 2308 utantur:
1387 2276 1467 2318 ipsis
1486 2275 1654 2307 modernis
1676 2284 1712 2307 ac
1729 2284 1788 2317 pro
1807 2280 1953 2317 ternpore

1210 2329 1420 2362 existentibus
1439 2328 1721 2371 archipresbytero
1741 2332 1773 2360 et
1789 2326 1954 2359 canonicis

1211 2383 1353 2415 eiusdem
1382 2382 1539 2414 ecclesiae
1564 2381 1595 2413 S.
1616 2380 1856 2413 Bartholomaei
1876 2379 1954 2412 Pon-

1210 2436 1338 2468 tiscurvi
1365 2446 1419 2468 seu
1446 2435 1657 2476 Fregellanae
1692 2443 1753 2476 per
1784 2433 1863 2466 alias
1889 2442 1950 2466 no-

1211 2494 1290 2521 stras
1309 2488 1348 2520 ab
1368 2488 1445 2531 ipsis
1462 2498 1522 2530 per
1539 2486 1775 2525 cancellariam,
1796 2491 1830 2518 ut
1853 2486 1952 2519 moris

1211 2547 1269 2581 est,
1281 2542 1501 2584 expediendas
1517 2542 1640 2573 litteras
1654 2539 1848 2582 apostolicas
1862 2539 1954 2572 beni-

1211 2605 1271 2637 gne
1289 2594 1538 2636 indulgebimus,
1557 2598 1591 2625 ut
1609 2593 1809 2625 rocchettum
1828 2598 1860 2625 et
1876 2603 1952 2635 cap-

1209 2658 1283 2691 pam
1316 2657 1463 2690 maguam
1491 2656 1529 2679 eo
1561 2655 1695 2688 prorsus
1721 2646 1816 2679 modo
1847 2645 1950 2691 iisque
