2170 3147
9 165 57 192 An.
78 164 108 190 C.
131 163 196 190 1725

38 328 186 349 Ordini-ones

21 355 128 376 rand-eia«,
161 355 186 374 de

15 383 101 401 mmm
130 368 471 410 ‹otu-congregationes
507 368 741 399 conventuales
773 367 805 399 in
837 367 957 412 domi-5

6 413 49 428 rum
65 408 84 427 in
100 412 176 430 congru

6 417 255 480 giiiffiiginmijs
279 430 340 463 pro
366 419 573 453 novitiatibus
598 419 766 451 destinatis
790 419 933 451 eiusdem

15 1642 44 1662 Do
55 1643 180 1662 novitiorum

0 1669 123 1697 prebatiune
132 1675 181 1689 uxa-

0 1697 53 1714 tuus
70 1697 169 1721 pertinen

198 211 275 251 hita,
311 222 392 255 quac
422 211 505 244 insra
539 216 718 254 sequuntur
753 212 933 251 statuenda,

199 264 376 297 ordinanda
401 273 437 296 ac
462 263 654 296 declaranda
680 263 840 296 duximus.

241 316 256 359 ἓ
274 316 305 348 1.
326 315 402 348 Cum
423 315 542 358 itaque,
562 315 645 347 sicut
662 315 860 357 accepimus,
880 315 934 347 ubi

197 473 323 506 Ordinis
359 473 534 512 habentur,
573 472 743 514 religiosis,
778 472 833 515 qui
865 472 933 505 iure

197 526 269 558 illas
286 525 494 568 ingrediendi
512 525 689 568 potiuntur,
704 524 842 557 liberum
863 535 933 557 esse
954 521 956 531 ⁴

197 578 310 610 deceat
334 577 491 620 quidquid
518 582 736 620 opportunum
771 576 816 609 eis
850 577 933 609 vide-

197 635 248 662 tur
272 630 352 662 inibi
370 640 556 673 proponere
575 640 610 662 ac
626 629 836 672 respondere,
854 629 934 661 mul-

197 683 291 716 toties
317 693 393 715 vero
419 683 586 724 contingat
615 682 646 715 id
676 692 693 714 a
717 681 866 725 pluribus
891 681 932 714 ob

194 735 348 768 iniustum
375 735 522 769 timorem
550 734 595 767 eis
621 746 638 767 a
663 735 730 767 suis
756 733 932 777 superiori-

194 788 254 819 bus
279 787 445 820 incussum
472 786 705 830 praetermitti:
727 786 932 829 quibuscum-

194 850 255 883 que
280 839 502 882 superioribus
530 839 674 872 districte
697 849 733 872 ac
749 839 809 871 sub
826 841 931 881 poena

193 891 384 935 privationis
408 892 494 925 vocis
521 891 642 924 activae
668 896 700 924 et
724 891 868 934 passivae
894 901 931 923 eo

193 946 265 988 ipso
281 945 402 988 absque
420 945 481 978 alia
500 944 721 978 declaratione
733 944 931 977 incurrenda

192 997 414 1041 prohibemus,
433 1008 473 1030 ne
499 1008 608 1031 eorum
627 997 772 1030 subditos
799 1007 930 1040 quoquo
951 1012 953 1020 ⁴

193 1050 289 1084 modo
315 1049 494 1093 impediant
518 1056 573 1083 aut
598 1050 785 1083 deterreant
811 1049 931 1092 quomi-

194 1112 252 1134 nus
270 1102 301 1134 in
320 1102 495 1145 praedictis
513 1101 823 1145 congregationibus
841 1101 930 1144 quid-

193 1155 270 1199 quid
296 1156 545 1199 proponendum
581 1157 629 1188 vel
664 1155 929 1198 respondendum

194 1207 348 1251 expedire
384 1208 571 1241 censuerint
600 1208 705 1241 libere
741 1219 929 1251 proponere

192 1273 228 1294 ac
254 1261 455 1304 respondere
477 1251 821 1305 valeantfpraesertim
841 1262 872 1294 in
892 1262 929 1295 iis

193 1325 276 1357 quae
301 1319 449 1357 spectant
473 1314 510 1347 ad
545 1315 764 1357 receptionem
796 1315 930 1348 novitio-

193 1377 277 1407 1·un1‚;
295 1368 439 1400 volentes
455 1367 552 1400 etiam
577 1373 612 1399 ut
628 1368 803 1400 relationes
821 1368 859 1400 de
877 1378 931 1400 no-

191 1419 277 1452 vitiis
301 1419 493 1462 praedictis,
520 1431 599 1463 quas
625 1420 740 1453 fratres
771 1421 810 1453 de
839 1431 929 1453 more

191 1472 320 1506 Ordinis
343 1472 481 1515 praefati
509 1473 546 1505 ad
573 1483 625 1505 eas
652 1474 851 1515 colligendas
877 1474 930 1506 de-

191 1526 294 1569 putati
313 1526 478 1565 adferent,
505 1525 536 1558 in
564 1526 685 1558 eisdem
705 1527 929 1569 congregatio-

193 1579 286 1611 nibus
304 1579 408 1622 palam
434 1580 597 1621 legantur.

235 1632 250 1674 ξ
274 1631 305 1664 2.
332 1631 401 1669 Quo
428 1637 534 1664 autem
556 1632 707 1674 probatio
729 1632 877 1665 iuvenum
897 1634 929 1666 in

192 1684 295 1727 ipsum
321 1683 472 1716 Ordinem
491 1684 760 1717 admittendorum
787 1685 928 1718 exactius

193 1736 379 1780 perficiatur
415 1747 508 1779 quam
545 1737 701 1769 hactenus
738 1737 807 1770 fieri
847 1749 925 1771 con-

193 1791 310 1830 suevit,
334 1801 405 1823 cum
431 1801 492 1833 per
525 1790 669 1823 eiusdem
700 1790 828 1824 Ordinis
857 1802 929 1824 con-

192 1844 379 1876 stitutiones
404 1843 569 1876 dumtaxat
586 1843 814 1886 praecipiatur,
841 1845 928 1887 quod

193 1898 250 1930 sub
275 1896 338 1929 tine
365 1897 439 1929 anni
465 1896 668 1939 probationis
693 1907 885 1940 congressus
912 1909 928 1931 a

193 1950 345 1983 fratribus
363 1950 530 1991 habeatur,
547 1950 576 1982 in
600 1961 664 1993 quo
684 1950 794 1982 novitii
814 1961 927 1990 mores,

193 2004 274 2037 vitae
311 2003 520 2043 consuetudo,
558 2004 727 2037 instructio
766 2005 795 2037 in
833 2006 928 2037 rebus

192 2056 320 2090 Ordinis
346 2056 480 2099 praefati
510 2067 546 2089 ac
570 2057 746 2099 spiritualis
773 2068 927 2100 progres-

192 2120 245 2143 sus
271 2109 505 2148 discutiuntur,
537 2114 567 2142 et
603 2115 675 2142 vota
713 2110 841 2142 deinum
868 2121 927 2153 pro

191 2163 279 2196 itlius
305 2161 503 2195 admissione
532 2163 580 2195 vel
607 2163 795 2196 dimissione
820 2164 929 2196 confe-

191 2221 312 2255 rantur,
337 2215 529 2248 mandamus
550 2221 582 2248 ut
601 2216 760 2249 eiusmodi
782 2227 929 2258 congres-

191 2279 244 2302 sus
270 2279 306 2301 ae
331 2268 489 2301 discussio
515 2269 651 2311 singulis
676 2274 815 2312 quatuor
840 2280 929 2302 men-

191 2323 279 2354 sibus
306 2321 459 2364 deinceps
486 2320 575 2361 fiant,
601 2322 696 2365 idque
732 2322 791 2354 sub
817 2322 928 2354 eadem

191 2377 297 2418 poena
321 2373 512 2417 privationis
537 2374 624 2406 vocis
650 2374 772 2406 activae
799 2378 829 2406 et
855 2384 926 2416 pas-

191 2427 276 2460 sivae
302 2437 361 2470 per
385 2426 513 2470 priores
538 2427 656 2459 locales
674 2427 729 2459 illa
747 2427 852 2459 facere
874 2437 928 2459 ne-

191 2480 352 2523 gligentes
367 2479 515 2512 similiter
528 2480 735 2519 inauri-enda,
754 2485 798 2519 et,
816 2484 929 2523 quate.

191 2543 250 2567 nus
266 2538 343 2577 post
366 2538 532 2576 peractum
553 2542 685 2565 examen
711 2532 862 2572 novitius,
882 2533 926 2565 uti

275 2579 358 2623 nun.
383 2595 466 2622 nom.
484 2611 517 2614 -
537 2595 599 2621 Vol.
619 2593 709 2622 XXII.
857 2594 891 2622 33

782 164 974 188 BE:·Enl‹;Tt'S

1001 164 1057 188 §.111
1081 165 1129 188 rr.
1612 154 1673 187 ⁶:57
1722 166 1767 189 it..
1788 165 1816 190 (Ἰ,Α
1838 163 1904 190 1725

978 210 1125 244 inventus
1151 212 1227 245 dicti
1260 211 1369 245 Ordini
1401 212 1534 244 minime
1568 216 1660 254 aptus
1685 217 1717 245 et

979 264 1065 297 utilis
1083 265 1114 296 in
1141 264 1256 310 primo,
1284 264 1425 298 secundo
1450 265 1500 298 vel
1525 264 1622 298 tertio
1640 275 1715 297 con-

978 328 1090 358 gressu
1111 328 1129 350 a
1145 317 1347 361 professione
1366 318 1544 350 emittenda
1574 328 1631 360 per
1651 318 1715 360 plu·

978 370 1138 402 ralitatem
1164 369 1390 411 suffragiorum
1424 370 1573 402 exclusus
1606 369 1713 408 suerit,

978 421 1054 453 dicti
1080 421 1205 463 priores
1231 432 1303 454 eum
1330 421 1433 454 statim
1459 432 1477 454 a
1502 421 1662 464 religione
1683 426 1715 453 et

978 473 1132 505 novitiatu
1160 473 1322 506 dimittant
1347 474 1384 506 ad
1410 474 1543 516 propria
1573 484 1714 506 reversu-

979 535 1056 563 rum,
1083 536 1142 558 nec
1159 525 1244 558 ullus
1265 536 1301 558 ex
1324 526 1418 558 dictis
1435 526 1584 559 fratribus
1604 526 1714 559 dimis-

977 576 1101 609 sionem
1128 578 1239 610 novitii
1266 579 1310 611 sic
1335 579 1471 618 exclusi,
1510 579 1632 612 directe
1663 580 1713 613 vel

953 670 955 675 .
977 629 1145 669 indirecte,
1175 632 1235 663 sub
1261 631 1358 664 simili
1383 633 1501 674 poena,
1529 631 1713 674 impedire'

953 678 955 695 ἶ
976 683 1023 715 vel
1049 683 1168 716 morari
1187 683 1318 723 audeat;
1345 682 1445 726 ipsis²
1469 683 1633 726 prioribus
1654 684 1711 715 sub

976 735 1087 767 eadem
1114 737 1218 778 poena
1252 736 1384 778 insuper
1417 736 1635 777 iniungentes‚
1672 745 1712 767 ne

976 787 1087 829 quovis
1113 792 1279 830 praetextu
1298 789 1347 820 vel
1365 789 1475 820 colore
1501 788 1600 820 ullum
1626 787 1716 820 novi-

977 840 1053 871 tium
1079 840 1117 872 ad
1145 850 1264 872 annum
1290 840 1502 883 professionis
1530 841 1576 872 vel
1595 840 1714 881 profes-

975 892 1099 925 sionem
1133 893 1320 932 admittant,
1347 892 1406 924 nisi
1446 892 1533 936 prius
1559 892 1714 925 exercitia

975 945 1155 987 spiritualia
1180 946 1239 977 rite
1264 945 1444 988 peregerit,
1472 955 1569 987 super
1595 945 1712 987 quibus

975 998 1160 1030 nullatenus
1177 1008 1247 1032 cum
1268 1008 1306 1031 eo
1325 998 1505 1040 dispensari
1519 996 1529 1013 ³
1553 998 1665 1029 valeat.

1018 1050 1032 1093 ᾗ
1057 1049 1087 1083 3.
1117 1050 1275 1083 Recenter
1300 1056 1404 1083 autem
1423 1050 1570 1093 professi,
1590 1060 1646 1092 per
1665 1053 1712 1082 to·
1764 1061 1791 1079 ne
1808 1063 1904 1090 romine:

975 1108 1040 1135 tum
1059 1102 1243 1135 immediate
1266 1101 1492 1145 insequentem
1516 1112 1634 1134 annum
1650 1102 1713 1134 col-
1723 1089 1907 1136 iisfl'‹{⁰.l⁵.³.'-⁵.3.‘.¹‚fissss

974 1157 1121 1189 locentur
1152 1155 1183 1187 in
1210 1155 1358 1188 domibus
1396 1166 1451 1188 seu
1484 1146 1769 1195 conve11tibtis‚31'‚'”
1798 1140 1906 1160 ⁰⁰¹¹⁰⁰“⁰‘

975 1210 1093 1253 quibus
1118 1209 1235 1241 adsunt
1260 1209 1472 1251 professoria,
1500 1209 1549 1240 vel
1576 1208 1607 1240 in
1634 1208 1711 1240 futu-

975 1274 1045 1295 rum
1071 1262 1248 1304 erigentur,
1272 1267 1307 1293 ut
1333 1261 1374 1293 ibi
1398 1260 1572 1303 segregati,
1600 1271 1635 1293 ac
1653 1261 1711 1293 sub

974 1315 1145 1358 disciplina
1172 1314 1315 1357 magistri
1341 1315 1379 1347 ad
1407 1325 1460 1347 eos
1492 1315 1655 1356 regendos
1681 1319 1713 1347 et

974 1369 1181 1401 instruendos
1217 1368 1405 1411 specialiter
1441 1367 1617 1410 deputandi
1658 1367 1712 1399 de-

973 1427 1094 1464 gentes,
1121 1421 1249 1463 regulas
1280 1420 1453 1453 novitiatus
1487 1419 1621 1452 omnino
1647 1430 1712 1452 ser-

975 1480 1057 1514 vent,
1085 1485 1148 1517 quo
1174 1473 1205 1505 in
1232 1477 1384 1516 suscepto
1410 1472 1577 1515 religionis
1597 1472 1712 1515 spiritu

973 1528 1074 1570 magis
1100 1527 1344 1566 confirmentur,
1382 1525 1460 1569 quin
1492 1526 1618 1567 integro
1655 1525 1712 1558 illo

973 1591 1058 1613 anno
1086 1580 1222 1612 durante
1253 1589 1289 1611 ex
1326 1577 1437 1621 quavis
1472 1577 1712 1621 dispensatione

973 1639 1026 1666 aut
1051 1632 1114 1665 alio
1140 1637 1306 1675 praetextu
1335 1636 1423 1663 extra
1449 1631 1561 1663 eadem
1587 1630 1712 1673 profes-

973 1687 1059 1719 soria
1077 1684 1230 1718 collocari
1250 1684 1386 1727 possint,
1406 1684 1462 1716 sed
1482 1684 1520 1716 ad
1539 1694 1711 1723 summum,

973 1739 1014 1771 ob
1040 1739 1182 1781 aliquam
1203 1747 1314 1770 eorum
1342 1736 1577 1775 necessitatem,
1605 1736 1630 1768 si
1656 1746 1711 1769 eo-

973 1803 1042 1824 rum
1067 1791 1168 1835 priori
1195 1790 1338 1833 generali
1362 1791 1409 1823 vel
1428 1789 1617 1832 provinciali
1637 1799 1712 1822 con-

973 1845 1080 1878 venire
1107 1844 1278 1883 videbitur,
1305 1843 1344 1875 de
1370 1853 1435 1875 uno
1460 1843 1497 1876 ad
1525 1843 1611 1875 aliud
1636 1852 1712 1885 pro-

973 1898 1168 1938 sessorium,
1208 1897 1312 1929 donec
1345 1905 1464 1928 annum
1507 1895 1710 1938 praedictum

974 1950 1152 1994 exegerint,
1179 1949 1348 1983 transferri
1373 1950 1510 1981 valeant.

1017 2005 1031 2047 ξ
1055 2003 1086 2036 4.
1113 2002 1261 2041 Quamvis
1287 2012 1362 2034 vero
1387 2001 1419 2033 in
1445 2000 1567 2033 eisdem
1596 2001 1709 2034 consti·
1742 2009 1903 2029 Deum-mmi-

1736 2043 1760 2055 nu
1810 2039 1902 2055 commit-

974 2056 1152 2089 tutionibus
1179 2065 1330 2098 expresse
1356 2064 1420 2086 non
1440 2057 1602 2093 caveatur,
1622 2042 1903 2096 quodpendemus-ginu-

1719 2092 1767 2108 ante
1792 2089 1903 2108 triennium

972 2120 1030 2152 per
1055 2115 1120 2141 tres
1144 2118 1246 2141 annos
1270 2107 1442 2140 continuos
1468 2117 1484 2139 a
1504 2107 1707 2149 professione
1719 2114 1903 2162 gmi'ffiofosxiouo

972 2162 1089 2195 emissa
1114 2161 1351 2203 computandos
1370 2160 1490 2192 nemini
1516 2160 1709 2192 demanden-
1802 2157 1805 2161 '

973 2220 1022 2246 tur
1048 2214 1151 2246 officia
1183 2213 1237 2246 illa
1273 2223 1355 2255 quae
1391 2222 1456 2244 non
1495 2212 1710 2243 conseruntur

972 2278 1030 2310 per
1055 2266 1244 2299 canonicam
1278 2265 1469 2298 electionem
1496 2265 1551 2296 sed
1576 2264 1614 2296 ad
1640 2263 1711 2296 libi-

973 2326 1039 2353 tum
1057 2320 1201 2362 priorum
1219 2316 1490 2356 conventualium,
1509 2317 1583 2359 quia
1603 2322 1710 2349 tamen

973 2372 1146 2415 plurimum
1172 2372 1309 2403 interest
1334 2375 1369 2402 ut
1393 2369 1538 2412 religiosi
1570 2369 1628 2410 illi,
1654 2369 1711 2401 du-

1009 2452 1018 2478 1
1045 2451 1113 2477 Edit.
1131 2450 1210 2477 lliain.
1228 2450 1294 2485 legit
1308 2449 1449 2484 impediri
1467 2449 1509 2484 (a.
1525 2449 1574 2484 τ.).

1006 2496 1022 2522 2
1042 2495 1112 2522 Edit.
1133 2494 1214 2521 Main.
1236 2494 1299 2529 legit
1317 2494 1376 2528 ipsi
1395 2494 1433 2528 (a.
1451 2495 1502 2527 τ.).

1006 2539 1022 2567 3
1039 2539 1087 2566 Ed.
1104 2539 1187 2566 Main.
1203 2538 1269 2573 legit
1283 2538 1450 2574 dispensare
1470 2540 1506 2572 (fl.
1523 2538 1572 2573 τ.).
