2170 3147
474 210 536 243 '188

435 268 507 300 bata
534 271 768 310 permaneant,
795 277 859 310 quo
893 266 1022 310 saepius
1057 266 1177 299 suerint

435 321 642 362 Apostolicac
668 320 760 353 Sedis
779 319 977 352 communita
995 319 1174 362 praesidio,

434 374 576 407 libenter
601 384 678 406 suae
705 374 952 417 approbationis
979 380 1074 416 atque
1102 384 1176 406 con-

433 427 623 459 firmationis
649 428 747 460 robur
765 427 889 468 adiicit3
910 433 958 466 et,
984 427 1173 470 siquando,

433 480 474 513 ob
500 491 609 512 rerum
636 491 672 513 ac
705 486 886 523 temporum
912 481 1098 513 varietatem
1124 482 1174 514 vel

432 539 544 566 exorta
576 533 728 573 dissidia,
755 533 882 566 debitae
916 534 1101 567 executioni
1136 545 1172 567 ex

432 587 562 629 integro
587 587 781 619 demandata
811 598 876 620 non
911 588 1048 627 suerint,
1074 593 1105 621 et
1130 589 1176 621 in-

432 644 555 672 staurat
587 651 623 673 ac
656 641 694 673 de
721 651 804 673 novo
831 640 995 681 decernit,
1022 641 1174 674 excitatas

433 694 670 726 controversias
698 693 831 733 dirimit,
851 694 1021 727 interiecta
1041 694 1175 738 impedi-

431 752 540 779 menta
566 757 582 779 e
607 746 713 780 medio
739 747 830 787 tollit,
859 753 890 780 et
914 747 993 780 alias
1019 748 1174 791 apostoli-

431 809 486 832 cae
512 800 714 833 auctoritatis
740 806 848 843 partes
874 801 1014 844 desuper
1035 801 1174 844 interpo-

430 852 488 892 nit,
507 858 615 896 prout,
634 853 786 886 omnibus
805 853 1056 887 circumstantiis
1073 860 1174 887 matu-

430 916 464 939 re
485 907 664 949 perpensis,
693 907 882 940 eorumdem
908 907 1052 940 fidetium
1078 908 1171 941 saluti

243 220 291 245 An.
308 219 334 244 C.
361 219 426 245 twf)

1025 215 1207 241 BULLARIUM
1234 216 1390 242 ROMANUM

1970 217 2019 244 An.
2041 217 2072 244 C.
2090 217 2156 248 1725

1220 265 1404 310 episcopis,
1431 277 1560 301 necnon
1591 266 1750 311 capitula,
1776 266 1898 300 clerum
1930 271 1962 299 et

1220 320 1374 362 populum
1394 321 1589 360 earumdem,
1608 332 1666 364 pro
1686 321 1752 354 suis
1777 319 1961 364 provincia-

1220 372 1316 413 libus,
1342 373 1490 406 videlicet
1514 373 1962 416 Calliense1n‚Senogallien-

1219 436 1296 465 sem,
1323 426 1560 465 Pisaurensem,
1593 427 1959 470 Forosemproniensem

1219 485 1249 513 ct
1276 480 1483 512 Feretranam
1521 480 1684 520 ecclesias,
1715 481 1859 523 ipsorum
1894 479 1961 523 epi-

1219 543 1393 576 scoporum
1419 533 1459 565 ad
1492 533 1555 565 hoc
1587 542 1741 576 expresso
1782 533 1960 566 accedente

1219 597 1397 626 consensu,
1425 586 1628 629 Eugubinam
1665 596 1758 624 vero,
1785 591 1959 629 postquam

1220 645 1296 672 tunc
1335 640 1502 672 existentis
1543 640 1687 683 episcopi
1730 639 1891 682 Eugubini
1929 645 1960 673 et

1219 693 1391 726 cardinalis
1416 693 1521 725 lacobi
1549 693 1587 725 de
1612 693 1749 726 Sabellis
1770 692 1960 736 nuncupati,

1219 746 1269 778 cui
1296 756 1465 789 regressus
1491 756 1546 778 seu
1573 756 1720 778 accessus
1740 750 1771 778 et
1795 745 1960 789 ingressus

1218 799 1257 831 ad
1284 799 1385 842 ipsam
1410 798 1616 841 Eugubinam
1644 799 1813 832 eeclesiam
1840 799 1871 831 in
1890 808 1960 832 cer-

1220 857 1268 884 tos
1294 859 1370 884 tunc
1404 862 1575 895 expressos
1611 857 1745 885 eventus
1782 851 1961 895 apostolica

1217 905 1407 938 auctoritate
1433 910 1614 938 reservatus
1632 905 1744 946 suerat,
1770 905 1962 938 accessisset

430 964 462 992 et
488 961 680 1000 commodis,
700 961 977 1004 ecclesiarumque
994 962 1173 1005 praedicta·
1218 969 1381 999 assensus,
1409 958 1486 992 alias
1507 958 1653 992 eiusdem
1675 959 1831 992 ecclesiae
1856 958 1962 1001 Engu-

429 1023 499 1045 rum
513 1024 549 1046 ac
565 1013 629 1046 illis
645 1014 909 1058 praepositorum
924 1013 1104 1047 sacrorum¹
1119 1026 1172 1048 an-

430 1066 566 1099 tistitum
585 1067 721 1110 pacifico
740 1073 771 1101 ct
790 1069 969 1111 tranquillo
988 1069 1081 1101 statui
1102 1079 1173 1101 con-

431 1119 527 1162 spicit
552 1120 583 1152 in
610 1121 747 1153 Domino
772 1121 947 1154 salubriter
973 1122 1138 1165 expedire.

266 1183 419 1213 Ait-immae-
475 1174 489 1215 ,ξ
515 1173 545 1205 t.
574 1173 656 1205 Sane
688 1174 764 1206 olim
801 1174 905 1207 felicis
933 1175 1172 1208 recordationis

233 1209 503 1272 {issflapmrliaiillpius
522 1226 606 1269 Papa
625 1227 660 1259 IV
676 1227 910 1270 praedecessor
927 1233 1048 1267 noster,
1064 1239 1172 1261 secum

233 1264 298 1283 aeneis
311 1270 330 1282 tn
342 1266 383 1283 niel
398 1269 408 1283 Ο

233 1290 349 1315 politanam
373 1271 418 1309 dm?
430 1284 584 1322 reputans
612 1280 783 1313 ecclesiam
815 1280 1066 1315 Urbinatensem
1097 1282 1170 1315 Sedi

232 1317 637 1375 iss'ffngssl'aJrIZ-‘JZJApostolicae
668 1333 852 1367 immediate
885 1335 1062 1368 subiectam
1088 1336 1173 1370 inter

232 1373 341 1416 ῗῖιῖῑὲῗῖἓῗ
365 1371 508 1419 ³¹¹⁴³alias
545 1387 672 1420 illarum
709 1388 848 1431 partium
876 1389 1082 1422 cathedrales
1114 1400 1171 1423 ec-

427 1440 541 1473 clesias
578 1441 741 1483 insignem
777 1453 813 1474 ac
846 1442 1015 1483 nobilem,
1041 1454 1172 1476 necnon

427 1493 539 1526 Urbini
566 1494 748 1534 civitatem,
778 1496 911 1528 ducatus
949 1496 1043 1529 titulo
1080 1507 1172 1540 egre-

428 1548 618 1591 giarumque
651 1559 861 1591 personarum
896 1550 1104 1583 multitudine
1142 1557 1173 1584 et

428 1602 505 1635 cleri
531 1603 714 1646 populique
739 1603 927 1647 frequentia
963 1604 1169 1645 decoratam,

427 1656 664 1699 metropolitica
683 1657 888 1700 praelatione
906 1657 1024 1691 merito
1040 1658 1171 1700 dignam

428 1710 578 1749 existere,
607 1710 715 1743 habita
740 1711 830 1754 prius
856 1712 999 1755 desuper
1024 1723 1094 1745 cum
1120 1724 1171 1746 ve-

427 1763 626 1796 nerabilibus
653 1763 804 1797 fratribus
832 1766 959 1804 nostris,
986 1770 1061 1798 tunc
1087 1766 1168 1806 suis,

426 1816 458 1849 S.
474 1816 516 1860 B.
536 1816 569 1850 E.
596 1818 818 1851 cardinalibus
843 1819 1083 1853 deliberatione
1104 1831 1170 1852 ma-

428 1872 513 1910 tura,
542 1881 577 1903 ac
611 1871 649 1903 dc
683 1882 795 1905 eorum
837 1873 993 1913 consilio,
1023 1873 1168 1906 eamdem

426 1922 674 1957 Urbinateuscm
702 1925 872 1958 ecclesiam
906 1926 939 1958 in
970 1927 1169 1969 metropoli-

429 1981 535 2009 tanam
562 1988 634 2010 cum
665 1978 854 2012 omnimoda
885 1979 1111 2012 iurisdictione
1139 1985 1169 2012 et

427 2030 676 2073 superioritatc,
703 2042 829 2065 necnon
865 2032 954 2075 pallii
992 2038 1024 2065 et
1063 2033 1167 2066 crucis

427 2083 607 2123 delatione,
634 2085 772 2128 aliisque
807 2085 1056 2129 metropoliticis
1092 2086 1168 2118 iusi-

427 2137 525 2177 gnus,
554 2144 713 2180 perpetuo
739 2139 843 2170 erexit
868 2149 904 2171 ac
928 2139 1078 2177 instituit,
1105 2139 1168 2172 illi-

426 2200 488 2231 que
514 2190 721 2229 (tuitiensem,
748 2190 1041 2233 Senogalliensem,
1064 2191 1168 2224 Pisau-

426 2252 554 2275 rensem
574 2270 580 2283 ‚
604 2243 991 2287 Foroseniproniensem,
1020 2244 1168 2277 Feretra-

426 2305 499 2327 nam
531 2302 559 2329 et
590 2296 809 2339 &ig-ubinam,
834 2297 907 2331 Secti
934 2298 1100 2341 praefatae
1127 2298 1168 2331 si-

426 2348 546 2381 militer
567 2349 753 2383 immediate
773 2351 933 2383 subiectas
952 2351 1032 2383 etin
1052 2351 1166 2384 ducatu

426 2400 632 2434 Urbinatensi
661 2404 888 2444 consistentes,
908 2404 1072 2444 ecclesias,
1096 2415 1167 2437 cum

426 2465 534 2487 earum
554 2455 735 2489 civitatibus
754 2463 785 2489 et
802 2457 1019 2497 dioecesibus,
1033 2469 1093 2501 pro
1111 2460 1167 2490 sua

425 2509 617 2552 provincia,
643 2509 839 2553 illarumque
877 2513 1048 2553 praesules
1065 2538 1073 2551 ,
1107 2522 1166 2554 pro

426 2568 571 2605 tempore
589 2562 774 2601 existentes,
794 2573 851 2605 pro
870 2563 936 2595 suis
954 2563 1168 2606 suffraganeis

463 2627 470 2651 1
496 2625 566 2652 Edit.
589 2625 670 2651 Maia.
694 2625 757 2661 legit
777 2633 929 2653 sacrarum
953 2626 986 2659 [a.
1010 2626 1059 2661 T.).

1218 1012 1313 1045 binae
1330 1014 1495 1045 vacatione
1513 1022 1573 1056 pro
1594 1017 1739 1056 tempore
1757 1017 1959 1052 occurrente,

1217 1071 1374 1109 perpetuo
1401 1066 1564 1098 concessit
1591 1070 1622 1098 et
1657 1065 1842 1108 assignavit,
1878 1076 1957 1099 nec-

1217 1130 1282 1152 non
1301 1120 1470 1152 universos
1490 1119 1676 1162 praedictos
1695 1120 1866 1162 praesules
1884 1130 1961 1163 quo-

1217 1174 1254 1205 ad
1282 1172 1390 1206 omnia
1425 1173 1667 1216 metropolitica
1699 1173 1770 1205 iura
1808 1172 1958 1206 existenti

1216 1236 1275 1269 pro
1302 1230 1448 1269 tempore
1475 1226 1723 1270 archiepiscopo
1749 1225 1958 1259 Urbinatensi

1216 1279 1381 1312 subiectos
1424 1290 1496 1312 esse
1538 1285 1568 1312 et
1608 1285 1772 1323 tamquam
1812 1280 1959 1313 membra
2006 1289 2014 1295 ·

1215 1333 1311 1376 capiti
1338 1333 1488 1376 obsequi,
1512 1344 1547 1366 ac
1566 1334 1604 1366 de
1623 1333 1958 1377 archiepiscopalibus

1215 1386 1340 1418 iuribus
1365 1397 1423 1429 per
1449 1397 1503 1419 eos
1530 1387 1724 1429 responderi
1752 1386 1884 1427 debere,
1906 1397 1960 1420 vo-

1216 1440 1275 1472 luit
1293 1445 1322 1472 et
1341 1439 1513 1479 mandavit,
1533 1440 1808 1483 quemadmodum
1829 1440 1961 1473 uberius

1216 1494 1403 1526 continetur
1429 1493 1460 1526 in
1486 1493 1604 1526 litteris
1629 1493 1819 1537 apostolicis
1837 1503 1854 1526 a
1874 1503 1962 1536 prae-

1216 1546 1302 1579 dicto
1330 1546 1383 1578 Pio
1409 1546 1661 1589 praedecessore
1688 1546 1831 1590 desuper
1855 1545 1959 1585 editis,

1216 1611 1353 1644 quarum
1387 1605 1480 1633 tenor
1513 1605 1561 1633 est
1595 1600 1649 1643 qui
1682 1600 1846 1644 sequitur,
1870 1599 1961 1632 vide-

1215 1654 1310 1687 licet:

1259 1708 1342 1740 Pius
1366 1708 1543 1751 episcopus,
1563 1718 1673 1740 servus
1698 1717 1863 1740 servorum
1881 1706 1955 1747 Dei,
2026 1714 2153 1764 1⁶·⁰-¹.²⁵²1‘›'>¹¹¹1⁶3

1214 1761 1257 1793 ad
1277 1766 1467 1805 perpetuam
1487 1762 1535 1794 rei
1551 1761 1750 1794 memoriam.
1773 1760 1876 1804 Super
1892 1748 2080 1793 uni-mmm
2106 1749 2118 1763 '¹

1214 1825 1323 1847 versas
1348 1815 1437 1848 orbis
1464 1815 1638 1855 ecclesias,
1665 1813 1750 1848 etc.¹

1250 1878 1345 1904 Datum
1366 1877 1476 1911 Rornae,
1498 1877 1569 1912 apud
1589 1877 1614 1904 S.
1632 1878 1760 1911 Petrum,
1776 1885 1847 1905 anno
1868 1876 1960 1904 Incar-

1212 1922 1330 1948 nationis
1355 1922 1508 1949 dominicae
1528 1928 1645 1955 MDthtl,
1669 1921 1756 1956 pridie
1771 1930 1858 1948 nonas
1878 1921 1958 1953 iunii,

1212 1967 1386 2002 pontificatus
1407 1967 1493 1993 nostri
1514 1975 1584 1993 anno
1604 1974 1630 1993 v.

1257 2030 1271 2072 ξ
1297 2028 1328 2062 9..
1356 2029 1520 2072 Expeditis
1544 2029 1654 2073 itaque
1682 2029 1843 2073 editisque
1863 2039 1879 2062 a
1900 2029 1956 2062 Pio
1986 2034 2154 2065 ,ΝΛΜ-πῖπτον·

1213 2083 1464 2126 praedecessore
1491 2083 1705 2126 praeinsertis
1728 2082 1847 2115 litteris
1873 2092 1956 2126 apo·
1968 2063 2153 2110 Sfflffoffssssssf-ffiffiss

1967 2119 2029 2136 ortae
2062 2115 2152 2136 Urbina-

1212 2136 1345 2175 stolicis,
1371 2147 1407 2169 ac
1432 2136 1640 2170 Urbinatensi
1664 2137 1799 2170 ecclesia
1829 2137 1867 2170 ad
1894 2143 2153 2191 mamae-,33:355

1213 2191 1445 2233 tropolitanam
1468 2190 1659 2232 dignitatem
1679 2196 1709 2223 et
1725 2184 2062 2233 praee1ninen-c1e3iam-

1214 2245 1288 2276 tiam
1316 2246 1438 2283 evecta,
1461 2253 1575 2276 omnes
1593 2250 1623 2276 et
1641 2243 1760 2286 singuli
1779 2243 1811 2276 in
1830 2243 1954 2277 eisdem

1213 2297 1327 2330 litteris
1353 2297 1516 2339 designati
1543 2297 1687 2340 episcopi
1707 2303 1738 2330 et
1759 2295 1955 2339 suffraganei

1212 2350 1398 2390 constituti,
1425 2359 1655 2393 praeterquam
1690 2350 1863 2393 episcopus
1887 2349 1951 2382 Eu-

1213 2404 1350 2447 gubinus
1377 2409 1409 2436 et
1434 2404 1608 2436 cardinalis
1634 2404 1672 2436 de
1690 2403 1828 2437 Sabellis
1845 2403 1953 2446 Engu-

1213 2458 1307 2490 binae
1327 2457 1483 2490 ecclesiae
1502 2457 1745 2495 reservatarius‚
1769 2456 1952 2490 huiusmodi

1211 2510 1366 2543 erectioni
1393 2511 1549 2543 ecclesiae
1576 2509 1800 2542 Urbinatensis
1831 2510 1863 2541 in
1888 2520 1953 2542 me-

1212 2564 1440 2606 tropolitanam
1474 2574 1534 2607 per
1566 2574 1600 2596 se
1634 2565 1682 2596 vel
1720 2569 1951 2606 procuratores

1247 2627 1257 2652 1
1282 2625 1393 2660 Reliqua
1410 2626 1469 2653 vide
1486 2629 1551 2653 tom.
1574 2631 1621 2658 vu,
1642 2632 1702 2660 pag.
1724 2624 1776 2652 252
1797 2625 1812 2652 b
1827 2624 1865 2661 (n.
1883 2625 1951 2664 τ..)
