2170 3147
210 238 258 261 An.
275 237 302 260 (Σ.
329 234 394 260 2723

206 938 334 980 ὀίηΑ-ιὲνιῑω.Ὶ

442 223 505 256 ’144

398 283 471 314 illos
498 281 641 322 desuper
668 289 682 309 a
710 286 873 320 ‹pioquam
900 273 1010 317 quavis
1034 278 1140 305 aucto—

397 335 488 365 ritate
515 329 759 375 quoinmlolibet
788 327 933 361 indebite
960 324 1138 364 molestari,

398 384 578 430 perturbari
599 385 645 416 rel
666 382 853 426 inquietari,
881 379 1141 414 contradictores

397 439 561 483 quoslibet
601 442 631 470 et
662 436 812 474 rebelles,
850 444 908 477 per
945 432 1138 471 sententias,

397 503 553 525 censuras
580 496 609 523 ct
635 501 755 534 poenas
781 486 1033 525 ecclesiasticas,
1063 485 1141 518 alia-

397 557 458 589 que
485 550 671 588 opportuna
699 543 776 575 iuris
811 546 841 574 et
874 539 945 573 sacti
984 537 1139 577 remedia,

398 598 619 642 appellatione
657 595 851 640 postposita,
877 590 1139 635 coinpescend03

398 652 618 695 legitimisque
644 660 743 693 super
770 648 820 681 liis
847 645 1007 679 habendis
1033 654 1141 677 serva-

400 706 438 737 tis
458 704 674 747 processibus,
690 711 843 734 censuras
863 705 894 732 et
912 708 1037 742 poenas
1057 696 1142 739 ipsas

400 759 495 790 otiam
523 757 646 790 iteratis
673 755 797 788 vicibus
824 751 1037 795 aggravando,
1058 749 1142 782 invo-

400 817 469 843 rato
489 810 582 843 etiam
602 810 638 842 ad
660 809 730 848 hoe,
749 807 772 839 si
794 817 874 850 opus
896 805 1002 845 suerit,
1022 803 1141 836 anxilio

401 863 524 897 brachii
552 861 738 895 saecularis.

446 919 459 962 ξ
484 917 516 951 8.
536 917 603 950 Non
631 915 837 949 obstantibus
863 914 918 946 lite
945 918 977 946 et
998 911 1144 945 cardina-

402 973 479 1005 lium
507 971 705 1003 resolutione
736 966 942 1011 supradictis,
975 976 1011 999 ae
1038 964 1141 998 felicis

402 1023 639 1058 recordationis
666 1021 821 1055 Ronisacii
841 1021 946 1064 Papae
966 1019 1029 1052 Ylll
1051 1029 1142 1062 prae-

402 1077 583 1111 decessoris
610 1077 705 1109 etiam
731 1074 833 1108 nostri
853 1074 891 1107 de
911 1074 987 1113 una,
1015 1078 1047 1105 et
1071 1082 1143 1104 eon-

402 1132 467 1165 eilii
493 1131 654 1173 generalis
688 1130 725 1162 de
752 1128 878 1161 duabus
906 1126 1022 1166 dietis,
1054 1125 1144 1158 dum-

403 1186 498 1218 modo
523 1185 606 1217 ultra
633 1190 695 1216 tres
721 1183 823 1215 dictas
857 1180 975 1223 aliquis
1008 1179 1143 1212 anctori-

403 1246 465 1272 tate
493 1237 710 1281 praesentium
738 1236 768 1268 in
804 1234 959 1267 iudiciuin
984 1243 1048 1266 non
1083 1238 1144 1264 tra·

403 1294 509 1332 hatur,
525 1302 650 1324 necnon
666 1290 754 1323 Pauli
770 1290 807 1323 lll
825 1288 943 1322 litteris
959 1286 1144 1331 praedietis,

403 1351 435 1378 et
460 1345 679 1378 Canrellariae
718 1341 927 1386 Apostolicae
962 1339 1073 1382 regula
1107 1339 1146 1371 de

403 1399 471 1431 iure
513 1397 658 1442 quaesito
700 1407 764 1429 non
803 1394 969 1435 tollendo,
1007 1393 1146 1435 aliisque

404 1451 696 1485 constitutionibus
723 1455 754 1483 et
775 1447 1043 1482 ordinationibus
1069 1456 1146 1490 apo-

405 1506 547 1545 stolicis,
567 1516 619 1545 ac,
639 1510 798 1548 quatenus
825 1513 908 1546 opus
936 1502 992 1540 sit,
1017 1499 1146 1542 collegii

404 1559 587 1603 praedicti,
625 1558 763 1601 aliisque
801 1555 1024 1600 quibuslibet,
1051 1554 1146 1586 etiam

404 1613 596 1652 iuramento,
617 1610 867 1644 confirmatione
886 1607 1080 1652 apostolica,
1097 1607 1147 1640 vel

405 1665 516 1709 quavis
545 1663 694 1697 firmitate
721 1664 781 1696 alisi
814 1661 985 1700 roboratis,
1020 1659 1148 1692 statutis

405 1725 437 1753 et
476 1717 787 1757 consuetudinibus,
813 1716 909 1750 etiarn
934 1715 1145 1748 immemora-

404 1773 544 1812 bilibus,
573 1771 752 1815 privilegiis
779 1780 929 1814 quoque,
954 1768 1091 1802 indultis
1118 1773 1149 1800 et

405 1825 520 1860 litteris
547 1824 747 1868 apostolicis,
770 1824 875 1857 eidem
902 1822 1042 1864 collegio
1068 1821 1149 1854 eius-

407 1891 468 1923 que
485 1878 646 1922 personis,
665 1878 722 1910 sub
745 1877 1008 1920 ‹pubiiscumque
1033 1875 1150 1907 verbo-

406 1943 476 1965 rum
503 1932 671 1965 tenoribus
698 1936 730 1964 et
764 1930 891 1970 formis,
919 1940 955 1962 ac
985 1940 1057 1962 cuin
1083 1927 1151 1971 qui-

406 1986 514 2019 busvis
540 1986 636 2019 etiam
669 1984 953 2027 derogatoriarum
981 1984 1151 2024 derogato-

406 2040 474 2080 riis,
495 2039 633 2082 aliisque
653 2038 901 2077 efficacioribus,
920 2036 1151 2070 efficacissimis

408 2099 436 2125 et
464 2093 602 2125 insolitis
629 2091 799 2131 clausulis,
819 2090 1089 2134 irritantibusque
1121 2094 1152 2122 et

408 2146 479 2179 aliis
502 2145 655 2184 decretis,
683 2145 714 2176 in
741 2154 862 2185 genere
888 2144 937 2176 vel
968 2143 999 2176 in
1025 2143 1148 2186 specie,

409 2199 504 2232 etiam
531 2204 635 2237 motu,
663 2198 799 2231 scientia
824 2203 855 2230 et
880 2197 1052 2240 potestatis
1084 2199 1152 2240 ple-

410 2252 557 2285 nitudine
584 2251 761 2291 similibus,
789 2262 824 2284 ae
862 2250 1151 2290 consistorialiter,

411 2311 440 2338 et
474 2305 551 2338 alias
593 2305 842 2348 quomodolibet
883 2304 914 2336 in
956 2304 1152 2337 contrariiim

411 2359 664 2402 praemissorum
685 2358 865 2398 concessis,
894 2357 1093 2391 confirmatis
1123 2363 1154 2390 et

411 2411 534 2455 pluries
566 2410 743 2451 innovatis3
783 2411 900 2454 quibus
937 2411 1089 2444 omnibus
1123 2415 1154 2443 et

412 2463 569 2506 singulis,
597 2463 721 2495 viiarnsi
749 2474 806 2506 pro
842 2474 952 2496 eorum
978 2462 1151 2496 sufficienti

413 2517 625 2557 derogatione
671 2517 709 2549 de
752 2517 815 2549 illis
857 2527 1036 2559 noruntque
1079 2517 1153 2549 totis

414 2570 581 2602 tenoribus
607 2570 771 2612 sperialis,
805 2570 970 2611 specifica,
1002 2579 1154 2612 expressa

414 2628 445 2657 et
471 2622 644 2664 indii-idua,
677 2633 712 2655 ae
746 2622 784 2655 de
817 2622 914 2655 verbo
939 2622 977 2654 ad
1009 2622 1152 2663 verbum,

1004 223 1183 248 nt‘LLAnitM
1210 222 1363 245 ROMANUM

1184 282 1249 304 non
1268 274 1375 304 autem
1394 281 1453 314 per
1473 271 1633 304 clausulas
1651 270 1822 313 generales
1840 269 1926 302 idem

1184 324 1418 367 importantes,
1450 323 1572 356 mentio
1611 334 1665 355 seu
1698 322 1829 366 quaevis
1865 322 1929 355 alia

1185 377 1351 420 expressio
1377 376 1529 409 habenda
1554 381 1608 409 aut
1630 376 1762 420 quaevis
1789 376 1850 408 alia
1875 387 1928 408 ex-

1184 430 1302 473 quisita
1331 430 1435 463 forma
1467 430 1506 462 ad
1538 429 1601 462 hoc
1637 429 1795 462 servanda
1825 429 1926 469 soret,

1185 488 1314 516 tenores
1347 483 1555 521 huiusmodi,
1587 493 1624 514 ae
1649 482 1674 514 si
1701 482 1740 514 de
1765 482 1863 515 verbo
1889 482 1927 515 ad

1184 536 1331 576 verbum,
1350 535 1432 568 nihil
1457 535 1586 579 penitus
1607 534 1745 575 omisso,
1771 539 1801 568 et
1828 535 1928 568 forma

1185 589 1216 621 in
1242 588 1308 622 illis
1336 589 1451 622 tradita
1469 588 1649 625 observata,
1670 587 1933 631 exprimerentur·

1185 647 1215 674 et
1241 642 1479 682 insererentur,
1504 641 1734 685 praesentibus
1752 651 1810 684 pro
1832 642 1930 685 plene

1186 700 1217 728 et.
1242 695 1443 728 sufficienter
1468 695 1629 738 expressis
1651 699 1682 728 et
1708 694 1839 728 insertis
1874 695 1930 728 ha-

1185 747 1324 789 bentes,
1352 748 1415 781 illis
1448 748 1528 781 alias
1560 748 1591 780 in
1620 758 1680 780 suo
1705 748 1826 780 robore
1859 757 1931 790 per-

1186 800 1359 841 mansuris,
1402 801 1441 834 ad
1480 800 1734 844 praemissorum
1771 799 1929 840 effectum,

1186 855 1248 887 hac
1276 855 1345 888 viee
1371 854 1552 893 dumtaxat,
1592 853 1780 897 specialiter
1816 859 1847 886 et
1879 863 1932 886 ex-

1186 919 1297 952 presse
1327 908 1541 950 derogamus,
1575 917 1611 939 ae
1635 907 1827 948 derogatum
1861 917 1931 939 esse

1186 963 1351 1002 volumus;
1379 961 1568 1005 ceterisque
1601 960 1774 993 contrariis
1800 960 1933 1004 quibus-

1187 1027 1339 1060 eumque.

1230 1070 1345 1103 Datum
1365 1069 1497 1109 Romae,
1520 1069 1606 1113 apud
1637 1068 1667 1101 S.
1693 1069 1835 1109 Petrum,
1872 1067 1932 1101 sub

1188 1124 1309 1157 annulo
1325 1123 1510 1163 piscatoris,
1526 1123 1578 1155 die
1595 1133 1625 1155 xi
1644 1121 1756 1166 aprilis
1775 1131 1932 1161 nnccxxv,

1188 1177 1400 1220 pontificatus
1434 1175 1537 1209 nostri
1564 1186 1648 1208 anno
1671 1186 1692 1208 1.

1225 1240 1287 1265 Dat.
1307 1238 1351 1265 die
1377 1239 1401 1265 Η
1427 1237 1520 1274 aprilis
1541 1238 1618 1271 1725,
1640 1237 1737 1273 pontif.
1760 1246 1831 1265 anno
1853 1245 1872 1265 1.

1523 1380 1583 1414 LV.

1190 1463 1344 1505 Erigyium·
1367 1462 1542 1505 colleyium
1575 1462 1793 1504 theologorum
1826 1463 1862 1494 in
1893 1462 1935 1493 ci-

1235 1516 1334 1549 vitate
1370 1515 1597 1549 Caesenalensi
1628 1526 1702 1547 cum
1735 1514 1936 1558 quibusdam

1234 1569 1480 1613 saeitllatz'bus'.

1373 1650 1556 1678 Benedictus
1578 1650 1657 1683 Papa
1678 1649 1754 1681 xm,

1310 1696 1346 1723 ad
1368 1698 1547 1730 perpetuam
1568 1695 1614 1721 rei
1635 1693 1821 1721 memoriam.

1240 1768 1281 1801 Ex
1311 1768 1457 1801 iniuncto
1477 1766 1570 1800 nobis
1589 1766 1745 1800 divinitus
1764 1765 1936 1809 pastoralis

1194 1821 1427 1855 sollicitudinis
1454 1831 1603 1860 munere,
1622 1829 1786 1852 sacrarum
1813 1819 1938 1852 littera-

1193 1887 1264 1909 rum
1290 1881 1320 1909 et
1337 1874 1532 1919 praesertin]
1550 1872 1754 1916 theologicae
1777 1872 1937 1906 facultatis

1194 1929 1300 1962 studia
1325 1929 1410 1961 inter
1435 1926 1640 1961 cristitideles
1666 1926 1872 1970 potissimum
1904 1926 1937 1959 in

1194 1989 1314 2016 sortem
1341 1981 1466 2015 Domini
1489 1986 1630 2021 vocatos,
1651 1990 1686 2013 ac
1703 1980 1797 2013 nobis
1815 1984 1847 2013 et
1862 1979 1938 2013 huic

1194 2037 1330 2070 Sanctae
1356 2035 1430 2068 Sedi
1457 2034 1488 2067 in
1509 2033 1747 2078 temporalibus
1769 2033 1935 2074 subditos,

1196 2088 1392 2133 opportunis
1419 2087 1598 2121 rationibus
1623 2087 1763 2120 excitare
1796 2091 1829 2120 et
1863 2097 1939 2131 pro-

1197 2153 1328 2176 movere
1354 2141 1542 2185 satagimus,
1571 2151 1607 2174 ae
1631 2146 1665 2173 ut
1682 2141 1811 2174 debitus
1830 2140 1940 2173 virtuti

1197 2198 1303 2230 honor
1331 2195 1530 2239 rependatur
1548 2194 1692 2228 libenter
1712 2194 1937 2238 providemus,

1196 2250 1280 2282 sieut
1304 2249 1343 2282 ad
1370 2248 1609 2292 omnipotentis
1634 2247 1689 2280 Dei
1716 2247 1863 2290 gloriam,
1890 2257 1940 2280 re-

1198 2302 1331 2346 ligionis
1350 2302 1447 2336 decus
1465 2307 1496 2335 et
1513 2302 1761 2341 incrementum,
1781 2310 1816 2333 ac
1834 2300 1942 2333 callio·

1234 2411 1242 2435 1
1269 2408 1419 2435 iunocentii
1440 2407 1498 2435 xil}
1521 2410 1606 2434 const.
1637 2406 1703 2434 edit.
1733 2412 1869 2439 innccxxn,
1897 2405 1942 2433 die

1198 2454 1229 2480 19
1257 2453 1375 2488 augusti,
1407 2452 1503 2488 pontis.
1533 2459 1562 2486 ιι,
1590 2456 1679 2478 erecta
1704 2451 1753 2478 fuit
1779 2450 1942 2478 universitas

1196 2497 1279 2524 studii
1300 2496 1436 2531 generalis
1456 2496 1481 2523 in
1508 2496 1616 2523 civitate
1643 2495 1669 2521 S.
1691 2494 1780 2522 lacobi
1808 2495 1841 2521 de
1868 2494 1940 2521 Leon

1197 2543 1230 2568 de
1256 2542 1372 2568 Caracas
1392 2542 1419 2568 in
1441 2541 1524 2568 lndiis
1545 2540 1784 2572 Occidentalibus;
1806 2544 1833 2566 et
1860 2539 1942 2567 liuius

1199 2586 1334 2612 l'ontiticis
1361 2586 1470 2612 constit.
1494 2585 1558 2612 edit.
1581 2591 1737 2616 nuccxxvn,
1766 2583 1810 2610 die
1839 2586 1849 2610 1
1873 2583 1940 2617 iulii,

1197 2630 1292 2665 pontit.
1320 2637 1357 2664 ir,
1379 2629 1494 2664 erigitur
1513 2629 1540 2656 in
1562 2629 1670 2656 civitate
1691 2627 1885 2655 Canierinensi.

1934 219 1983 244 An.
2006 219 2034 245 C.
2054 218 2120 248 ⁴725

1975 1763 2096 1785 Exordium.
