2170 3147
174 192 220 216 Αη.
238 190 266 215 C.
292 189 358 216 1727

406 179 470 213 540
953 185 1137 210 numanum
1163 186 1318 211 nomnen
1913 188 1964 214 An.
1979 188 2007 216 c,
2029 189 2094 218 ¹727

372 238 591 272 ecclesiastica
627 241 831 270 sacramenta
866 235 1045 274 ministret,
1073 235 1112 267 de

373 292 560 335 praeceptis
587 292 721 333 regulae
753 291 906 329 instruat,
933 299 1112 332 congrega-

372 346 519 386 gationrs
545 350 598 376 aut
623 354 818 385 congressus
840 348 1007 381 convocet,
1028 347 1058 374 ct
1081 341 1112 373 in

372 398 449 439 ipsis
475 397 553 428 sicut
581 397 612 428 iu
639 397 711 428 aliis
746 396 1005 439 (piibuscumque
1031 394 1111 427 acti-

370 450 430 481 bus
456 456 487 482 et
513 450 732 494 functionibus
751 449 958 492 praesideat,
984 459 1111 481 necnon

371 504 533 546 (locorum
558 502 738 536 Ordinariis
757 508 789 535 et
810 503 881 535 aliis
903 503 1113 546 quibuscum-

371 567 444 600 que,
470 557 609 589 cuiusvis
631 562 746 595 status,
763 557 881 598 gradus
900 562 931 589 et
952 556 1112 589 conditio-

370 611 419 642 nis
456 611 613 655 existant,
639 616 670 642 ct
696 620 903 653 quacumque
936 610 1112 653 fungantur

370 663 581 701 anctoritate,
607 673 739 706 semper
760 663 911 704 exclusis>
934 673 1112 705 congrega-

371 716 475 750 tiones
501 717 570 749 illas
596 728 632 749 ac
658 727 815 759 personas
841 716 938 749 Tertii
960 715 1110 755 Ordinis,

370 769 435 802 sive
463 770 604 802 virorum
631 770 848 812 collegialiter
874 774 928 802 aut
959 770 992 801 in
1029 771 1112 802 clau-

369 823 454 860 stris,
471 823 536 855 sive
558 823 730 856 mulierum
757 833 829 855 cum
856 833 1013 865 expresso
1037 830 1111 856 voto

370 881 406 908 nt
429 887 544 919 supra,
577 878 624 909 vel
656 887 728 909 cum
763 877 864 909 tribus
893 877 976 909 votis
1002 876 1112 908 viven-

370 929 459 968 tium,
499 929 621 969 domos,
648 929 900 967 conservatoria,
927 929 1111 972 hospitalia,

371 983 583 1022 monasteria,
610 984 675 1015 sive
701 983 839 1025 collegia
865 993 1112 1026 quaecumque,

371 1047 406 1068 ae
433 1047 639 1080 quocumque
678 1036 809 1070 nomine
846 1037 1029 1080 appellata,
1061 1041 1135 1069 ca-¹

370 1091 474 1132 pellas
512 1101 658 1133 quoque,
699 1090 843 1123 oratoria
884 1096 916 1123 et
956 1090 1135 1123 ecclesias*

369 1142 468 1185 pleno
494 1143 564 1176 iure
589 1143 739 1182 visitare,
768 1143 951 1182 instruere,
977 1149 1111 1186 paterne

371 1196 547 1238 corrigere,
574 1207 610 1229 ac
636 1197 836 1235 reformare,
863 1203 925 1229 tam
952 1197 984 1229 in
1006 1197 1110 1239 capite
1133 1201 1135 1230 l

371 1260 464 1293 quam
481 1250 513 1281 in
532 1250 697 1289 memhris,
716 1250 754 1282 ad
773 1250 987 1283 cassationem
1006 1261 1110 1293 usque

370 1303 516 1336 mantelli
542 1309 572 1336 et
599 1303 745 1343 babitus,
778 1309 876 1347 atque
913 1303 952 1336 ad
980 1303 1134 1335 eiectio-l

370 1367 442 1390 nem
470 1368 486 1389 e
512 1357 671 1400 collegio,
704 1357 852 1390 restituta
878 1358 996 1390 collata
1022 1357 1109 1395 dote,

370 1416 469 1454 prout
494 1410 533 1443 de
560 1410 645 1450 inre,
678 1410 776 1444 immo
802 1411 898 1444 etiam
934 1411 973 1443 ad
1010 1410 1112 1453 ipsius

371 1464 499 1506 collegii
526 1464 811 1507 suppressionem,
844 1466 893 1498 vel
919 1466 1034 1498 saltem
1071 1465 1111 1497 ab

371 1515 490 1549 Ordine
516 1517 765 1558 abdicationem,
791 1528 850 1561 pro
875 1528 984 1550 rerum
1002 1518 1113 1551 condi-

374 1571 460 1603 tione
486 1578 517 1604 et
550 1576 636 1604 statu
670 1572 872 1615 procedere,
906 1572 1035 1615 aliaque
1072 1573 1111 1605 ad

371 1624 491 1657 bonum
518 1624 647 1657 Ordinis
672 1625 810 1669 praefati
837 1625 997 1668 regimen,
1023 1625 1113 1658 iuxta

372 1678 516 1710 eiusdem
551 1683 691 1718 statuta,
720 1679 873 1711 ordinare
910 1684 942 1711 et
975 1678 1109 1721 exequi,

372 1732 645 1773 quemadmodum
679 1732 741 1764 sibi
773 1732 806 1764 in
843 1732 979 1765 Domino
1016 1742 1113 1775 expe-

373 1784 464 1817 diens
491 1784 557 1818 fore
583 1785 765 1824 videbitur,
785 1790 827 1824 et,
846 1785 974 1829 quoties
1000 1785 1059 1817 sibi
1078 1785 1113 1817 li-

372 1838 494 1877 buerit,
514 1838 615 1871 libros
642 1845 673 1871 et
698 1840 838 1871 rationes
865 1838 1048 1872 reddituum
1075 1849 1134 1889 ac,

372 1891 558 1929 bonorum,
589 1892 655 1924 sive
696 1893 1009 1935 congregationum,
1047 1892 1111 1923 sive

1133 1789 1135 1800 t

1133 1813 1134 1823 i

1202 235 1216 277 g
1242 235 1295 268 35.
1327 235 1364 268 Ut
1388 240 1494 269 autem
1518 236 1687 279 praedicta
1704 236 1811 269 omnia
1828 246 1900 270 eum
1927 248 2096 282 ‘Praescribitur

1158 289 1318 332 spirituali
1344 300 1380 323 ac
1413 290 1583 333 temporali
1617 290 1715 323 etiam
1741 291 1899 334 praedicti
1912 277 2097 332 321?5¹053'¹„30⁰s2²;l

1157 342 1288 375 Ordinis
1313 342 1517 376 incremento
1543 343 1582 376 ad
1609 329 2097 387 0011111111]])ι’ί10(11-“Ξῗιὲἷ’ςιὲ5ηἱῑῖἷιςζῖἷ

1157 401 1227 429 ctae
1259 397 1392 438 regulae
1430 396 1572 430 exactius
1610 397 1825 431 observentur
1860 385 2097 435 ablfssfflss'gg'lssfft’li

1157 449 1330 489 omnibus,
1358 450 1396 483 ad
1423 461 1502 493 quos
1528 455 1652 493 spectat
1677 455 1708 483 et
1732 461 1793 494 pro
1819 455 1900 484 tem·
1912 436 2033 489 ᾗῗζῗῃῗὲῗω
2074 443 2097 458 ⁸'

1157 513 1237 545 pore
1277 503 1454 546 spectabit,
1494 503 1641 536 districte
1678 504 1900 547 praecipimus

1156 556 1308 589 omnibus
1331 563 1362 590 et
1386 558 1523 600 singulis
1552 558 1682 590 Ordinis
1707 558 1900 601 professori-

1156 610 1216 642 bus
1242 622 1303 653 per
1334 616 1435 644 totuin
1472 613 1586 644 orbem
1625 611 1839 645 existentibus
1864 622 1901 644 ac

1157 664 1313 702 ertituris,
1333 664 1567 708 cuiuscumque
1593 665 1710 707 gradus
1732 675 1768 697 ac
1788 665 1902 698 condi-

1157 717 1252 749 tionis
1279 718 1427 756 existant,
1449 718 1669 762 etpraecipue
1689 717 1901 762 quibuscum-

1157 780 1219 812 que
1255 771 1412 812 gradibus
1450 777 1481 803 et
1519 781 1726 814 quocumque
1766 771 1900 804 nomine

1156 824 1358 867 nuncupatis,
1382 824 1599 867 collegialiter
1616 830 1670 857 aut
1695 825 1725 857 in
1751 825 1900 858 claustris

1157 877 1402 915 babitantibus,
1429 888 1555 909 necnon
1583 878 1614 910 in
1639 878 1772 921 privatis
1798 878 1900 911 domi-

1156 931 1227 970 bus,
1256 931 1341 962 iuxta
1366 931 1545 974 praedicta,
1572 941 1644 963 cum
1672 936 1746 964 voto
1766 931 1901 964 viventi-

1157 983 1237 1023 bus,
1269 989 1324 1023 ut,
1357 984 1630 1027 quemadmodum
1665 994 1779 1017 eorum
1814 984 1900 1017 Ordo

1156 1047 1227 1068 cum
1254 1037 1358 1079 primo
1384 1036 1503 1070 Ordine
1537 1037 1668 1070 fratrum
1694 1037 1901 1070 Praedicato-

1157 1101 1227 1123 rum
1267 1096 1298 1123 et
1333 1091 1478 1124 secundo
1518 1091 1708 1125 monialium
1747 1091 1898 1124 eumdem

1157 1143 1257 1177 babet
1281 1150 1403 1187 patrem
1431 1150 1462 1178 et
1487 1145 1707 1188 patriarcham
1733 1145 1766 1177 in
1803 1144 1900 1177 caelis

1158 1197 1294 1230 feliciter
1320 1203 1524 1241 regnantem,
1553 1199 1633 1231 adeo
1665 1203 1700 1230 ut
1731 1198 1769 1230 ab
1803 1198 1899 1230 Inno-

1156 1251 1264 1283 centio
1288 1251 1338 1284 vlt
1368 1251 1399 1283 in
1431 1251 1522 1284 Bulla
1559 1251 1748 1294 supradicta
1784 1261 1899 1284 omnes

1155 1305 1366 1347 appellentur
1396 1305 1514 1347 fratres
1554 1310 1582 1337 et
1617 1315 1739 1337 sorores
1766 1303 1901 1338 Ordinis

1133 1381 1134 1384 η
1155 1357 1438 1396 Praedicatorum,
1459 1359 1519 1401 qui
1532 1362 1767 1401 atencupanlar
1783 1357 1900 1400 fratres

1155 1415 1184 1442 et
1209 1421 1331 1443 sorores
1356 1411 1393 1444 cle
1418 1411 1628 1444 Paenitentia
1652 1411 1684 1444 S.
1711 1411 1898 1451 Damnioi,-

1158 1465 1199 1497 ita
1225 1475 1296 1497 cum
1324 1470 1462 1508 utroque
1484 1465 1540 1498 illo
1557 1464 1678 1497 Ordine
1696 1475 1794 1497 unum
1814 1474 1901 1498 eum-

1156 1517 1298 1561 demque
1329 1518 1361 1551 in
1393 1517 1486 1551 terris
1519 1528 1742 1551 successorem
1775 1517 1810 1550 B.
1838 1517 1900 1550 Do-

1156 1572 1263 1605 minici
1291 1582 1327 1605 ac
1353 1572 1448 1605 totius
1473 1571 1602 1605 Ordinis
1636 1571 1899 1604 Praedicatorum

1156 1625 1345 1667 magistrum
1372 1627 1576 1668 generalem,
1612 1625 1732 1658 deinde
1768 1624 1900 1668 provin-

1156 1679 1278 1718 cialeS,
1304 1684 1340 1711 ut
1365 1679 1445 1712 alios
1484 1678 1656 1711 inferiores
1705 1678 1744 1711 ab
1781 1678 1898 1711 eodem

1157 1732 1312 1774 magistro
1350 1732 1494 1775 generali
1531 1733 1570 1764 de
1615 1742 1707 1765 more
1744 1732 1899 1774 delegan-

1157 1786 1227 1826 dos,
1249 1791 1411 1829 tamquam
1438 1795 1552 1818 eorum
1574 1795 1667 1817 veros
1685 1791 1715 1817 et
1733 1784 1898 1828 legitimos

1155 1839 1340 1882 superiores
1378 1840 1580 1883 suscipiant,
1615 1844 1830 1879 venerentur,
1863 1848 1899 1871 ac

1133 1900 1134 1933 j
1156 1899 1359 1935 agnoscant,
1387 1894 1425 1925 ad
1452 1903 1506 1925 cos
1539 1893 1637 1925 dubia
1673 1901 1898 1935 quaecumque

373 1944 582 1987 collegiorum
610 1956 906 1989 quorumcumque,
934 1956 998 1978 non
1020 1956 1112 1978 secus
1156 1947 1241 1978 circa
1267 1947 1413 1989 regulam
1441 1952 1472 1979 et
1504 1951 1621 1978 statuta
1653 1946 1820 1985 referant,
1845 1955 1900 1978 eo-

373 2006 410 2029 ac
442 1998 710 2031 monasteriorum
748 2010 784 2031 ac
817 1999 1023 2041 singulorum
1050 1999 1110 2031 sibi
1132 2001 1134 2041 ζ
1155 2010 1293 2043 rumque
1320 1999 1440 2032 iudicio
1467 2000 1550 2032 circa
1573 2000 1687 2032 eadem
1707 1998 1805 2031 dubia
1826 2008 1898 2032 sese

373 2049 471 2093 pleno
496 2051 564 2083 iure
590 2051 819 2092 subiectorum,
846 2058 942 2096 atque
968 2052 1008 2085 ab
1040 2063 1113 2086 exa·
1155 2053 1377 2091 conforment,
1419 2054 1555 2085 maxime
1589 2063 1688 2096 quum
1714 2053 1825 2094 regula
1860 2051 1900 2084 ad

1133 2101 1134 2119 l

374 2102 529 2143 ctoribus,
554 2105 724 2147 agentibus
746 2111 776 2137 et
797 2105 1112 2138 administratoribus
1133 2124 1134 2148 3

374 2155 629 2200 quibuscumque
655 2159 814 2191 rationem
841 2159 1026 2192 reddituum
1053 2169 1112 2202 per

374 2218 428 2241 eos
454 2210 754 2244 administratorum
773 2222 1022 2255 recognoscere,
1045 2223 1111 2245 exa·

374 2262 495 2296 minare
509 2274 544 2296 ac
559 2264 688 2307 exigere
706 2265 806 2308 possit
825 2271 857 2299 et
874 2267 990 2305 valeat,
1011 2272 1111 2305 motu,

375 2316 507 2348 scientia
540 2323 571 2350 et
603 2323 760 2360 potestate
792 2319 969 2362 praedictis
999 2320 1111 2352 dantes

1132 2182 1134 2229 l

1155 2107 1280 2149 culpam
1308 2117 1344 2138 ex·
1373 2117 1405 2137 sc
1431 2117 1495 2138 non
1522 2106 1666 2148 obliget,
1693 2106 1749 2138 sed
1776 2110 1899 2138 tantum

1155 2160 1193 2192 ad
1220 2170 1373 2202 poenam,
1401 2160 1535 2202 eiusque
1574 2158 1777 2192 rationabilis
1814 2159 1899 2197 rela-

1156 2214 1240 2245 xatio
1268 2213 1307 2246 sit
1344 2213 1375 2245 in
1416 2224 1510 2246 manu
1548 2213 1682 2246 discreti
1720 2212 1898 2256 superioris

1155 2267 1351 2306 constituta,
1380 2267 1579 2310 iisdemque,
1608 2266 1762 2310 privative
1789 2265 1899 2309 quoad

1133 2347 1135 2359 ,
1156 2321 1246 2360 alios,
1268 2321 1298 2353 in
1314 2320 1466 2353 omnibus
1489 2320 1765 2353 concernentibus
1784 2329 1898 2352 eorum

376 2370 503 2411 plenam
531 2370 712 2404 facultatem
738 2372 964 2415 superioribus
985 2372 1113 2406 Ordinis
1156 2373 1320 2412 Ordinem,
1336 2384 1396 2406 nec
1422 2375 1554 2416 regulae
1582 2373 1728 2407 instituto
1747 2384 1784 2406 ac
1809 2383 1898 2416 prae-

377 2422 560 2464 praedictos
587 2430 768 2465 exactores,
787 2431 923 2468 agentes
939 2432 969 2459 et
985 2428 1113 2470 quosvis
1133 2414 1135 2468 l
1156 2427 1259 2469 ceptis
1296 2426 1452 2469 praefatis
1490 2432 1602 2470 aperte
1628 2426 1816 2466 contrariis,
1843 2436 1899 2469 pa-

377 2475 656 2509 administratores
672 2477 754 2510 iusta
767 2478 805 2511 de
819 2481 913 2512 causa
926 2481 1113 2513 removendi
1134 2470 1135 2507 l
1157 2485 1249 2511 rcant
1273 2486 1304 2512 et
1329 2480 1505 2519 obediant,
1534 2480 1619 2523 quod
1646 2480 1671 2512 si
1693 2490 1787 2513 secus
1814 2479 1899 2512 sece-

377 2538 413 2562 ac
431 2529 586 2569 mutandi,
603 2540 638 2562 ac
654 2531 749 2563 etiam
766 2542 879 2564 eorum
899 2533 971 2566 1000
985 2533 1113 2576 religio·
1156 2533 1229 2573 rint,
1256 2533 1296 2565 ab
1321 2533 1436 2566 iisdem
1463 2534 1597 2573 cassari,
1626 2533 1737 2566 babitu
1755 2533 1897 2576 spoliari,

377 2592 447 2615 sum
465 2583 650 2625 qnempiam
669 2583 821 2617 idoneum
842 2585 1073 2619 substituendi.
1135 2615 1136 2624 ,
1157 2592 1252 2629 atque
1280 2586 1376 2618 ctiam
1413 2597 1447 2618 cx
1475 2585 1622 2628 collegiis
1647 2586 1742 2618 niodo
1768 2585 1897 2628 praedi-
