2170 3147
817 184 1010 208 nexemcrts
1039 184 1092 207 xm
1118 184 1164 208 ιι3
1623 173 1681 206 141
1735 185 1781 207 An
1805 183 1833 206 c.
1855 182 1882 207 ιτ
1886 182 1920 208 25

208 239 347 266 terarum
373 233 510 267 scientia
534 232 817 276 laudabilibusque
850 232 1244 274 disci-§2.te1·‚t1m
1263 243 1334 265 cum
1357 233 1462 265 clexus
1480 230 1723 265 Caesenatensis
1763 242 1812 262 rel
1795 248 1848 262 non
1872 243 1919 263 ntes

206 286 302 330 plinis
328 287 515 330 progressui
541 290 726 329 opportune
751 285 940 324 consulitur,
1737 270 1756 288 ¹¹¹
1746 272 1778 288 ¹''¹
1806 270 1836 288 ⁰⁹¹
1827 276 1883 288 “¹¹¹¹
1900 271 1920 288 ¹²¹

24 187 72 212 Αῐι.
89 186 118 213 C.
140 185 206 213 1725

14 507 111 528 Refertur
151 512 195 527 ere·

14 535 56 554 etio
71 534 120 554 ducti
133 535 194 554 colte-

13 561 49 586 gli,
63 566 88 580 ac
104 560 192 580 favulla·

13 589 45 607 tes
60 588 127 607 eutem
146 593 195 607 con-

13 618 94 634 cessae.

987 294 1023 326 gr
1026 284 1112 316 wius
1138 295 1265 330 semper
1291 285 1432 324 tulisset,
1453 295 1487 316 ac
1512 283 1636 327 pluries
1654 294 1725 316 con
1737 301 1753 315 c
1758 296 1803 318 ιι,
1799 301 1841 314 ιιι
1837 302 1883 321 ...ι
1886 301 1920 315 e

206 339 375 382 partoralis
396 350 489 372 curae
514 345 643 372 nostrae
669 344 778 381 partes
804 338 943 371 libentet
1696 336 1701 341 '
1737 322 1769 342 ¹¹¹
1774 324 1823 341 '¹¹⁰¹'

167 392 173 399 “
206 391 456 436 interponimus,
475 396 571 435 prout
595 392 627 424 in
652 391 788 424 Domino
813 390 942 433 conspi-

205 445 304 478 cimus
330 445 503 478 salubriter
527 444 692 487 expedire.

206 602 309 641 tensi,

205 654 438 688 Romandiolae
473 653 568 686 unica
607 652 726 690 existit,
764 651 941 693 collegium

205 707 399 747 iuristarum,
425 705 537 749 viginti
565 705 754 738 doctoribus
780 709 941 743 constans,

204 761 325 794 dudum
358 765 500 793 erectum
538 758 732 802 reperiatur,
766 767 802 790 ac
838 756 965 789 eideml

204 813 345 856 collegio
372 812 474 846 felicis
500 811 734 845 recordationis
758 810 859 843 Iulius
886 809 943 842 Pa-

205 876 243 908 pa
277 865 301 898 lt
339 865 575 908 praedecessor
613 868 734 901 noster,
771 872 831 905 per
869 871 942 893 suas

205 919 328 951 litteras
361 918 411 951 die
443 927 515 951 xxiv
547 916 625 949 iunii
658 926 736 949 mmv
765 915 941 958 expeditas,

205 1024 271 1057 riae
297 1024 442 1056 Clemens
467 1024 552 1066 Papa
576 1023 627 1055 Vll
663 1022 812 1055 simililer
847 1032 941 1065 prae-

206 1078 360 1110 decessor
385 1082 506 1115 noster,
531 1086 588 1119 per
609 1086 682 1108 suas
707 1075 829 1108 litteras
853 1085 870 1107 x
899 1075 943 1107 se·
964 1071 965 1098 l

726 1129 805 1161 dnos
839 1129 876 1160 ad
911 1128 965 1160 id'

205 1130 327 1163 bruarii
353 1140 471 1163 mnxxtv
508 1134 686 1168 emanatas,

207 1183 342 1216 idoneos
369 1181 543 1225 quotannis
567 1182 605 1214 ad
632 1181 767 1224 gradum
794 1180 942 1213 doctora-

208 1242 256 1269 tus
282 1237 312 1268 in
338 1242 475 1279 utroque
500 1236 580 1277 iure,
606 1235 740 1267 servatis
766 1234 941 1273 servandis,

207 1290 416 1333 promovendi
444 1289 627 1321 facultatem
664 1287 843 1331 respective
869 1297 944 1320 con-

207 1343 380 1381 cesserint;
407 1342 555 1385 haecque
573 1342 716 1380 facultas,
739 1352 755 1373 a
779 1341 943 1374 Clemente

208 1396 458 1439 praedecessore
482 1405 649 1435 concessa,
676 1395 715 1427 ad
747 1394 827 1426 alios
864 1394 944 1427 duos

208 1449 300 1481 annis
325 1448 461 1491 singulis
488 1449 672 1481 doctoratus
706 1449 816 1481 laurea
848 1447 944 1480 deco-

209 1501 339 1541 randos,
366 1512 382 1534 a
406 1501 479 1544 piae
505 1500 681 1534 memoriae
701 1500 798 1533 Paulo
817 1500 901 1544 Papa
920 1500 944 1531 V

208 1554 462 1597 praedecessore
488 1553 610 1596 pariter
641 1558 751 1586 nostro
784 1563 841 1596 per
871 1563 943 1585 suas

209 1607 259 1640 die
285 1617 320 1640 ιιι
346 1607 541 1650 septembris
565 1615 650 1639 nncx
673 1606 815 1649 desuper
840 1605 941 1639 editas

208 1660 331 1693 litteras
357 1660 529 1703 ampliata,
555 1663 585 1693 et
609 1670 722 1692 omnes
748 1659 869 1702 gratiae
891 1670 944 1692 su-

208 1712 372 1756 pradictae
391 1724 405 1745 a
425 1712 536 1746 similis
561 1712 790 1746 recordationis
808 1713 943 1745 Alex-an-

210 1765 267 1798 dro
292 1765 341 1798 vll
367 1769 397 1799 et
420 1765 583 1799 Clemente
609 1766 630 1798 X
656 1765 808 1798 Romanis
834 1765 944 1798 Ponti-

211 1819 322 1852 ficibus
337 1820 644 1863 praedecessoribus
663 1830 793 1864 quoque
812 1820 943 1859 nostris,

211 1882 269 1914 per
293 1882 403 1905 eorum
439 1872 565 1905 litteras
603 1873 654 1906 die
692 1883 727 1906 ιιι
764 1872 944 1906 decembris

211 1933 341 1958 nnctvu
355 1930 386 1957 et
400 1925 450 1958 die
467 1935 565 1958 xxvni
583 1925 776 1968 septembris
794 1935 944 1959 MDCLxxv

214 1977 389 2020 expeditas,
408 1988 479 2010 cum
502 1979 714 2011 concessione
734 1979 850 2012 indulti
878 1989 943 2011 non

214 2030 318 2062 solum
351 2032 530 2073 praedictos
564 2039 717 2075 quatuor,
758 2033 813 2065 sed
847 2033 943 2066 etiam

216 2092 433 2126 quoscumque
458 2085 535 2117 alios
557 2085 690 2119 idoneos
709 2086 856 2119 similiter
873 2097 945 2129 pro-

215 2134 374 2175 movendi,
413 2146 471 2178 per
506 2138 653 2170 eumdem
688 2138 883 2172 Clementem
919 2139 944 2171 X

216 2187 497 2229 praedecessorem
527 2190 619 2230 sacta,
645 2191 852 2225 confirmatae
878 2193 945 2225 sue-

216 2239 300 2279 rint;
339 2250 465 2273 necnon
503 2241 575 2285 piae
616 2244 789 2277 memoriae
830 2245 967 2278 Paulus

215 2291 300 2335 Papa
320 2292 357 2325 111
375 2294 612 2336 praedecessor
632 2296 726 2328 etiam
744 2302 868 2337 noster,
886 2308 946 2341 per

214 2355 290 2377 suas
315 2345 366 2378 die
390 2356 447 2379 xxx
472 2346 654 2381 decembris
679 2359 801 2382 nnxxxv
833 2351 946 2384 condi-

216 2403 262 2431 tas
287 2398 431 2438 litteras,
463 2400 571 2433 omnia
606 2407 731 2442 statuta,
768 2403 943 2447 privilegia,

213 2451 435 2485 ordinationes
460 2459 492 2486 et
522 2454 651 2487 decreta
687 2455 774 2488 dicto
809 2457 945 2500 collegio

213 2504 399 2537 iuristarum
425 2512 558 2539 eatenus
583 2517 750 2549 concessa,
776 2509 945 2543 confirma-

213 2557 306 2590 verit⁴

987 342 1118 379 questus
1159 338 1283 379 suisset,
1323 338 1408 380 quod
1451 337 1517 380 ipse
1543 348 1560 369 a
1585 337 1724 378 collegio

987 388 1147 421 eiusmodi
1189 365 1442 429 excluderetur,
1481 400 1539 422 nec
1584 400 1725 432 unquam

963 458 964 466 ι
989 441 1137 473 obtinere
1158 443 1295 474 valuerit
1314 443 1397 474 utin
1417 453 1456 475 eo
1477 443 1724 480 admitteretur;

249 495 263 539 ἓ
289 496 319 528 1.
346 495 421 528 Cum
447 495 568 538 itaque,
588 494 669 527 sicut
689 493 882 537 accepimus,
909 492 941 524 in
963 510 964 516 ι

207 549 418 582 universitate
453 548 548 581 studii
587 547 748 590 generalis
787 539 964 579 Caesena-³

347 612 430 645 quac
462 602 494 634 in
528 604 592 634 tota
629 599 794 643 provincia
832 595 965 642 nostra}

987 495 1134 538 quinimo
1167 506 1251 528 anno
1284 505 1448 535 sinecion,
1481 496 1537 528 lite
1571 495 1725 528 adversus

987 547 1114 580 iuristas
1140 547 1240 580 laicos
1267 547 1299 579 in
1332 547 1590 590 Congregatione
1631 558 1726 580 vene-

988 600 1138 633 rabilium
1159 601 1292 633 fratrum
1318 607 1503 633 nostrorum
1524 601 1634 633 S.tt.E.
1662 611 1728 632 car-

988 653 1144 686 dinalium
1185 653 1379 685 immunitati
1417 653 1659 686 ecclesiasticae
1696 658 1727 685 et

987 706 1219 739 controversiis
1248 706 1556 739 iurisdictionalibus
1589 716 1728 748 praepo-

987 759 1048 791 sita
1082 760 1120 792 ad
1153 759 1273 792 iurium
1304 770 1435 792 suorum
1471 759 1639 792 tuitionem
1676 760 1728 791 de-

987 822 1086 855 super
1124 814 1220 851 mota,
1261 812 1457 844 contrariam
1492 811 1726 844 resolutionem

964 883 965 894 ι
987 876 1100 908 passus
1126 866 1232 906 suerit,
1251 865 1336 898 binis
1362 865 1566 908 potissimum
1584 865 1725 898 innixam

964 950 965 961 ,
987 918 1226 958 fundamentis,
1253 918 1358 961 primo
1378 918 1539 958 nimirum⁷
1566 918 1652 962 quod
1670 929 1727 961 per

205 971 351 1004 notarios
376 971 518 1009 creandi,
544 975 575 1003 et
599 969 792 1002 recolendae
821 963 965 1000 memo-¹¹

987 977 1105 1005 statuta
1130 972 1205 1004 dicti
1231 972 1372 1014 collegii,
1397 983 1414 1004 a
1440 977 1622 1005 memorato
1648 972 1727 1004 Pau-

987 1025 1016 1058 lo
1035 1025 1074 1058 tlt
1099 1025 1354 1068 praedecessore
1381 1025 1589 1064 confirmata,
1616 1035 1728 1068 perso-

988 1088 1101 1110 narum
1129 1078 1423 1110 ecclesiasticarum
1449 1078 1600 1111 admissio
1621 1078 1653 1110 in
1676 1088 1728 1110 eo-

987 1131 1059 1164 dem
1096 1131 1237 1173 collegio
1273 1131 1511 1173 proliibeatur3
1539 1136 1570 1163 et
1596 1131 1724 1169 altero,

988 1184 1077 1226 quod
1100 1183 1185 1216 idem
1205 1184 1379 1225 collegium
1405 1183 1586 1216 institutum
1612 1184 1727 1222 suerat,

965 1256 966 1260 ι
987 1242 1022 1269 ut
1039 1236 1155 1269 exinde
1182 1236 1296 1269 haberi
1322 1242 1458 1279 possent
1483 1236 1662 1280 iurisperiti
1689 1236 1727 1269 ad

988 1290 1113 1322 diversa
1138 1288 1243 1322 officia
1259 1288 1451 1330 saecularia,
1470 1299 1540 1321 cum
1562 1294 1648 1321 statu
1675 1300 1727 1322 ec-

989 1342 1172 1375 clesiastico
1198 1342 1466 1385 incompatibilia,
1492 1342 1692 1375 exercenda:

1032 1397 1046 1439 ἓ
1071 1396 1103 1429 3.
1131 1396 1203 1435 Sed,
1229 1395 1313 1428 sicut
1337 1396 1545 1439 postmodum
1565 1405 1624 1438 per
1642 1406 1729 1428 eum-

988 1450 1061 1483 dem
1086 1450 1208 1482 clerum
1234 1449 1495 1481 animadversum
1515 1449 1584 1488 suit,
1611 1436 1774 1481 statutalim

987 1503 1153 1546 praedicta
1184 1501 1315 1535 nonnisi
1347 1501 1379 1534 in
1414 1501 1516 1534 forma
1549 1501 1725 1542 communi,

987 1562 1021 1587 ut
1046 1560 1180 1594 vocant,
1213 1559 1244 1587 et
1276 1565 1349 1587 cum
1375 1555 1537 1594 clausula,
1568 1559 1728 1597 quatenus

988 1607 1081 1640 licita
1112 1612 1139 1640 el
1173 1608 1323 1647 honesta,
1354 1608 1520 1650 sacrisque
1552 1607 1728 1640 canonibus

986 1671 1052 1693 non
1076 1661 1252 1700 contraria,
1281 1670 1384 1704 neque
1408 1664 1520 1693 contra
1546 1660 1726 1693 libertatem

986 1714 1234 1746 ecclesiasticam
1252 1714 1435 1753 existerent,
1456 1713 1643 1746 confirmata
1663 1714 1728 1746 sue-

987 1767 1060 1806 rint,
1078 1772 1174 1810 prout
1193 1777 1228 1799 ex
1247 1766 1346 1809 ipsius
1363 1766 1450 1799 Pauli
1470 1767 1728 1809 praedecessoris

987 1820 1169 1853 litterarum
1197 1825 1309 1852 tenore
1335 1824 1488 1862 apparet;
1512 1819 1651 1852 officium
1675 1830 1727 1851 au-

988 1878 1051 1906 tem
1078 1873 1251 1916 praetoris,
1279 1884 1374 1916 quem
1396 1877 1586 1916 potestatem
1608 1873 1652 1906 ibi
1678 1885 1726 1916 ap-

987 1927 1120 1969 pellant,
1143 1926 1233 1959 cuius
1250 1927 1348 1966 vices,
1370 1926 1445 1958 dum
1464 1927 1612 1959 eumdem
1639 1937 1730 1969 prae-

988 1985 1088 2012 torem
1115 1979 1227 2012 abesse
1261 1980 1308 2012 vel
1345 1979 1455 2023 aliquo
1492 1979 1727 2023 impedimento

988 2032 1127 2065 detineri
1166 2032 1346 2074 contingit,
1378 2032 1468 2075 prior
1493 2033 1638 2066 eiusdem
1665 2033 1728 2066 col-

988 2086 1063 2129 legii
1089 2096 1148 2129 pro
1176 2091 1319 2128 tempore
1338 2086 1478 2119 existens
1500 2097 1613 2128 gerere
1634 2087 1728 2126 solet,

988 2139 1146 2183 quidquid
1164 2139 1240 2172 olim
1261 2139 1365 2177 suerit,
1386 2140 1484 2173 hodie
1503 2150 1569 2172 non
1590 2140 1728 2182 amplius

988 2193 1149 2237 praeferat
1174 2196 1369 2235 potestatem
1393 2191 1557 2225 iudicandi
1577 2191 1606 2224 in
1625 2192 1728 2225 causis

988 2245 1219 2285 criminalibus,
1247 2245 1278 2276 in
1304 2245 1422 2288 quibus
1441 2245 1547 2288 agitur
1565 2246 1603 2278 de
1624 2247 1729 2288 poena

988 2300 1155 2342 sanguinis
1182 2299 1366 2341 infligenda,
1393 2309 1476 2342 qnae
1503 2299 1652 2342 personis
1678 2310 1729 2332 ec—

988 2353 1177 2386 clesiasticis
1203 2363 1360 2395 nusquam
1379 2357 1592 2394 congrueret,
1620 2363 1728 2395 qnem-

988 2406 1162 2438 admodum
1181 2416 1240 2447 pro
1256 2415 1366 2437 earnm
1382 2405 1570 2437 exclusione
1591 2405 1620 2437 in
1639 2415 1728 2437 enar-

988 2461 1055 2491 rata
1080 2460 1134 2491 lite
1165 2459 1338 2491 adductum
1378 2459 1500 2498 suerat,
1527 2459 1584 2491 sed
1617 2469 1729 2490 cansa-

988 2522 1057 2544 rum
1084 2511 1297 2544 criminalium
1317 2511 1501 2544 huiusmodi
1527 2511 1669 2554 cognitio
1689 2511 1727 2543 ad

989 2564 1124 2597 civitatis
1163 2563 1409 2597 Caesenatensis
1447 2564 1699 2607 gubernatorem
1719 2589 1727 2603 ,

1766 1402 1780 1422 C
1788 1408 1832 1422 «aus
1838 1408 1922 1427 eprae-

1771 1434 1803 1448 tlt,
1822 1435 1842 1448 ct
1843 1433 1922 1448 =nsti=u·
