2170 3147
207 193 253 218 An.
277 193 305 219 c,
332 192 398 220 1726
443 183 509 217 4⁶24

202 944 273 964 Altera
289 943 385 964 eiusdem

202 970 297 995 Gregorii
347 970 383 991 XV

401 247 551 285 tempore
577 241 751 285 spectabit,
779 240 1011 274 inviolabiliter
1036 240 1147 274 obser-

399 294 488 334 vari,
516 304 582 327 non
608 293 837 336 permittentes
867 304 921 326 eos
953 294 1095 336 desuper
1127 302 1168 324 a>

400 358 564 391 quoquam
591 347 838 390 quomodolibet
874 347 1020 379 indebite
1046 347 1145 379 mole·

399 401 487 439 stari,
514 401 772 434 contradictores
793 401 956 444 quoslibet
982 405 1013 433 et
1038 400 1145 433 rebel-

399 455 446 488 les
471 464 530 497 per
555 455 752 494 sententias,
779 464 933 487 censuras
964 458 995 486 et
1019 463 1144 497 poenas

399 507 636 540 ecclesiasticas
673 507 799 550 aliaque
836 512 1022 550 opportuna
1062 506 1142 538 iuris

398 566 428 593 et
444 561 517 593 sacti
532 560 686 599 remedia,
703 560 927 604 appellatione
946 560 1141 604 postposita,

400 614 652 657 compescendo,
668 614 819 647 invocato
845 614 883 646 ad
910 614 972 647 lioc
998 613 1095 646 etiam
1117 613 1141 645 si

399 677 483 710 opus
508 667 606 700 suerit
637 667 757 700 auxilio
790 666 917 700 brachii
949 666 1140 699 saecularis.

397 720 467 754 Non
497 720 661 761 obstante,
689 719 784 753 ete.¹.

433 781 530 808 Datum
560 782 680 816 Romae,
702 781 774 816 apud
808 781 834 808 S.
856 781 968 808 Mariam
994 781 1142 813 Maiorem,

396 826 447 853 sub
467 827 568 852 annulo
593 825 751 858 piscatoris,
768 826 811 852 die
832 832 874 852 xv!
891 825 1012 852 octobris
1032 831 1141 858 aincxxl,

397 870 574 906 pontificatus
594 870 681 896 nostri
702 877 773 896 anno
793 876 812 896 1.

442 932 456 976 g
482 932 532 965 12.
559 932 650 965 Aliae
676 932 805 965 litterae
832 931 979 974 Gregorii
1003 931 1053 964 XV
1080 931 1142 964 liae

201 998 325 1017 constitutio
336 1003 384 1017 cou-
398 991 491 1019 sunt:

201 1026 232 1043 tra
244 1024 344 1044 auiti-tum
354 1024 386 1044 di-

201 1053 313 1076 guttarum.

443 1038 619 1081 Greqorz'us
643 1038 740 1081 Papa
764 1038 847 1077 XV,
875 1037 917 1070 ad
951 1042 1142 1081 perpetuam

396 1092 445 1124 rei
474 1092 678 1124 memoriam.
716 1090 873 1129 Quoniam
911 1101 1008 1123 nemo
1046 1090 1166 1123 debet*

396 1155 560 1178 assumere
586 1143 647 1177 sibi
683 1144 844 1177 honorem
881 1143 942 1176 nisi
968 1149 1099 1176 vocatus
1126 1155 1143 1177 a
1165 1157 1166 1167 ³

396 1199 463 1232 Deo
494 1205 655 1242 tamquam
682 1198 800 1237 Aaron,
826 1202 858 1230 et
882 1208 899 1230 a
925 1197 1086 1240 regularis
1103 1198 1142 1230 vi-

398 1259 449 1286 tae
469 1252 617 1285 instituto
644 1252 735 1285 valde
762 1251 905 1284 alienum
936 1256 986 1284 est
1010 1256 1044 1283 ut
1070 1251 1144 1284 reli-

399 1307 480 1350 giosi
518 1306 592 1346 viri,
620 1316 701 1349 quos
738 1306 898 1338 honorum
937 1311 969 1338 et
1002 1305 1144 1348 dignita-

400 1366 465 1393 tum
491 1360 611 1403 gradus
636 1359 805 1392 sanctitate
824 1359 905 1392 vitae
925 1369 962 1391 ac
980 1358 1052 1391 aliis
1071 1358 1143 1391 reli-

398 1414 498 1458 giosis
516 1413 689 1446 virtutibus
710 1414 821 1457 potius
847 1412 1030 1456 promereri
1047 1423 1142 1456 quam

398 1474 568 1512 appetere,
597 1478 720 1509 eosque
747 1467 878 1509 gradus,
913 1477 986 1499 cum
1022 1467 1061 1498 ad
1088 1477 1144 1499 eos

398 1526 624 1560 assumuntur,
651 1519 848 1553 obedienter
873 1520 1052 1562 suscipere,
1074 1531 1143 1552 sus—

398 1580 579 1619 ceptosque
617 1574 784 1606 humiliter
829 1573 1056 1606 administrare
1090 1573 1144 1606 de-

398 1634 461 1668 cet,
489 1627 683 1660 mendicatis
709 1626 924 1659 saecularium
949 1627 1142 1669 praesertim

397 1680 514 1714 studiis
552 1681 589 1713 ad
624 1691 680 1713 eos
713 1679 774 1712 sibi
801 1680 922 1712 aditum
961 1680 1167 1722 patefaceret

397 1734 606 1773 contendant,
628 1733 713 1765 unde
733 1743 850 1775 magna
869 1733 901 1764 in
927 1732 1068 1765 Ecclesia
1086 1733 1143 1766 Dei

398 1788 555 1820 seandala
578 1793 610 1820 ct
635 1787 753 1819 damna
778 1787 898 1819 exoriri
926 1788 1046 1827 solent,
1073 1797 1142 1827 nos,

397 1841 450 1884 qui
479 1851 538 1883 pro
565 1839 710 1872 muneris
742 1839 844 1872 nostri
879 1839 989 1872 debito
1022 1839 1053 1872 in
1081 1840 1144 1873 hoc

398 1894 604 1937 potissimum
630 1893 782 1926 laborare
808 1903 875 1925 non
902 1892 1086 1925 desistimus
1108 1898 1143 1925 ut

398 1947 618 1980 ecclesiastica
644 1946 873 1989 regularisque
893 1946 1065 1990 disciplina
1083 1948 1144 1990 pri-

397 2001 499 2034 stinae
525 2001 751 2034 observantiae
777 2000 978 2041 restituatur,
997 2001 1060 2033 hoe
1077 2012 1144 2034 ma-

396 2057 461 2088 lum
488 2066 504 2087 a
529 2054 790 2097 Congregatione
819 2053 1014 2087 clericorum
1048 2065 1143 2097 regu-

396 2108 513 2141 larium
538 2108 769 2140 Tlieatinorum
796 2113 1072 2151 nuncupatorum,
1093 2119 1142 2140 cu-

396 2161 447 2194 ius
465 2172 660 2205 prosperum
680 2162 829 2204 regimen
848 2165 881 2194 et
901 2161 1141 2194 incrementum

398 2216 436 2248 ad
463 2215 627 2248 Ecclesiae
653 2219 784 2248 sanctae
809 2214 981 2247 utilitatem
1008 2216 1142 2248 sinceris

397 2268 618 2301 desideramus
654 2267 847 2307 affectibus,
874 2269 1062 2311 propellere
1088 2279 1142 2302 cu-

397 2320 537 2362 pientes,
556 2327 644 2353 motu
664 2320 809 2363 proprio,
828 2326 913 2353 etex
933 2323 1021 2354 certa
1040 2322 1142 2355 scien-

399 2373 460 2412 tia,
488 2383 523 2405 ac
549 2373 586 2406 de
613 2375 811 2416 apostolicae
838 2375 1008 2418 potestatis
1035 2376 1141 2418 pleni-

397 2426 537 2465 tudine,
565 2426 719 2459 omnibus
753 2433 784 2461 et
818 2428 954 2470 singulis
991 2429 1140 2462 eiusdem

395 2478 660 2520 Congregationis
694 2480 822 2513 clericis
851 2487 882 2513 et
911 2482 1061 2524 personis
1086 2492 1141 2514 cu-

396 2531 590 2573 iuscumque
610 2532 735 2571 aetatis,
756 2538 866 2574 status,
885 2535 1002 2575 gradus
1021 2540 1052 2567 et
1069 2545 1140 2568 con-

987 192 1171 217 BULLARIUM
1197 192 1355 217 ROMANUM

434 2594 445 2621 1
469 2593 610 2621 Clausulae
627 2597 655 2620 ut
671 2593 697 2620 in
712 2602 802 2629 praee.
820 2596 896 2623 Pauli
912 2596 930 2622 V
945 2601 1034 2626 const.
1046 2598 1136 2634 (nm).

1189 240 1321 274 ditionis
1359 241 1573 275 existentibus
1590 270 1597 283 ,
1635 242 1863 286 praesentibus
1900 248 1933 277 et

1190 293 1315 332 suturis,
1342 304 1381 327 ne
1407 294 1446 327 de
1473 301 1590 335 cetero,
1608 296 1720 328 habito
1746 296 1785 329 ad
1811 296 1933 339 princi-

1188 357 1264 389 pum
1285 352 1317 380 et
1332 348 1552 390 praelatorum
1571 359 1606 381 ac
1624 349 1756 381 aliarum
1779 360 1932 392 quarum-

1188 410 1325 443 cumque
1350 410 1576 443 personarum,
1614 406 1678 433 tam
1716 401 1931 435 saecularium

1189 463 1285 495 quam
1305 454 1609 493 ecclesiasticarum,
1626 454 1664 487 de
1682 455 1808 497 gremio
1827 454 1932 488 dictae

1188 505 1459 549 Congregationis
1484 517 1548 539 nou
1575 507 1802 548 existentium,
1836 508 1932 541 etiam

1187 559 1408 592 cardinalatus
1427 559 1552 592 honore
1568 560 1772 603 fulgentium,
1792 561 1931 595 savorem

1187 622 1331 653 recursu,
1355 613 1421 645 sive
1442 613 1514 646 aliis
1540 612 1801 657 quibuscumque
1827 614 1932 648 modis

1165 676 1166 681 ¹
1188 670 1220 698 et
1244 665 1314 705 viis,
1340 665 1463 698 directe
1489 667 1539 699 vel
1565 666 1736 706 indirecte,
1754 667 1861 710 palam
1882 668 1931 701 vel

1187 720 1323 758 occulte,
1348 718 1487 752 mediate
1513 719 1561 752 vel
1586 719 1779 760 immediate,
1806 730 1842 753 ae
1866 725 1932 753 tam

1187 782 1246 815 pro
1264 782 1296 804 se
1312 782 1407 815 quam
1421 782 1480 815 pro
1495 772 1576 811 aliis,
1589 783 1814 816 quaecumque
1829 772 1930 816 ipsius

1186 824 1460 868 Congregationis
1475 825 1588 865 officia,
1600 827 1648 858 vel
1660 825 1828 868 gubernia,
1841 836 1933 869 prae-

1187 877 1362 921 posituras,
1391 877 1603 919 visitationes,
1623 879 1788 911 consultas
1812 883 1867 912 aut
1887 878 1932 912 vi-

1187 931 1339 971 cariatus,
1367 932 1426 963 sub
1453 931 1565 974 quovis
1585 931 1732 975 quaesito
1752 932 1864 965 colore
1882 933 1931 965 vel

1187 989 1370 1026 praetextu,
1399 984 1495 1017 etiarn
1521 984 1553 1017 in
1580 995 1716 1028 genere,
1743 985 1873 1029 assequi
1899 991 1932 1018 et

1187 1037 1335 1070 obtinere
1361 1042 1555 1080 procurent,
1581 1038 1640 1070 sub
1671 1037 1933 1070 excommunica-

1188 1089 1283 1122 tionis
1298 1091 1381 1122 latae
1397 1090 1587 1128 sententiae,
1604 1100 1620 1122 a
1641 1100 1705 1133 qua
1722 1089 1853 1122 nonnisi
1871 1094 1931 1133 per

1186 1153 1246 1175 nos
1267 1147 1321 1175 aut
1338 1142 1520 1175 Romanum
1538 1142 1726 1176 Pontificem
1745 1142 1810 1176 sive
1828 1142 1929 1186 ipsius

1186 1196 1460 1239 Congregationis
1490 1197 1716 1239 praepositum
1742 1198 1929 1240 generalem

1187 1259 1246 1293 pro
1285 1254 1432 1292 tempore
1469 1249 1664 1282 existentem
1699 1255 1930 1293 praeterquam

1187 1303 1219 1334 in
1245 1302 1358 1335 mortis
1383 1302 1519 1336 articulo
1545 1303 1691 1344 absolvi,
1709 1313 1838 1336 necnon
1864 1303 1932 1347 pri-

1188 1356 1326 1390 vationis
1365 1356 1452 1390 vocis
1490 1356 1614 1389 activae
1651 1361 1682 1389 et
1719 1358 1864 1399 passivae
1895 1367 1932 1390 ac

1187 1415 1366 1453 perpetuae
1390 1410 1606 1443 inhabilitatis
1622 1411 1660 1443 ad
1679 1410 1785 1444 officia
1801 1412 1849 1444 vel
1875 1421 1932 1454 gu-

1187 1464 1302 1497 bernia
1327 1464 1512 1496 huiusmodi
1539 1464 1750 1508 imposterum
1780 1464 1931 1498 obtinen-

1165 1540 1166 1548 t
1188 1518 1244 1557 da,
1271 1517 1310 1550 ad
1343 1528 1427 1561 quae
1453 1518 1601 1551 similiter
1626 1518 1754 1551 nonnisi
1788 1529 1847 1562 per
1871 1528 1930 1552 nos

1188 1577 1241 1604 aut
1267 1572 1446 1604 Romanum
1474 1571 1664 1604 Pontificem
1697 1582 1755 1615 pro
1782 1576 1930 1615 ternpore

1188 1625 1381 1658 existentem
1404 1626 1451 1658 vel
1471 1625 1648 1668 capitulum
1661 1626 1815 1669 generale
1829 1625 1929 1665 ipsius

1188 1679 1457 1722 Congregationis
1473 1679 1676 1713 retrabilitari
1693 1680 1829 1723 possint,
1848 1681 1932 1714 aliis-

1188 1744 1252 1776 que
1277 1732 1392 1776 poenis
1422 1738 1484 1764 tam
1507 1742 1567 1775 per
1589 1732 1679 1775 ipsos
1698 1744 1793 1776 quam
1820 1744 1930 1767 eorum

1165 1779 1166 1784 ¹
1188 1786 1366 1829 complices
1392 1791 1424 1818 et
1449 1786 1592 1819 fautores
1621 1797 1658 1819 ae
1683 1797 1749 1820 non
1783 1788 1932 1821 revelan-

1187 1846 1235 1874 tes
1262 1851 1300 1873 eo
1326 1841 1399 1884 ipso
1426 1840 1650 1882 incurrendis,
1688 1847 1802 1875 tenore
1839 1853 1931 1886 prae-

1186 1894 1327 1927 sentium
1368 1893 1593 1926 interdicimus
1634 1899 1665 1927 et
1700 1896 1928 1938 prohibemus.

1186 1948 1374 1980 lllandantes
1397 1952 1573 1991 propterea
1599 1948 1630 1980 in
1656 1949 1774 1982 virtute
1798 1956 1929 1984 sanetae

1187 2001 1393 2034 obedientiae
1415 2028 1422 2042 ‚
1457 2012 1493 2034 ac
1527 2002 1585 2034 sub
1623 2004 1930 2038 excommunicatio-

1186 2055 1236 2087 nis
1273 2055 1369 2087 etiam
1407 2055 1490 2087 latae
1523 2056 1704 2089 sententiae
1731 2059 1860 2099 poena,
1887 2057 1930 2090 ei-

1187 2109 1258 2141 dem
1290 2109 1477 2151 pracposito
1508 2110 1655 2152 generali
1681 2116 1712 2142 et
1736 2110 1807 2143 aliis
1837 2121 1930 2155 supe-

1186 2162 1326 2195 rioribus
1348 2162 1451 2195 dictae
1478 2162 1748 2206 Congregationis
1773 2175 1931 2207 quocum-

1185 2226 1247 2259 que
1287 2216 1379 2248 titulo
1417 2217 1621 2259 nuncupatis,
1648 2218 1873 2260 praesentibus
1898 2223 1930 2251 et

1186 2269 1311 2308 suturis,
1338 2279 1378 2301 ne
1401 2270 1587 2312 quempiam
1605 2270 1671 2303 ullo
1693 2276 1839 2313 tempore
1858 2282 1930 2315 pre-

1184 2322 1287 2361 cibus,
1314 2322 1432 2355 litteris
1452 2325 1502 2356 vel
1528 2323 1690 2357 favoribus
1717 2324 1858 2366 adducti,
1877 2326 1927 2358 vel

1184 2377 1280 2412 alias¹
1297 2379 1334 2411 ad
1354 2377 1539 2411 instantiam
1555 2388 1609 2410 seu
1631 2378 1877 2420 requisitionem
1897 2383 1928 2411 et

1183 2431 1495 2475 contemplationem
1522 2430 1705 2474 principum
1728 2431 1776 2463 vel
1800 2431 1927 2474 praela-

1183 2489 1302 2524 torum,
1328 2490 1381 2517 aut
1405 2484 1539 2516 aliarum
1558 2493 1834 2526 quarumcumque
1853 2494 1928 2527 per-

1183 2547 1335 2570 sonarum
1362 2543 1424 2570 tam
1460 2536 1675 2570 saecularium
1701 2546 1796 2579 quam
1823 2538 1927 2571 eecle-

1219 2600 1230 2624 1
1254 2597 1326 2625 Edit.
1344 2598 1425 2626 Maia.
1447 2598 1514 2634 legit
1533 2597 1601 2626 aliis
1620 2605 1671 2633 pro
1691 2597 1766 2625 alitis
1784 2599 1823 2634 (a.
1840 2598 1890 2636 τ.).

1932 195 1980 222 An.
2003 195 2032 222 C.
2058 197 2124 226 ¹726
