2170 3147
241 226 288 251 An.
306 225 333 251 C.
358 224 424 251 1729

271 922 346 942 Postea
358 938 362 945 ,
385 923 428 941 {nto

244 949 314 969 dictae
346 954 428 973 prora.-

244 982 292 995 ctae
309 977 365 994 statu
381 981 428 1000 pei-

244 1002 357 1027 spe-cimam
369 1008 430 1027 pinia-

257 1031 314 1048 vntes
343 1029 427 1048 (ιτιΙιιιιι-

262 1061 312 1075 ‹mess
331 1058 427 1074 munten-

245 1088 283 1101 ιη
317 1082 428 1101 deit-ntum

244 1035 258 1100 -2‘ffl

245 1115 255 1129 ω

258 1111 274 1128 ¹:-

472 215 535 248 810

438 274 591 306 fratribus
608 282 761 316 expresse
777 269 932 314 professis
948 268 1095 302 eiusdem
1109 278 1181 310 pro-

436 328 558 360 vinciae
587 328 704 359 rite‘et
729 330 875 358 aceurate
909 334 943 356 ae
974 321 1181 354 landabiliter

437 386 589 424 pera‹·tae
609 385 709 412 totum
729 379 832 411 dietae
855 375 1044 420 provinciae
1062 379 1180 407 statum

437 438 646 476 perspectum
666 431 936 474 exploratumque
957 428 1181 466 babuerimus,

437 498 471 519 ac
498 486 542 519 illi
570 490 721 529 prompto
741 490 772 517 et
789 483 921 516 salutari
944 481 1089 515 remedio
1108 481 1182 514 sub-

438 540 634 573 veniendum
662 549 731 571 esse
758 536 994 579 agnoverimus,
1016 536 1182 578 longeque

437 593 656 636 gratissimum
685 591 778 624 nobis
805 590 901 622 fuerit
927 588 1054 627 audire,
1071 598 1183 620 omnes

438 657 522 691 pene
548 645 734 689 provinciae
768 642 1009 677 reformationis
1035 642 1182 674 alumnos

438 701 577 739 sincero,
597 704 631 731 ut
650 699 754 737 dec-et,
773 697 881 730 animo
903 706 973 728 sese
992 694 1184 727 submittere

440 754 478 785 iis
513 763 595 796 quae
622 763 638 785 a
664 751 758 784 nobis
791 756 823 783 ct.
856 751 917 782 liae
948 748 1066 781 Sancta
1101 746 1184 779 Sede

439 807 535 840 etiam
563 817 622 850 pro
650 804 876 848 an'iplectenda
914 802 1055 836 secunda
1082 800 1184 834 resor-

438 860 583 893 matione
608 858 938 902 praescriberentur:

484 914 497 956 ξ
523 913 553 945 02.
583 913 665 945 llinc
690 917 739 945 est
765 911 853 955 quod
880 920 955 949 nos,
981 919 1041 952 pro
1075 912 1185 951 pasto-

441 966 498 1000 rali
525 968 636 1000 nostra
651 967 724 999 cura
744 971 775 998 et
796 963 1015 997 sollicitudine
1038 961 1184 995 eiusdem

441 1019 629 1063 provinciae
657 1018 810 1061 illiusque
842 1017 979 1049 fratrum
1006 1014 1186 1058 tranquilli-

441 1073 494 1106 tati
523 1079 554 1106 et
579 1072 702 1106 salubri
729 1070 899 1105 directioni
925 1070 1123 1113 prospicere,
1151 1078 1186 1100 ae

441 1133 588 1160 exactam
609 1131 831 1159 enarratarum
846 1123 1115 1157 constitutionum
1130 1120 1188 1154 ob-

441 1180 659 1219 servantiam,
695 1189 776 1222 quae
812 1179 981 1220 hueusque
1011 1176 1051 1209 ob
1077 1185 1187 1208 rerum

442 1240 691 1277 temporumque
719 1230 978 1264 vicissitudines¹
1007 1229 1114 1262 statim
1140 1239 1189 1261 re-

442 1287 530 1320 stitui
558 1287 719 1330 nequivit,
748 1295 853 1325 nunc,
886 1283 1102 1317 benedicente
1129 1282 1190 1314 Do-

443 1340 554 1380 mino,
581 1340 732 1385 expedite
771 1349 807 1372 ac
844 1338 939 1371 unico
976 1341 1127 1370 contextu
1158 1335 1189 1367 in

443 1396 592 1427 universa
619 1393 786 1437 provincia
812 1392 955 1436 praefata
981 1389 1190 1424 constabilire

444 1449 636 1491 cupientes,
664 1452 699 1479 ut
725 1446 879 1490 pinguius
913 1451 944 1478 et
976 1444 1111 1477 uberius
1139 1442 1190 1487 pia

445 1502 591 1535 eiusdem
634 1501 814 1534 Innocentii
852 1499 890 1532 ΣΙ
928 1497 1192 1542 praedecessoris

445 1566 535 1588 inens
562 1560 594 1588 et
621 1554 760 1587 intentio
786 1553 1015 1597 adimpleatur,
1042 1550 1192 1595 proposi—

445 1616 538 1653 taque
562 1608 623 1641 sibi
651 1607 887 1641 seeundodicta
913 1606 1103 1640 reformatio
1126 1606 1193 1648 ple-

445 1663 574 1696 narium
605 1670 706 1695 'suum
741 1661 898 1694 sortiatur
937 1659 1113 1699 ellectum,
1153 1658 1191 1691 de

445 1717 681 1751 nonnullorum
707 1725 743 1748 ex
770 1713 1013 1747 venerabilibus
1040 1712 1193 1745 fratribus

446 1771 566 1804 nostris
592 1770 623 1803 S.
652 1770 686 1802 R.
713 1769 747 1802 E.
776 1767 1013 1808 cardinalibus,
1032 1767 1087 1810 qui
1106 1766 1192 1798 iussu

447 1829 560 1857 nostro
588 1823 749 1856 eiusmodi
782 1822 955 1865 negocium
980 1821 1094 1854 sedulo
1121 1830 1199 1853 exa-v

448 1877 634 1917 minarunt,
655 1876 802 1916 consilio,
823 1885 1001 1918 congruum
1025 1880 1055 1908 et
1075 1884 1195 1918 oppor-

449 1937 564 1964 tunum
586 1930 736 1963 duximus
762 1929 793 1961 in
820 1923 907 1961 hune
926 1928 1023 1961 finem
1044 1939 1090 1968 ea,
1110 1938 1193 1971 quae

447 1984 532 2017 infra
558 1989 761 2027 sequuntur,
789 1982 981 2016 auctoritate
1016 1981 1194 2025 apostolica

448 2043 604 2077 statuere,
630 2038 809 2070 decernere
836 2041 867 2069 et
892 2035 1058 2076 ordinare.

493 2102 514 2125 1.
549 2092 659 2134 ltaque
698 2091 927 2129 annullamus,
961 2080 1128 2122 'cassamus
1164 2094 1195 2121 et

448 2145 613 2178 irritamus
639 2154 751 2177 omnes
777 2143 1043 2187 propositiones,
1073 2142 1194 2186 pactio-

448 2208 516 2239 nes,
543 2197 794 2241 capitulationes
826 2208 863 2230 ae
895 2197 1129 2230 conventiones
1161 2207 1195 2228 n-

450 2251 595 2294 triusque
621 2251 721 2294 partis
747 2250 932 2294 praedictae
958 2260 1056 2293 snper
1072 2249 1193 2282 unione

449 2305 572 2348 primae
593 2309 624 2337 et
641 2304 801 2337 secundae
827 2303 1068 2337 reformationis
1086 2303 1195 2336 liuius-

449 2358 536 2391 modi
563 2358 660 2399 saetas
685 2357 717 2390 in
744 2357 1005 2400 Congregatione
1031 2357 1193 2390 habitatin

450 2417 611 2444 conventu
631 2410 751 2450 l'i'novi,
768 2421 894 2443 necnon
914 2411 945 2443 in
965 2410 1105 2453 capitulo
1124 2421 1195 2454 pro-

451 2463 576 2496 vinciali
593 2464 757 2496 celebrato
773 2464 804 2496 in
820 2469 980 2497 conventu
1000 2464 1068 2496 Pini
1084 2474 1195 2497 mense

451 2517 536 2550 maio
557 2527 729 2558 mcccxxxv,
748 2523 845 2560 prout
870 2518 966 2550 etiam
986 2523 1048 2550 tam
1068 2518 1099 2551 in
1119 2527 1196 2551 con-

452 2582 574 2615 gressu,
589 2576 619 2603 ut
635 2577 763 2611 vocant,
779 2583 874 2615 qnam
889 2572 920 2604 in
938 2573 1193 2616 congregatione

489 2637 498 2663 1
523 2635 593 2662 Edit.
614 2634 693 2662 Main.
715 2635 778 2671 legit
800 2635 1008 2664 vicissitudinis
1028 2637 1065 2670 (a.
1081 2636 1129 2670 12).

1027 217 1209 243 BULLARIUM
1237 216 1394 241 ROMANUM

1224 265 1415 299 Taurinensi
1449 267 1571 300 mensis
1603 266 1742 300 ianuarii
1768 274 1964 304 moecxxv11;

1225 319 1375 354 similiter
1401 321 1526 353 nullum
1553 320 1742 363 irritumque
1764 319 1966 352 declaramus

1225 377 1386 407 assertum
1422 373 1600 416 capitulum
1633 372 1831 416 provinciale
1857 371 1967 404 Tauri-

1226 438 1327 460 nense
1355 432 1522 470 peractum
1560 437 1671 460 mense
1703 425 1786 458 maio
1820 425 1966 458 eiusdem

1227 481 1302 513 anni
1329 489 1517 519 noemmin,
1546 490 1617 512 eum
1646 479 1797 512 omnibus
1823 478 1898 510 inde
1920 488 1969 511 se-

1227 533 1321 567 cutis.
1341 553 1383 557 ——
1402 543 1437 566 11.
1459 533 1519 566 l‘ro
1547 531 1683 565 faciliori
1712 537 1819 564 tamen
1838 530 1970 563 unionis

1227 592 1259 620 et
1273 585 1512 620 reformationis
1528 586 1624 618 totius
1641 583 1828 628 provinciae
1845 584 1970 628 praefa-

1229 647 1278 674 tae
1298 639 1413 673 effeetu
1437 639 1628 678 obtinendo,
1647 638 1756 671 omnia
1774 637 1813 670 ab
1839 637 1970 670 assertis

1228 694 1335 738 priore
1373 693 1566 736 provinciali
1604 693 1740 735 aliisque
1777 691 1969 724 officialibus

1229 753 1259 782 et
1284 747 1449 791 prioribus
1484 747 1516 779 in
1554 746 1640 779 dieto
1670 745 1812 789 capitulo
1837 743 1970 788 provin-

1229 801 1300 834 ciali
1336 800 1527 833 Taurinensi
1566 799 1678 833 electis
1715 809 1771 832 seu
1810 797 1970 841 deputatis

1229 861 1299 888 aeta
1326 860 1357 888 et
1381 859 1472 898 gesta
1507 864 1609 897 usque
1644 853 1683 886 ad
1715 857 1842 895 tempus
1867 850 1973 895 publi-

1230 908 1368 942 cationis
1409 907 1631 952 praesentium
1669 910 1850 939 nostrarum
1887 906 1972 938 litte-

1230 973 1338 995 rarum
1365 961 1552 999 dumtaxat,
1580 965 1611 993 et
1635 970 1698 992 non
1732 959 1838 999 ultra,
1864 958 1973 1002 quoad

1231 1021 1408 1058 utrumque
1436 1015 1541 1047 forum
1568 1013 1606 1047 de
1627 1012 1827 1055 benignitate
1846 1017 1973 1054 aposto-

1232 1068 1291 1102 liea
1305 1078 1456 1100 sanamus
1471 1071 1503 1099 et
1517 1066 1772 1099 convalidamus.
1787 1085 1830 1089 ——
1852 1074 1899 1098 111.
1918 1064 1974 1098 Fa-

1232 1123 1387 1156 cultatem
1407 1121 1580 1153 tribuimus
1599 1119 1680 1151 infra
1700 1119 1837 1152 dicendo
1858 1128 1974 1151 execu-

1234 1176 1292 1209 tori
1322 1174 1544 1218 praesentium
1574 1173 1755 1206 litterarum
1786 1171 1974 1205 huiusmodi

1233 1230 1264 1262 in
1291 1235 1428 1272 utroque
1459 1228 1584 1271 pariter
1616 1228 1686 1260 foro
1716 1236 1829 1260 omnes
1855 1230 1886 1259 et
1910 1225 1976 1259 sin-

1233 1284 1325 1326 gulos
1351 1282 1454 1315 dictae
1482 1281 1667 1324 provinciae
1692 1281 1807 1313 fratres
1829 1285 1890 1312 tam
1911 1279 1976 1323 pri-

1234 1348 1302 1370 mae
1322 1346 1419 1379 quam
1438 1335 1599 1368 secundae
1615 1333 1859 1367 reformationis
1873 1344 1890 1366 a
1903 1344 1976 1366 cen-

1235 1390 1318 1423 suris
1333 1395 1363 1423 et
1377 1389 1492 1433 poenis
1512 1387 1749 1426 ecclesiasticis,
1765 1387 1789 1420 si
1805 1397 1884 1430 quas
1899 1397 1976 1430 quo-

1236 1443 1662 1481 modolibetincurrerunt,
1692 1441 1881 1475 absolvendi
1895 1439 1913 1480 ¹,
1941 1451 1977 1473 ac

1236 1509 1308 1532 eum
1322 1497 1368 1531 eis
1389 1495 1602 1540 dispensandi
1618 1506 1715 1539 super
1733 1494 1975 1537 irregularitate

1237 1563 1331 1596 quam
1348 1551 1543 1584 contrahere
1557 1555 1743 1593 potuerunt,
1758 1550 1807 1582 vel
1823 1559 1859 1581 ex
1872 1548 1977 1592 dispo-

1236 1606 1355 1640 sitione
1375 1604 1453 1638 iuris
1478 1611 1510 1638 et
1534 1603 1803 1637 constitutionum
1822 1601 1977 1646 apostoli,-

1236 1671 1358 1700 carum,
1385 1659 1435 1692 rel
1462 1669 1498 1692 ex
1525 1658 1730 1702 superiorum
1756 1657 1919 1690 sententia
1944 1660 1978 1689 et

1237 1713 1470 1752 declaratione,
1487 1712 1667 1745 occasione*
1682 1711 1835 1744 tractatas
1851 1720 1906 1744 seu
1927 1720 1978 1743 ex-

1236 1767 1396 1800 ecutionis
1421 1771 1590 1800 enarratae
1608 1764 1754 1802 unionis,
1784 1763 1977 1797 celebratio-

1238 1821 1287 1854 nis
1306 1819 1600 1863 congregationum
1625 1824 1656 1852 et
1680 1817 1908 1862 capitulorum,
1928 1818 1976 1850 vel

1239 1880 1415 1918 usurpatae
1436 1872 1679 1913 iurisdictionis,
1699 1872 1763 1905 sive
1783 1882 1818 1904 ex
1837 1871 1977 1904 transitu

1238 1930 1276 1962 de
1302 1920 1507 1962 seeunda'ad
1538 1927 1678 1970 primam
1711 1925 1976 1958 reformationem

1238 1983 1307 2015 sine
1345 1981 1436 2015 Sedis
1472 1980 1677 2024 Apostolicae
1718 1979 1873 2019 lieentia,
1907 1988 1978 2011 cum

1239 2036 1385 2079 ipsorum
1411 2034 1669 2077 reintegratione
1703 2033 1742 2066 ad
1767 2043 1878 2066 vocem
1903 2031 1980 2065 aeti-

1238 2101 1307 2123 vam
1333 2094 1364 2122 et
1390 2088 1548 2132 passivam
1576 2093 1607 2120 et
1631 2086 1835 2120 restitutione
1860 2086 1892 2119 in
1914 2086 1980 2130 pri-

1238 2144 1359 2177 stinum
1384 2148 1522 2183 statum,
1545 2141 1683 2185 perinde
1705 2151 1739 2174 ac
1760 2141 1784 2173 si
1805 2141 1980 2184 praemissa

1238 2198 1321 2230 facta
1346 2206 1409 2229 non
1435 2195 1592 2235 fuissent·,
1620 2205 1715 2237 quam
1742 2187 1855 2227 tamen
1881 2193 1980 2227 facul-

1240 2256 1337 2284 tatem
1363 2249 1534 2283 limitamus
1567 2249 1604 2282 ad
1638 2259 1693 2281 eos
1725 2248 1890 2281 dumtaxat
1920 2247 1980 2280 fra-

1239 2311 1302 2337 tres
1328 2302 1515 2347 provinciae
1547 2302 1750 2346 praedictae,
1784 2302 1837 2345 qui
1864 2302 1979 2335 barum

1239 2363 1424 2391 nostrarum
1462 2356 1643 2389 litterarum
1683 2354 1912 2399 dispositioni³
1947 2355 1979 2387 in

1238 2411 1389 2445 omnibus
1416 2417 1447 2444 et
1472 2421 1530 2454 per
1554 2410 1662 2442 omnia
1688 2409 1796 2442 debita
1818 2413 1979 2453 prompta-

1239 2476 1299 2509 que
1319 2464 1506 2498 obedientia
1524 2463 1688 2507 parebunt
1709 2468 1741 2496 et
1758 2463 1978 2506 acquiescent,

1239 2526 1271 2553 et
1296 2530 1361 2553 non
1387 2519 1487 2558 alias,
1515 2518 1685 2561 dictusque
1721 2521 1873 2550 executor
1897 2526 1980 2550 eam—

1276 2593 1285 2618 1
1309 2592 1408 2618 Vocem
1428 2588 1594 2618 absolvendi
1612 2596 1663 2616 nos
1682 2587 1805 2615 addimus
1823 2587 1862 2622 (n.
1878 2587 1927 2621 T.).

1272 2636 1288 2663 2
1308 2635 1378 2663 Edit.
1400 2635 1481 2663 Μαίη.
1502 2634 1567 2671 tegit
1586 2634 1770 2670 dispositione
1788 2633 1829 2668 (n.
1845 2632 1894 2666 T.).

1974 215 2024 242 An.
2045 214 2073 242 C.
2091 215 2153 244 172⁰
