2170 3147
0 221 46 249 An.
63 219 93 248 C.
116 218 182 247 1729

0 1497 111 1550 praestigia*
115 1498 178 1545 {iiiiii-5
244 1540 250 1545 .
381 1540 386 1545 .
873 1539 879 1544 ,

0 1551 176 1599 mai-2323&
187 1545 269 1573 votis
294 1539 354 1572 bac
379 1550 412 1572 in
437 1550 489 1578 re,
514 1544 669 1582 quantum
694 1550 766 1572 cum
790 1539 925 1572 Domino

0 1602 97 1624 num—na

0 1629 130 1655 uergoninsi.

782 218 978 245 BENEDICTUS
1004 220 1063 245 xm
1086 221 1136 245 PP-

190 267 364 308 Brixiensi,
385 278 467 311 quae
492 268 602 311 plures
620 268 720 302 babet
738 275 926 309 conventus,

190 331 225 354 ac
249 322 347 354 semel
385 332 421 354 ex
459 321 607 354 custodia
632 323 841 365 Bergomensi
868 323 927 356 eli-

189 378 293 415 gatur;
312 378 342 406 et
359 373 435 416 quia
453 374 599 407 custodia
620 375 796 407 Brixiensis
816 375 927 407 decem

188 426 228 458 ab
248 426 324 458 binc
341 427 434 458 annis
453 427 724 469 provincialatum
740 426 926 460 huiusmodi

189 478 336 518 obtinet,
366 478 449 512 idem
475 480 621 513 minister
657 480 865 523 provincialis
894 479 926 512 in

188 531 331 574 capitulo
357 532 547 574 provinciali
566 533 710 575 proxime
728 533 926 566 celebrando

189 594 225 616 ex
245 585 392 618 custodia
416 586 625 629 Bergomensi
648 591 851 626 assumatur;
875 586 928 619 de-

188 636 380 670 finitorium¹
391 649 465 671 vero
478 638 665 681 provinciae
681 639 843 682 praefatae
862 638 926 671 duo

188 699 223 721 ex
244 689 381 733 singulis
399 691 551 724 custodiis
577 691 763 724 huiusmodi
783 701 853 724 esse
872 691 926 723 de-

187 741 304 782 beant;
333 743 503 785 guardiani
529 745 613 777 ultra
639 744 813 776 triennium
839 743 926 775 iuxta

187 795 383 829 laudabilem
420 797 592 830 multarum
623 798 758 830 aliarum
796 796 927 840 provin-

187 848 310 882 ciarum
337 849 436 892 ipsius
453 849 582 883 Ordinis
609 850 875 883 consuetudinem
893 849 925 881 in

187 912 300 934 eorum
327 903 515 936 muneribus
539 903 718 946 perdurare
744 908 924 947 nequeant,

186 965 227 988 ne
244 955 396 988 nimirum
422 956 572 999 regimini
588 962 619 989 et
636 956 858 1000 superioritati
878 966 926 988 as-

187 1015 350 1049 suescant,
367 1010 521 1052 quodque
547 1010 813 1052 guardianatibus
830 1008 924 1041 nnius

187 1061 353 1094 custodiae
380 1062 661 1095 indiscriminatim
694 1061 926 1105 praeficiantur

187 1114 303 1148 fratres
318 1116 450 1148 alterius
468 1115 644 1154 custodiae,
659 1126 695 1148 ac
709 1114 838 1147 familiis
854 1124 925 1147 con-

187 1172 341 1200 ventuum
356 1168 460 1201 dictae
475 1168 665 1211 provinciae
680 1167 795 1200 fratres
810 1168 925 1200 utrius-

187 1230 249 1262 que
276 1220 439 1253 custodiae
470 1220 654 1263 promiscue
685 1219 922 1252 adscribantur.

187 1273 290 1311 Quare
310 1273 413 1306 dictus
432 1274 568 1307 loannes
587 1274 686 1307 Maria
713 1273 807 1306 nobis
826 1273 926 1306 bumi-

187 1327 263 1360 liter
280 1326 456 1370 supplicari
476 1327 551 1360 secit
568 1332 602 1359 ut
620 1327 650 1359 in
673 1326 857 1369 praemissis
871 1336 926 1369 op-

186 1384 329 1423 portune
352 1380 522 1423 providere
541 1385 571 1413 et
594 1385 630 1412 ut
655 1379 737 1412 infra
755 1379 924 1421 indulgere

188 1433 227 1466 de
244 1432 446 1475 benignitate
466 1432 640 1476 apostolica
659 1432 882 1476 dignaremur.

232 1487 247 1529 ἓ
271 1485 302 1519 3.
329 1486 391 1519 'Nos
409 1486 520 1529 igitur,
536 1486 637 1529 ipsius
657 1486 784 1519 loannis
808 1486 925 1519 Mariae

156 1607 176 1625 ei
187 1603 374 1636 possumus,
401 1592 622 1626 favorabiliter
646 1603 790 1625 annuere
815 1592 924 1625 volen-

189 1651 244 1686 tes,
270 1656 407 1689 eumque
434 1657 450 1678 a
476 1645 643 1689 quibusvis
665 1645 925 1678 excommunica-

189 1699 299 1739 tionis,
325 1698 549 1742 suspensionis
574 1704 605 1731 et
630 1698 811 1739 interdicti,
841 1697 925 1731 aliis-

189 1763 250 1795 que
268 1751 497 1785 ecclesiasticis
515 1752 702 1793 sententiis,
731 1751 876 1784 censuris
893 1756 925 1784 et

187 1805 319 1849 poenis,
346 1816 363 1838 a
387 1805 455 1838 iure
480 1806 530 1839 vel
557 1805 594 1838 ab
624 1805 756 1838 bomine
773 1832 781 1845 ,
814 1805 924 1849 quavis

188 1858 358 1892 occasione
375 1859 423 1891 vel
441 1861 536 1891 causa
553 1859 640 1899 latis,
661 1858 686 1890 si
708 1858 824 1902 quibus
843 1868 925 1899 quo-

187 1911 366 1944 modolibet
384 1911 557 1945 innodatus
577 1911 698 1950 existit,
716 1911 755 1943 ad
773 1910 923 1944 effectum

187 1963 407 2006 praesentium
440 1964 602 1996 dumtaxat
633 1964 923 2007 consequendum,

188 2015 304 2048 harum
330 2016 414 2049 serie
447 2016 649 2050 absolventes
681 2022 712 2049 et
742 2017 923 2050 absolutum

189 2069 257 2102 sore
283 2074 473 2109 censentes,
500 2069 688 2102 huiusmodi
713 2070 924 2112 supplicatio-

188 2122 284 2156 nibus
310 2122 469 2163 inclinati,
495 2127 530 2154 ut
547 2122 579 2155 in
596 2127 761 2165 posterum
779 2123 811 2155 in
830 2133 923 2166 prae-

189 2175 251 2208 saia
275 2175 441 2219 provincia
478 2174 636 2208 Brixiensi
673 2186 769 2219 supra
804 2186 924 2208 memo-

187 2234 255 2262 rata
279 2228 466 2262 alternatira
502 2228 534 2261 in
570 2228 655 2262 illius
687 2229 923 2272 provincialatu

187 2287 298 2316 exacte
323 2287 482 2322 servetur,
511 2281 554 2314 ita
580 2282 664 2325 quod
683 2282 810 2314 duobus
828 2281 924 2314 trien—

186 2336 248 2369 niis
277 2336 425 2368 minister
458 2335 666 2378 provincialis
701 2346 738 2368 ex
773 2335 923 2368 fratribus

186 2389 350 2422 custodiae
366 2389 551 2430 Brixiensis,
567 2390 669 2422 altero
687 2399 762 2421 vero
783 2388 923 2421 triennio

187 2453 224 2475 ex
250 2441 402 2475 fratribus
430 2442 595 2475 custodiae
622 2441 849 2484 Bergomensis
868 2441 920 2473 eli-

186 2500 295 2537 gatur;
314 2494 394 2527 etin
412 2494 561 2538 proximo
575 2494 716 2538 capitulo
731 2493 922 2537 provinciali

222 2568 232 2592 1
255 2565 369 2593 Videtur
383 2565 529 2600 tegendum
544 2565 711 2600 definitores
732 2564 773 2592 vel
793 2551 928 2600 definito-⁴

185 2617 252 2639 rum
271 2610 308 2646 (a.
325 2610 373 2645 r).

973 269 1079 303 dictus
1112 269 1261 302 minister
1292 268 1498 312 provincialis
1530 279 1566 302 ex
1597 268 1709 301 eadem

972 323 1118 356 custodia
1141 322 1354 365 Bergomensi
1376 328 1575 361 assumatur,
1610 327 1708 364 utque

972 386 1007 408 ex
1035 375 1172 418 singulis
1198 375 1354 408 custodiis
1386 375 1539 418 praefatis
1565 375 1628 408 duo
1655 375 1711 407 de-

972 427 1117 460 finitores
1143 428 1364 471 provinciales
1398 438 1526 471 semper
1557 438 1629 460 esse
1655 428 1711 460 de-

970 481 1078 520 beant,
1106 486 1137 513 et
1162 480 1333 523 guardiani
1356 482 1440 514 ultra
1473 481 1649 513 triennium
1677 481 1710 512 in

972 533 1129 566 eiusmodi
1159 534 1348 566 muneribus
1383 534 1500 566 durare
1532 544 1595 566 non
1629 543 1711 576 pos-

972 586 1045 625 sint,
1060 586 1290 628 guardianatus
1304 592 1410 619 antem
1427 585 1521 618 unius
1540 585 1709 618 custodiae

971 638 1093 681 absque
1118 639 1185 671 ullo
1212 638 1400 671 discrimine
1419 638 1631 671 conterantur
1649 638 1711 670 sra-

972 690 1074 722 tribus
1100 691 1231 723 alterius
1253 690 1433 730 custodiae,
1455 695 1550 733 atque
1577 691 1608 723 in
1634 701 1712 723 con-

970 743 1120 775 ventibus
1159 743 1346 786 provinciae
1390 744 1553 786 praefatae
1597 743 1711 776 fratres

970 795 1140 839 utriusque
1167 797 1333 829 custodiae
1366 796 1405 829 de
1438 796 1557 828 familiai
1590 796 1714 838 promi-

971 859 1046 881 scue
1066 858 1101 881 ac
1121 849 1254 882 insimul
1271 849 1473 882 collocentur
1487 849 1713 887 etconrivant,

970 901 1165 935 auctoritate
1190 902 1391 945 apostolica,
1419 907 1533 934 tenore
1558 912 1713 945 praesen-

972 955 1061 994 tium,
1087 955 1259 987 statuimus
1285 960 1316 987 et
1340 955 1539 987 ordinamus.

1014 1008 1076 1050 gli.
1097 1008 1329 1048 Decernentcs,
1347 1009 1434 1051 ipsas
1453 1013 1645 1050 praesentes
1660 1007 1711 1040 lit·
1749 1016 1869 1037 mansur-o.

971 1065 1055 1094 teras
1081 1070 1208 1103 semper
1227 1060 1347 1100 firmas,
1367 1058 1441 1092 etc.⁴

1013 1114 1028 1157 ἓ
1052 1113 1084 1145 4.
1111 1113 1180 1146 Non
1207 1113 1411 1146 obstantibus
1443 1112 1649 1156 praemissis,
1675 1123 1711 1146 ac

969 1165 1258 1199 constitutionibus
1283 1171 1315 1198 et
1339 1165 1602 1198 ordinationibus
1634 1176 1711 1209 apo-

970 1219 1106 1259 stolicis,
1126 1229 1255 1251 necnon
1273 1218 1412 1258 Ordinis,
1438 1218 1635 1261 provinciae,
1657 1229 1711 1251 cu-

970 1272 1148 1305 stodiarum
1175 1277 1207 1305 et
1232 1277 1452 1305 conventuum
1470 1272 1710 1315 praefatorum,

970 1325 1119 1369 aliisque,
1143 1325 1238 1358 etiam
1259 1326 1454 1366 iuramento,
1478 1326 1554 1358 etc.‘¹

1013 1378 1124 1411 Datum
1150 1378 1283 1418 Romae,
1308 1378 1392 1421 apud
1419 1378 1450 1411 S.
1478 1378 1626 1418 Petrum,
1651 1378 1710 1410 snb

970 1432 1091 1465 annulo
1131 1431 1327 1471 piscatoris,
1372 1431 1424 1464 die
1466 1441 1515 1464 xxi
1557 1430 1710 1464 februarii

969 1494 1140 1524 nnccxxix,
1164 1483 1375 1527 pontificatus
1401 1484 1505 1516 nostri
1531 1493 1616 1516 anno
1635 1495 1664 1516 v.

1005 1545 1066 1573 Dat.
1090 1545 1134 1572 die
1154 1546 1184 1572 21
1208 1545 1340 1573 februarii
1364 1545 1441 1579 1729,
1464 1545 1563 1580 pontis.
1584 1554 1655 1572 anno
1669 1553 1693 1571 v.

1278 1723 1402 1757 CCth.

969 1815 1149 1849 Mandalm·
1180 1814 1344 1857 publicari
1376 1813 1537 1846 decretum
1566 1813 1711 1846 declara-

1013 1868 1112 1901 tionis
1146 1867 1305 1910 martyrii
1326 1867 1521 1899 venerahilis
1544 1867 1628 1899 servi
1650 1867 1711 1899 Dei

1011 1920 1127 1963 fratris
1152 1919 1278 1952 Fidelis
1303 1930 1321 1952 a
1342 1919 1555 1963 Siymarinya
1575 1918 1710 1954 Ordinis

1014 1974 1272 2017 Cupuccz‘norum
1286 1972 1305 2004 ¹.

1146 2061 1326 2089 Benedictus
1347 2060 1427 2095 Papa
1447 2061 1525 2088 xm.

969 2136 1117 2166 Deci-emm
1141 2136 1345 2166 Consumitense
1373 2146 1418 2165 seit
1447 2135 1578 2167 Curiense
1605 2135 1708 2174 beatifi-

1007 2187 1124 2214 cationis
1145 2190 1170 2215 εἰ
1193 2185 1423 2221 ι’[ιιιοιιίς-(ιίίοηῐε,
1441 2186 1495 2214 sive
1517 2184 1708 2214 declarationis

1008 2234 1138 2272 vistrlyrii
1160 2233 1325 2263 venerabilis
1347 2235 1417 2262 servi
1436 2233 1486 2262 Dec·
1507 2234 1605 2272 fralris
1628 2233 1709 2262 Fide-

1008 2282 1042 2311 lis
1057 2293 1072 2311 α
1092 2282 1267 2320 St'gmurinya
1289 2282 1438 2311 sacerdotis
1458 2283 1578 2321 professi
1597 2281 1708 2311 Ordinis

1006 2330 1036 2360 S.
1063 2330 1208 2360 Francisci
1232 2330 1465 2370 Παρικάνιοι-τινι,
1487 2331 1576 2369 primi
1596 2331 1709 2358 eit-mis—

1004 2435 1012 2459 1
1038 2434 1073 2460 Ut
1092 2441 1183 2468 supra,
1204 2441 1265 2468 pag.
1287 2433 1333 2459 lm
1353 2442 1371 2459 a
1391 2433 1427 2467 (tt.
1444 2434 1492 2464 Τ,).

1001 2477 1018 2503 2
1039 2476 1070 2504 Ut
1090 2485 1181 2512 supra,
1203 2485 1264 2512 pag.
1287 2478 1333 2504 471
1353 2485 1371 2503 α
1390 2478 1429 2511 (n.
1445 2478 1493 2511 T.).

1003 2523 1013 2548 1
1037 2521 1093 2547 Atia
1113 2520 1192 2547 huius
1214 2521 1349 2548 Pontilicis
1376 2525 1463 2548 const.
1490 2521 1534 2547 ed.
1556 2527 1707 2554 MDccxxtx,

967 2562 1010 2590 die
1029 2571 1065 2589 xli
1086 2563 1173 2590 martii
1187 2584 1193 2596 ,
1223 2562 1317 2598 pontif.
1347 2570 1363 2589 v
1377 2583 1384 2597 ,
1412 2562 1526 2590 liabetur
1545 2562 1707 2591 beatificatio

967 2607 1098 2635 eiusdem.

1606 210 1665 244 781
1717 218 1769 246 An.
1791 218 1819 246 c.
1838 218 1905 246 t7⁶29

1792 1121 1904 1145 tlt—manno

1722 1150 1849 1168 contrat-imi
1852 1155 1885 1169 ιιιιι
