2170 3147
23 208 73 237 ΑΒ.
89 208 118 237 C.
139 209 208 238 1726

57 743 200 771 Eiusdemque

19 770 97 791 auctu<
112 774 133 791 et
153 773 199 792 itu-a

16 801 118 818 uniuntur
132 799 190 818 eccla

17 824 62 844 liae
86 824 110 845 Β.
127 825 199 850 Angelt

17 849 38 871 in
45 849 97 871 Foro
104 851 201 872 Piscium.

793 211 990 237 BENEDICTUS
1013 211 1072 236 XIII
1096 211 1146 236 PP.

215 263 250 292 ut
272 258 453 302 praefertur
480 260 656 304 suppressa
673 265 705 294 et
722 261 863 294 extincta
881 271 956 305 per-

213 317 312 355 petuo
338 312 512 355 privamus,
537 323 573 345 ac
604 313 762 356 privatum
797 324 867 347 esse
900 315 954 347 de-

213 365 375 398 cernimus
400 371 432 399 et
456 366 678 405 declaramus,
713 366 769 399 illa
800 368 952 410 deinceps

213 427 375 459 exercere,
405 423 457 451 aut
480 429 513 452 se
539 419 784 462 quomodolibet
809 420 840 451 in
866 419 952 452 illius

212 480 266 503 res
293 472 485 514 temporales
519 477 550 505 et
582 472 768 515 spirituales
792 471 953 504 intromit-

212 528 281 557 tere
306 525 493 558 nullatenus
518 525 663 568 debeat),
690 531 792 564 motu,
819 525 953 557 scientia

212 582 244 610 et
267 579 437 621 potestatis
462 578 665 622 plenitudine
686 578 853 618 similibus,
879 588 952 621 per-

211 636 310 674 petuo
335 632 521 664 abdicamus
540 637 571 664 et
588 631 785 664 abdicatum¹
805 641 874 664 csse
899 642 952 664 vo-

210 684 331 723 lumus,
353 685 556 718 decernimus
581 691 613 718 et
637 685 850 718 declaramus.

255 737 270 780 ξ
288 737 318 771 3.
338 737 557 782 Eiusdemque
576 738 775 782 parochialis
794 738 949 771 ecelesiae

212 789 247 822 Β.
267 789 428 833 Gregorii,
447 801 506 833 per
518 801 595 831 nos,
612 796 647 823 ut
664 791 859 834 praefertur,
876 801 951 833 sup-

210 851 342 885 pressae
356 848 388 875 et
401 843 571 882 extinctae,
585 843 678 882 bona,
693 843 815 890 domos,
828 854 949 876 earum-

211 904 275 938 que
300 896 492 938 pensioneS,
517 896 755 940 proprietates,
785 906 947 935 canones,

207 948 402 990 pretaticum
421 949 649 989 hebraeorum,
669 950 790 982 fructus
808 960 946 993 quoqne,

207 1001 356 1033 redditus
373 1008 404 1034 et
423 1008 611 1045 proventus,
630 1003 712 1042 iura,
733 1003 947 1035 obventiones

209 1059 241 1086 et
257 1055 478 1087 emolumenta
495 1065 739 1098 quaecumque,
765 1055 804 1088 ad
830 1055 947 1088 dictam

206 1107 429 1150 parochialem
456 1109 625 1141 ecclesiam
652 1109 686 1141 Β.
716 1108 880 1151 Gregorii,
914 1114 948 1140 ut

207 1160 415 1204 praefertur,
454 1172 663 1204 suppressam
703 1166 735 1194 et
774 1162 948 1194 extinctam

208 1214 450 1257 quomodolibet
467 1220 498 1247 et
511 1215 787 1258 qualitercumque
803 1221 948 1258 spectan-

207 1267 262 1306 lia,
291 1273 322 1300 et
346 1267 582 1311 undecumque,
609 1268 705 1301 etiam
731 1279 767 1301 ex
801 1268 946 1311 praefato

197 1321 362 1358 ‚exercitio
387 1332 483 1354 curae
508 1323 687 1354 animarum
709 1321 946 1365 provenientia,

206 1384 355 1417 quaeque
392 1375 517 1407 ratione
555 1376 729 1418 parochiae
766 1381 797 1408 et
831 1375 945 1408 iurium

205 1427 439 1470 parochialium
466 1429 649 1461 huiusmodi
668 1429 700 1460 in
719 1429 859 1461 futurum
877 1439 946 1471 spe-

205 1486 293 1513 ctare
318 1486 351 1513 et
375 1481 528 1514 obvenire
554 1487 718 1524 poterunt,
754 1483 945 1515 auctoritate

205 1538 236 1567 et
272 1539 384 1567 tenore
421 1534 615 1577 praedictis,
654 1536 749 1568 etiam
785 1541 945 1578 perpetuo

204 1598 393 1630 separamus
418 1594 450 1620 et
485 1588 782 1628 dismembramus;
818 1599 854 1621 ac
890 1589 945 1621 illa

205 1640 315 1673 omnia
339 1646 370 1673 et
394 1641 519 1683 singula
545 1641 589 1674 sic
614 1642 761 1674 abdicata
798 1647 830 1675 et
853 1653 941 1685 sepa-

203 1699 282 1732 rata,
304 1704 481 1737 omnesque
499 1694 566 1727 eius
586 1695 803 1737 parochianos
829 1696 944 1728 utrius-

204 1757 266 1789 que
292 1757 394 1786 sexus,
421 1747 460 1780 ad
486 1747 635 1780 vicariam
662 1753 865 1791 perpetuam,
893 1748 941 1781 cui

204 1809 279 1832 cura
314 1799 494 1832 animarum
530 1800 707 1839 incumbit,
749 1801 941 1833 dilectorum

204 1852 300 1885 etiam
325 1852 468 1886 filiorum
502 1854 776 1896 parochianorum
799 1854 942 1886 saecula-

202 1905 246 1938 ris
272 1911 303 1938 et
335 1906 525 1947 collegiatae
563 1908 719 1940 ecclesiae
756 1907 790 1940 B.
826 1907 940 1949 Angeli

203 1959 234 1992 in
254 1959 337 1993 Foro
364 1959 498 1992 Piscium
525 1961 647 2003 pariter
671 1966 876 2004 nuncupatae
902 1961 941 1993 de

202 2011 310 2052 Urbe,
338 2023 419 2056 quae
452 2013 555 2045 vicina
592 2018 622 2046 et
658 2013 880 2052 contermina,
908 2024 942 2045 ac

203 2065 297 2098 etiam
324 2066 522 2108 parochialis
542 2072 573 2099 et
594 2067 795 2109 baptismalis
820 2072 884 2104 est,
902 2066 942 2098 si-

201 2118 322 2152 militer
346 2125 505 2163 perpetuo
532 2120 768 2160 transferimus,
787 2120 866 2152 itaut
890 2131 942 2163 pa-

201 2172 357 2213 rochialis
382 2172 537 2205 ecclesiae
564 2173 598 2205 B.
626 2173 771 2215 Gregorii
800 2184 857 2216 per
882 2184 941 2206 nos

201 2231 237 2257 ut
272 2226 455 2268 praelertur
490 2236 684 2268 suppressae
717 2232 747 2258 et
783 2227 941 2259 extinctae

201 2278 391 2320 parochiani
419 2278 603 2310 huiusmodi
630 2279 667 2310 ad
695 2279 811 2311 dictam
843 2281 943 2312 colle-

202 2330 319 2373 giatam
347 2336 378 2363 et
404 2330 625 2373 parochialem
644 2331 813 2364 ecclesiam
832 2332 866 2364 B.
882 2333 942 2364 An-

202 2384 264 2426 geli
291 2394 349 2427 pro
376 2384 604 2417 ecclesiasticis
630 2384 837 2417 sacramentis
863 2385 942 2417 reci-

200 2436 326 2479 piendis
346 2436 518 2480 missisque
540 2443 571 2469 et
595 2437 666 2470 aliis
692 2437 807 2469 divinis
829 2437 941 2470 officiis

202 2491 372 2524 audiendis
407 2491 559 2533 deinceps
593 2491 759 2531 accedere,
785 2501 821 2524 ac
845 2491 941 2524 infra-

237 2563 248 2588 t
267 2559 359 2589 Potius
373 2561 432 2596 lege
447 2562 614 2589 abdicatam
626 2561 666 2588 vel
683 2562 829 2598 abdicata,
842 2570 941 2598 nempe

200 2613 303 2634 curam
321 2607 505 2640 animarum,
523 2609 564 2634 vet
580 2608 648 2636 iura
664 2612 700 2642 (a.
718 2608 768 2642 T.).

998 262 1118 304 scripto
1135 261 1254 294 vicario
1279 261 1349 294 iura
1372 261 1571 305 parochialia
1589 261 1715 294 solvere
1731 287 1739 302 ,

999 319 1029 346 et
1055 315 1189 347 vicarius
1210 322 1387 358 perpetuus
1414 315 1518 348 dictae
1543 314 1736 357 collegiatae

998 372 1029 398 et
1063 367 1259 409 parochialis
1296 368 1450 400 ecclesiae
1488 368 1522 400 B.
1551 367 1664 409 Angeli
1703 367 1736 399 in

998 419 1081 451 Foro
1107 420 1242 452 Piscium
1270 421 1468 462 huiusmodi,
1496 432 1582 454 nunc
1613 427 1646 453 et
1677 431 1736 463 pro

998 477 1140 514 tempore
1167 473 1319 513 existens,
1340 484 1448 507 curam
1476 475 1654 507 animarum
1680 484 1737 516 pa-

996 525 1226 558 rochianorum
1263 527 1447 560 huiusmodi
1485 538 1658 567 exercere,
1699 538 1736 560 ac

995 577 1058 610 illis
1079 585 1279 612 sacramenta
1305 580 1542 618 administrare,
1559 587 1735 624 ceteraque

994 630 1098 663 officia
1124 638 1154 664 et
1179 643 1315 665 munera
1334 634 1534 675 parochialia
1552 634 1656 666 dictae
1681 644 1735 677 pa-

995 684 1151 716 rochialis
1178 686 1333 718 ecclesiae
1361 687 1394 719 Β.
1418 687 1585 729 Gregorii,
1612 687 1676 725 sic,
1700 692 1735 719 ut

994 737 1187 779 praefertur,
1207 749 1401 781 suppressae
1421 745 1449 771 et
1471 739 1639 776 extinctae,
1659 739 1734 771 sub-

994 788 1041 822 ire
1067 795 1099 822 et
1123 796 1336 834 supportare,
1365 793 1542 834 respective
1569 792 1670 835 possit
1701 797 1733 825 et

993 842 1133 884 debeat,
1161 854 1197 876 ac
1223 844 1318 876 etiam
1357 850 1532 884 teneatur,
1560 845 1732 888 eidemque

993 894 1129 928 vicariae
1156 897 1190 929 B.
1211 897 1325 938 Angeli
1352 898 1383 929 in
1409 898 1490 930 Foro
1516 898 1651 931 Piscium
1679 899 1734 931 liu-

992 948 1129 981 iusmodi
1156 950 1263 982 omnia
1289 956 1320 983 et
1344 951 1472 993 singula
1505 951 1607 985 dictae
1639 962 1734 994 paro-

992 1002 1106 1035 chialis
1138 1003 1297 1036 ecclesiae
1330 1004 1365 1036 B.
1393 1004 1553 1047 Gregorii,
1579 1015 1637 1047 per
1662 1015 1732 1046 nos,

992 1059 1025 1086 ut
1049 1055 1243 1098 praefertur,
1269 1066 1463 1099 suppressae
1499 1063 1530 1090 et
1561 1048 1731 1098 extinctae,

991 1107 1092 1147 bona,
1112 1109 1243 1148 domos,
1262 1109 1457 1154 illarumque
1476 1111 1664 1153 pensiones,
1683 1121 1732 1144 ca-

991 1171 1104 1200 nones,
1121 1162 1326 1205 pretaticum,
1348 1174 1472 1202 census,
1493 1164 1730 1207 responsiones,

992 1214 1123 1253 fructus,
1152 1215 1312 1255 redditus,
1339 1223 1527 1259 proventus,
1563 1216 1731 1250 obventio-

991 1277 1047 1300 nes
1075 1273 1102 1300 ct
1129 1269 1349 1301 emolumenta
1374 1280 1614 1312 quaecumque,
1640 1281 1732 1313 prae-

990 1320 1091 1353 sentia
1111 1326 1141 1353 et
1163 1321 1278 1359 sutura,
1297 1327 1359 1354 tam
1378 1328 1465 1354 certa
1484 1333 1577 1365 quam
1597 1322 1730 1362 incerta,

990 1373 1112 1406 maiora
1138 1379 1168 1407 et
1188 1374 1323 1413 minora,
1345 1375 1441 1407 etiam
1469 1375 1593 1408 ratione
1619 1377 1730 1416 stolae,

989 1427 1133 1459 exercitii
1153 1438 1249 1460 curae
1267 1428 1454 1467 animarum,
1477 1428 1731 1462 administratio-

989 1480 1039 1512 nis
1065 1486 1357 1519 sacramentorum,
1377 1491 1413 1514 ac
1431 1483 1633 1524 sepulturae,
1661 1482 1730 1514 offi-

989 1534 1134 1573 ciorum,
1170 1534 1383 1574 funeratinm,
1421 1536 1672 1569 mortuariorum
1699 1542 1731 1569 et

988 1587 1283 1619 anniversariorum
1300 1614 1307 1625 ,
1333 1592 1364 1620 et
1400 1588 1431 1620 in
1458 1589 1625 1631 quibusvis
1658 1589 1730 1622 aliis

988 1640 1084 1672 rebus
1109 1640 1322 1673 consistentia
1347 1640 1448 1683 (alias
1473 1642 1610 1674 vicariae
1636 1653 1730 1685 prae-

988 1694 1090 1726 dictae
1110 1694 1142 1726 Β.
1161 1695 1276 1736 Angeli
1303 1695 1333 1727 in
1354 1695 1436 1729 Foro
1463 1695 1600 1728 Piscium
1627 1702 1729 1730 trans-

988 1747 1139 1786 lationes,
1167 1747 1304 1780 uniones
1332 1753 1364 1780 et
1388 1749 1626 1789 assignationes
1651 1759 1730 1792 quo-

987 1801 1165 1833 modolibet
1196 1801 1352 1833 hactenus
1378 1802 1485 1833 forsan
1513 1801 1609 1834 factas
1635 1812 1730 1845 prae-

986 1855 1130 1887 sentibus
1156 1864 1214 1897 pro
1240 1854 1399 1896 expressis
1422 1855 1604 1898 habentes),
1629 1861 1726 1896 motu,

986 1906 1117 1939 scicntia
1135 1912 1165 1939 et
1183 1907 1377 1939 auctoritate
1402 1908 1588 1950 praedictis,
1613 1919 1728 1952 perpe·

987 1965 1043 1992 tuo
1069 1959 1214 1998 unimus,
1240 1960 1443 1992 annectimus
1471 1966 1502 1993 et
1532 1961 1725 2004 incorpora-

987 2023 1068 2052 mus,
1096 2018 1143 2052 et,
1169 2018 1297 2055 praeter
1329 2013 1521 2055 assignatam
1550 2024 1727 2056 congruam

986 2066 1170 2108 portionem
1203 2067 1331 2109 aliaque
1363 2067 1457 2099 solita
1481 2062 1725 2109 emolumenta,

987 2120 1088 2162 ipsius
1120 2119 1228 2151 vicarii
1267 2119 1403 2162 eiusque
1435 2121 1466 2152 in
1502 2120 1585 2152 dicta
1611 2120 1728 2153 vicaria

986 2172 1020 2204 Β.
1038 2172 1151 2214 Angeli
1168 2173 1200 2204 in
1220 2172 1301 2205 Foro
1317 2172 1453 2205 Piscium
1472 2173 1724 2215 succeSSOt'um¹,

985 2236 1044 2268 per
1062 2236 1117 2257 eos
1138 2226 1269 2268 propria
1286 2226 1479 2258 auctoritate
1504 2226 1725 2269 percipienda,

986 2278 1142 2319 exigenda
1178 2283 1210 2309 ct
1245 2278 1392 2317 levanda,
1430 2278 1522 2310 acin
1548 2289 1624 2311 suos
1650 2289 1725 2312 usus

986 2335 1017 2363 ct
1041 2330 1224 2369 utilitatem,
1250 2341 1285 2362 ac
1311 2341 1370 2372 pro
1396 2331 1629 2374 supportandis
1654 2342 1725 2365 one-

986 2383 1073 2415 ribus
1106 2383 1353 2426 parochialibus
1389 2384 1605 2427 primodictae
1630 2395 1726 2428 paro-

984 2436 1100 2469 chialis
1126 2436 1303 2469 eccclesiae
1329 2437 1364 2469 B.
1384 2436 1543 2480 Gregorii,
1568 2449 1630 2481 per
1653 2448 1724 2479 nos,

985 2495 1018 2522 ut
1042 2490 1244 2533 praefertur,
1271 2501 1461 2534 suppressae
1487 2497 1519 2524 et
1544 2492 1722 2532 extinctae,

1021 2563 1030 2588 1
1051 2561 1142 2589 Potius
1161 2562 1220 2598 ipsi
1238 2562 1350 2591 vicario
1371 2563 1486 2598 eiusque
1550 2563 1722 2591 successori-

985 2607 1034 2634 bus
1049 2607 1088 2642 (tt.
1103 2606 1150 2642 12).

1633 202 1698 237 333
1744 211 1793 240 An.
1810 212 1839 240 c.
1863 213 1929 241 ¹726
