2170 3147
39 233 92 260 An.
108 230 136 258 C.
161 229 227 257 2725

62 291 169 313 Resolutio
180 291 223 317 pri-

39 325 72 340 ma
93 324 151 338 circa
173 321 223 337 tem·

39 351 78 371 pus
87 344 222 370 gvneralatns

40 372 171 396 aliorumque
194 370 222 389 of-

39 397 133 418 ficivrun·
162 397 222 417 Ordi-

39 425 78 444 ms.

63 869 172 890 Resolutio
189 874 222 887 sc-

36 896 105 917 eunda
117 897 174 916 circa
187 902 224 915 nt-

37 928 74 943 νοι
88 922 207 948 praefectos
217 937 222 945 ,

37 949 108 975 quoad
137 949 221 973 religio-

36 981 71 996 sos
82 975 110 995 ad
121 975 222 995 sacerdo·

36 1003 87 1022 tium
99 1007 222 1028 promoven-

37 1029 83 1050 dos,

822 226 1019 251 BENEDICTUS
1045 226 1103 250 xm
1128 226 1175 250 ΓΡ.

272 277 339 308 Fuit
360 277 454 317 primo
482 277 545 306 loco
577 275 756 315 exquisitum
790 280 886 305 votum
903 299 910 313 ‚
934 284 969 304 an

234 326 384 364 expediret
415 325 560 364 generalis
582 324 701 355 Ordinis
730 324 835 353 durare
866 323 971 352 debere

233 373 267 403 ad
286 373 463 403 novennium
487 372 532 402 vel
555 372 589 402 ad
612 372 800 408 sexennium;
818 375 845 401 ct
863 371 972 400 resolu-

233 426 293 451 tum
316 422 369 451 suit
391 421 569 451 unanimiter
590 420 665 460 quod
688 419 807 449 deberet
830 428 893 448 csse
921 428 971 447 no-

232 470 365 507 vennale,
388 474 415 499 et
438 469 511 509 quod
536 469 632 499 omnia
656 468 768 507 pariter
790 467 884 497 officia
907 467 972 496 illo-

232 527 319 556 rum,
344 519 395 557 qui
426 518 456 547 in
490 517 617 557 capitulo
648 516 776 555 generali
799 515 969 553 eliguntur,

231 571 317 606 prout
337 570 405 595 sunt
427 566 596 596 assistentes
617 564 770 603 generales
785 568 812 593 et
831 563 971 592 assisten-

231 619 274 645 tes
303 615 496 655 particulares
523 615 678 653 utriusque
700 613 799 651 regni,
823 611 971 642 debebunt

230 664 318 694 etiam
347 673 409 693 esse
440 663 474 693 ad
497 663 694 699 novennium,
717 660 842 691 servatis
872 664 970 689 tamen

230 712 325 751 quoad
347 712 520 742 electionem
536 711 722 750 superiorum
740 708 877 739 localium
901 717 970 737 con-

231 761 436 791 stitutionibus
468 760 586 791 Ordinis
618 758 866 799 praecipientibus
895 756 971 796 quod

231 809 304 839 istae
327 809 398 839 fiant
420 809 455 839 de
477 808 606 838 triennio
630 808 659 837 in
679 807 851 837 triennium.

273 857 457 887 Postmodum
475 856 528 886 suit
551 864 720 895 processum
742 855 777 885 ad
801 853 971 893 exquisitio-

233 915 299 936 nem
323 910 455 936 votorum
472 905 601 935 eiusdem
619 904 739 945 capituli
763 903 910 942 generalis
926 912 973 932 su-

233 964 285 994 per
303 954 366 984 aliis
385 954 501 994 punctis
520 954 555 984 ad
571 954 654 984 illum
670 953 802 983 remissis
818 962 832 981 a
849 952 973 990 Congre-

232 1003 349 1042 gatione
371 1003 542 1043 particulari
565 1002 610 1032 die
634 1011 700 1031 xxxi
719 1000 845 1032 ianuarii
862 1008 970 1036 hincm,

233 1056 260 1082 et
282 1053 336 1083 suit
358 1052 485 1082 secundo
507 1052 569 1082 loco
595 1051 773 1090 exquisitum
797 1058 832 1078 an
855 1049 973 1088 expedi-

232 1105 276 1130 ret
299 1100 406 1131 hahere
428 1100 457 1130 in
480 1100 623 1138 religione
644 1098 814 1137 religiosos,
835 1099 884 1137 qui
908 1108 973 1138 pro-

232 1153 419 1179 moverentur
447 1149 481 1179 ad
513 1149 726 1183 sacerdotium;
750 1159 783 1179 ac
812 1149 973 1179 communi-

232 1197 287 1228 bus
312 1197 458 1236 suss'ragiis
486 1197 647 1227 resolutum
676 1198 729 1227 suit
760 1197 897 1236 expedire
919 1197 971 1226 snb

231 1246 422 1286 sequentibus
458 1250 554 1276 tamen
587 1246 823 1277 conditionibus:
860 1246 970 1286 prima,

231 1296 307 1336 quod
329 1305 414 1326 nemo
431 1296 519 1335 possit
534 1297 698 1335 promoveri
716 1297 749 1326 ad
773 1297 970 1326 sacerdotium

231 1345 288 1374 nisi
311 1349 375 1384 post
397 1345 527 1384 elapsum
556 1345 730 1375 decennium
754 1354 768 1374 a
792 1345 839 1375 die
861 1345 973 1383 ingres-

231 1402 280 1423 sus
302 1393 332 1423 in
355 1392 550 1431 religione1n;
574 1393 715 1430 secunda,
739 1394 815 1432 quod
846 1393 881 1423 ad
904 1393 971 1422 effe-

231 1446 308 1472 etum
331 1451 362 1472 se
384 1441 574 1481 promovendi
603 1441 637 1471 ad
667 1442 862 1472 sacerdotium
892 1442 973 1471 nulla

231 1490 342 1521 directe
365 1490 411 1520 vel
439 1490 581 1520 indirecte
604 1490 644 1520 uti
678 1491 768 1529 possit
796 1490 971 1520 mediatione

230 1539 349 1569 alterius
382 1548 524 1579 personae
553 1548 604 1578 pro
626 1539 786 1569 obtinenda
809 1538 932 1568 licentia
954 1548 969 1568 a

230 1591 312 1627 patre
333 1587 462 1626 generali
485 1591 513 1617 et
535 1587 739 1617 assistentibus
770 1587 969 1625 generalibus,

230 1636 280 1666 sed
303 1637 426 1676 proponi
459 1636 563 1666 debeat
590 1645 605 1665 a
634 1642 716 1676 patre
748 1636 971 1675 vice-praesecto

231 1685 362 1723 generali
383 1689 412 1715 et
434 1685 652 1722 assistentibus,
675 1685 725 1724 qui
748 1684 872 1714 debeant
896 1684 970 1724 patri

231 1734 361 1772 generali
388 1734 511 1773 eiusque
541 1734 709 1764 definitorio
739 1734 803 1763 illas
831 1743 970 1773 personas

232 1783 408 1821 significare,
431 1792 504 1822 quas
520 1782 686 1813 huiusmodi
709 1782 882 1820 dignitatem
906 1791 971 1820 pro-

233 1831 344 1861 moveri
373 1840 456 1871 posse
488 1831 683 1867 crediderint;
707 1831 812 1867 tertia,
836 1830 913 1869 quod
947 1830 970 1859 si

232 1880 316 1910 aliter
338 1880 482 1920 quispiam
511 1881 546 1910 ad
568 1880 763 1910 sacerdotium
795 1879 883 1909 suerit
906 1889 973 1918 pro-

233 1932 341 1965 motus,
365 1929 428 1969 ipso
450 1929 526 1959 facto
547 1929 679 1959 incurrat
700 1929 730 1958 in
749 1928 971 1968 suspensionem

232 1988 248 2008 a
270 1978 389 2016 divinis,
412 1987 427 2008 a
450 1987 506 2017 qua
522 1978 639 2008 nonnisi
662 1987 712 2017 per
729 1986 874 2007 summum
898 1977 971 2006 Pon-

234 2028 340 2058 tificem
363 2027 474 2058 absolvi
497 2027 600 2067 possit,
617 2032 644 2057 et
659 2027 824 2057 habilitatio
848 2026 905 2066 peti
922 2035 971 2056 ne-

234 2081 332 2116 queat,
356 2076 413 2106 nisi
442 2076 635 2116 praecedente
656 2075 842 2115 beneplacito
869 2075 972 2104 defini-

235 2126 305 2155 toris
340 2125 503 2163 generalis;
541 2129 664 2164 quarta,
702 2124 778 2163 quod
815 2127 971 2153 teneantur

234 2174 363 2213 quotidie
389 2174 537 2204 celebrare
566 2178 594 2204 et
622 2174 768 2213 applicare
794 2173 970 2203 sacrificium

235 2223 315 2252 iuxta
338 2223 530 2253 intentionem
553 2223 691 2262 praefecti
714 2222 815 2252 localis
837 2227 865 2251 et
890 2222 970 2251 iuxta

235 2270 426 2310 obligationes
448 2271 668 2301 communitatis
690 2271 769 2300 illius
801 2270 920 2306 domus,
944 2274 972 2299 et

235 2320 323 2360 quod,
343 2320 367 2350 si
384 2330 435 2360 pro
450 2320 646 2350 celebratione
665 2320 791 2359 aliquam
810 2320 971 2357 eleemosy-

236 2378 302 2398 nam
325 2369 500 2408 receperint,
524 2373 679 2399 teneantur
701 2369 780 2398 illam
804 2368 919 2397 tradere
940 2368 970 2397 in

237 2417 371 2447 manibus
392 2418 486 2456 ipsius
508 2417 647 2456 praefecti
670 2417 770 2447 localis
793 2416 843 2446 ubi
867 2416 972 2445 missae

237 2466 439 2503 celebrantur,
464 2465 506 2495 vel
533 2466 617 2495 cuius
648 2465 782 2495 subditus
805 2465 892 2494 suerit
925 2464 972 2493 ille

237 2515 286 2553 qui
308 2519 389 2545 extra
411 2518 587 2544 conventum
610 2513 813 2549 celebraverit,
836 2512 889 2542 sub
910 2521 974 2551 poe-

238 2563 283 2592 nis
319 2567 418 2593 contra
451 2562 662 2602 proprietarios
694 2561 828 2597 inflictis;
852 2560 972 2599 quinta,

238 2612 315 2652 quod
336 2613 365 2644 in
388 2611 517 2651 quolibet
539 2615 684 2645 conventu
707 2620 765 2642 non
787 2610 894 2647 adsint,
919 2609 975 2641 nisi

1013 275 1069 305 duo
1097 275 1280 311 sacerdotes,
1305 279 1333 305 et
1361 274 1389 304 in
1412 273 1560 308 domibus,
1584 282 1658 312 quae
1684 277 1751 302 sunt

1014 324 1160 361 matrices,
1184 328 1242 353 tres
1265 324 1298 353 ad
1318 323 1452 353 effectum
1476 321 1630 361 supplendi
1653 321 1681 350 in
1705 330 1752 350 ca-

1013 381 1076 401 sum
1100 372 1195 402 obitus
1218 372 1247 402 in
1271 373 1336 402 aliis
1366 371 1573 406 conventibus3
1598 374 1699 403 sexta,
1723 374 1750 398 et

1013 429 1080 449 casu
1104 430 1171 459 quo,
1196 420 1230 449 de
1253 421 1367 450 licentia
1391 420 1476 449 etiam
1494 419 1583 458 patris
1606 418 1751 456 generalis

1014 471 1041 497 et.
1063 469 1276 501 assistentium,
1295 469 1387 498 maior
1403 478 1542 498 numerus
1566 475 1752 506 promovere·

1014 521 1071 554 tur,
1096 517 1137 546 sic
1160 517 1284 556 promoti
1307 527 1364 546 non
1389 517 1500 555 possint
1522 516 1670 545 celebrare
1694 515 1751 543 nisi

1014 565 1240 603 superveniente
1273 566 1423 594 vacatione
1456 565 1581 594 alicuius
1613 564 1667 593 loci
1700 572 1752 601 per

1015 613 1127 643 obitum
1151 614 1272 643 alterius
1294 614 1473 648 sacerdotis3
1506 613 1647 651 septima,
1672 612 1751 651 quod

1015 663 1198 699 sacerdotes,
1223 667 1254 692 ut
1281 672 1367 701 snpra
1402 662 1543 701 promoti,
1567 661 1691 690 debeant
1723 661 1753 689 in

1015 710 1150 740 omnibus
1173 711 1255 749 sequi
1280 712 1366 740 vitam
1389 710 1552 748 regularem
1581 719 1613 739 ac
1640 709 1753 739 deferre

1015 768 1152 789 coronam
1181 759 1345 789 clericalem
1379 759 1413 788 ad
1446 759 1538 788 instar
1569 758 1753 787 sacerdotum

1015 807 1133 837 Ordinis
1157 809 1184 837 S.
1207 808 1324 838 loannis
1347 808 1413 844 Dei,
1437 807 1573 846 qnodque
1605 815 1753 846 nunquam

1016 867 1068 887 nec
1092 866 1143 896 per
1159 856 1245 887 breve
1258 857 1397 896 temporis
1414 856 1540 896 spatium
1564 855 1676 894 possint
1692 864 1754 884 esse

1016 905 1154 945 praefecti
1177 906 1346 944 generales,
1371 915 1424 935 nec
1447 905 1535 934 ullam
1559 904 1753 943 praelaturam

1016 953 1123 984 habere
1147 963 1313 993 supremam
1345 963 1396 983 seu
1419 952 1609 990 ordinariam,
1644 961 1697 981 nec
1720 961 1752 980 ex

1015 1003 1233 1042 dispensatione
1261 1003 1353 1042 patris
1382 1002 1546 1040 generalis,
1570 1010 1624 1031 nec
1652 1000 1757 1030 defini-

1017 1052 1083 1082 torii
1115 1051 1270 1090 generalis,
1307 1060 1360 1081 nec
1389 1050 1602 1088 cuiuscumque
1633 1049 1754 1078 alterius

1016 1101 1189 1139 superioris,
1206 1100 1255 1129 sed
1273 1099 1349 1138 quod
1366 1098 1547 1129 solummodo
1564 1098 1674 1136 possint
1692 1106 1755 1125 esse

1015 1149 1135 1178 discreti
1157 1152 1373 1184 conventuum,
1398 1147 1531 1185 magistri
1553 1146 1751 1181 novitiorum,

1016 1202 1041 1227 et
1074 1197 1244 1227 assistentes
1272 1196 1457 1236 provinciae3
1480 1199 1581 1225 octava
1608 1194 1752 1232 denique,

1016 1246 1091 1285 quod
1114 1247 1137 1275 si
1160 1246 1265 1285 aliquis
1281 1244 1417 1275 sacerdos
1439 1243 1598 1274 saecularis
1617 1246 1755 1281 aegrotus

1016 1295 1045 1325 in
1068 1294 1261 1334 hospitalibus
1284 1294 1392 1332 degens
1416 1297 1526 1333 peteret
1559 1302 1611 1331 pro
1634 1293 1687 1321 sua
1709 1291 1756 1321 de-

1017 1345 1130 1375 votione
1153 1344 1266 1374 admitti
1289 1344 1323 1373 ad
1346 1342 1477 1372 habitum
1500 1341 1650 1379 religionis
1673 1344 1754 1370 ante-

1015 1389 1101 1433 quam
1139 1393 1252 1429 obiret,
1277 1392 1389 1431 possint
1430 1395 1512 1430 pater
1549 1390 1694 1428 generalis
1727 1394 1753 1419 et

1015 1443 1215 1473 definitorium
1247 1441 1408 1471 concedere
1431 1439 1581 1469 licentiam
1608 1438 1694 1468 alicui
1717 1438 1751 1467 de

1017 1491 1170 1531 praesectis
1202 1490 1343 1520 localibus
1374 1498 1426 1528 pro
1449 1487 1617 1517 huiusmodi
1651 1486 1756 1516 admis-

1015 1541 1107 1578 sione,
1131 1540 1287 1570 accedente
1305 1543 1401 1569 tamen
1418 1546 1562 1568 consensu
1582 1536 1661 1566 illius
1677 1544 1756 1565 com-

1016 1589 1187 1625 munitatis,
1219 1598 1275 1618 non
1310 1587 1442 1617 obstante
1475 1585 1551 1625 quod
1588 1585 1617 1614 in
1653 1584 1753 1613 eodem

1015 1642 1161 1667 conventu
1197 1636 1292 1666 adsint
1329 1636 1377 1665 alii
1418 1636 1474 1665 duo
1517 1633 1683 1663 sacerdotes
1722 1637 1752 1662 ut

1016 1695 1115 1725 supra.

1054 1734 1152 1764 Tertio
1180 1734 1242 1763 loco
1269 1732 1447 1771 exquisitum
1478 1732 1531 1761 suit
1558 1735 1655 1760 votum
1679 1730 1755 1759 eius-

1015 1784 1080 1813 dem
1114 1782 1234 1822 capitnli
1266 1781 1429 1819 generalis,
1461 1790 1497 1810 an
1532 1784 1613 1819 pater
1646 1779 1755 1818 praese-

1015 1836 1079 1862 ctus
1098 1831 1243 1869 generalis
1266 1830 1310 1859 vel
1333 1830 1509 1868 quicumque
1525 1829 1598 1858 alius
1620 1828 1754 1867 superior

1016 1881 1128 1920 possint
1158 1880 1187 1910 in
1215 1879 1357 1917 religione
1385 1878 1513 1917 recipere
1536 1877 1615 1911 illos,
1640 1877 1690 1916 qui
1711 1877 1756 1906 in-

1015 1930 1181 1959 servierunt
1203 1928 1296 1958 eidem
1321 1927 1470 1964 religioni,
1495 1935 1545 1956 seu
1574 1925 1698 1962 suerint,
1724 1930 1755 1954 ut

1016 1979 1101 2017 vulgo
1129 1977 1253 2015 dicitur,
1279 1976 1419 2006 Domitios:
1444 1979 1471 2004 et
1497 1974 1655 2004 resolutum
1683 1974 1755 2004 exti-

1016 2028 1048 2057 tit
1071 2037 1121 2066 per
1143 2025 1309 2056 communia
1332 2024 1467 2062 sutfragia
1492 2032 1548 2052 non
1572 2032 1666 2062 posse.

1054 2075 1162 2110 Quarto
1188 2075 1250 2104 loco
1281 2072 1459 2113 propositum
1482 2072 1551 2109 suit,
1576 2081 1610 2100 an
1634 2071 1663 2100 in
1686 2080 1753 2100 casu

1015 2125 1111 2155 obitus
1140 2123 1276 2162 praefecti
1305 2121 1466 2160 generalis,
1490 2120 1604 2159 quando
1630 2120 1664 2149 ad
1688 2129 1753 2150 eum

1017 2174 1176 2213 pertineret
1212 2180 1372 2201 convocare
1402 2169 1582 2208 capitulum,
1607 2178 1657 2198 scu
1686 2178 1755 2198 con-

1015 2226 1150 2251 currente
1181 2228 1364 2259 quocumque
1392 2218 1448 2247 alio
1478 2217 1606 2255 legitimo
1633 2217 1755 2255 impedi-

1016 2274 1127 2303 mento,
1152 2269 1181 2298 in
1210 2268 1306 2307 aliquo
1331 2277 1364 2296 ex
1388 2266 1452 2296 istis
1475 2266 1590 2295 casibus
1617 2275 1756 2295 convoca-

1015 2319 1055 2348 tio
1077 2317 1197 2357 capituli
1219 2316 1366 2355 pertinere
1387 2314 1490 2344 debeat
1511 2315 1545 2344 ad
1568 2315 1754 2344 assistentem

1015 2366 1229 2405 antiquiorem:
1247 2369 1274 2394 et
1291 2364 1399 2403 pariter
1418 2363 1578 2393 resolutum
1602 2363 1655 2393 suit
1677 2364 1754 2402 qnod

1016 2417 1045 2445 in
1068 2425 1137 2444 casu
1159 2414 1254 2444 obitus
1278 2413 1367 2452 patris
1395 2413 1540 2450 generalis
1573 2422 1625 2441 seu
1652 2413 1753 2442 vicarii

1015 2463 1173 2502 generalis,
1198 2462 1242 2492 vel
1271 2462 1300 2491 in
1328 2470 1425 2491 casum
1449 2462 1544 2499 gravis
1577 2461 1755 2491 infirmitatis

1017 2521 1067 2542 eos
1100 2511 1229 2549 legitime
1251 2509 1450 2549 impedientis,
1481 2519 1532 2539 seu
1568 2518 1753 2548 (planumque

1017 2560 1075 2589 ali-3.
1096 2559 1228 2597 legitima.
1250 2559 1335 2588 causti
1359 2562 1564 2594 concurrente,
1582 2558 1627 2587 ius
1649 2567 1752 2587 convo<

1017 2608 1101 2639 candi
1124 2608 1284 2647 capitulum
1318 2607 1452 2647 generale
1480 2611 1507 2637 et
1529 2607 1558 2636 in
1581 2616 1613 2637 eo
1645 2606 1755 2645 praesb

1759 223 1807 250 Αη.
1826 222 1854 249 C.
1877 221 1943 250 1725

1766 1742 1874 1763 [tmolum
1888 1744 1949 1762 tortia

1765 1770 1821 1789 circa
1852 1768 1948 1789 donatos.

1841 2077 1950 2098 Resolutio

1765 2107 1848 2130 quarta:
1856 2104 1892 2125 Cui
1901 2109 1950 2123 con-

1767 2134 1850 2150 vocatio
1861 2130 1950 2155 capituti

1764 2158 1875 2184 pertineat.
