2170 3147
0 171 14 188 ι.
36 160 63 187 (Ξ,
84 160 148 187 1729

0 1119 24 1140 ,ἱι
35 1119 87 1140 inter
101 1125 142 1139 mo·

3 1146 40 1166 hos
61 1146 143 1171 praes-¹-

16 1175 37 1193 σι
60 1173 133 1198 praedi

0 1205 17 1219 m
45 1205 144 1220 uutttftlttn

3 1228 35 1246 [ια
71 1226 142 1246 abutu-

732 159 926 184 BENEDtCTts

156 219 215 242 nec
239 209 270 241 in
296 209 397 242 altera
422 209 612 252 particulari
639 209 741 252 priori
767 210 837 242 loco
863 213 896 241 ut

156 272 252 304 supra
277 261 447 304 delegata,
475 262 619 295 discussa
645 272 749 305 neque
776 273 897 305 propo-

156 315 217 347 sita
243 315 356 348 extitit.
376 316 598 358 Agnoscentes
617 317 713 349 modo
741 315 801 359 ipsi
826 326 897 348 ora-

157 373 242 401 tores
267 378 330 400 non
350 369 420 401 leve
441 368 501 401 sibi
523 368 636 401 inferri
663 368 895 412 praeiudicium

154 431 214 464 per
239 421 519 454 continuationem
545 421 780 454 iurisdictionis
808 430 896 463 prae-

155 474 230 507 dicti
257 474 516 507 reverendissimi
543 474 652 507 nuncii
674 475 706 507 in
726 474 897 507 detrimen-

155 533 221 560 tum
241 538 350 561 eorum
378 528 592 571 exemptionis
610 528 804 571 praedictae,
825 538 897 570 pre-

155 590 207 611 ces
234 580 328 612 nobis
347 580 514 613 humiliter
532 585 756 624 porrexerunt,
776 585 818 619 ut,
838 590 896 622 pro

155 632 269 665 maiori
297 643 407 665 eornm
435 633 681 676 tranquillitate,
710 637 896 666 controver-

155 685 233 718 siam
260 685 444 719 huiusmodi
471 687 509 719 ad
526 697 585 719 nos
612 697 756 726 avocare,
779 691 808 718 et
833 685 897 728 pri-

156 738 273 781 vilegia
293 739 458 781 praedicta
472 739 557 772 iuxta
576 749 706 772 sensum
726 738 800 771 dicti
817 738 898 771 Con-

156 791 219 824 cilii
246 791 427 824 Tridentini
450 797 481 825 et
506 792 684 824 litterarum
704 791 898 835 apostolica-

156 855 225 876 rum
251 844 458 888 interpretari
477 855 513 877 ae
539 845 713 884 declarare,
733 849 764 877 et
793 844 838 876 sic
859 843 897 876 ab

154 897 371 930 ulterioribus
390 897 614 930 vexationibus
630 897 769 939 desuper
787 906 899 938 usque.

154 950 253 983 modo
280 951 382 992 passis
408 950 559 989 eximere,
586 950 738 989 liberare,
765 955 794 981 et
819 949 919 981 aliast

155 1008 349 1045 opportune,
368 1009 466 1045 prout
492 1003 569 1035 iuris
595 1002 700 1042 suerit,
717 1002 896 1045 apostolica

155 1056 346 1088 auctoritate
372 1056 543 1099 providere
566 1057 787 1099 dignaremur.

199 1107 261 1151 §2
288 1108 430 1151 Nosque,
450 1114 483 1140 ut
504 1109 726 1142 dissensiones
744 1114 773 1141 et
791 1109 896 1151 iurgia

156 1161 240 1194 inter
265 1162 502 1194 ecclesiastices
521 1162 606 1195 omni
632 1162 797 1195 eeleritate
824 1162 895 1194 diri—

155 1219 304 1254 mantur‚
336 1219 367 1246 et
403 1215 442 1246 ad
478 1215 541 1247 lioc
573 1220 606 1246 ut
631 1215 801 1258 privilegia
836 1226 894 1258 per

155 1267 316 1300 Romanos
341 1267 512 1301 Pontitices
549 1278 706 1301 concessa
731 1269 894 1301 centrario
915 1297 916 1300 ,

154 1330 249 1353 sensu
276 1331 339 1354 non
366 1321 579 1365 explicentur,
598 1322 713 1359 auditis
733 1321 818 1365 prius
836 1331 894 1364 per

155 1374 462 1407 reverendissimum
498 1374 688 1418 episcopum
713 1375 894 1408 Iliuierien-

154 1438 221 1461 sem
248 1433 391 1461 nostrum
417 1428 610 1461 modernum
646 1428 828 1461 auditorem
856 1429 893 1461 de

155 1481 288 1524 speciali
315 1487 427 1514 nostro
453 1482 604 1514 mandato
631 1482 776 1524 partibus
803 1492 894 1525 prae-

156 1535 261 1574 dictis,
289 1544 464 1577 earumque
490 1534 755 1577 procuratoribus
784 1541 814 1568 et
839 1536 893 1567 de-

155 1587 349 1627 fensoribus,
369 1593 431 1619 tam
458 1588 489 1619 in
516 1598 604 1626 voce,
636 1599 731 1630 quam
758 1588 789 1620 iu
816 1589 894 1621 scii-

156 1641 218 1684 ptis
235 1668 242 1681 ,
270 1640 409 1683 visisque
436 1646 467 1673 et
492 1641 706 1674 consideratis
743 1641 894 1674 omnibus

156 1694 195 1726 de
221 1693 292 1725 iure
318 1693 464 1726 videndis
483 1699 513 1726 et
531 1694 789 1735 considerandis,
810 1695 894 1728 iuxta

155 1746 242 1778 illius
267 1756 396 1778 sensum
422 1746 515 1778 nobis
542 1747 687 1786 relatum,
713 1753 745 1779 et
770 1758 840 1780 eum
859 1748 894 1780 il-

156 1798 217 1832 lius
242 1804 324 1839 voto,
354 1799 524 1841 privilegia
549 1800 712 1842 praedicta
738 1805 769 1833 et
793 1811 895 1834 exem-

156 1852 300 1894 ptionem
334 1852 510 1895 respective
543 1853 728 1888 declarare.
756 1854 916 1897 litesque

158 1904 346 1937 huiusmodi
366 1904 551 1945 terminare,
566 1911 660 1948 prout
679 1907 772 1946 infra,
785 1906 894 1939 decer-

157 1956 274 1988 nimus.
300 1956 434 1989 Litteras
470 1958 575 2000 itaque
612 1960 806 2001 apostolicas
840 1960 895 1993 Ur-

157 2009 232 2041 bani
259 2009 362 2052 Papae
388 2010 423 2041 tv
449 2010 556 2043 favore
587 2011 689 2044 dictae
716 2012 895 2054 Congrega-

158 2061 254 2095 tionis
279 2062 394 2095 Montis
410 2062 557 2105 Virginis,
577 2069 608 2096 et
632 2065 809 2107 respective
827 2065 895 2098 Cle-

157 2116 274 2150 mentis
299 2115 363 2148 VllI
388 2116 497 2149 favore
515 2117 670 2159 praedicti
693 2119 895 2152 reverendis-

157 2169 229 2202 simi
246 2169 356 2202 nuncii
371 2169 549 2211 privilegia,
562 2175 590 2201 et
606 2169 788 2203 facultates¹
804 2171 834 2203 in
850 2173 896 2204 eis

157 2222 293 2265 aliisque
318 2221 556 2264 posterioribus
582 2222 695 2256 litteris
717 2223 810 2256 etiam
829 2224 896 2257 Cle-

157 2275 273 2308 mentis
300 2275 337 2307 XI
363 2284 532 2307 concessas
551 2281 579 2307 et
598 2285 772 2318 expressas,
789 2277 896 2320 dispo-

157 2329 306 2362 sitionem
332 2338 462 2371 quoque
494 2329 648 2371 praedicti
675 2329 808 2363 Concilii
834 2330 896 2363 Tri-

158 2382 281 2416 dentini
297 2382 329 2415 in
344 2382 517 2415 enunciato
530 2392 599 2425 cap.
612 2392 672 2423 XIV,
685 2388 716 2416 et
730 2384 790 2416 alia
802 2394 896 2427 quae-

158 2445 295 2479 cumque
331 2435 460 2467 decreta
486 2434 519 2467 in
545 2436 729 2478 praemissis
755 2441 786 2470 et
811 2437 896 2470 eirca

158 2500 195 2523 ea
220 2487 464 2533 quomodolibet
491 2487 587 2529 edita,
611 2493 642 2522 et
667 2495 736 2522 acta
755 2490 896 2534 desuper

194 2552 204 2578 1
226 2549 296 2578 Edit.
313 2549 394 2577 Main.
410 2549 477 2586 legit
495 2551 635 2585 facultate
655 2551 694 2585 (u.
711 2551 762 2586 T.).

243 2604 325 2633 Bull.
342 2604 428 2633 Rom.
449 2619 484 2625 —
508 2605 570 2634 Vol.
592 2605 685 2634 XXII.
831 2604 880 2632 104

953 160 1009 183 xut
1036 160 1084 184 rr.

940 214 1038 251 gesta,
1066 213 1233 252 totumque
1263 220 1298 241 ac
1323 209 1484 250 integrum
1511 211 1626 240 statum
1647 211 1678 239 et

940 262 1053 294 merita
1078 272 1192 295 causae
1213 262 1246 294 in
1272 262 1384 295 eadem
1417 260 1676 303 Congregatiene

940 314 1099 353 Concilii‚
1139 316 1239 347 altera
1273 314 1461 358 particulari
1495 313 1677 356 congrega<

941 367 1038 407 tione,
1058 367 1165 400 etalio
1185 378 1389 410 quocumque
1408 367 1514 399 iudice
1531 371 1562 399 et
1577 366 1677 398 tribu-

940 420 1004 453 nali
1025 419 1230 463 pendentis¹‚
1250 420 1389 453 rationes
1414 420 1525 452 itidem
1549 420 1676 463 utrique

940 473 1022 515 parti
1049 478 1270 515 competentes
1291 472 1500 515 singulariter
1525 483 1678 515 praeseu-

942 526 1026 559 tibus
1046 537 1104 570 pro
1123 527 1283 569 expressis
1300 526 1339 559 de
1357 526 1454 558 verbo
1481 526 1519 558 ad
1545 526 1676 558 verbum

942 579 1120 619 habentes,
1146 590 1275 612 causam
1311 584 1343 612 et
1368 578 1453 612 litem
1480 579 1676 622 praedictam

942 633 972 665 in
997 637 1079 665 statu
1105 638 1136 666 et
1162 632 1315 672 terminis,
1334 632 1365 664 in
1393 632 1509 675 quibus
1531 632 1569 664 ad
1589 643 1677 675 prae-

940 696 1014 718 sens
1040 685 1210 728 reperitur‚
1229 696 1298 717 cum
1321 685 1470 718 omnibus
1490 690 1520 717 et
1541 684 1677 727 singulis

941 738 1026 771 illius
1052 738 1306 780 emergentibus,
1334 737 1607 780 dependentibus,
1626 747 1677 769 an-

941 791 1029 823 nexis
1054 796 1086 823 et
1111 790 1289 828 connexis,
1329 795 1360 822 et
1399 800 1471 822 cum
1509 790 1649 822 clausula
1667 817 1674 830 ‚

918 843 1036 886 *quam
1062 849 1091 876 et
1117 853 1205 886 quas,
1225 848 1305 882 etc.,
1335 843 1374 875 ad
1400 853 1458 875 uos
1482 849 1674 882 avocantes,

941 896 1029 929 illam
1054 896 1185 939 penitus
1210 895 1426 938 extinguimus
1445 901 1475 928 et
1492 895 1675 934 abolemus,

940 960 976 982 ac
1000 949 1142 993 partibus
1169 949 1341 992 praedietis
1367 954 1557 992 perpetuum
1580 949 1678 982 silen-

941 1003 1017 1035 tium
1051 1003 1266 1045 imponimus,
1294 1008 1321 1036 et
1348 1003 1540 1035 auctoritate
1567 1004 1677 1034 uestra

939 1056 1118 1098 apostolica
1160 1056 1361 1089 declaramus
1402 1061 1433 1088 et
1472 1055 1676 1088 deceruimus

940 1109 1105 1152 privilegia
1126 1120 1279 1142 concessa
1298 1109 1382 1142 dicto
1402 1108 1676 1141 reverendissimo

938 1162 1057 1195 nuncio
1084 1162 1115 1194 in
1143 1173 1242 1204 regno
1268 1161 1479 1204 Neapolitano
1505 1172 1563 1204 per
1589 1172 1676 1194 eum-

939 1216 1012 1248 dem
1038 1216 1232 1248 Clementem
1254 1215 1316 1247 Vltt
1339 1226 1403 1248 non
1429 1215 1520 1247 aliter
1538 1214 1675 1257 intelligi

937 1279 1035 1312 posse
1057 1273 1087 1300 et
1113 1269 1242 1306 debere,
1262 1278 1355 1310 quani
1375 1268 1413 1300 de
1433 1268 1583 1300 facultate
1602 1279 1676 1311 pro-

938 1321 1073 1355 cedendi
1091 1326 1203 1354 eontra
1229 1321 1461 1363 cuiuscuunpie
1480 1321 1608 1354 Ordinis
1628 1332 1676 1354 re-

938 1376 1064 1417 gulares
1090 1379 1266 1417 exemptos,
1289 1374 1341 1417 qui
1370 1379 1475 1407 tamen
1501 1374 1564 1406 sint
1592 1374 1675 1406 devii

938 1433 970 1461 ct
994 1431 1150 1466 errantes,
1167 1432 1196 1459 et
1221 1431 1309 1460 extra
1335 1427 1473 1460 claustra
1499 1426 1530 1459 in
1557 1426 1675 1459 delicto

938 1480 1247 1524 deprehenduntur,
1274 1480 1394 1512 nullam
1418 1485 1589 1523 propterca
1615 1479 1675 1523 ipsi

937 1533 1167 1576 competiisse,
1194 1543 1299 1575 neque
1334 1538 1520 1576 competere
1548 1532 1676 1564 faculta-

939 1594 999 1619 tem
1025 1585 1225 1629 procedendi
1253 1585 1405 1628 privative
1438 1596 1543 1629 neque
1570 1597 1676 1618 eumn<

938 1640 1030 1674 latire
1067 1645 1178 1672 contra
1215 1639 1393 1672 monachos
1433 1644 1464 1672 et
1511 1641 1675 1682 regulares

938 1694 1094 1735 degentes
1121 1692 1152 1724 in
1179 1692 1389 1725 conventibus
1414 1697 1445 1724 et
1470 1692 1675 1725 monasteriis

937 1746 994 1779 sub
1020 1745 1205 1779 obedientia
1223 1745 1384 1786 abbatum,
1403 1746 1607 1790 aliorumque
1626 1757 1676 1778 su-

938 1799 1124 1842 periorum,
1153 1803 1183 1830 et
1220 1809 1290 1830 etun
1323 1798 1394 1831 aliis
1433 1799 1594 1842 requisitis
1618 1810 1677 1843 per

938 1852 1115 1885 Concilium
1140 1851 1362 1884 'l'ridentinum
1388 1852 1677 1895 praescripti531‘e-

938 1910 1049 1949 spectu
1076 1904 1161 1937 enim
1187 1904 1322 1936 istorum
1356 1909 1453 1937 totam
1481 1905 1676 1939 iurisdietio-

938 1969 1012 1991 nem
1038 1957 1191 2001 privative
1228 1962 1376 1999 spectare
1414 1958 1453 1990 ad
1487 1959 1675 2001 superiores

938 2013 1114 2054 regulares,
1131 2009 1256 2044 etiamsi
1271 2010 1420 2043 monachi
1439 2022 1493 2044 seu
1510 2013 1675 2054 regulares

939 2070 1027 2098 extra
1063 2065 1202 2097 claustra
1233 2064 1277 2096 ita
1302 2063 1428 2097 notorie
1454 2064 1673 2108 deliquerint,

938 2123 972 2150 ut
1007 2118 1129 2161 populo
1167 2117 1355 2149 scandalum
1381 2117 1510 2160 publice
1535 2118 1674 2160 oriatur,

940 2171 1024 2203 iuxta
1049 2169 1298 2213 dispositionem
1334 2169 1466 2203 Concilii
1500 2170 1676 2204 Tridentini

940 2225 972 2256 in
997 2233 1093 2266 supra
1112 2223 1214 2256 relato
1235 2222 1392 2266 capitulo,
1411 2227 1442 2256 et
1467 2222 1498 2255 in
1524 2234 1598 2256 casu
1623 2234 1678 2258 ne-

940 2275 1114 2319 gligentiae
1140 2276 1344 2319 superiorum
1382 2277 1578 2319 regularium
1605 2288 1677 2311 esse

939 2331 1043 2363 locum
1070 2328 1260 2373 praefixioni
1287 2328 1417 2361 termini
1443 2328 1523 2361 sicut
1547 2330 1586 2363 ab
1612 2331 1678 2374 epi-

940 2394 1047 2427 scope,
1073 2383 1116 2415 ita
1147 2382 1242 2416 etiam
1269 2393 1285 2415 a
1309 2383 1578 2417 reverendissimo
1597 2395 1678 2418 nun-

940 2436 1001 2477 cio,
1022 2441 1067 2476 ut,
1085 2446 1123 2469 eo
1139 2440 1310 2476 transacto,
1326 2435 1505 2470 iurisdictio
1520 2437 1557 2470 ad
1573 2437 1678 2482 ipsum

941 2489 1126 2522 devolvatur
1150 2488 1236 2522 iuxta
1250 2499 1419 2522 censuram
1434 2489 1567 2524 Concilii
1585 2501 1678 2535 prae-

975 2552 988 2579 1
1010 2550 1082 2580 Edit.
1104 2549 1185 2579 Main.
1205 2550 1269 2587 legit
1284 2551 1430 2587 pendente
1450 2553 1490 2588 (n.
1511 2551 1560 2588 T.>.

1576 148 1640 181 8025
1687 157 1737 185 An.
1757 157 1784 184 c.
1804 157 1870 184 2729
