<?xml version="1.0" encoding="UTF-8"?>
<!DOCTYPE html PUBLIC "-//W3C//DTD XHTML 1.0 Transitional//EN"
    "http://www.w3.org/TR/xhtml1/DTD/xhtml1-transitional.dtd">
<html xmlns="http://www.w3.org/1999/xhtml" xml:lang="en" lang="en">
 <head>
  <title>
</title>
<meta http-equiv="Content-Type" content="text/html;charset=utf-8" />
  <meta name='ocr-system' content='tesseract 3.04.00' />
  <meta name='ocr-capabilities' content='ocr_page ocr_carea ocr_par ocr_line ocrx_word'/>
</head>
<body>
  <div class='ocr_page' id='page_1' title='image "./bullarumdiplomat22cath_0365.png"; bbox 0 0 2170 3147; ppageno 0'>
   <div class='ocr_carea' id='block_1_1' title="bbox 0 210 171 240">
    <p class='ocr_par' dir='ltr' id='par_1_1' title="bbox 0 210 171 240">
     <span class='ocr_line' id='line_1_1' title="bbox 0 210 171 240; baseline -0.018 0"><span class='ocrx_word' id='word_1_1' title='bbox 0 216 35 240; x_wconf 82' lang='lat' dir='ltr'><strong>ln.</strong></span> <span class='ocrx_word' id='word_1_2' title='bbox 52 210 81 238; x_wconf 86' lang='lat' dir='ltr'><strong>C.</strong></span> <span class='ocrx_word' id='word_1_3' title='bbox 103 211 171 238; x_wconf 74' lang='lat'><strong>¹726</strong></span> 
     </span>
    </p>
   </div>
   <div class='ocr_carea' id='block_1_2' title="bbox 0 1214 174 1290">
    <p class='ocr_par' dir='ltr' id='par_1_2' title="bbox 0 1214 174 1290">
     <span class='ocr_line' id='line_1_2' title="bbox 18 1214 173 1238; baseline -0.026 0"><span class='ocrx_word' id='word_1_4' title='bbox 18 1215 131 1238; x_wconf 77' lang='lat' dir='ltr'>Exordium</span> <span class='ocrx_word' id='word_1_5' title='bbox 147 1214 173 1235; x_wconf 77' lang='lat' dir='ltr'><strong>ab</strong></span> 
     </span>
     <span class='ocr_line' id='line_1_3' title="bbox 0 1243 174 1264; baseline -0.029 1"><span class='ocrx_word' id='word_1_6' title='bbox 0 1243 128 1264; x_wconf 73' lang='lat' dir='ltr'><strong>›nicmsarta</strong></span> <span class='ocrx_word' id='word_1_7' title='bbox 145 1244 174 1261; x_wconf 80' lang='lat' dir='ltr'><strong>te-</strong></span> 
     </span>
     <span class='ocr_line' id='line_1_4' title="bbox 0 1267 172 1290; baseline -0.017 0"><span class='ocrx_word' id='word_1_8' title='bbox 0 1273 26 1290; x_wconf 73' lang='lat' dir='ltr'><strong>·la</strong></span> <span class='ocrx_word' id='word_1_9' title='bbox 52 1267 172 1288; x_wconf 69' lang='lat' dir='ltr'><strong>vindicandi</strong></span> 
     </span>
    </p>
   </div>
   <div class='ocr_carea' id='block_1_3' title="bbox 3 1296 209 1321">
    <p class='ocr_par' dir='ltr' id='par_1_3' title="bbox 3 1296 209 1321">
     <span class='ocr_line' id='line_1_5' title="bbox 3 1296 209 1321; baseline -0.019 -4"><span class='ocrx_word' id='word_1_10' title='bbox 3 1302 39 1317; x_wconf 74' lang='lat' dir='ltr'><strong>ura</strong></span> <span class='ocrx_word' id='word_1_11' title='bbox 73 1296 174 1316; x_wconf 70' lang='lat' dir='ltr'><strong>ecclesia·</strong></span> <span class='ocrx_word' id='word_1_12' title='bbox 203 1315 209 1321; x_wconf 37' lang='lat'><strong>⁴</strong></span> 
     </span>
    </p>
   </div>
   <div class='ocr_carea' id='block_1_4' title="bbox 0 1329 44 1345">
    <p class='ocr_par' dir='ltr' id='par_1_4' title="bbox 0 1329 44 1345">
     <span class='ocr_line' id='line_1_6' title="bbox 0 1329 44 1345; baseline -0.023 0"><span class='ocrx_word' id='word_1_13' title='bbox 0 1329 44 1345; x_wconf 71' lang='lat' dir='ltr'><strong>&#39;flm-</strong></span> 
     </span>
    </p>
   </div>
   <div class='ocr_carea' id='block_1_5' title="bbox 0 1952 177 2136">
    <p class='ocr_par' dir='ltr' id='par_1_5' title="bbox 0 1952 177 2136">
     <span class='ocr_line' id='line_1_7' title="bbox 8 1952 176 1981; baseline 0.012 -7"><span class='ocrx_word' id='word_1_14' title='bbox 8 1952 71 1976; x_wconf 78' lang='lat' dir='ltr'><strong>Mutia</strong></span> <span class='ocrx_word' id='word_1_15' title='bbox 84 1961 119 1981; x_wconf 83' lang='lat' dir='ltr'><strong>per</strong></span> <span class='ocrx_word' id='word_1_16' title='bbox 130 1961 176 1976; x_wconf 70' lang='lat' dir='ltr'><strong>sao·</strong></span> 
     </span>
     <span class='ocr_line' id='line_1_8' title="bbox 0 1982 176 2007; baseline 0.006 -6"><span class='ocrx_word' id='word_1_17' title='bbox 0 1982 86 2002; x_wconf 62' lang='lat' dir='ltr'><strong>nutarem</strong></span> <span class='ocrx_word' id='word_1_18' title='bbox 117 1986 176 2007; x_wconf 78' lang='lat' dir='ltr'><strong>pote-</strong></span> 
     </span>
     <span class='ocr_line' id='line_1_9' title="bbox 0 2009 175 2029; baseline 0.006 -2"><span class='ocrx_word' id='word_1_19' title='bbox 0 2009 70 2028; x_wconf 67' lang='lat' dir='ltr'><strong>itatem</strong></span> <span class='ocrx_word' id='word_1_20' title='bbox 101 2009 175 2029; x_wconf 80' lang='lat' dir='ltr'><strong>adrer-</strong></span> 
     </span>
     <span class='ocr_line' id='line_1_10' title="bbox 0 2037 177 2062; baseline 0.006 -8"><span class='ocrx_word' id='word_1_21' title='bbox 0 2041 31 2056; x_wconf 70' lang='grc' dir='ltr'><strong>ωε</strong></span> <span class='ocrx_word' id='word_1_22' title='bbox 45 2042 145 2062; x_wconf 75' lang='lat' dir='ltr'><strong>personas</strong></span> <span class='ocrx_word' id='word_1_23' title='bbox 156 2037 177 2055; x_wconf 82' lang='lat' dir='ltr'><strong>et</strong></span> 
     </span>
     <span class='ocr_line' id='line_1_11' title="bbox 0 2061 175 2087; baseline -0.006 -5"><span class='ocrx_word' id='word_1_24' title='bbox 0 2061 51 2083; x_wconf 76' lang='lat' dir='ltr'><strong>buna</strong></span> <span class='ocrx_word' id='word_1_25' title='bbox 73 2063 175 2087; x_wconf 79' lang='lat' dir='ltr'><strong>praedicti</strong></span> 
     </span>
     <span class='ocr_line' id='line_1_12' title="bbox 0 2090 177 2115; baseline 0 -6"><span class='ocrx_word' id='word_1_26' title='bbox 0 2090 117 2109; x_wconf 73' lang='lat' dir='ltr'><strong>monasterii</strong></span> <span class='ocrx_word' id='word_1_27' title='bbox 139 2095 177 2115; x_wconf 76' lang='lat' dir='ltr'><strong>pa-</strong></span> 
     </span>
     <span class='ocr_line' id='line_1_13' title="bbox 0 2115 131 2136; baseline 0.008 -1"><span class='ocrx_word' id='word_1_28' title='bbox 0 2116 52 2135; x_wconf 80' lang='lat' dir='ltr'><strong>trata</strong></span> <span class='ocrx_word' id='word_1_29' title='bbox 67 2115 131 2136; x_wconf 81' lang='lat' dir='ltr'><strong>suere.</strong></span> 
     </span>
    </p>
   </div>
   <div class='ocr_carea' id='block_1_6' title="bbox 752 209 1103 234">
    <p class='ocr_par' dir='ltr' id='par_1_6' title="bbox 752 209 1103 234">
     <span class='ocr_line' id='line_1_14' title="bbox 752 209 1103 234; baseline -0.003 0"><span class='ocrx_word' id='word_1_30' title='bbox 752 209 948 234; x_wconf 82' lang='lat' dir='ltr'><strong>BENEDlCTUS</strong></span> <span class='ocrx_word' id='word_1_31' title='bbox 972 209 1030 233; x_wconf 80' lang='lat' dir='ltr'><strong>xm</strong></span> <span class='ocrx_word' id='word_1_32' title='bbox 1055 210 1103 234; x_wconf 67' lang='lat'><strong>1¹1⁸.</strong></span> 
     </span>
    </p>
   </div>
   <div class='ocr_carea' id='block_1_7' title="bbox 180 258 921 616">
    <p class='ocr_par' dir='ltr' id='par_1_7' title="bbox 180 258 921 397">
     <span class='ocr_line' id='line_1_15' title="bbox 181 258 918 303; baseline -0.004 -11"><span class='ocrx_word' id='word_1_33' title='bbox 181 260 232 292; x_wconf 90' lang='lat' dir='ltr'><strong>cio</strong></span> <span class='ocrx_word' id='word_1_34' title='bbox 256 270 350 303; x_wconf 85' lang='lat' dir='ltr'><strong>quam</strong></span> <span class='ocrx_word' id='word_1_35' title='bbox 383 265 470 292; x_wconf 84' lang='lat' dir='ltr'><strong>extra</strong></span> <span class='ocrx_word' id='word_1_36' title='bbox 499 259 579 292; x_wconf 88' lang='lat' dir='ltr'><strong>illud</strong></span> <span class='ocrx_word' id='word_1_37' title='bbox 606 258 816 297; x_wconf 82' lang='lat' dir='ltr'><strong>adhibeatur,</strong></span> <span class='ocrx_word' id='word_1_38' title='bbox 836 268 918 300; x_wconf 90' lang='lat' dir='ltr'><strong>quae</strong></span> 
     </span>
     <span class='ocr_line' id='line_1_16' title="bbox 180 309 921 356; baseline -0.005 -11"><span class='ocrx_word' id='word_1_39' title='bbox 180 312 405 356; x_wconf 84' lang='lat' dir='ltr'><strong>praesentibus</strong></span> <span class='ocrx_word' id='word_1_40' title='bbox 423 311 638 344; x_wconf 73' lang='lat' dir='ltr'>adhiberetur</span> <span class='ocrx_word' id='word_1_41' title='bbox 662 310 686 343; x_wconf 93' lang='lat' dir='ltr'><strong>si</strong></span> <span class='ocrx_word' id='word_1_42' title='bbox 710 310 816 342; x_wconf 76' lang='lat' dir='ltr'><strong>forent</strong></span> <span class='ocrx_word' id='word_1_43' title='bbox 832 309 921 343; x_wconf 82' lang='lat' dir='ltr'><strong>exhi-</strong></span> 
     </span>
     <span class='ocr_line' id='line_1_17' title="bbox 180 364 528 397; baseline 0 -1"><span class='ocrx_word' id='word_1_44' title='bbox 180 364 266 396; x_wconf 88' lang='lat' dir='ltr'><strong>bitae</strong></span> <span class='ocrx_word' id='word_1_45' title='bbox 287 365 336 397; x_wconf 86' lang='lat' dir='ltr'><strong>vel</strong></span> <span class='ocrx_word' id='word_1_46' title='bbox 362 370 528 397; x_wconf 85' lang='lat' dir='ltr'><strong>ostensae.</strong></span> 
     </span>
    </p>

    <p class='ocr_par' dir='ltr' id='par_1_8' title="bbox 180 414 920 565">
     <span class='ocr_line' id='line_1_18' title="bbox 224 414 920 459; baseline -0.006 -10"><span class='ocrx_word' id='word_1_47' title='bbox 224 417 336 449; x_wconf 87' lang='lat' dir='ltr'><strong>Datum</strong></span> <span class='ocrx_word' id='word_1_48' title='bbox 362 416 492 455; x_wconf 85' lang='lat' dir='ltr'><strong>Romae,</strong></span> <span class='ocrx_word' id='word_1_49' title='bbox 519 416 606 459; x_wconf 84' lang='lat' dir='ltr'><strong>apud</strong></span> <span class='ocrx_word' id='word_1_50' title='bbox 636 415 668 448; x_wconf 88' lang='lat' dir='ltr'><strong>S.</strong></span> <span class='ocrx_word' id='word_1_51' title='bbox 694 414 837 454; x_wconf 80' lang='lat' dir='ltr'><strong>Petrum,</strong></span> <span class='ocrx_word' id='word_1_52' title='bbox 863 414 920 447; x_wconf 91' lang='lat' dir='ltr'><strong>snb</strong></span> 
     </span>
     <span class='ocr_line' id='line_1_19' title="bbox 181 467 919 507; baseline -0.005 -5"><span class='ocrx_word' id='word_1_53' title='bbox 181 471 302 502; x_wconf 85' lang='lat' dir='ltr'><strong>annulo</strong></span> <span class='ocrx_word' id='word_1_54' title='bbox 346 469 542 507; x_wconf 80' lang='lat' dir='ltr'><strong>piscatoris,</strong></span> <span class='ocrx_word' id='word_1_55' title='bbox 588 468 639 500; x_wconf 89' lang='lat' dir='ltr'><strong>die</strong></span> <span class='ocrx_word' id='word_1_56' title='bbox 677 477 728 500; x_wconf 91' lang='lat' dir='ltr'><strong>x1v</strong></span> <span class='ocrx_word' id='word_1_57' title='bbox 768 467 919 499; x_wconf 81' lang='lat' dir='ltr'><strong>februarii</strong></span> 
     </span>
     <span class='ocr_line' id='line_1_20' title="bbox 180 519 875 565; baseline -0.007 -9"><span class='ocrx_word' id='word_1_58' title='bbox 180 531 355 560; x_wconf 52' lang='lat' dir='ltr'><strong>nunciavi,</strong></span> <span class='ocrx_word' id='word_1_59' title='bbox 381 520 590 565; x_wconf 79' lang='lat' dir='ltr'><strong>pontificatus</strong></span> <span class='ocrx_word' id='word_1_60' title='bbox 615 519 714 553; x_wconf 80' lang='lat' dir='ltr'>nostri</span> <span class='ocrx_word' id='word_1_61' title='bbox 738 529 823 552; x_wconf 85' lang='lat' dir='ltr'><strong>anno</strong></span> <span class='ocrx_word' id='word_1_62' title='bbox 842 529 875 552; x_wconf 87' lang='lat'><strong>11.</strong></span> 
     </span>
    </p>

    <p class='ocr_par' dir='ltr' id='par_1_9' title="bbox 216 581 919 616">
     <span class='ocr_line' id='line_1_21' title="bbox 216 581 919 616; baseline -0.006 -6"><span class='ocrx_word' id='word_1_63' title='bbox 216 583 278 610; x_wconf 84' lang='lat' dir='ltr'><strong>Dat.</strong></span> <span class='ocrx_word' id='word_1_64' title='bbox 300 583 344 610; x_wconf 84' lang='lat' dir='ltr'><strong>die</strong></span> <span class='ocrx_word' id='word_1_65' title='bbox 368 583 398 610; x_wconf 86' lang='grc'><strong>14</strong></span> <span class='ocrx_word' id='word_1_66' title='bbox 416 582 547 609; x_wconf 82' lang='lat' dir='ltr'><strong>februarii</strong></span> <span class='ocrx_word' id='word_1_67' title='bbox 570 582 652 614; x_wconf 76' lang='lat'><strong>¹726,</strong></span> <span class='ocrx_word' id='word_1_68' title='bbox 673 581 767 616; x_wconf 82' lang='lat' dir='ltr'><strong>pontif.</strong></span> <span class='ocrx_word' id='word_1_69' title='bbox 789 587 860 607; x_wconf 87' lang='lat' dir='ltr'><strong>anno</strong></span> <span class='ocrx_word' id='word_1_70' title='bbox 887 586 919 606; x_wconf 85' lang='lat'><strong>11.</strong></span> 
     </span>
    </p>
   </div>
   <div class='ocr_carea' id='block_1_8' title="bbox 501 724 601 757">
    <p class='ocr_par' dir='ltr' id='par_1_10' title="bbox 501 724 601 757">
     <span class='ocr_line' id='line_1_22' title="bbox 501 724 601 757; baseline -0.02 0"><span class='ocrx_word' id='word_1_71' title='bbox 501 724 601 757; x_wconf 69' lang='lat' dir='ltr'>CXIV.</span> 
     </span>
    </p>
   </div>
   <div class='ocr_carea' id='block_1_9' title="bbox 182 801 923 1002">
    <p class='ocr_par' dir='ltr' id='par_1_11' title="bbox 182 801 923 1002">
     <span class='ocr_line' id='line_1_23' title="bbox 182 801 921 846; baseline -0.008 -8"><span class='ocrx_word' id='word_1_72' title='bbox 182 805 401 838; x_wconf 79' lang='lat' dir='ltr'><strong>Declaranlur</strong></span> <span class='ocrx_word' id='word_1_73' title='bbox 417 803 514 836; x_wconf 78' lang='lat' dir='ltr'><strong>nulla</strong></span> <span class='ocrx_word' id='word_1_74' title='bbox 530 807 620 846; x_wconf 71' lang='lat' dir='ltr'><strong>qesta</strong></span> <span class='ocrx_word' id='word_1_75' title='bbox 642 813 698 846; x_wconf 80' lang='lat' dir='ltr'><strong>per</strong></span> <span class='ocrx_word' id='word_1_76' title='bbox 722 801 921 834; x_wconf 79' lang='lat' dir='ltr'><strong>saecularem</strong></span> 
     </span>
     <span class='ocr_line' id='line_1_24' title="bbox 223 853 923 901; baseline -0.006 -11"><span class='ocrx_word' id='word_1_77' title='bbox 223 862 412 901; x_wconf 79' lang='lat' dir='ltr'><strong>potestatem</strong></span> <span class='ocrx_word' id='word_1_78' title='bbox 443 858 480 889; x_wconf 82' lang='lat' dir='ltr'><strong>in</strong></span> <span class='ocrx_word' id='word_1_79' title='bbox 507 856 630 889; x_wconf 77' lang='lat' dir='ltr'><strong>ducatu</strong></span> <span class='ocrx_word' id='word_1_80' title='bbox 654 855 836 888; x_wconf 77' lang='lat' dir='ltr'><strong>sabaudiae</strong></span> <span class='ocrx_word' id='word_1_81' title='bbox 867 853 923 887; x_wconf 86' lang='lat' dir='ltr'><strong>ad-</strong></span> 
     </span>
     <span class='ocr_line' id='line_1_25' title="bbox 226 907 922 943; baseline -0.007 0"><span class='ocrx_word' id='word_1_82' title='bbox 226 921 336 943; x_wconf 84' lang='lat' dir='ltr'><strong>versus</strong></span> <span class='ocrx_word' id='word_1_83' title='bbox 367 911 600 943; x_wconf 80' lang='lat' dir='ltr'><strong>monasterium</strong></span> <span class='ocrx_word' id='word_1_84' title='bbox 631 909 665 942; x_wconf 91' lang='lat' dir='ltr'><strong>S.</strong></span> <span class='ocrx_word' id='word_1_85' title='bbox 688 907 855 941; x_wconf 71' lang='lat' dir='ltr'><strong>Bernardi</strong></span> <span class='ocrx_word' id='word_1_86' title='bbox 886 907 922 938; x_wconf 80' lang='lat' dir='ltr'><strong>in</strong></span> 
     </span>
     <span class='ocr_line' id='line_1_26' title="bbox 230 958 923 1002; baseline -0.007 -6"><span class='ocrx_word' id='word_1_87' title='bbox 230 962 358 996; x_wconf 71' lang='lat' dir='ltr'><strong>Valesiti</strong></span> <span class='ocrx_word' id='word_1_88' title='bbox 384 962 518 996; x_wconf 79' lang='lat' dir='ltr'><em>Ordinis</em></span> <span class='ocrx_word' id='word_1_89' title='bbox 543 960 774 993; x_wconf 80' lang='lat' dir='ltr'><strong>canonicorum</strong></span> <span class='ocrx_word' id='word_1_90' title='bbox 798 958 923 1002; x_wconf 69' lang='lat' dir='ltr'><strong>requla-</strong></span> 
     </span>
    </p>
   </div>
   <div class='ocr_carea' id='block_1_10' title="bbox 225 1013 622 1058">
    <p class='ocr_par' dir='ltr' id='par_1_12' title="bbox 225 1013 622 1058">
     <span class='ocr_line' id='line_1_27' title="bbox 225 1013 622 1058; baseline -0.005 -10"><span class='ocrx_word' id='word_1_91' title='bbox 225 1016 312 1048; x_wconf 78' lang='lat' dir='ltr'><strong>rium</strong></span> <span class='ocrx_word' id='word_1_92' title='bbox 339 1015 371 1049; x_wconf 89' lang='lat' dir='ltr'><strong>S.</strong></span> <span class='ocrx_word' id='word_1_93' title='bbox 397 1015 579 1058; x_wconf 65' lang='lat' dir='ltr'><strong>Augustini</strong></span> <span class='ocrx_word' id='word_1_94' title='bbox 603 1013 622 1046; x_wconf 86' lang='lat'><strong>¹.</strong></span> 
     </span>
    </p>
   </div>
   <div class='ocr_carea' id='block_1_11' title="bbox 317 1093 819 1173">
    <p class='ocr_par' dir='ltr' id='par_1_13' title="bbox 317 1093 819 1173">
     <span class='ocr_line' id='line_1_28' title="bbox 360 1093 745 1127; baseline -0.005 -5"><span class='ocrx_word' id='word_1_95' title='bbox 360 1094 540 1122; x_wconf 75' lang='lat' dir='ltr'><strong>Benedictus</strong></span> <span class='ocrx_word' id='word_1_96' title='bbox 560 1095 641 1127; x_wconf 82' lang='lat' dir='ltr'><strong>Papa</strong></span> <span class='ocrx_word' id='word_1_97' title='bbox 660 1093 745 1126; x_wconf 84' lang='lat' dir='ltr'><strong>xm,</strong></span> 
     </span>
     <span class='ocr_line' id='line_1_29' title="bbox 317 1137 819 1173; baseline -0.006 -7"><span class='ocrx_word' id='word_1_98' title='bbox 317 1140 353 1167; x_wconf 83' lang='lat' dir='ltr'><strong>ad</strong></span> <span class='ocrx_word' id='word_1_99' title='bbox 373 1142 550 1173; x_wconf 81' lang='lat' dir='ltr'><strong>perpetuam</strong></span> <span class='ocrx_word' id='word_1_100' title='bbox 570 1139 615 1165; x_wconf 81' lang='lat' dir='ltr'><strong>rei</strong></span> <span class='ocrx_word' id='word_1_101' title='bbox 636 1137 819 1164; x_wconf 77' lang='lat' dir='ltr'><strong>memoriam.</strong></span> 
     </span>
    </p>
   </div>
   <div class='ocr_carea' id='block_1_12' title="bbox 227 1207 946 1251">
    <p class='ocr_par' dir='ltr' id='par_1_14' title="bbox 227 1207 946 1251">
     <span class='ocr_line' id='line_1_30' title="bbox 227 1207 946 1251; baseline -0.007 -8"><span class='ocrx_word' id='word_1_102' title='bbox 227 1209 261 1243; x_wconf 91' lang='lat' dir='ltr'><strong>In</strong></span> <span class='ocrx_word' id='word_1_103' title='bbox 287 1209 416 1242; x_wconf 82' lang='lat' dir='ltr'><strong>sublimi</strong></span> <span class='ocrx_word' id='word_1_104' title='bbox 443 1208 534 1241; x_wconf 90' lang='lat' dir='ltr'><strong>Sedis</strong></span> <span class='ocrx_word' id='word_1_105' title='bbox 560 1208 767 1251; x_wconf 77' lang='lat' dir='ltr'><strong>Apostolicae</strong></span> <span class='ocrx_word' id='word_1_106' title='bbox 793 1207 923 1250; x_wconf 77' lang='lat' dir='ltr'><strong>specula</strong></span> <span class='ocrx_word' id='word_1_107' title='bbox 945 1213 946 1220; x_wconf 63' lang='lat'>¹</span> 
     </span>
    </p>
   </div>
   <div class='ocr_carea' id='block_1_13' title="bbox 184 1260 925 1675">
    <p class='ocr_par' dir='ltr' id='par_1_15' title="bbox 184 1260 925 1675">
     <span class='ocr_line' id='line_1_31' title="bbox 184 1260 924 1304; baseline -0.004 -9"><span class='ocrx_word' id='word_1_108' title='bbox 184 1262 308 1295; x_wconf 86' lang='lat' dir='ltr'><strong>meritis</strong></span> <span class='ocrx_word' id='word_1_109' title='bbox 333 1262 408 1295; x_wconf 86' lang='lat' dir='ltr'><strong>licet</strong></span> <span class='ocrx_word' id='word_1_110' title='bbox 433 1260 611 1304; x_wconf 78' lang='lat' dir='ltr'><strong>imparibus</strong></span> <span class='ocrx_word' id='word_1_111' title='bbox 630 1260 806 1299; x_wconf 85' lang='lat' dir='ltr'><strong>constituti,</strong></span> <span class='ocrx_word' id='word_1_112' title='bbox 826 1260 924 1292; x_wconf 85' lang='lat' dir='ltr'><strong>eccle-</strong></span> 
     </span>
     <span class='ocr_line' id='line_1_32' title="bbox 185 1312 923 1352; baseline -0.005 -4"><span class='ocrx_word' id='word_1_113' title='bbox 185 1316 346 1349; x_wconf 84' lang='lat' dir='ltr'><strong>siasticam</strong></span> <span class='ocrx_word' id='word_1_114' title='bbox 383 1314 563 1347; x_wconf 84' lang='lat' dir='ltr'><strong>libertatem</strong></span> <span class='ocrx_word' id='word_1_115' title='bbox 600 1318 631 1346; x_wconf 88' lang='lat' dir='ltr'><strong>et</strong></span> <span class='ocrx_word' id='word_1_116' title='bbox 666 1312 923 1352; x_wconf 83' lang='lat' dir='ltr'><strong>immunitatem,</strong></span> 
     </span>
     <span class='ocr_line' id='line_1_33' title="bbox 184 1366 925 1411; baseline -0.007 -9"><span class='ocrx_word' id='word_1_117' title='bbox 184 1369 310 1411; x_wconf 80' lang='lat' dir='ltr'><strong>aliaque</strong></span> <span class='ocrx_word' id='word_1_118' title='bbox 328 1367 549 1406; x_wconf 88' lang='lat' dir='ltr'><strong>ecclesiarum,</strong></span> <span class='ocrx_word' id='word_1_119' title='bbox 571 1366 850 1403; x_wconf 79' lang='lat' dir='ltr'><strong>monasteriorum,</strong></span> <span class='ocrx_word' id='word_1_120' title='bbox 868 1366 925 1398; x_wconf 87' lang='lat' dir='ltr'><strong>ho-</strong></span> 
     </span>
     <span class='ocr_line' id='line_1_34' title="bbox 185 1417 925 1465; baseline -0.004 -11"><span class='ocrx_word' id='word_1_121' title='bbox 185 1421 362 1465; x_wconf 84' lang='lat' dir='ltr'><strong>spitalium,</strong></span> <span class='ocrx_word' id='word_1_122' title='bbox 387 1426 606 1453; x_wconf 69' lang='lat' dir='ltr'><strong>conventuum</strong></span> <span class='ocrx_word' id='word_1_123' title='bbox 631 1430 667 1452; x_wconf 91' lang='lat' dir='ltr'><strong>ac</strong></span> <span class='ocrx_word' id='word_1_124' title='bbox 692 1420 837 1451; x_wconf 89' lang='lat' dir='ltr'><strong>locorum</strong></span> <span class='ocrx_word' id='word_1_125' title='bbox 855 1417 925 1461; x_wconf 91' lang='lat' dir='ltr'><strong>pio-</strong></span> 
     </span>
     <span class='ocr_line' id='line_1_35' title="bbox 184 1472 925 1516; baseline -0.004 -10"><span class='ocrx_word' id='word_1_126' title='bbox 184 1484 256 1506; x_wconf 88' lang='lat' dir='ltr'><strong>rum</strong></span> <span class='ocrx_word' id='word_1_127' title='bbox 282 1473 522 1516; x_wconf 82' lang='lat' dir='ltr'><strong>quorumlibet,</strong></span> <span class='ocrx_word' id='word_1_128' title='bbox 548 1472 744 1515; x_wconf 85' lang='lat' dir='ltr'><strong>illorumque</strong></span> <span class='ocrx_word' id='word_1_129' title='bbox 770 1481 925 1515; x_wconf 86' lang='lat' dir='ltr'><strong>persona-</strong></span> 
     </span>
     <span class='ocr_line' id='line_1_36' title="bbox 184 1524 925 1568; baseline -0.004 -9"><span class='ocrx_word' id='word_1_130' title='bbox 184 1538 254 1559; x_wconf 92' lang='lat' dir='ltr'><strong>rum</strong></span> <span class='ocrx_word' id='word_1_131' title='bbox 285 1526 354 1559; x_wconf 87' lang='lat' dir='ltr'><strong>iura</strong></span> <span class='ocrx_word' id='word_1_132' title='bbox 385 1526 506 1568; x_wconf 80' lang='lat' dir='ltr'><strong>ubique</strong></span> <span class='ocrx_word' id='word_1_133' title='bbox 538 1532 625 1558; x_wconf 88' lang='lat' dir='ltr'><strong>sarta</strong></span> <span class='ocrx_word' id='word_1_134' title='bbox 657 1530 740 1558; x_wconf 85' lang='lat' dir='ltr'><strong>tecta</strong></span> <span class='ocrx_word' id='word_1_135' title='bbox 772 1524 855 1556; x_wconf 86' lang='lat' dir='ltr'><strong>tueri</strong></span> <span class='ocrx_word' id='word_1_136' title='bbox 890 1534 925 1556; x_wconf 87' lang='lat' dir='ltr'><strong>ac</strong></span> 
     </span>
     <span class='ocr_line' id='line_1_37' title="bbox 186 1577 924 1622; baseline -0.005 -9"><span class='ocrx_word' id='word_1_137' title='bbox 186 1580 340 1613; x_wconf 82' lang='lat' dir='ltr'><strong>adversus</strong></span> <span class='ocrx_word' id='word_1_138' title='bbox 376 1589 622 1622; x_wconf 82' lang='lat' dir='ltr'><strong>quaecumque,</strong></span> <span class='ocrx_word' id='word_1_139' title='bbox 652 1588 711 1622; x_wconf 89' lang='lat' dir='ltr'><strong>per</strong></span> <span class='ocrx_word' id='word_1_140' title='bbox 743 1587 824 1621; x_wconf 84' lang='lat' dir='ltr'><strong>quae</strong></span> <span class='ocrx_word' id='word_1_141' title='bbox 861 1577 924 1610; x_wconf 88' lang='lat' dir='ltr'><strong>illis</strong></span> 
     </span>
     <span class='ocr_line' id='line_1_38' title="bbox 185 1625 925 1675; baseline -0.004 -10"><span class='ocrx_word' id='word_1_142' title='bbox 185 1625 307 1675; x_wconf 85' lang='lat' dir='ltr'><strong>aliquid</strong></span> <span class='ocrx_word' id='word_1_143' title='bbox 335 1631 518 1665; x_wconf 89' lang='lat' dir='ltr'><strong>detrimenti</strong></span> <span class='ocrx_word' id='word_1_144' title='bbox 545 1631 655 1663; x_wconf 79' lang='lat' dir='ltr'><strong>inferri</strong></span> <span class='ocrx_word' id='word_1_145' title='bbox 674 1631 788 1674; x_wconf 78' lang='lat' dir='ltr'><strong>possit,</strong></span> <span class='ocrx_word' id='word_1_146' title='bbox 808 1630 925 1663; x_wconf 78' lang='lat' dir='ltr'><strong>tradita</strong></span> 
     </span>
    </p>
   </div>
   <div class='ocr_carea' id='block_1_14' title="bbox 185 1683 948 1777">
    <p class='ocr_par' dir='ltr' id='par_1_16' title="bbox 185 1683 948 1777">
     <span class='ocr_line' id='line_1_39' title="bbox 185 1683 948 1718; baseline -0.003 -1"><span class='ocrx_word' id='word_1_147' title='bbox 185 1685 278 1718; x_wconf 86' lang='lat' dir='ltr'><strong>nobis</strong></span> <span class='ocrx_word' id='word_1_148' title='bbox 303 1684 454 1717; x_wconf 90' lang='lat' dir='ltr'><strong>divinitus</strong></span> <span class='ocrx_word' id='word_1_149' title='bbox 479 1685 672 1716; x_wconf 85' lang='lat' dir='ltr'><strong>auctoritate</strong></span> <span class='ocrx_word' id='word_1_150' title='bbox 694 1683 855 1716; x_wconf 80' lang='lat' dir='ltr'><strong>vindicare</strong></span> <span class='ocrx_word' id='word_1_151' title='bbox 880 1689 925 1716; x_wconf 88' lang='lat' dir='ltr'><strong>te·</strong></span> <span class='ocrx_word' id='word_1_152' title='bbox 947 1699 948 1703; x_wconf 64' lang='lat'><em>=</em></span> 
     </span>
     <span class='ocr_line' id='line_1_40' title="bbox 185 1737 948 1777; baseline -0.003 -7"><span class='ocrx_word' id='word_1_153' title='bbox 185 1748 309 1777; x_wconf 87' lang='lat' dir='ltr'><strong>nemur,</strong></span> <span class='ocrx_word' id='word_1_154' title='bbox 327 1738 417 1776; x_wconf 89' lang='lat' dir='ltr'><strong>sicut,</strong></span> <span class='ocrx_word' id='word_1_155' title='bbox 436 1737 586 1770; x_wconf 88' lang='lat' dir='ltr'><strong>omnibus</strong></span> <span class='ocrx_word' id='word_1_156' title='bbox 607 1742 750 1769; x_wconf 86' lang='lat' dir='ltr'><strong>maturae</strong></span> <span class='ocrx_word' id='word_1_157' title='bbox 777 1737 926 1769; x_wconf 89' lang='lat' dir='ltr'><strong>conside·</strong></span> <span class='ocrx_word' id='word_1_158' title='bbox 946 1746 948 1752; x_wconf 76' lang='grc'>’</span> 
     </span>
    </p>
   </div>
   <div class='ocr_carea' id='block_1_15' title="bbox 186 1789 926 1832">
    <p class='ocr_par' dir='ltr' id='par_1_17' title="bbox 186 1789 926 1832">
     <span class='ocr_line' id='line_1_41' title="bbox 186 1789 926 1832; baseline -0.003 -9"><span class='ocrx_word' id='word_1_159' title='bbox 186 1790 318 1823; x_wconf 85' lang='lat' dir='ltr'><strong>rationis</strong></span> <span class='ocrx_word' id='word_1_160' title='bbox 344 1790 463 1822; x_wconf 76' lang='lat' dir='ltr'><strong>trutina</strong></span> <span class='ocrx_word' id='word_1_161' title='bbox 490 1790 679 1832; x_wconf 74' lang='lat' dir='ltr'><strong>perpensis,</strong></span> <span class='ocrx_word' id='word_1_162' title='bbox 715 1789 868 1832; x_wconf 71' lang='lat' dir='ltr'><strong>aequitati</strong></span> <span class='ocrx_word' id='word_1_163' title='bbox 896 1794 926 1821; x_wconf 88' lang='lat' dir='ltr'><strong>et</strong></span> 
     </span>
    </p>
   </div>
   <div class='ocr_carea' id='block_1_16' title="bbox 187 1895 706 1929">
    <p class='ocr_par' dir='ltr' id='par_1_18' title="bbox 187 1895 706 1929">
     <span class='ocr_line' id='line_1_42' title="bbox 187 1895 706 1929; baseline -0.004 0"><span class='ocrx_word' id='word_1_164' title='bbox 187 1907 258 1929; x_wconf 84' lang='lat' dir='ltr'><strong>csse</strong></span> <span class='ocrx_word' id='word_1_165' title='bbox 280 1896 311 1928; x_wconf 90' lang='lat' dir='ltr'><strong>in</strong></span> <span class='ocrx_word' id='word_1_166' title='bbox 338 1896 475 1928; x_wconf 86' lang='lat' dir='ltr'><strong>Domino</strong></span> <span class='ocrx_word' id='word_1_167' title='bbox 502 1895 706 1927; x_wconf 88' lang='lat' dir='ltr'><strong>arbitramur.</strong></span> 
     </span>
    </p>
   </div>
   <div class='ocr_carea' id='block_1_17' title="bbox 187 1948 949 2097">
    <p class='ocr_par' dir='ltr' id='par_1_19' title="bbox 187 1948 949 2097">
     <span class='ocr_line' id='line_1_43' title="bbox 231 1948 949 1992; baseline -0.003 -11"><span class='ocrx_word' id='word_1_168' title='bbox 231 1949 246 1992; x_wconf 65' lang='grc' dir='ltr'><strong>ἓ</strong></span> <span class='ocrx_word' id='word_1_169' title='bbox 271 1949 302 1981; x_wconf 80' lang='lat' dir='ltr'><strong>l.</strong></span> <span class='ocrx_word' id='word_1_170' title='bbox 330 1948 406 1981; x_wconf 89' lang='lat' dir='ltr'><strong>Cum</strong></span> <span class='ocrx_word' id='word_1_171' title='bbox 425 1949 546 1991; x_wconf 80' lang='lat' dir='ltr'><strong>itaque,</strong></span> <span class='ocrx_word' id='word_1_172' title='bbox 567 1949 650 1981; x_wconf 80' lang='lat' dir='ltr'><strong>sicut</strong></span> <span class='ocrx_word' id='word_1_173' title='bbox 668 1949 705 1981; x_wconf 86' lang='lat' dir='ltr'><strong>ad</strong></span> <span class='ocrx_word' id='word_1_174' title='bbox 725 1949 927 1991; x_wconf 76' lang='lat' dir='ltr'><strong>apostolatus</strong></span> <span class='ocrx_word' id='word_1_175' title='bbox 947 1955 949 1965; x_wconf 73' lang='grc'><em>’</em></span> 
     </span>
     <span class='ocr_line' id='line_1_44' title="bbox 187 2001 949 2040; baseline -0.003 -6"><span class='ocrx_word' id='word_1_176' title='bbox 187 2001 287 2034; x_wconf 80' lang='lat' dir='ltr'><strong>nostri</strong></span> <span class='ocrx_word' id='word_1_177' title='bbox 315 2001 476 2040; x_wconf 73' lang='lat' dir='ltr'><strong>notitiam,</strong></span> <span class='ocrx_word' id='word_1_178' title='bbox 504 2011 569 2033; x_wconf 88' lang='lat' dir='ltr'><strong>non</strong></span> <span class='ocrx_word' id='word_1_179' title='bbox 596 2001 664 2033; x_wconf 86' lang='lat' dir='ltr'><strong>sine</strong></span> <span class='ocrx_word' id='word_1_180' title='bbox 692 2001 805 2033; x_wconf 88' lang='lat' dir='ltr'><strong>intimo</strong></span> <span class='ocrx_word' id='word_1_181' title='bbox 827 2001 925 2033; x_wconf 87' lang='lat' dir='ltr'><strong>animi</strong></span> <span class='ocrx_word' id='word_1_182' title='bbox 948 2005 949 2029; x_wconf 73' lang='lat' dir='ltr'><strong>l</strong></span> 
     </span>
     <span class='ocr_line' id='line_1_45' title="bbox 188 2053 949 2097; baseline -0.005 -10"><span class='ocrx_word' id='word_1_183' title='bbox 188 2055 290 2087; x_wconf 89' lang='lat' dir='ltr'><strong>nostri</strong></span> <span class='ocrx_word' id='word_1_184' title='bbox 316 2065 468 2087; x_wconf 87' lang='lat' dir='ltr'><strong>moerore</strong></span> <span class='ocrx_word' id='word_1_185' title='bbox 494 2054 652 2097; x_wconf 77' lang='lat' dir='ltr'><strong>pervenit,</strong></span> <span class='ocrx_word' id='word_1_186' title='bbox 678 2055 778 2086; x_wconf 88' lang='lat' dir='ltr'><strong>multa</strong></span> <span class='ocrx_word' id='word_1_187' title='bbox 804 2053 949 2096; x_wconf 67' lang='lat' dir='ltr'><strong>aliquot,</strong></span> 
     </span>
    </p>
   </div>
   <div class='ocr_carea' id='block_1_18' title="bbox 189 2106 928 2193">
    <p class='ocr_par' dir='ltr' id='par_1_20' title="bbox 189 2106 928 2193">
     <span class='ocr_line' id='line_1_46' title="bbox 189 2106 928 2148; baseline -0.003 -9"><span class='ocrx_word' id='word_1_188' title='bbox 189 2107 227 2139; x_wconf 87' lang='lat' dir='ltr'><strong>ab</strong></span> <span class='ocrx_word' id='word_1_189' title='bbox 254 2107 329 2138; x_wconf 85' lang='lat' dir='ltr'><strong>hinc</strong></span> <span class='ocrx_word' id='word_1_190' title='bbox 354 2106 445 2139; x_wconf 89' lang='lat' dir='ltr'><strong>annis</strong></span> <span class='ocrx_word' id='word_1_191' title='bbox 470 2117 529 2148; x_wconf 88' lang='lat' dir='ltr'><strong>per</strong></span> <span class='ocrx_word' id='word_1_192' title='bbox 555 2107 756 2139; x_wconf 85' lang='lat' dir='ltr'><strong>saecularem</strong></span> <span class='ocrx_word' id='word_1_193' title='bbox 783 2111 928 2148; x_wconf 84' lang='lat' dir='ltr'><strong>potesta-</strong></span> 
     </span>
     <span class='ocr_line' id='line_1_47' title="bbox 190 2159 926 2193; baseline -0.003 -1"><span class='ocrx_word' id='word_1_194' title='bbox 190 2165 253 2193; x_wconf 86' lang='lat' dir='ltr'><strong>tem</strong></span> <span class='ocrx_word' id='word_1_195' title='bbox 271 2159 303 2192; x_wconf 89' lang='lat' dir='ltr'><strong>in</strong></span> <span class='ocrx_word' id='word_1_196' title='bbox 322 2160 440 2192; x_wconf 87' lang='lat' dir='ltr'><strong>ducatu</strong></span> <span class='ocrx_word' id='word_1_197' title='bbox 466 2159 646 2192; x_wconf 73' lang='lat' dir='ltr'><strong>sabaudiae</strong></span> <span class='ocrx_word' id='word_1_198' title='bbox 669 2170 705 2191; x_wconf 79' lang='lat' dir='ltr'><strong>ac</strong></span> <span class='ocrx_word' id='word_1_199' title='bbox 722 2159 926 2192; x_wconf 88' lang='lat' dir='ltr'><strong>Pedemontii</strong></span> 
     </span>
    </p>
   </div>
   <div class='ocr_carea' id='block_1_19' title="bbox 189 2212 950 2256">
    <p class='ocr_par' dir='ltr' id='par_1_21' title="bbox 189 2212 950 2256">
     <span class='ocr_line' id='line_1_48' title="bbox 189 2212 950 2256; baseline -0.003 -11"><span class='ocrx_word' id='word_1_200' title='bbox 189 2213 374 2256; x_wconf 88' lang='lat' dir='ltr'><strong>principatu</strong></span> <span class='ocrx_word' id='word_1_201' title='bbox 414 2213 566 2245; x_wconf 85' lang='lat' dir='ltr'><strong>adversus</strong></span> <span class='ocrx_word' id='word_1_202' title='bbox 603 2222 757 2255; x_wconf 82' lang='lat' dir='ltr'><strong>personas</strong></span> <span class='ocrx_word' id='word_1_203' title='bbox 786 2217 818 2244; x_wconf 91' lang='lat' dir='ltr'><strong>et</strong></span> <span class='ocrx_word' id='word_1_204' title='bbox 842 2212 950 2244; x_wconf 79' lang='lat' dir='ltr'><strong>bona</strong></span> 
     </span>
    </p>
   </div>
   <div class='ocr_carea' id='block_1_20' title="bbox 228 2281 928 2314">
    <p class='ocr_par' dir='ltr' id='par_1_22' title="bbox 228 2281 928 2314">
     <span class='ocr_line' id='line_1_49' title="bbox 228 2281 928 2314; baseline -0.003 -4"><span class='ocrx_word' id='word_1_205' title='bbox 228 2285 235 2310; x_wconf 87' lang='lat' dir='ltr'><strong>l</strong></span> <span class='ocrx_word' id='word_1_206' title='bbox 260 2283 407 2310; x_wconf 86' lang='lat' dir='ltr'><strong>Innocentii</strong></span> <span class='ocrx_word' id='word_1_207' title='bbox 422 2282 479 2309; x_wconf 81' lang='lat' dir='ltr'><strong>Xlll</strong></span> <span class='ocrx_word' id='word_1_208' title='bbox 501 2285 585 2309; x_wconf 85' lang='lat' dir='ltr'><strong>const.</strong></span> <span class='ocrx_word' id='word_1_209' title='bbox 603 2282 668 2308; x_wconf 83' lang='lat' dir='ltr'><strong>edit.</strong></span> <span class='ocrx_word' id='word_1_210' title='bbox 686 2288 820 2314; x_wconf 73' lang='lat' dir='ltr'><strong>nuccxxn,</strong></span> <span class='ocrx_word' id='word_1_211' title='bbox 837 2281 879 2308; x_wconf 89' lang='lat' dir='ltr'><strong>die</strong></span> <span class='ocrx_word' id='word_1_212' title='bbox 896 2282 928 2308; x_wconf 72' lang='lat'><strong>27</strong></span> 
     </span>
    </p>
   </div>
   <div class='ocr_carea' id='block_1_21' title="bbox 189 2325 951 2362">
    <p class='ocr_par' dir='ltr' id='par_1_23' title="bbox 189 2325 951 2362">
     <span class='ocr_line' id='line_1_50' title="bbox 189 2325 951 2362; baseline -0.003 -9"><span class='ocrx_word' id='word_1_213' title='bbox 189 2327 297 2360; x_wconf 83' lang='lat' dir='ltr'><strong>martii,</strong></span> <span class='ocrx_word' id='word_1_214' title='bbox 320 2326 414 2362; x_wconf 85' lang='lat' dir='ltr'><strong>pontif.</strong></span> <span class='ocrx_word' id='word_1_215' title='bbox 436 2334 462 2358; x_wconf 87' lang='lat'><strong>1,</strong></span> <span class='ocrx_word' id='word_1_216' title='bbox 483 2326 651 2352; x_wconf 72' lang='lat' dir='ltr'><strong>deciaratum</strong></span> <span class='ocrx_word' id='word_1_217' title='bbox 672 2325 721 2352; x_wconf 83' lang='lat' dir='ltr'><strong>suit</strong></span> <span class='ocrx_word' id='word_1_218' title='bbox 747 2326 849 2352; x_wconf 88' lang='lat' dir='ltr'><strong>nullum</strong></span> <span class='ocrx_word' id='word_1_219' title='bbox 879 2325 928 2351; x_wconf 87' lang='lat' dir='ltr'><strong>de-</strong></span> <span class='ocrx_word' id='word_1_220' title='bbox 949 2340 951 2344; x_wconf 54' lang='lat' dir='ltr'>v</span> 
     </span>
    </p>
   </div>
   <div class='ocr_carea' id='block_1_22' title="bbox 189 2370 932 2619">
    <p class='ocr_par' dir='ltr' id='par_1_24' title="bbox 189 2370 932 2619">
     <span class='ocr_line' id='line_1_51' title="bbox 190 2370 930 2406; baseline -0.005 -7"><span class='ocrx_word' id='word_1_221' title='bbox 190 2376 294 2399; x_wconf 88' lang='lat' dir='ltr'><strong>cretum</strong></span> <span class='ocrx_word' id='word_1_222' title='bbox 323 2375 433 2398; x_wconf 83' lang='lat' dir='ltr'><strong>senatus</strong></span> <span class='ocrx_word' id='word_1_223' title='bbox 462 2371 600 2398; x_wconf 81' lang='lat' dir='ltr'><strong>Lacernae</strong></span> <span class='ocrx_word' id='word_1_224' title='bbox 631 2379 712 2406; x_wconf 89' lang='lat' dir='ltr'><strong>super</strong></span> <span class='ocrx_word' id='word_1_225' title='bbox 744 2370 930 2397; x_wconf 79' lang='lat' dir='ltr'><strong>moderatione</strong></span> 
     </span>
     <span class='ocr_line' id='line_1_52' title="bbox 189 2413 930 2452; baseline -0.005 -9"><span class='ocrx_word' id='word_1_226' title='bbox 189 2424 367 2452; x_wconf 79' lang='lat' dir='ltr'><strong>expensarum</strong></span> <span class='ocrx_word' id='word_1_227' title='bbox 383 2424 432 2450; x_wconf 84' lang='lat' dir='ltr'><strong>pro</strong></span> <span class='ocrx_word' id='word_1_228' title='bbox 448 2415 630 2447; x_wconf 75' lang='lat' dir='ltr'><strong>monialibus3</strong></span> <span class='ocrx_word' id='word_1_229' title='bbox 652 2418 678 2440; x_wconf 81' lang='lat' dir='ltr'><strong>et</strong></span> <span class='ocrx_word' id='word_1_230' title='bbox 698 2413 779 2440; x_wconf 87' lang='lat' dir='ltr'><strong>huius</strong></span> <span class='ocrx_word' id='word_1_231' title='bbox 796 2413 930 2440; x_wconf 82' lang='lat' dir='ltr'><strong>Pontificis</strong></span> 
     </span>
     <span class='ocr_line' id='line_1_53' title="bbox 191 2458 931 2492; baseline -0.005 -5"><span class='ocrx_word' id='word_1_232' title='bbox 191 2465 275 2487; x_wconf 89' lang='lat' dir='ltr'><strong>const.</strong></span> <span class='ocrx_word' id='word_1_233' title='bbox 296 2460 361 2487; x_wconf 89' lang='lat' dir='ltr'><strong>edit.</strong></span> <span class='ocrx_word' id='word_1_234' title='bbox 382 2466 548 2492; x_wconf 74' lang='lat' dir='ltr'><strong>nnccxxvru,</strong></span> <span class='ocrx_word' id='word_1_235' title='bbox 565 2459 608 2485; x_wconf 89' lang='lat' dir='ltr'><strong>die</strong></span> <span class='ocrx_word' id='word_1_236' title='bbox 624 2458 658 2484; x_wconf 63' lang='lat'><strong>*25</strong></span> <span class='ocrx_word' id='word_1_237' title='bbox 672 2458 846 2491; x_wconf 81' lang='lat' dir='ltr'><strong>septembris,</strong></span> <span class='ocrx_word' id='word_1_238' title='bbox 862 2465 931 2492; x_wconf 89' lang='lat' dir='ltr'><strong>pon-</strong></span> 
     </span>
     <span class='ocr_line' id='line_1_54' title="bbox 192 2501 932 2538; baseline -0.007 -7"><span class='ocrx_word' id='word_1_239' title='bbox 192 2504 231 2531; x_wconf 81' lang='lat' dir='ltr'><strong>tii&#39;.</strong></span> <span class='ocrx_word' id='word_1_240' title='bbox 253 2513 267 2530; x_wconf 90' lang='lat' dir='ltr'><strong>v</strong></span> <span class='ocrx_word' id='word_1_241' title='bbox 286 2505 368 2538; x_wconf 86' lang='lat' dir='ltr'><strong>(quae</strong></span> <span class='ocrx_word' id='word_1_242' title='bbox 384 2503 454 2530; x_wconf 84' lang='lat' dir='ltr'><strong>infra</strong></span> <span class='ocrx_word' id='word_1_243' title='bbox 469 2511 517 2529; x_wconf 86' lang='lat' dir='ltr'><strong>suo</strong></span> <span class='ocrx_word' id='word_1_244' title='bbox 533 2502 628 2529; x_wconf 83' lang='lat' dir='ltr'><strong>ordine</strong></span> <span class='ocrx_word' id='word_1_245' title='bbox 644 2502 755 2535; x_wconf 84' lang='lat' dir='ltr'><strong>legitur)</strong></span> <span class='ocrx_word' id='word_1_246' title='bbox 774 2501 932 2527; x_wconf 78' lang='lat' dir='ltr'><strong>annullatur</strong></span> 
     </span>
     <span class='ocr_line' id='line_1_55' title="bbox 193 2546 931 2579; baseline -0.005 -4"><span class='ocrx_word' id='word_1_247' title='bbox 193 2548 348 2575; x_wconf 87' lang='lat' dir='ltr'><strong>constitutio</strong></span> <span class='ocrx_word' id='word_1_248' title='bbox 364 2547 491 2574; x_wconf 87' lang='lat' dir='ltr'><strong>ordinum</strong></span> <span class='ocrx_word' id='word_1_249' title='bbox 512 2546 586 2579; x_wconf 71' lang='lat' dir='ltr'><strong>regui</strong></span> <span class='ocrx_word' id='word_1_250' title='bbox 607 2546 737 2572; x_wconf 83' lang='lat' dir='ltr'><strong>Poloniae</strong></span> <span class='ocrx_word' id='word_1_251' title='bbox 753 2549 846 2572; x_wconf 84' lang='lat' dir='ltr'><strong>contra</strong></span> <span class='ocrx_word' id='word_1_252' title='bbox 862 2553 931 2572; x_wconf 84' lang='lat' dir='ltr'><strong>nun-</strong></span> 
     </span>
     <span class='ocr_line' id='line_1_56' title="bbox 193 2591 688 2619; baseline -0.006 0"><span class='ocrx_word' id='word_1_253' title='bbox 193 2591 263 2619; x_wconf 90' lang='lat' dir='ltr'><strong>cium</strong></span> <span class='ocrx_word' id='word_1_254' title='bbox 284 2595 310 2619; x_wconf 83' lang='lat' dir='ltr'><strong>et</strong></span> <span class='ocrx_word' id='word_1_255' title='bbox 329 2591 508 2619; x_wconf 78' lang='lat' dir='ltr'><strong>nunciaturae</strong></span> <span class='ocrx_word' id='word_1_256' title='bbox 529 2591 688 2617; x_wconf 27' lang='lat' dir='ltr'><strong>libertatem*</strong></span> 
     </span>
    </p>
   </div>
   <div class='ocr_carea' id='block_1_23' title="bbox 941 321 953 2619">
    <p class='ocr_par' dir='ltr' id='par_1_25' title="bbox 941 321 953 2619">
     <span class='ocr_line' id='line_1_57' title="bbox 941 321 953 2619; baseline 0 0"><span class='ocrx_word' id='word_1_257' title='bbox 941 321 953 2619; x_wconf 95' lang='lat' dir='ltr'><strong> </strong></span> 
     </span>
    </p>
   </div>
   <div class='ocr_carea' id='block_1_24' title="bbox 964 197 1705 564">
    <p class='ocr_par' dir='ltr' id='par_1_26' title="bbox 1601 197 1666 231">
     <span class='ocr_line' id='line_1_58' title="bbox 1601 197 1666 231; baseline -0.031 0"><span class='ocrx_word' id='word_1_258' title='bbox 1601 197 1666 231; x_wconf 74' lang='lat'>‘3⁶25</span> 
     </span>
    </p>

    <p class='ocr_par' dir='ltr' id='par_1_27' title="bbox 964 256 1705 564">
     <span class='ocr_line' id='line_1_59' title="bbox 964 256 1703 301; baseline -0.004 -10"><span class='ocrx_word' id='word_1_259' title='bbox 964 258 1149 291; x_wconf 85' lang='lat' dir='ltr'><strong>monasterii</strong></span> <span class='ocrx_word' id='word_1_260' title='bbox 1176 269 1232 292; x_wconf 90' lang='lat' dir='ltr'><strong>seu</strong></span> <span class='ocrx_word' id='word_1_261' title='bbox 1256 257 1428 301; x_wconf 84' lang='lat' dir='ltr'><strong>hospitalis</strong></span> <span class='ocrx_word' id='word_1_262' title='bbox 1446 257 1551 299; x_wconf 68' lang='lat' dir='ltr'><strong>magni</strong></span> <span class='ocrx_word' id='word_1_263' title='bbox 1570 256 1601 289; x_wconf 91' lang='lat' dir='ltr'><strong>S.</strong></span> <span class='ocrx_word' id='word_1_264' title='bbox 1626 257 1703 289; x_wconf 88' lang='lat' dir='ltr'><strong>Ber-</strong></span> 
     </span>
     <span class='ocr_line' id='line_1_60' title="bbox 964 310 1704 355; baseline -0.004 -11"><span class='ocrx_word' id='word_1_265' title='bbox 964 312 1055 345; x_wconf 90' lang='lat' dir='ltr'><strong>nardi</strong></span> <span class='ocrx_word' id='word_1_266' title='bbox 1082 312 1258 355; x_wconf 86' lang='lat' dir='ltr'><strong>nuncupati</strong></span> <span class='ocrx_word' id='word_1_267' title='bbox 1286 311 1316 343; x_wconf 89' lang='lat' dir='ltr'><strong>in</strong></span> <span class='ocrx_word' id='word_1_268' title='bbox 1352 311 1477 343; x_wconf 59' lang='lat' dir='ltr'><strong>talesia</strong></span> <span class='ocrx_word' id='word_1_269' title='bbox 1502 310 1630 343; x_wconf 83' lang='lat' dir='ltr'><strong>Ordinis</strong></span> <span class='ocrx_word' id='word_1_270' title='bbox 1653 320 1704 341; x_wconf 86' lang='lat' dir='ltr'><strong>ca-</strong></span> 
     </span>
     <span class='ocr_line' id='line_1_61' title="bbox 964 362 1702 406; baseline -0.005 -9"><span class='ocrx_word' id='word_1_271' title='bbox 964 366 1156 397; x_wconf 88' lang='lat' dir='ltr'><strong>nonicorum</strong></span> <span class='ocrx_word' id='word_1_272' title='bbox 1176 365 1372 406; x_wconf 74' lang='lat' dir='ltr'><strong>regularium</strong></span> <span class='ocrx_word' id='word_1_273' title='bbox 1391 364 1424 397; x_wconf 84' lang='lat' dir='ltr'><strong>S.</strong></span> <span class='ocrx_word' id='word_1_274' title='bbox 1448 362 1615 405; x_wconf 78' lang='lat' dir='ltr'><strong>Augustini</strong></span> <span class='ocrx_word' id='word_1_275' title='bbox 1639 371 1702 394; x_wconf 90' lang='lat' dir='ltr'><strong>non</strong></span> 
     </span>
     <span class='ocr_line' id='line_1_62' title="bbox 964 416 1704 460; baseline -0.003 -12"><span class='ocrx_word' id='word_1_276' title='bbox 964 417 1069 449; x_wconf 87' lang='lat' dir='ltr'><strong>minus</strong></span> <span class='ocrx_word' id='word_1_277' title='bbox 1101 423 1222 450; x_wconf 88' lang='lat' dir='ltr'><strong>temere</strong></span> <span class='ocrx_word' id='word_1_278' title='bbox 1260 427 1355 460; x_wconf 85' lang='lat' dir='ltr'><strong>quam</strong></span> <span class='ocrx_word' id='word_1_279' title='bbox 1389 416 1523 449; x_wconf 87' lang='lat' dir='ltr'><strong>nulliter</strong></span> <span class='ocrx_word' id='word_1_280' title='bbox 1548 419 1704 448; x_wconf 84' lang='lat' dir='ltr'><strong>attentata</strong></span> 
     </span>
     <span class='ocr_line' id='line_1_63' title="bbox 966 467 1705 507; baseline -0.004 -7"><span class='ocrx_word' id='word_1_281' title='bbox 966 469 1105 507; x_wconf 80' lang='lat' dir='ltr'><strong>suerint,</strong></span> <span class='ocrx_word' id='word_1_282' title='bbox 1132 480 1167 501; x_wconf 84' lang='lat' dir='ltr'><strong>ac</strong></span> <span class='ocrx_word' id='word_1_283' title='bbox 1193 469 1365 501; x_wconf 85' lang='lat' dir='ltr'><strong>novissime</strong></span> <span class='ocrx_word' id='word_1_284' title='bbox 1392 469 1504 501; x_wconf 85' lang='lat' dir='ltr'><strong>eadem</strong></span> <span class='ocrx_word' id='word_1_285' title='bbox 1531 467 1705 501; x_wconf 79' lang='lat' dir='ltr'><strong>saecularis</strong></span> 
     </span>
     <span class='ocr_line' id='line_1_64' title="bbox 964 519 1705 564; baseline -0.005 -10"><span class='ocrx_word' id='word_1_286' title='bbox 964 527 1108 564; x_wconf 82' lang='lat' dir='ltr'><strong>potestas</strong></span> <span class='ocrx_word' id='word_1_287' title='bbox 1133 521 1172 553; x_wconf 79' lang='lat' dir='ltr'><strong>eo</strong></span> <span class='ocrx_word' id='word_1_288' title='bbox 1198 521 1351 553; x_wconf 78' lang='lat' dir='ltr'><strong>audaciae</strong></span> <span class='ocrx_word' id='word_1_289' title='bbox 1377 521 1579 559; x_wconf 83' lang='lat' dir='ltr'><strong>devenerint,</strong></span> <span class='ocrx_word' id='word_1_290' title='bbox 1607 525 1641 552; x_wconf 90' lang='lat' dir='ltr'><strong>ut</strong></span> <span class='ocrx_word' id='word_1_291' title='bbox 1658 519 1705 551; x_wconf 93' lang='lat' dir='ltr'><strong>di-</strong></span> 
     </span>
    </p>
   </div>
   <div class='ocr_carea' id='block_1_25' title="bbox 1713 205 1896 233">
    <p class='ocr_par' dir='ltr' id='par_1_28' title="bbox 1713 205 1896 233">
     <span class='ocr_line' id='line_1_65' title="bbox 1713 205 1896 233; baseline -0.005 -1"><span class='ocrx_word' id='word_1_292' title='bbox 1713 206 1761 232; x_wconf 79' lang='grc' dir='ltr'><strong>Λη.</strong></span> <span class='ocrx_word' id='word_1_293' title='bbox 1778 205 1806 233; x_wconf 86' lang='lat' dir='ltr'><strong>C.</strong></span> <span class='ocrx_word' id='word_1_294' title='bbox 1826 205 1896 232; x_wconf 68' lang='lat'><strong>1726</strong></span> 
     </span>
    </p>
   </div>
   <div class='ocr_carea' id='block_1_26' title="bbox 942 573 1704 609">
    <p class='ocr_par' dir='ltr' id='par_1_29' title="bbox 942 573 1704 609">
     <span class='ocr_line' id='line_1_66' title="bbox 942 573 1704 609; baseline -0.005 -2"><span class='ocrx_word' id='word_1_295' title='bbox 942 575 1085 607; x_wconf 38' lang='lat' dir='ltr'><strong>*lectum</strong></span> <span class='ocrx_word' id='word_1_296' title='bbox 1122 573 1222 606; x_wconf 77' lang='lat' dir='ltr'><strong>tilium</strong></span> <span class='ocrx_word' id='word_1_297' title='bbox 1257 573 1455 606; x_wconf 88' lang='lat' dir='ltr'><strong>Ludovieum</strong></span> <span class='ocrx_word' id='word_1_298' title='bbox 1490 573 1704 609; x_wconf 75' lang='lat' dir='ltr'><strong>Bonisacium,</strong></span> 
     </span>
    </p>
   </div>
   <div class='ocr_carea' id='block_1_27' title="bbox 964 626 1901 1773">
    <p class='ocr_par' dir='ltr' id='par_1_30' title="bbox 964 626 1709 1304">
     <span class='ocr_line' id='line_1_67' title="bbox 964 626 1706 669; baseline -0.004 -9"><span class='ocrx_word' id='word_1_299' title='bbox 964 628 1155 661; x_wconf 87' lang='lat' dir='ltr'><strong>modernum</strong></span> <span class='ocrx_word' id='word_1_300' title='bbox 1182 627 1284 669; x_wconf 87' lang='lat' dir='ltr'><strong>ipsius</strong></span> <span class='ocrx_word' id='word_1_301' title='bbox 1309 627 1499 659; x_wconf 88' lang='lat' dir='ltr'><strong>monasterii</strong></span> <span class='ocrx_word' id='word_1_302' title='bbox 1522 636 1576 659; x_wconf 88' lang='lat' dir='ltr'><strong>seu</strong></span> <span class='ocrx_word' id='word_1_303' title='bbox 1596 626 1706 668; x_wconf 90' lang='lat' dir='ltr'><strong>hospi-</strong></span> 
     </span>
     <span class='ocr_line' id='line_1_68' title="bbox 966 677 1703 722; baseline -0.005 -10"><span class='ocrx_word' id='word_1_304' title='bbox 966 681 1038 712; x_wconf 83' lang='lat' dir='ltr'><strong>talis</strong></span> <span class='ocrx_word' id='word_1_305' title='bbox 1062 679 1303 722; x_wconf 85' lang='lat' dir='ltr'><strong>praepositum,</strong></span> <span class='ocrx_word' id='word_1_306' title='bbox 1329 679 1519 722; x_wconf 86' lang='lat' dir='ltr'><strong>priusquam</strong></span> <span class='ocrx_word' id='word_1_307' title='bbox 1545 677 1703 710; x_wconf 85' lang='lat' dir='ltr'><strong>eiusmodi</strong></span> 
     </span>
     <span class='ocr_line' id='line_1_69' title="bbox 965 730 1705 776; baseline -0.004 -11"><span class='ocrx_word' id='word_1_308' title='bbox 965 732 1211 776; x_wconf 78' lang='lat' dir='ltr'><strong>praepositurae</strong></span> <span class='ocrx_word' id='word_1_309' title='bbox 1248 731 1487 774; x_wconf 84' lang='lat' dir='ltr'><strong>possessionem</strong></span> <span class='ocrx_word' id='word_1_310' title='bbox 1520 730 1705 773; x_wconf 82' lang='lat' dir='ltr'><strong>apprehen-</strong></span> 
     </span>
     <span class='ocr_line' id='line_1_70' title="bbox 966 782 1706 829; baseline -0.007 -10"><span class='ocrx_word' id='word_1_311' title='bbox 966 787 1043 819; x_wconf 88' lang='lat' dir='ltr'><strong>dere</strong></span> <span class='ocrx_word' id='word_1_312' title='bbox 1067 790 1195 829; x_wconf 81' lang='lat' dir='ltr'><strong>posset,</strong></span> <span class='ocrx_word' id='word_1_313' title='bbox 1221 785 1261 818; x_wconf 90' lang='lat' dir='ltr'><strong>ad</strong></span> <span class='ocrx_word' id='word_1_314' title='bbox 1286 785 1514 827; x_wconf 78' lang='lat' dir='ltr'><strong>praestandum</strong></span> <span class='ocrx_word' id='word_1_315' title='bbox 1541 784 1601 816; x_wconf 84' lang='lat' dir='ltr'><strong>sibi</strong></span> <span class='ocrx_word' id='word_1_316' title='bbox 1628 782 1706 815; x_wconf 79' lang='lat' dir='ltr'><strong>fide-</strong></span> 
     </span>
     <span class='ocr_line' id='line_1_71' title="bbox 966 837 1705 876; baseline -0.005 -4"><span class='ocrx_word' id='word_1_317' title='bbox 966 839 1064 872; x_wconf 85' lang='lat' dir='ltr'><strong>litatis</strong></span> <span class='ocrx_word' id='word_1_318' title='bbox 1100 838 1280 871; x_wconf 89' lang='lat' dir='ltr'><strong>indebitum</strong></span> <span class='ocrx_word' id='word_1_319' title='bbox 1304 837 1550 876; x_wconf 86' lang='lat' dir='ltr'><strong>iuramentum,</strong></span> <span class='ocrx_word' id='word_1_320' title='bbox 1578 846 1705 869; x_wconf 87' lang='lat' dir='ltr'><strong>necnon</strong></span> 
     </span>
     <span class='ocr_line' id='line_1_72' title="bbox 966 888 1704 933; baseline -0.005 -9"><span class='ocrx_word' id='word_1_321' title='bbox 966 892 1006 925; x_wconf 92' lang='lat' dir='ltr'><strong>ad</strong></span> <span class='ocrx_word' id='word_1_322' title='bbox 1031 891 1149 924; x_wconf 85' lang='lat' dir='ltr'><strong>dictam</strong></span> <span class='ocrx_word' id='word_1_323' title='bbox 1175 890 1434 933; x_wconf 76' lang='lat' dir='ltr'><strong>praeposituram</strong></span> <span class='ocrx_word' id='word_1_324' title='bbox 1474 894 1637 931; x_wconf 84' lang='lat' dir='ltr'><strong>tamquam</strong></span> <span class='ocrx_word' id='word_1_325' title='bbox 1665 888 1704 920; x_wconf 86' lang='lat' dir='ltr'><strong>de</strong></span> 
     </span>
     <span class='ocr_line' id='line_1_73' title="bbox 966 942 1708 987; baseline -0.005 -10"><span class='ocrx_word' id='word_1_326' title='bbox 966 945 1226 987; x_wconf 83' lang='lat' dir='ltr'><strong>inrepatronatus</strong></span> <span class='ocrx_word' id='word_1_327' title='bbox 1247 943 1395 976; x_wconf 87' lang='lat' dir='ltr'><strong>eiusdem</strong></span> <span class='ocrx_word' id='word_1_328' title='bbox 1414 942 1591 975; x_wconf 86' lang='lat' dir='ltr'><strong>saecularis</strong></span> <span class='ocrx_word' id='word_1_329' title='bbox 1617 946 1708 984; x_wconf 88' lang='lat' dir='ltr'><strong>pote-</strong></span> 
     </span>
     <span class='ocr_line' id='line_1_74' title="bbox 967 995 1706 1038; baseline -0.005 -9"><span class='ocrx_word' id='word_1_330' title='bbox 967 997 1057 1030; x_wconf 83' lang='lat' dir='ltr'><strong>statis</strong></span> <span class='ocrx_word' id='word_1_331' title='bbox 1092 996 1389 1038; x_wconf 72' lang='lat' dir='ltr'><strong>recognoscendam</strong></span> <span class='ocrx_word' id='word_1_332' title='bbox 1428 995 1613 1032; x_wconf 75' lang='lat' dir='ltr'><strong>induxerit,</strong></span> <span class='ocrx_word' id='word_1_333' title='bbox 1651 1003 1706 1026; x_wconf 88' lang='lat' dir='ltr'><strong>seu</strong></span> 
     </span>
     <span class='ocr_line' id='line_1_75' title="bbox 966 1046 1707 1091; baseline -0.008 -7"><span class='ocrx_word' id='word_1_334' title='bbox 966 1051 1074 1085; x_wconf 87' lang='lat' dir='ltr'><strong>verius</strong></span> <span class='ocrx_word' id='word_1_335' title='bbox 1111 1050 1139 1082; x_wconf 91' lang='lat' dir='ltr'><strong>vi</strong></span> <span class='ocrx_word' id='word_1_336' title='bbox 1176 1055 1327 1091; x_wconf 82' lang='lat' dir='ltr'><strong>metuque</strong></span> <span class='ocrx_word' id='word_1_337' title='bbox 1353 1047 1563 1091; x_wconf 86' lang='lat' dir='ltr'><strong>compulerit;</strong></span> <span class='ocrx_word' id='word_1_338' title='bbox 1590 1046 1707 1090; x_wconf 81' lang='lat' dir='ltr'><strong>quibus</strong></span> 
     </span>
     <span class='ocr_line' id='line_1_76' title="bbox 968 1099 1709 1144; baseline -0.008 -7"><span class='ocrx_word' id='word_1_339' title='bbox 968 1103 1109 1142; x_wconf 75' lang='lat' dir='ltr'><strong>exactis,</strong></span> <span class='ocrx_word' id='word_1_340' title='bbox 1137 1108 1204 1134; x_wconf 87' lang='lat' dir='ltr'><strong>tum</strong></span> <span class='ocrx_word' id='word_1_341' title='bbox 1230 1102 1358 1134; x_wconf 88' lang='lat' dir='ltr'><strong>demum</strong></span> <span class='ocrx_word' id='word_1_342' title='bbox 1385 1100 1551 1144; x_wconf 86' lang='lat' dir='ltr'><strong>praedicto</strong></span> <span class='ocrx_word' id='word_1_343' title='bbox 1573 1099 1709 1133; x_wconf 88' lang='lat' dir='ltr'><strong>Ludovi-</strong></span> 
     </span>
     <span class='ocr_line' id='line_1_77' title="bbox 967 1153 1706 1198; baseline -0.008 -8"><span class='ocrx_word' id='word_1_344' title='bbox 967 1168 1003 1190; x_wconf 90' lang='lat' dir='ltr'><strong>co</strong></span> <span class='ocrx_word' id='word_1_345' title='bbox 1031 1155 1196 1190; x_wconf 84' lang='lat' dir='ltr'><strong>Bonisacio</strong></span> <span class='ocrx_word' id='word_1_346' title='bbox 1223 1154 1372 1198; x_wconf 86' lang='lat' dir='ltr'><strong>permisit</strong></span> <span class='ocrx_word' id='word_1_347' title='bbox 1401 1159 1436 1186; x_wconf 89' lang='lat' dir='ltr'><strong>ut</strong></span> <span class='ocrx_word' id='word_1_348' title='bbox 1465 1153 1706 1196; x_wconf 82' lang='lat' dir='ltr'><strong>possessionem</strong></span> 
     </span>
     <span class='ocr_line' id='line_1_78' title="bbox 967 1207 1705 1254; baseline -0.008 -11"><span class='ocrx_word' id='word_1_349' title='bbox 967 1209 1211 1254; x_wconf 84' lang='lat' dir='ltr'><strong>praepositurae</strong></span> <span class='ocrx_word' id='word_1_350' title='bbox 1237 1207 1417 1250; x_wconf 76' lang='lat' dir='ltr'><strong>praefatae,</strong></span> <span class='ocrx_word' id='word_1_351' title='bbox 1443 1217 1538 1249; x_wconf 85' lang='lat' dir='ltr'><strong>quam</strong></span> <span class='ocrx_word' id='word_1_352' title='bbox 1572 1210 1705 1238; x_wconf 86' lang='lat' dir='ltr'><strong>eatenus</strong></span> 
     </span>
     <span class='ocr_line' id='line_1_79' title="bbox 967 1259 1605 1304; baseline -0.011 -8"><span class='ocrx_word' id='word_1_353' title='bbox 967 1261 1097 1304; x_wconf 80' lang='lat' dir='ltr'><strong>assequi</strong></span> <span class='ocrx_word' id='word_1_354' title='bbox 1125 1260 1324 1303; x_wconf 82' lang='lat' dir='ltr'><strong>nequiverat,</strong></span> <span class='ocrx_word' id='word_1_355' title='bbox 1351 1259 1605 1302; x_wconf 80' lang='lat' dir='ltr'><strong>adipisceretur:</strong></span> 
     </span>
    </p>

    <p class='ocr_par' dir='ltr' id='par_1_31' title="bbox 969 1311 1901 1773">
     <span class='ocr_line' id='line_1_80' title="bbox 1012 1311 1901 1363; baseline -0.004 -16"><span class='ocrx_word' id='word_1_356' title='bbox 1012 1316 1027 1358; x_wconf 61' lang='grc' dir='ltr'>ἓ</span> <span class='ocrx_word' id='word_1_357' title='bbox 1051 1314 1080 1347; x_wconf 73' lang='lat'><strong>⁶2.</strong></span> <span class='ocrx_word' id='word_1_358' title='bbox 1106 1314 1205 1347; x_wconf 86' lang='lat' dir='ltr'><strong>Porro</strong></span> <span class='ocrx_word' id='word_1_359' title='bbox 1221 1339 1228 1352; x_wconf 87' lang='lat'>,</span> <span class='ocrx_word' id='word_1_360' title='bbox 1253 1312 1398 1356; x_wconf 82' lang='lat' dir='ltr'><strong>quamvis</strong></span> <span class='ocrx_word' id='word_1_361' title='bbox 1433 1311 1590 1354; x_wconf 75' lang='lat' dir='ltr'><strong>explorati</strong></span> <span class='ocrx_word' id='word_1_362' title='bbox 1628 1311 1705 1344; x_wconf 86' lang='lat' dir='ltr'><strong>iuris</strong></span> <span class='ocrx_word' id='word_1_363' title='bbox 1733 1350 1741 1363; x_wconf 51' lang='grc' dir='ltr'>Γ</span> <span class='ocrx_word' id='word_1_364' title='bbox 1758 1316 1901 1363; x_wconf 45' lang='grc' dir='ltr'><strong>μῐέκξπεοῑιιι</strong></span> 
     </span>
     <span class='ocr_line' id='line_1_81' title="bbox 969 1349 1901 1416; baseline -0.005 -15"><span class='ocrx_word' id='word_1_365' title='bbox 969 1369 1030 1408; x_wconf 89' lang='lat' dir='ltr'><strong>sit,</strong></span> <span class='ocrx_word' id='word_1_366' title='bbox 1058 1379 1094 1401; x_wconf 79' lang='lat' dir='ltr'><strong>ca</strong></span> <span class='ocrx_word' id='word_1_367' title='bbox 1131 1366 1262 1405; x_wconf 86' lang='lat' dir='ltr'><strong>onmia,</strong></span> <span class='ocrx_word' id='word_1_368' title='bbox 1288 1376 1372 1409; x_wconf 79' lang='lat' dir='ltr'><strong>quae</strong></span> <span class='ocrx_word' id='word_1_369' title='bbox 1406 1365 1437 1397; x_wconf 90' lang='lat' dir='ltr'><strong>in</strong></span> <span class='ocrx_word' id='word_1_370' title='bbox 1470 1364 1704 1408; x_wconf 84' lang='lat' dir='ltr'><strong>praeiudicium</strong></span> <span class='ocrx_word' id='word_1_371' title='bbox 1717 1349 1901 1416; x_wconf 48' lang='grc' dir='ltr'><strong>Ευῇαιὲξεπιεῖ</strong></span> 
     </span>
     <span class='ocr_line' id='line_1_82' title="bbox 970 1402 1901 1462; baseline -0.009 -7"><span class='ocrx_word' id='word_1_372' title='bbox 970 1421 1182 1455; x_wconf 85' lang='lat' dir='ltr'><strong>ecclesiarum</strong></span> <span class='ocrx_word' id='word_1_373' title='bbox 1209 1430 1244 1452; x_wconf 82' lang='lat' dir='ltr'><strong>ac</strong></span> <span class='ocrx_word' id='word_1_374' title='bbox 1270 1428 1485 1462; x_wconf 86' lang='lat' dir='ltr'><strong>personarum</strong></span> <span class='ocrx_word' id='word_1_375' title='bbox 1512 1402 1901 1450; x_wconf 55' lang='lat' dir='ltr'><strong>ecclesiasti-i&#39;ss&#39;nsi==¹i¹⁸¹¹„ss&#39;s¹ss.q¹¹⁹</strong></span> 
     </span>
     <span class='ocr_line' id='line_1_83' title="bbox 969 1470 1708 1515; baseline -0.008 -8"><span class='ocrx_word' id='word_1_376' title='bbox 969 1485 1100 1514; x_wconf 87' lang='lat' dir='ltr'><strong>carum,</strong></span> <span class='ocrx_word' id='word_1_377' title='bbox 1139 1482 1316 1515; x_wconf 85' lang='lat' dir='ltr'><strong>earumque</strong></span> <span class='ocrx_word' id='word_1_378' title='bbox 1353 1470 1582 1509; x_wconf 52' lang='lat' dir='ltr'><strong>immunitate,</strong></span> <span class='ocrx_word' id='word_1_379' title='bbox 1617 1479 1708 1512; x_wconf 85' lang='lat' dir='ltr'><strong>prae-</strong></span> 
     </span>
     <span class='ocr_line' id='line_1_84' title="bbox 969 1523 1707 1568; baseline -0.008 -8"><span class='ocrx_word' id='word_1_380' title='bbox 969 1528 1080 1560; x_wconf 84' lang='lat' dir='ltr'><strong>sertim</strong></span> <span class='ocrx_word' id='word_1_381' title='bbox 1105 1537 1122 1559; x_wconf 88' lang='lat' dir='ltr'><strong>a</strong></span> <span class='ocrx_word' id='word_1_382' title='bbox 1147 1526 1237 1559; x_wconf 87' lang='lat' dir='ltr'><strong>laicis</strong></span> <span class='ocrx_word' id='word_1_383' title='bbox 1263 1524 1376 1568; x_wconf 85' lang='lat' dir='ltr'><strong>quovis</strong></span> <span class='ocrx_word' id='word_1_384' title='bbox 1405 1523 1501 1556; x_wconf 85' lang='lat' dir='ltr'><strong>modo</strong></span> <span class='ocrx_word' id='word_1_385' title='bbox 1526 1528 1707 1566; x_wconf 80' lang='lat' dir='ltr'><strong>patrantur,</strong></span> 
     </span>
     <span class='ocr_line' id='line_1_85' title="bbox 969 1575 1708 1622; baseline -0.008 -9"><span class='ocrx_word' id='word_1_386' title='bbox 969 1580 1089 1613; x_wconf 83' lang='lat' dir='ltr'><strong>nullius</strong></span> <span class='ocrx_word' id='word_1_387' title='bbox 1108 1588 1242 1622; x_wconf 85' lang='lat' dir='ltr'><strong>prorsus</strong></span> <span class='ocrx_word' id='word_1_388' title='bbox 1260 1587 1329 1610; x_wconf 87' lang='lat' dir='ltr'><strong>esse</strong></span> <span class='ocrx_word' id='word_1_389' title='bbox 1348 1576 1475 1609; x_wconf 91' lang='lat' dir='ltr'><strong>roboris</strong></span> <span class='ocrx_word' id='word_1_390' title='bbox 1493 1586 1529 1608; x_wconf 85' lang='lat' dir='ltr'><strong>ac</strong></span> <span class='ocrx_word' id='word_1_391' title='bbox 1542 1575 1708 1613; x_wconf 75' lang='lat' dir='ltr'><strong>momenti,</strong></span> 
     </span>
     <span class='ocr_line' id='line_1_86' title="bbox 970 1629 1709 1673; baseline -0.007 -7"><span class='ocrx_word' id='word_1_392' title='bbox 970 1644 1006 1667; x_wconf 87' lang='lat' dir='ltr'><strong>ac</strong></span> <span class='ocrx_word' id='word_1_393' title='bbox 1032 1639 1093 1666; x_wconf 88' lang='lat' dir='ltr'><strong>tam</strong></span> <span class='ocrx_word' id='word_1_394' title='bbox 1120 1632 1338 1664; x_wconf 84' lang='lat' dir='ltr'><strong>iuramentum</strong></span> <span class='ocrx_word' id='word_1_395' title='bbox 1364 1629 1530 1663; x_wconf 74' lang='lat' dir='ltr'><strong>fidelitatis</strong></span> <span class='ocrx_word' id='word_1_396' title='bbox 1549 1640 1643 1673; x_wconf 85' lang='lat' dir='ltr'><strong>quam</strong></span> <span class='ocrx_word' id='word_1_397' title='bbox 1662 1639 1709 1662; x_wconf 85' lang='lat' dir='ltr'><strong>re-</strong></span> 
     </span>
     <span class='ocr_line' id='line_1_87' title="bbox 971 1684 1709 1729; baseline -0.007 -10"><span class='ocrx_word' id='word_1_398' title='bbox 971 1686 1191 1729; x_wconf 72' lang='lat' dir='ltr'><strong>cognitiones¹</strong></span> <span class='ocrx_word' id='word_1_399' title='bbox 1214 1684 1327 1717; x_wconf 83' lang='lat' dir='ltr'><strong>asserti</strong></span> <span class='ocrx_word' id='word_1_400' title='bbox 1354 1684 1624 1726; x_wconf 87' lang='lat' dir='ltr'><strong>iurispatronatus</strong></span> <span class='ocrx_word' id='word_1_401' title='bbox 1650 1693 1709 1725; x_wconf 87' lang='lat' dir='ltr'><strong>per</strong></span> 
     </span>
     <span class='ocr_line' id='line_1_88' title="bbox 971 1735 1707 1773; baseline -0.007 -1"><span class='ocrx_word' id='word_1_402' title='bbox 971 1740 1092 1773; x_wconf 84' lang='lat' dir='ltr'><strong>dictum</strong></span> <span class='ocrx_word' id='word_1_403' title='bbox 1119 1738 1311 1771; x_wconf 71' lang='lat' dir='ltr'><strong>Ludovicuni</strong></span> <span class='ocrx_word' id='word_1_404' title='bbox 1346 1736 1545 1769; x_wconf 77' lang='lat' dir='ltr'><strong>Bonisacium</strong></span> <span class='ocrx_word' id='word_1_405' title='bbox 1573 1735 1707 1772; x_wconf 81' lang='lat' dir='ltr'><strong>emissa,</strong></span> 
     </span>
    </p>
   </div>
   <div class='ocr_carea' id='block_1_28' title="bbox 185 1788 1706 1885">
    <p class='ocr_par' dir='ltr' id='par_1_32' title="bbox 185 1788 1706 1885">
     <span class='ocr_line' id='line_1_89' title="bbox 947 1788 1706 1835; baseline -0.005 -11"><span class='ocrx_word' id='word_1_406' title='bbox 947 1807 949 1824; x_wconf 69' lang='grc' dir='ltr'>ι</span> <span class='ocrx_word' id='word_1_407' title='bbox 971 1803 1026 1825; x_wconf 87' lang='lat' dir='ltr'><strong>seu</strong></span> <span class='ocrx_word' id='word_1_408' title='bbox 1052 1791 1159 1835; x_wconf 79' lang='lat' dir='ltr'><strong>potius</strong></span> <span class='ocrx_word' id='word_1_409' title='bbox 1186 1790 1225 1823; x_wconf 87' lang='lat' dir='ltr'><strong>ab</strong></span> <span class='ocrx_word' id='word_1_410' title='bbox 1252 1792 1288 1822; x_wconf 79' lang='lat' dir='ltr'><strong>ea</strong></span> <span class='ocrx_word' id='word_1_411' title='bbox 1314 1793 1449 1827; x_wconf 83' lang='lat' dir='ltr'><strong>extorta,</strong></span> <span class='ocrx_word' id='word_1_412' title='bbox 1468 1790 1590 1821; x_wconf 88' lang='lat' dir='ltr'><strong>nullum</strong></span> <span class='ocrx_word' id='word_1_413' title='bbox 1609 1788 1706 1831; x_wconf 75' lang='lat' dir='ltr'><strong>plane</strong></span> 
     </span>
     <span class='ocr_line' id='line_1_90' title="bbox 185 1842 949 1885; baseline -0.001 -11"><span class='ocrx_word' id='word_1_414' title='bbox 185 1843 322 1876; x_wconf 85' lang='lat' dir='ltr'><strong>iustitiae</strong></span> <span class='ocrx_word' id='word_1_415' title='bbox 348 1848 500 1885; x_wconf 86' lang='lat' dir='ltr'><strong>rectoque</strong></span> <span class='ocrx_word' id='word_1_416' title='bbox 532 1842 639 1874; x_wconf 84' lang='lat' dir='ltr'><strong>ordini</strong></span> <span class='ocrx_word' id='word_1_417' title='bbox 668 1847 924 1875; x_wconf 87' lang='lat' dir='ltr'><strong>consentaneum</strong></span> <span class='ocrx_word' id='word_1_418' title='bbox 947 1848 949 1858; x_wconf 68' lang='lat'><em>¹</em></span> 
     </span>
    </p>
   </div>
   <div class='ocr_carea' id='block_1_29' title="bbox 971 1839 1710 2624">
    <p class='ocr_par' dir='ltr' id='par_1_33' title="bbox 971 1839 1710 2624">
     <span class='ocr_line' id='line_1_91' title="bbox 971 1839 1708 1884; baseline -0.008 -7"><span class='ocrx_word' id='word_1_419' title='bbox 971 1845 1019 1877; x_wconf 89' lang='lat' dir='ltr'><strong>ius</strong></span> <span class='ocrx_word' id='word_1_420' title='bbox 1046 1849 1098 1876; x_wconf 89' lang='lat' dir='ltr'><strong>ant</strong></span> <span class='ocrx_word' id='word_1_421' title='bbox 1123 1843 1248 1876; x_wconf 86' lang='lat' dir='ltr'><strong>titulum</strong></span> <span class='ocrx_word' id='word_1_422' title='bbox 1286 1841 1345 1884; x_wconf 88' lang='lat' dir='ltr'><strong>ipsi</strong></span> <span class='ocrx_word' id='word_1_423' title='bbox 1375 1840 1530 1874; x_wconf 84' lang='lat' dir='ltr'><strong>saeculari</strong></span> <span class='ocrx_word' id='word_1_424' title='bbox 1556 1839 1708 1883; x_wconf 82' lang='lat' dir='ltr'><strong>potestati</strong></span> 
     </span>
     <span class='ocr_line' id='line_1_92' title="bbox 971 1892 1708 1937; baseline -0.008 -7"><span class='ocrx_word' id='word_1_425' title='bbox 971 1898 1127 1936; x_wconf 83' lang='lat' dir='ltr'><strong>tribuere,</strong></span> <span class='ocrx_word' id='word_1_426' title='bbox 1155 1895 1326 1937; x_wconf 83' lang='lat' dir='ltr'><strong>minusque</strong></span> <span class='ocrx_word' id='word_1_427' title='bbox 1354 1894 1499 1927; x_wconf 80' lang='lat' dir='ltr'><strong>eiusdem</strong></span> <span class='ocrx_word' id='word_1_428' title='bbox 1522 1892 1708 1926; x_wconf 89' lang='lat' dir='ltr'><strong>monasterii</strong></span> 
     </span>
     <span class='ocr_line' id='line_1_93' title="bbox 971 1945 1710 1991; baseline -0.008 -9"><span class='ocrx_word' id='word_1_429' title='bbox 971 1961 1025 1983; x_wconf 90' lang='lat' dir='ltr'><strong>seu</strong></span> <span class='ocrx_word' id='word_1_430' title='bbox 1064 1948 1235 1991; x_wconf 83' lang='lat' dir='ltr'><strong>hospitalis</strong></span> <span class='ocrx_word' id='word_1_431' title='bbox 1270 1946 1413 1979; x_wconf 76' lang='lat' dir='ltr'><strong>libertati</strong></span> <span class='ocrx_word' id='word_1_432' title='bbox 1450 1946 1571 1988; x_wconf 81' lang='lat' dir='ltr'><strong>aliquid</strong></span> <span class='ocrx_word' id='word_1_433' title='bbox 1604 1945 1710 1977; x_wconf 87' lang='lat' dir='ltr'><strong>detra-</strong></span> 
     </span>
     <span class='ocr_line' id='line_1_94' title="bbox 972 1997 1709 2044; baseline -0.009 -9"><span class='ocrx_word' id='word_1_434' title='bbox 972 2003 1050 2035; x_wconf 82' lang='lat' dir='ltr'><strong>here</strong></span> <span class='ocrx_word' id='word_1_435' title='bbox 1076 2011 1195 2044; x_wconf 83' lang='lat' dir='ltr'><strong>possc‚</strong></span> <span class='ocrx_word' id='word_1_436' title='bbox 1224 2000 1369 2042; x_wconf 81' lang='lat' dir='ltr'><strong>adeoque</strong></span> <span class='ocrx_word' id='word_1_437' title='bbox 1395 1999 1448 2031; x_wconf 86' lang='lat' dir='ltr'><strong>illa</strong></span> <span class='ocrx_word' id='word_1_438' title='bbox 1482 1997 1613 2040; x_wconf 87' lang='lat' dir='ltr'><strong>speciali</strong></span> <span class='ocrx_word' id='word_1_439' title='bbox 1651 1997 1709 2029; x_wconf 88' lang='lat' dir='ltr'><strong>im-</strong></span> 
     </span>
     <span class='ocr_line' id='line_1_95' title="bbox 972 2052 1709 2098; baseline -0.009 -10"><span class='ocrx_word' id='word_1_440' title='bbox 972 2055 1163 2098; x_wconf 83' lang='lat' dir='ltr'><strong>probatione</strong></span> <span class='ocrx_word' id='word_1_441' title='bbox 1191 2058 1221 2085; x_wconf 80' lang='lat' dir='ltr'><strong>et</strong></span> <span class='ocrx_word' id='word_1_442' title='bbox 1247 2052 1429 2084; x_wconf 78' lang='lat' dir='ltr'><strong>cassatione</strong></span> <span class='ocrx_word' id='word_1_443' title='bbox 1454 2052 1562 2083; x_wconf 80' lang='lat' dir='ltr'><strong>nostra</strong></span> <span class='ocrx_word' id='word_1_444' title='bbox 1588 2060 1709 2093; x_wconf 86' lang='lat' dir='ltr'><strong>nequa-</strong></span> 
     </span>
     <span class='ocr_line' id='line_1_96' title="bbox 972 2102 1708 2151; baseline -0.007 -12"><span class='ocrx_word' id='word_1_445' title='bbox 972 2118 1066 2151; x_wconf 86' lang='lat' dir='ltr'><strong>quam</strong></span> <span class='ocrx_word' id='word_1_446' title='bbox 1094 2106 1259 2149; x_wconf 61' lang='lat' dir='ltr'><strong>indigere,</strong></span> <span class='ocrx_word' id='word_1_447' title='bbox 1287 2103 1513 2141; x_wconf 82' lang='lat' dir='ltr'><strong>nihilominus,</strong></span> <span class='ocrx_word' id='word_1_448' title='bbox 1534 2113 1574 2135; x_wconf 88' lang='lat' dir='ltr'><strong>ne</strong></span> <span class='ocrx_word' id='word_1_449' title='bbox 1592 2102 1624 2134; x_wconf 92' lang='lat' dir='ltr'><strong>in</strong></span> <span class='ocrx_word' id='word_1_450' title='bbox 1647 2109 1708 2134; x_wconf 86' lang='lat' dir='ltr'><strong>tam</strong></span> 
     </span>
     <span class='ocr_line' id='line_1_97' title="bbox 971 2157 1710 2204; baseline -0.009 -11"><span class='ocrx_word' id='word_1_451' title='bbox 971 2163 1082 2204; x_wconf 77' lang='lat' dir='ltr'><strong>aperta</strong></span> <span class='ocrx_word' id='word_1_452' title='bbox 1120 2159 1238 2191; x_wconf 89' lang='lat' dir='ltr'><strong>iurium</strong></span> <span class='ocrx_word' id='word_1_453' title='bbox 1275 2157 1571 2190; x_wconf 86' lang='lat' dir='ltr'><strong>ecclesiasticorum</strong></span> <span class='ocrx_word' id='word_1_454' title='bbox 1607 2165 1710 2197; x_wconf 89' lang='lat' dir='ltr'><strong>oppu-</strong></span> 
     </span>
     <span class='ocr_line' id='line_1_98' title="bbox 972 2209 1709 2255; baseline -0.008 -10"><span class='ocrx_word' id='word_1_455' title='bbox 972 2212 1127 2255; x_wconf 84' lang='lat' dir='ltr'><strong>gnatione</strong></span> <span class='ocrx_word' id='word_1_456' title='bbox 1154 2216 1344 2253; x_wconf 80' lang='lat' dir='ltr'><strong>torpescere</strong></span> <span class='ocrx_word' id='word_1_457' title='bbox 1371 2209 1555 2247; x_wconf 87' lang='lat' dir='ltr'><strong>videamur,</strong></span> <span class='ocrx_word' id='word_1_458' title='bbox 1582 2217 1618 2240; x_wconf 86' lang='lat' dir='ltr'><strong>ac</strong></span> <span class='ocrx_word' id='word_1_459' title='bbox 1641 2217 1709 2240; x_wconf 84' lang='lat' dir='ltr'><strong>mo·</strong></span> 
     </span>
     <span class='ocr_line' id='line_1_99' title="bbox 972 2259 1710 2305; baseline -0.008 -8"><span class='ocrx_word' id='word_1_460' title='bbox 972 2264 1103 2297; x_wconf 83' lang='lat' dir='ltr'><strong>nasterii</strong></span> <span class='ocrx_word' id='word_1_461' title='bbox 1141 2273 1196 2296; x_wconf 88' lang='lat' dir='ltr'><strong>seu</strong></span> <span class='ocrx_word' id='word_1_462' title='bbox 1236 2261 1405 2305; x_wconf 84' lang='lat' dir='ltr'><strong>hospitalis</strong></span> <span class='ocrx_word' id='word_1_463' title='bbox 1443 2260 1578 2303; x_wconf 87' lang='lat' dir='ltr'><strong>praefati</strong></span> <span class='ocrx_word' id='word_1_464' title='bbox 1619 2259 1710 2292; x_wconf 91' lang='lat' dir='ltr'><strong>inde-</strong></span> 
     </span>
     <span class='ocr_line' id='line_1_100' title="bbox 972 2314 1709 2358; baseline -0.007 -9"><span class='ocrx_word' id='word_1_465' title='bbox 972 2316 1097 2350; x_wconf 85' lang='lat' dir='ltr'><strong>mnitati</strong></span> <span class='ocrx_word' id='word_1_466' title='bbox 1124 2314 1323 2358; x_wconf 85' lang='lat' dir='ltr'><strong>peramplius</strong></span> <span class='ocrx_word' id='word_1_467' title='bbox 1348 2314 1517 2346; x_wconf 82' lang='lat' dir='ltr'><strong>consulere</strong></span> <span class='ocrx_word' id='word_1_468' title='bbox 1544 2314 1709 2351; x_wconf 85' lang='lat' dir='ltr'><strong>volenteS,</strong></span> 
     </span>
     <span class='ocr_line' id='line_1_101' title="bbox 973 2366 1708 2409; baseline -0.005 -7"><span class='ocrx_word' id='word_1_469' title='bbox 973 2379 1100 2402; x_wconf 83' lang='lat' dir='ltr'><strong>necnon</strong></span> <span class='ocrx_word' id='word_1_470' title='bbox 1127 2369 1269 2401; x_wconf 87' lang='lat' dir='ltr'><strong>omnium</strong></span> <span class='ocrx_word' id='word_1_471' title='bbox 1288 2372 1317 2399; x_wconf 88' lang='lat' dir='ltr'><strong>et</strong></span> <span class='ocrx_word' id='word_1_472' title='bbox 1335 2367 1548 2409; x_wconf 81' lang='lat' dir='ltr'><strong>singulorum,</strong></span> <span class='ocrx_word' id='word_1_473' title='bbox 1574 2375 1655 2409; x_wconf 89' lang='lat' dir='ltr'><strong>quae</strong></span> <span class='ocrx_word' id='word_1_474' title='bbox 1676 2366 1708 2398; x_wconf 89' lang='lat' dir='ltr'><strong>in</strong></span> 
     </span>
     <span class='ocr_line' id='line_1_102' title="bbox 973 2419 1709 2465; baseline -0.005 -11"><span class='ocrx_word' id='word_1_475' title='bbox 973 2421 1159 2465; x_wconf 78' lang='lat' dir='ltr'><strong>praemissis</strong></span> <span class='ocrx_word' id='word_1_476' title='bbox 1184 2431 1238 2453; x_wconf 86' lang='lat' dir='ltr'><strong>seu</strong></span> <span class='ocrx_word' id='word_1_477' title='bbox 1266 2431 1376 2453; x_wconf 84' lang='lat' dir='ltr'><strong>eorum</strong></span> <span class='ocrx_word' id='word_1_478' title='bbox 1402 2419 1571 2452; x_wconf 88' lang='lat' dir='ltr'><strong>occasione</strong></span> <span class='ocrx_word' id='word_1_479' title='bbox 1597 2419 1709 2462; x_wconf 88' lang='lat' dir='ltr'><strong>quovis</strong></span> 
     </span>
     <span class='ocr_line' id='line_1_103' title="bbox 972 2472 1710 2516; baseline -0.007 -9"><span class='ocrx_word' id='word_1_480' title='bbox 972 2475 1070 2507; x_wconf 89' lang='lat' dir='ltr'><strong>modo</strong></span> <span class='ocrx_word' id='word_1_481' title='bbox 1097 2478 1186 2516; x_wconf 84' lang='lat' dir='ltr'><strong>gesta</strong></span> <span class='ocrx_word' id='word_1_482' title='bbox 1223 2473 1364 2513; x_wconf 79' lang='lat' dir='ltr'><strong>suerunt,</strong></span> <span class='ocrx_word' id='word_1_483' title='bbox 1403 2472 1516 2511; x_wconf 83' lang='lat' dir='ltr'><strong>series,</strong></span> <span class='ocrx_word' id='word_1_484' title='bbox 1541 2482 1654 2505; x_wconf 82' lang='lat' dir='ltr'><strong>causas</strong></span> <span class='ocrx_word' id='word_1_485' title='bbox 1679 2477 1710 2504; x_wconf 80' lang='lat' dir='ltr'><strong>et,</strong></span> 
     </span>
     <span class='ocr_line' id='line_1_104' title="bbox 974 2525 1708 2568; baseline -0.003 -8"><span class='ocrx_word' id='word_1_486' title='bbox 974 2527 1242 2567; x_wconf 88' lang='lat' dir='ltr'><strong>circumstantias,</strong></span> <span class='ocrx_word' id='word_1_487' title='bbox 1262 2526 1357 2559; x_wconf 82' lang='lat' dir='ltr'><strong>etiam</strong></span> <span class='ocrx_word' id='word_1_488' title='bbox 1373 2530 1591 2568; x_wconf 78' lang='lat' dir='ltr'><strong>aggravantes,</strong></span> <span class='ocrx_word' id='word_1_489' title='bbox 1607 2525 1708 2558; x_wconf 85' lang='lat' dir='ltr'><strong>aliave</strong></span> 
     </span>
     <span class='ocr_line' id='line_1_105' title="bbox 1012 2587 1584 2624; baseline -0.005 -9"><span class='ocrx_word' id='word_1_490' title='bbox 1012 2591 1021 2615; x_wconf 87' lang='lat'><strong>1</strong></span> <span class='ocrx_word' id='word_1_491' title='bbox 1046 2588 1138 2624; x_wconf 81' lang='lat' dir='ltr'><strong>Aptius</strong></span> <span class='ocrx_word' id='word_1_492' title='bbox 1157 2587 1216 2624; x_wconf 78' lang='lat' dir='ltr'><strong>lege</strong></span> <span class='ocrx_word' id='word_1_493' title='bbox 1236 2587 1462 2623; x_wconf 71' lang='lat' dir='ltr'><strong>reeoqnicz&#39;onem</strong></span> <span class='ocrx_word' id='word_1_494' title='bbox 1485 2588 1519 2622; x_wconf 76' lang='lat' dir='ltr'><strong>(a.</strong></span> <span class='ocrx_word' id='word_1_495' title='bbox 1536 2587 1584 2620; x_wconf 65' lang='lat' dir='ltr'><strong>r).</strong></span> 
     </span>
    </p>
   </div>
  </div>
 </body>
</html>
