2170 3147
243 243 336 269 111111.
362 242 427 268 1728
474 234 538 266 ssas

263 2104 389 2125 (ἶι1111ψ1111111
404 2106 431 2125 111-

306 2138 310 2145 t

438 291 540 323 derit.
557 301 624 331 1105,
642 290 794 323 dominici
811 290 917 333 gregis
937 300 1031 323 curae
1049 294 1179 323 nostrae

438 344 571 377 caelitus
597 344 709 376 crediti
747 343 982 376 calamitatibus
1015 354 1049 375 ac
1076 348 1181 375 terro—

438 397 527 430 ribus
555 397 731 430 tenerrimo
764 401 918 439 paternae
945 396 1112 429 charitatis
1139 396 1181 428 as-

439 451 525 483 feetu
558 450 816 493 compatientes,
842 460 956 482 manus
991 455 1116 483 nostras
1142 449 1179 481 ad

437 503 537 536 Deum
574 503 669 537 totius
704 502 938 536 consolationis
970 502 1178 540 extollimus,

437 556 477 589 ab
493 558 612 600 illoque
627 557 660 589 in
675 557 890 589 amaritudine
906 556 1031 589 animae
1051 561 1180 588 nostrae

438 610 668 653 deprecamur,
684 620 724 643 ne
743 609 886 643 effundat
906 619 1003 653 super
1020 610 1179 653 populum

437 674 529 696 suum
551 663 812 706 indignationem
842 663 957 696 suroris
977 663 1034 702 5111,
1057 663 1111 696 sed
1130 673 1182 695 su-

437 717 617 760 perexaltet
634 716 857 750 misericordia
876 716 1041 754 iudicium,
1061 722 1109 756 et,
1127 717 1179 760 qui

438 769 615 812 longanimi
642 769 798 812 patientia
831 769 980 802 homines
1006 769 1044 802 ad
1071 769 1181 812 poeni-

440 822 572 855 tentiam
599 828 700 862 vocat,
727 823 779 855 det
807 822 853 855 eis
874 822 1036 865 benignus
1063 823 1182 854 saluta-

438 875 520 907 rium
547 876 760 918 lacrymarum
788 875 933 913 sontem,
963 885 1025 918 quo
1050 879 1181 917 peccata

439 938 494 961 sua
520 929 620 961 multa
646 934 677 961 et
702 928 810 971 gravia
835 929 985 967 abluant,
1014 929 1106 971 eique
1134 938 1182 960 re-

439 981 601 1014 conciliati
625 992 683 1025 per
699 982 780 1014 viam
799 982 1025 1014 mandatorum
1045 991 1179 1013 suorum

438 1034 619 1068 ambulent.
647 1035 714 1067 lloe
741 1035 839 1077 igitur
857 1034 1047 1078 acceptabili
1067 1033 1182 1066 ineun-

440 1087 477 1120 tis
495 1088 571 1120 anni
591 1093 745 1131 tempore,
765 1093 985 1131 expurgantes
1013 1091 1101 1120 vetus
1124 1088 1181 1119 101·-

438 1146 584 1173 mentum
604 1151 787 1184 novumque
806 1141 981 1174 induentes
1005 1140 1180 1178 hominem,

438 1194 611 1226 unanimes
628 1194 783 1227 adeamus
810 1204 881 1226 cum
900 1193 1015 1226 fiducia
1034 1194 1072 1226 ad
1093 1194 1182 1226 thro-

438 1258 513 1280 num
540 1248 680 1290 gratIae,
709 1258 744 1280 ac
778 1248 1082 1284 obsecrationibus,
1108 1247 1183 1279 10111-

438 1300 500 1332 11115
527 1306 558 1332 et.
583 1301 797 1344 eleemosynis
821 1301 959 1343 aliisque
986 1301 1047 1343 piis
1075 1301 1182 1343 operi-

440 1353 499 1385 bus
525 1354 665 1386 divinam
691 1354 771 1386 iram
806 1354 958 1386 asli-ersus
993 1364 1051 1386 nos
1077 1353 1183 1385 conci-

441 1413 536 1440 tatam
562 1408 689 1450 placare
710 1408 907 1447 studeamus,
926 1407 1182 1451 suppliciterque

440 1472 456 1493 a
483 1460 547 1493 Deo
575 1465 732 1503 petamus,
759 1466 793 1492 ut
818 1461 954 1503 flagella,
983 1460 1098 1503 quibus
1124 1471 1183 1493 nos

440 1513 575 1556 corripit
601 1524 636 1546 ac
663 1514 806 1546 deterret
831 1514 870 1546 ad
897 1514 1180 1553 emendationem,

441 1568 621 1599 clementer
640 1577 656 1599 a
682 1566 776 1599 nobis
804 1572 933 1607 avertat,
955 1574 985 1600 et
1010 1568 1064 1611 qui
1091 1567 1183 1600 easti-

441 1626 494 1663 gat
514 1630 572 1653 nos
598 1626 734 1663 propter
760 1621 882 1653 seelera
900 1626 1018 1660 nostra,
1040 1621 1106 1663 ipse
1126 1621 1183 1653 sal-

441 1678 493 1705 vet
518 1683 576 1706 nos
603 1683 663 1716 per
687 1672 945 1706 misericordiam
972 1684 1075 1706 suam.
1099 1674 1184 1707 llaec

441 1732 566 1767 autem,
603 1734 638 1758 ut,
675 1728 860 1760 ferventiori
896 1728 1029 1771 spiritus
1067 1728 1184 1761 ardore

440 1781 651 1824 uberiorique
679 1781 780 1813 fructu
798 1786 1006 1824 peragantur,
1026 1792 1061 1814 ex
1076 1782 1184 1824 prisco

442 1834 604 1867 Romanae
639 1834 798 1868 Ecclesiae
833 1835 976 1868 omnium
1010 1836 1120 1867 matris
1154 1841 1185 1868 et

442 1886 614 1929 magistrae
650 1897 761 1926 more,
795 1888 982 1921 caelestium
1017 1899 1184 1921 munerum

444 1940 628 1979 thesauros,
647 1950 784 1983 quorum
812 1941 1092 1985 dispensationem
1113 1941 1184 1974 fidei

443 1997 573 2025 nostrae
588 1993 749 2025 commisit
763 1994 869 2027 divina
884 1995 1039 2037 dignatio,
1058 1995 1185 2039 aperire

443 2051 473 2078 et
498 2046 587 2089 larga
612 2057 706 2079 manu
734 2057 868 2090 erogare
896 2048 1105 2080 decrevimus.

486 2099 500 2141 ξ
525 2099 556 2132 ’1.
585 2099 693 2143 ltaque
720 2101 759 2133 de
786 2101 1021 2144 ornnipotentis
1048 2101 1101 2133 Dei
1129 2101 1186 2133 mi-

410 2143 636 2203 fisericordizi,
663 2164 699 2185 ae
725 2153 890 2186 beatorum
919 2154 1003 2187 Petri
1035 2160 1066 2187 et
1098 2154 1184 2187 l‘auli

400 2207 667 2255 ¹:apostolorum
707 2207 775 2238 eius
816 2207 1009 2240 auctoritate
1048 2207 1184 2247 conlisi,

283 2243 315 2308 '5¹ss
354 2244 480 2310 ’ᾞῖιεῑκ
499 2259 553 2291 illa
573 2259 694 2301 ligandi
722 2265 816 2303 atque
844 2260 989 2293 solvendi
1018 2266 1185 2303 potestate,

446 2322 540 2354 quam
556 2312 649 2344 nobis
664 2313 830 2352 Dominus,
850 2314 924 2346 licet
941 2314 1094 2357 indiguis,
1113 2325 1188 2347 con-

448 2365 538 2403 tulit,
567 2365 722 2398 universis
741 2372 771 2398 et,
793 2367 929 2409 singulis
950 2368 1119 2412 utriusque
1140 2379 1187 2401 se-

447 2427 503 2448 xus
529 2418 797 2452 eliristisulelibus
817 2421 847 2452 iu
867 2422 951 2453 alm-¹⁴1
972 2421 1055 2454 lirhe
1078 2424 1186 2455 nostra

447 2469 650 2511 degentibus,
677 2472 729 2513 qui
752 2472 782 2504 S.
804 2473 933 2505 loannis
960 2474 991 2506 111
1013 2474 1186 2511 Laterano,

447 2523 591 2555 eiusdem
608 2523 764 2566 Principis
784 2527 802 2557 Α
812 2528 1065 2567 postoloi·um,et
1083 2528 1113 2560 S.
1128 2529 1188 2560 Ma-

448 2575 513 2606 riae
535 2575 659 2607 Maioris
683 2577 837 2609 111-01051115
863 2590 919 2611 seu
946 2581 1096 2613 basilicas
1112 2607 1118 2620 ,
1137 2582 1186 2613 vel

449 2638 556 2660 earum
570 2629 994 2671 aliquam,intra‹lewursutn
1014 2633 1186 2676 proximae,

1021 240 1204 264 ammanium
1229 240 1386 265 nottatvuu

1222 300 1304 332 quae
1315 289 1385 323 erit¹
1398 289 1501 333 prima
1514 289 1632 323 mensis
1647 289 1780 323 ianuarii
1795 288 1965 331 currentis,

1223 344 1269 375 vel
1282 343 1468 376 immediate
1487 343 1715 387 subsequentis
1730 342 1965 382 hebdomadae,

1223 397 1338 430 saltem
1373 398 1473 429 semel
1511 396 1735 435 visitaverint,
1767 396 1878 439 ibique
1903 405 1963 439 per

1223 449 1355 493 aliquod
1384 450 1537 493 temporis
1557 450 1695 493 spatium
1716 449 1840 487 devote,
1864 454 1897 480 ut
1915 458 1967 480 su-

1224 513 1291 545 pra,
1310 503 1410 535 Deum
1430 503 1614 543 oraverint,
1635 514 1670 536 ae
1691 504 1804 546 quarta
1826 507 1858 535 et
1876 502 1966 535 sexta

1225 556 1304 588 seria
1336 567 1371 589 ae
1408 556 1542 590 sabbato
1577 556 1707 589 alterius
1743 567 1778 589 ex
1813 556 1967 599 praefatis

1225 610 1440 643 hebdomadis
1456 609 1686 649 ieiunaverint‚
1703 615 1743 649 et,
1762 614 1897 653 peecata
1911 620 1967 643 sua

1224 663 1376 702 confessi,
1399 661 1637 695 sanctissimum
1663 661 1889 696 Eucharistiae
1919 672 1967 695 sa-

1224 720 1423 748 cramentum
1454 715 1485 747 in
1513 715 1674 748 dominica
1699 715 1750 748 die
1777 715 1966 748 immediate

1224 768 1375 812 sequenti
1386 768 1436 800 vel
1449 768 1510 801 alia
1522 768 1572 801 die
1587 768 1672 801 intra
1684 769 1832 802 eamdem
1845 768 1968 802 hebdo-

1225 822 1351 854 madam
1379 827 1566 854 reverenter
1591 821 1808 865 sumpserint,
1836 817 1872 855 at:
1894 832 1967 865 pau·

1225 875 1358 917 peribus
1395 874 1536 917 aliquam
1575 876 1830 919 eleemosynam,
1868 880 1967 918 proutv

1225 928 1400 972 uuicuique
1419 934 1573 971 suggeret
1589 929 1727 968 devotio,
1747 929 1965 972 erogaverint:

1224 981 1338 1014 ceteris
1355 992 1431 1015 vero
1459 982 1490 1014 in
1516 982 1666 1015 universa
1692 982 1781 1016 ltalia
1800 987 1831 1016 et
1851 982 1967 1015 insulis

1224 1034 1270 1067 illi
1298 1034 1520 1068 adiacentibus
1547 1036 1751 1079 degentibus,
1782 1035 1836 1079 qui
1863 1036 1968 1068 eecle-

1224 1089 1305 1128 sias,
1333 1089 1370 1121 ab
1397 1088 1580 1122 Ordinariis
1607 1090 1750 1122 locorum
1775 1090 1825 1122 vel
1857 1099 1967 1122 00111111

1224 1141 1361 1179 vicariis,
1391 1152 1447 1173 seu
1475 1142 1687 1182 officialibus,
1713 1148 1766 1175 aut
1792 1142 1829 1176 de
1856 1153 1966 1175 eorum

1225 1196 1390 1233 mandato,
1408 1201 1446 1233 et,
1471 1196 1548 1238 ipsis
1568 1196 1809 1236 deficientibus,
1831 1207 1891 1240 per
1913 1206 1968 1228 eos

1225 1248 1278 1290 qui
1304 1248 1347 1279 ilii
1371 1258 1478 1280 euram
1499 1249 1675 1281 animarum
1694 1254 1858 1288 exercent,
1880 1254 1968 1293 post-

1226 1313 1321 1345 quam
1350 1302 1387 1333 ad
1414 1312 1526 1334 eorum
1564 1303 1711 1335 notitiam
1742 1303 1803 1335 liae
1835 1308 1967 1336 nostrae

1226 1357 1452 1398 pervenerint,
1481 1356 1713 1397 desigmuulas,
1741 1358 1789 1389 vel
1818 1357 1969 1390 ecclesia-

1227 1419 1295 1441 rum
1325 1409 1506 1441 liuiusmodi
1533 1410 1681 1452 aliquam,
1703 1410 1809 1453 spatio
1832 1410 1966 1443 duarum

1227 1462 1378 1495 similiter
1404 1463 1680 1495 belulomadarum
1708 1474 1724 1495 a
1750 1463 1968 1506 publicatione

1227 1515 1394 1557 designata
1421 1526 1480 1559 per
1500 1515 1689 1548 Ordinarios
1717 1517 1764 1548 vel
1791 1526 1902 1548 eorum
1925 1515 1970 1548 vi·

1227 1568 1331 1601 earios
1358 1579 1413 1601 seu
1448 1569 1602 1602 officiales
1637 1571 1685 1602 vel
1712 1569 1792 1602 alios
1820 1575 1854 1602 ut
1878 1579 1970 1612 prae-

1228 1624 1328 1654 l'ertur
1355 1622 1520 1655 l'a‹:icnda²
1554 1623 1825 1662 decursurarum,
1853 1623 1967 1655 saltem

1228 1676 1325 1709 semel
1352 1676 1559 1716 visitaverint,
1582 1676 1691 1720 ibique
1714 1682 1748 1708 ut
1773 1686 1869 1720 snpra
1896 1687 1968 1710 ora-

1228 1729 1347 1768 verint,
1367 1739 1401 1761 ae
1428 1731 1541 1772 quarta
1567 1735 1597 1762 et
1622 1731 1710 1762 sexta
1735 1729 1811 1762 seria
1838 1741 1873 1762 ae
1898 1729 1970 1763 sab-

1228 1782 1303 1814 bato
1330 1782 1461 1814 alterius
1482 1792 1517 1814 ev
1546 1782 1759 1815 hebdomadis
1780 1782 1968 1816 huiusmodi

1230 1835 1456 1875 ieiunaverint,
1471 1835 1657 1878 pariterque
1676 1840 1808 1878 peecata
1825 1845 1881 1868 sua
1899 1846 1970 1869 con·

1232 1888 1318 1928 l'essi,
1342 1898 1376 1920 ae
1397 1888 1428 1920 in
1456 1888 1506 1921 die
1533 1888 1694 1921 (lominica
1721 1889 1905 1922 immediate
1924 1900 1971 1923 se-

1230 1941 1352 1984 quenti,
1378 1942 1426 1973 vel
1453 1941 1515 1974 alia
1541 1942 1591 1974 1110
1618 1942 1699 1974 intra
1726 1943 1871 1975 eamdem
1894 1943 1972 1976 heb-

1231 1995 1412 2033 domadam,
1439 1995 1639 2028 sanctissima
1666 1996 1896 2029 communione
1919 2007 1970 2030 re-

1231 2048 1301 2081 secti
1318 2048 1446 2087 suerint,
1468 2054 1496 2081 et
1516 2049 1716 2092 palmeriluts
1731 2050 1869 2093 aliquam
1890 2051 1972 2083 elee—

1231 2112 1394 2145 mosynam
1431 2107 1462 2133 ut
1497 2102 1715 2144 praemittitur
1741 2104 1968 2146 erogaverint,

1231 2155 1453 2198 plenissimam
1481 2155 1627 2187 omnium
1663 2161 1866 2199 peecatorum
1899 2167 1972 2190 suo-

1232 2220 1301 2241 rum
1322 2209 1560 2251 indulgentiam
1581 2214 1609 2241 et
1634 2209 1870 2250 remissionem,
1890 2210 1973 2244 sicut

1232 2263 1262 2294 iu
1289 2273 1372 2295 anuo
1399 2262 1531 2295 iubilaei
1563 2262 1768 2296 visitantibus
1794 2269 1899 2296 certas
1925 2274 1972 2297 ec-

1232 2316 1346 2349 clesias
1368 2315 1451 2348 intra
1470 2321 1502 2348 et
1523 2321 1611 2349 extra
1637 2316 1753 2350 Urbem
1775 2316 1971 2361 praedictam

1232 2369 1367 2402 concedi
1395 2370 1586 2409 consuevit,
1615 2375 1727 2403 tenore
1753 2371 1971 2414 praesentium

1231 2422 1439 2455 concedimus
1465 2428 1495 2455 et
1521 2423 1709 2465 elargimur.

1275 2475 1289 2515 ξ
1314 2475 1344 2507 02.
1374 2474 1564 2517 Navigantes
1592 2486 1666 2508 vero
1693 2481 1725 2509 et
1756 2476 1818 2508 iter
1843 2481 1972 2519 agentes

1232 2533 1265 2559 ut
1292 2538 1362 2560 eum
1389 2528 1528 2571 primum
1565 2529 1603 2560 ad
1630 2539 1685 2561 sua
1711 2539 1781 2561 sese
1808 2528 1971 2562 domicilia

1272 2599 1278 2624 1
1305 2597 1373 2624 Edu.
1396 2598 1478 2624 Maia.
1501 2598 1565 2633 legit
1586 2601 1700 2633 ers1!(n.
1717 2600 1764 2631 T.).

1268 2643 1282 2667 ζ)
1304 2642 1372 2668 Edit.
1397 2642 1475 2669 Maiu.
1498 2643 1562 2677 legit
1580 2644 1732 2677 faciendae
1748 2646 1785 2678 (11.
1803 2644 1851 2678 T.).

1979 242 2029 268 An.
2044 242 2071 268 C.
2094 242 2155 270 ¹728

2011 2482 2050 2502 Pro
2066 2481 2162 2507 nauigan-

1983 2509 2039 2528 tituta
2055 2511 2073 2528 el
2091 2509 2128 2528 iter
2141 2513 2160 2527 a·

1984 2536 2089 2557 uentibun
