2170 3147
2 239 49 266 An.
65 237 94 265 C.
116 236 184 266 ¹726

236 284 381 326 conqruot
410 284 559 326 portione
595 288 751 316 rectorum
785 289 813 316 et
842 284 927 316 vica-

235 336 360 369 riorum
380 334 399 369 '.

379 398 557 425 Benedictus
577 397 746 431 episcopus,

385 448 492 468 servus
507 448 660 468 servorum
678 440 741 472 Dei,

310 486 345 512 ad
366 489 540 519 perpetuam
562 485 606 511 rei
627 484 805 510 ms·m0riam.

39 559 152 582 Exordium
167 565 180 580 ὃ
237 539 410 572 Pastoralis
437 543 548 570 nostra
574 536 760 570 sollicitudo
781 535 879 578 exigit
897 541 931 569 ut

0 588 223 625 tulr⁵⁴³¹¹³¹¹¹³¹¹¹¹¹¹³in
250 592 311 625 hoc
344 591 519 634 praecipue
550 590 760 628 excubemus,
788 599 826 621 ne
854 599 929 621 cura

191 645 368 676 animarum
381 643 412 675 in
423 642 568 675 ecclesiis
577 641 822 685 parochialibus
834 641 928 673 huius

191 698 295 730 almae
320 695 413 729 Urbis
439 700 469 727 et
494 701 583 727 extra
604 694 671 727 eius
689 694 837 737 pomeria
855 704 929 726 con-

190 749 311 782 stitutis
349 749 499 790 neglecta
525 752 556 779 et
579 747 723 789 collapsa
755 751 929 789 propterea

190 800 364 840 concidat,
392 799 478 843 quod
516 800 704 832 earumdem
748 799 928 831 rectoribus

189 863 332 896 congrua
368 852 556 885 sustentatio
583 852 688 892 desit,
717 851 787 884 sine
812 851 928 895 quibus

189 916 300 939 eorum
338 904 502 938 officium²
526 914 592 937 non
625 914 663 936 eo
696 914 759 946 quo
793 914 851 946 par
882 909 929 935 est

189 959 260 992 zelo
286 963 318 991 et
341 959 465 1002 pietate
492 968 657 997 exercere,
676 957 845 1000 ipsamque
864 956 915 989 ani

189 1021 314 1044 marum
340 1012 475 1043 salutem
505 1020 658 1052 magnum
684 1009 857 1042 discrimen
883 1009 929 1041 in-

190 1073 344 1102 currere,
371 1064 469 1104 longa
495 1061 695 1105 experientia
720 1061 903 1093 didicimus.

22 1137 53 1160 Ab
68 1137 179 1160 „mmm
234 1115 248 1159 ἓ
273 1115 302 1148 1.
329 1115 524 1148 Antecessor
550 1113 680 1157 quidem
711 1118 824 1146 noster
855 1113 928 1147 Pius

0 1164 88 1186 ΨΜ·
105 1164 247 1200 *³‘³³⁶PP.
264 1167 298 1208 V,
317 1172 351 1199 ut
375 1166 575 1200 sacrosancti
593 1164 728 1198 Concilii
747 1165 926 1198 Tridentini

0 1189 131 1218 parochiales
145 1195 180 1211 ec-

0 1216 320 1267 iiss³0³f'ttl'r¹nme³x¹3decreta
353 1218 386 1252 in
417 1230 513 1252 usum
546 1218 734 1258 induceret,
760 1218 863 1250 varias
894 1218 927 1250 in

0 1271 286 1322 lfggfflfflflssg’g'ghuius
312 1272 415 1304 almae
446 1270 540 1304 Urbis
576 1271 724 1304 ecclesiis
753 1276 927 1314 perpetuas

0 1321 178 1343 ⁵³⁸¹³¹¹¹¹³⁹‘“⁸¹0·
188 1325 323 1357 vicarias
356 1325 511 1357 actualem
536 1324 717 1356 animarum
739 1334 848 1357 curam
870 1325 927 1357 ha-

186 1379 318 1418 beatos,
343 1380 488 1420 congrua
513 1383 544 1410 et
568 1378 738 1410 sufficienti
773 1377 925 1420 portione

187 1431 364 1474 adsignata,
389 1431 525 1474 provide
546 1431 697 1463 instituit.
718 1431 777 1463 Alii
796 1441 925 1474 quoque

186 1485 289 1518 seticis
314 1484 551 1517 recordationis
577 1490 798 1517 antecessores
822 1485 924 1517 nostri

186 1540 336 1573 Urbanus
370 1539 433 1571 x'nt
466 1544 497 1571 et
529 1538 678 1571 Clemens
705 1539 743 1571 XI
769 1540 924 1582 quasdam

187 1593 392 1638 parochiales
426 1593 579 1626 ecclesias
613 1598 644 1625 et
676 1593 810 1626 vicarias
836 1599 924 1626 extra

187 1648 333 1692 pomeria
372 1646 464 1679 Urbis
505 1653 702 1688 erexerunt,
735 1653 769 1680 ut
807 1647 923 1680 incolis

187 1701 384 1736 suburbanis
408 1701 527 1733 auxilia
552 1701 744 1744 spiritualia,
774 1711 924 1744 quacum-

187 1765 250 1798 que
278 1753 449 1787 occasione
464 1770 473 1793 ‚·
496 1758 558 1786 tam
586 1754 616 1785 in
644 1754 811 1786 doctrinae
838 1754 924 1785 chri-

184 1808 311 1841 stianae
336 1807 531 1840 rudimentis
549 1807 609 1839 rite
628 1807 807 1850 explicatis,
827 1818 922 1850 quam

185 1859 218 1893 in
244 1859 300 1892 Dei
325 1859 425 1892 verbo
458 1859 546 1892 sestis
585 1859 698 1892 diebus
732 1870 767 1892 ex
795 1870 851 1892 ore
876 1870 923 1892 sa-

185 1923 314 1946 crorum
325 1913 489 1946 Ecclesiae
507 1913 730 1946 ministrorum
749 1913 922 1953 audiendo,

185 1967 286 2010 inque
321 1966 442 1999 Christi
478 1966 605 1999 Domini
641 1967 849 1999 sacramentis
886 1978 921 1999 cr

186 2020 377 2053 eorumdem
403 2029 498 2052 manu
525 2019 745 2063 recipiendis,
774 2025 923 2063 prompte

186 2077 411 2116 suppeterent.

14 2136 177 2159 lummenvo-
230 2127 246 2169 ἓ
270 2125 302 2158 2.
329 2124 558 2164 Nihilominus,
582 2125 770 2168 priusquam
798 2126 836 2158 ad
862 2125 924 2158 eri-

0 2166 178 2243 Ξέξιζεέἶζὲἶὲἕᾏ
187 2179 309 2223 gendas
335 2189 434 2211 novas
453 2178 658 2221 parochiales
680 2178 833 2211 ecclesias
851 2189 924 2222 pro-

52 2225 63 2237 ε

0 2243 91 2268 pomona
136 2233 360 2272 rruicedamus‚
395 2231 427 2264 in
464 2237 624 2264 maturum
658 2242 790 2264 examen
817 2232 923 2264 vocari

0 2269 136 2293 mamm*
187 2284 411 2325 decrevimus,
446 2295 484 2317 an
519 2295 630 2318 revera
654 2285 840 2318 huiusmodi
875 2295 925 2318 re-

223 2393 234 2418 1
257 2391 315 2418 Atta
333 2390 414 2417 huius
434 2389 574 2417 Pontificis
603 2393 688 2417 const.
711 2390 754 2417 ed.
775 2396 923 2423 unccxxtv,

186 2436 231 2464 die
249 2443 277 2464 Vt
296 2436 472 2472 septembris,
503 2435 599 2471 pontif.
620 2442 643 2468 1,
669 2436 855 2462 confirmatum
876 2435 926 2462 suit

186 2480 304 2508 edictum
323 2480 476 2507 Innocentii
495 2479 540 2506 Xll
561 2479 595 2506 de
615 2478 814 2514 parochialibus
837 2479 925 2506 eccle-

185 2524 232 2552 siis
253 2525 413 2559 pensionum
433 2531 517 2552 onere
536 2531 593 2550 non
612 2523 764 2558 gravandis.

220 2568 238 2595 2
252 2568 366 2595 Videtur
380 2567 524 2603 legendum
540 2568 604 2595 sine
625 2575 682 2602 qua
701 2574 747 2595 eos
767 2575 867 2594 eorum
886 2567 925 2602 of-

185 2612 281 2647 ficium
301 2613 404 2648 (mn).

298 2667 376 2696 Bull.
391 2666 476 2696 Rom.
490 2682 523 2687 -
542 2665 603 2694 Vol.
623 2665 712 2693 XXII.
859 2666 891 2693 48

771 237 964 260 BEhEchTus
990 237 1046 260 Xlll
1069 237 1117 260 PP-

976 289 1083 317 ctores
1115 288 1147 316 et
1180 283 1311 321 vicarii,
1347 281 1447 320 olim,
1482 286 1516 314 ut
1549 281 1710 320 diximus,

975 335 1130 375 instituti,
1156 336 1300 377 congrua
1326 341 1357 367 et
1390 334 1559 367 sufficienti
1591 339 1712 366 susten-

977 388 1096 420 tatione
1130 388 1329 427 sruerontur;
1356 387 1447 431 sique
1478 387 1524 419 eis
1550 398 1651 430 aequa
1682 391 1713 419 ct,

975 450 1118 482 congrua
1154 441 1301 473 eiusdem
1337 440 1496 483 portionis
1528 440 1711 481 adsignatio

975 492 1124 531 deesset,
1161 504 1300 536 quonam
1339 499 1432 535 pacto
1469 493 1515 525 eis
1549 492 1710 534 designari

974 551 1093 587 posset.
1123 545 1167 578 Ad
1196 546 1278 578 hanc
1303 556 1372 578 rem
1391 546 1518 589 penitus
1543 547 1712 588 exploran-

973 598 1044 630 dam
1070 597 1101 630 S.
1129 597 1165 630 R.
1193 597 1226 630 E.
1255 598 1466 632 cardinalium
1493 603 1523 631 et
1548 599 1710 640 praelato-

974 660 1043 682 rum
1070 650 1363 692 Congregationcm
1391 651 1573 684 habendam
1596 650 1712 682 indixi-

973 712 1064 742 mus,
1102 713 1241 745 quorum
1278 702 1430 745 suffragia
1467 709 1498 735 ct
1533 702 1629 735 simul
1660 713 1711 734 ex-

973 754 1169 797 positionem
1198 755 1259 787 hac
1287 755 1326 787 de
1355 766 1389 787 re
1418 754 1533 788 litteris
1560 755 1710 787 traditam

974 817 1033 849 per
1058 817 1155 839 unum
1183 818 1217 840 ex
1245 807 1410 850 praelatis,
1436 807 1488 850 qui
1507 807 1612 840 eidem
1631 807 1712 840 Con-

974 859 1157 901 gregationi
1183 860 1244 892 suit
1268 871 1284 893 a
1310 860 1458 898 secretis,
1484 865 1606 892 attente
1628 870 1708 892 con-

973 912 1198 945 sideravimus.
1226 912 1331 951 Quare
1359 913 1513 945 uniformi
1546 911 1712 954 suffragio-

974 975 1044 997 rum
1070 969 1102 997 et
1127 965 1365 998 sententiarum
1391 971 1505 997 tenore
1540 969 1710 1008 percepto,

973 1017 1180 1061 consilioque
1202 1023 1233 1052 et
1257 1018 1495 1061 approbatione
1516 1018 1613 1051 totius
1631 1017 1712 1051 Con·

973 1070 1173 1111 gregatiOnis
1206 1071 1310 1113 probe
1342 1070 1536 1111 intellectis,
1567 1070 1597 1102 in
1627 1070 1711 1102 hanc

973 1122 1276 1156 determinationem
1304 1123 1507 1163 devenimus,
1536 1127 1588 1155 ut:

1016 1174 1123 1208 Primo
1148 1176 1220 1208 loco
1239 1175 1512 1219 subsequentibus
1533 1174 1658 1207 vicariis
1681 1179 1712 1208 ct

971 1227 1216 1270 parochialibus
1236 1228 1383 1261 ecclesiis
1402 1238 1566 1270 congruas
1590 1227 1712 1270 portio-

972 1289 1027 1312 nes
1051 1290 1113 1312 non
1134 1291 1204 1313 esse
1230 1281 1450 1323 adsignandas
1474 1280 1710 1320 indicaremus,

972 1333 1046 1375 quia
1084 1333 1282 1366 sufficienter
1322 1335 1448 1367 dotatae
1487 1334 1707 1377 reperiuntur.

970 1385 1051 1418 Sunt
1072 1396 1165 1419 vero:
1201 1397 1222 1419 1.
1250 1388 1284 1420 B.
1314 1388 1427 1430 Angeli
1458 1389 1495 1421 ad
1526 1388 1707 1428 Fornaces3

970 1448 1003 1471 11.
1020 1439 1055 1471 B.
1075 1439 1201 1472 Lazari:
1228 1441 1288 1473 liae
1315 1441 1396 1473 duae
1423 1441 1559 1474 vicariae
1585 1452 1602 1473 a
1626 1441 1709 1473 hasi-

970 1491 1031 1524 lica
1044 1492 1197 1525 Vaticana
1215 1494 1456 1536 dependentes:
1476 1504 1524 1527 111.
1541 1494 1709 1536 parocbia-

969 1544 1007 1577 lis
1022 1545 1159 1577 ecclesia
1174 1546 1343 1578 beatorum
1359 1546 1520 1579 Laurentii
1538 1552 1569 1579 et
1587 1546 1708 1580 Urbani

969 1599 1007 1631 ad
1034 1599 1169 1642 primam
1207 1599 1301 1632 Urbis
1338 1605 1484 1643 portam,
1520 1610 1561 1633 tv.
1591 1600 1710 1632 vicaria

969 1652 1003 1684 B.
1031 1652 1145 1685 Mariae
1180 1653 1218 1685 ad
1254 1653 1373 1695 Magos,
1406 1664 1489 1697 quae
1522 1664 1539 1686 a
1572 1654 1710 1686 basilica

968 1705 1176 1738 Lateranensi
1196 1706 1375 1748 dependet;
1396 1717 1425 1739 v.
1442 1707 1640 1749 parochialis
1660 1718 1710 1739 ec-

968 1758 1066 1790 clesia
1091 1758 1125 1792 B.
1152 1758 1333 1791 Sebastiani
1371 1764 1460 1792 extra
1493 1765 1617 1802 portam
1652 1759 1709 1792 Ca-

968 1821 1105 1853 penam,
1145 1822 1181 1843 ex
1219 1811 1352 1844 basilica
1388 1812 1600 1844 Lateranensi
1630 1812 1707 1845 olim

969 1864 1211 1896 dismembrata.

1011 1916 1158 1949 Secundo
1191 1917 1265 1949 loco
1302 1917 1475 1949 statuimus
1500 1922 1532 1950 et
1566 1917 1708 1951 declara-

968 1981 1062 2010 mus,
1098 1971 1220 2003 nullam
1258 1981 1438 2013 congruam
1472 1970 1707 2013 adsignandam

967 2022 1147 2066 parochiali
1182 2023 1338 2055 ccclesiae
1375 2023 1525 2056 basilicae
1558 2023 1589 2056 S.
1619 2023 1707 2057 Pauli

968 2075 999 2107 in
1030 2075 1078 2107 via
1102 2075 1239 2108 Ostiensi
1271 2075 1348 2108 olim
1379 2075 1630 2109 dismembratae
1669 2087 1705 2109 ex

968 2128 1116 2161 diaconia
1135 2128 1168 2160 B.
1193 2128 1310 2161 Mariae
1337 2128 1367 2160 in
1388 2128 1578 2168 Cosmedin3
1607 2128 1707 2171 siqui-

969 2182 1041 2215 dem
1062 2182 1257 2214 coenobium
1277 2182 1513 2214 monachorum
1538 2181 1707 2215 Cassiuen-

969 2235 1066 2274 sium,
1092 2235 1130 2267 ad
1157 2245 1239 2278 quos
1265 2235 1378 2267 eadem
1404 2235 1540 2268 basilica
1565 2234 1596 2268 S.
1618 2235 1706 2268 Pauli

969 2288 1125 2331 pertinet,
1152 2287 1298 2320 redditus
1326 2293 1357 2320 et
1389 2288 1604 2321 sufficientem
1631 2299 1708 2332 por-

969 2341 1090 2373 tionem
1122 2340 1240 2381 habet;
1275 2351 1374 2384 quare
1407 2341 1484 2373 huic
1519 2341 1608 2374 nulla
1632 2351 1707 2374 con·

969 2404 1048 2436 grua
1073 2393 1183 2436 portio
1216 2394 1378 2434 debetur,
1410 2394 1583 2437 parimodo
1614 2405 1707 2438 paro-

968 2446 1065 2479 chiali
1091 2446 1249 2480 ecclesiae
1284 2447 1318 2479 B.
1353 2447 1516 2480 Laurentii
1554 2447 1585 2480 in
1619 2448 1706 2490 Agro

969 2500 1104 2539 Verano,
1121 2510 1215 2543 quam
1233 2505 1351 2542 regunt
1375 2500 1519 2534 canonici
1539 2502 1706 2543 regulares

968 2553 1020 2586 SS.
1036 2552 1228 2593 Salvatoris,
1246 2554 1369 2586 nullam
1388 2564 1565 2596 congruam
1582 2554 1707 2597 portio-

969 2617 1043 2641 nem
1069 2606 1304 2650 adsignandam
1331 2617 1400 2641 esse
1426 2607 1646 2642 decernimus.

1609 224 1673 258 377
1719 234 1766 260 An.
1789 233 1818 259 u.
1841 231 1908 259 1726
