2170 3147
0 233 23 251 n.
39 224 66 249 C.
90 221 154 248 1728

0 1020 40 1040 ulos
61 1019 158 1040 italis-nita

0 1052 85 1072 unitur-p
97 1052 120 1067 κ.

0 1867 93 1890 ‚xpusilm
110 1864 165 1885 [usti.

751 217 943 239 {ztiNtttutfi'tt'ss

165 280 218 302 seu
255 267 395 300 antistite
434 267 539 298 velum
576 276 702 298 sacrum
736 265 904 307 suscipere

165 326 195 354 et
218 318 365 353 benedici
384 322 415 351 et
433 317 619 351 consecrari
647 317 831 359 contigerit,
852 316 904 349 die

165 383 274 406 earum
298 370 480 409 velationis,
507 369 746 403 benedictionis
772 374 803 401 et
828 379 905 401 con-

165 424 352 459 secrationis
377 424 615 467 praefatarum,
642 422 666 453 si
693 432 766 454 vere
793 422 904 464 poeni-

167 482 268 511 tentes
304 482 335 510 et
372 476 540 509 confessae
576 473 812 507 sanctissimum
846 473 904 506 Eu-

166 530 341 564 charistiae
366 533 602 562 sacramentum
629 527 841 569 sumpserint,
869 538 904 559 ac

167 594 224 627 pro
249 582 498 616 christianorum
517 580 697 624 principum
716 579 903 619 concordia,

168 637 339 669 haeresum
356 635 578 678 extirpatione,
594 644 628 666 ac
646 639 776 666 sanctae
792 632 905 665 matri:

167 689 329 722 Ecclesiae
340 687 534 721 exaltatione
549 687 617 729 pias
631 686 668 719 ad
679 687 777 718 Deum
790 695 882 728 prcrr
893 704 905 717 s

167 740 354 781 effuderint,
382 740 562 784 plenariam
588 738 736 771 similiter
762 738 905 771 omnium

168 799 375 837 peecatorum
400 803 532 826 suorum
559 791 792 834 indulgentiam
812 797 842 824 et
860 801 906 823 re-

168 846 351 880 missionem
368 846 622 879 misericorditer
636 845 667 877 in
683 844 818 877 Domino
833 854 907 877 con-

168 900 322 933 cedimus.
349 899 580 932 Praesentibus
598 898 765 941 perpetuis
792 898 906 930 futuris

170 952 370 995 temporibus
396 951 552 985 valituris.

213 1005 227 1048 ξ
259 1004 290 1037 ⁶2.
324 1005 476 1037 Volumus
513 1009 619 1037 autem
658 1009 692 1035 ut
722 1004 908 1036 carumdem

170 1057 388 1100 praesentium
402 1057 581 1090 litterarum
599 1056 818 1099 transumptis,
837 1054 907 1089 etc-¹.

213 1110 326 1144 Datum
338 1110 473 1150 Romae,
486 1110 571 1153 apud
582 1110 613 1142 S.
631 1109 773 1149 Petrum,
787 1109 846 1141 sub
858 1120 909 1141 an-

170 1165 249 1197 nulo
264 1163 451 1204 piscatoris,
471 1163 523 1196 die
541 1173 568 1196 vi
584 1163 694 1206 aprilis
710 1172 908 1203 mcccxxviil,

170 1216 383 1261 pontificatus
403 1217 507 1250 nostri
525 1227 612 1249 anno
630 1227 671 1250 iv.

206 1279 264 1306 Dat.
286 1279 329 1306 (lie
350 1279 366 1306 6
386 1279 479 1314 aprilis
503 1279 579 1312 1728,
602 1279 701 1313 pontif.
727 1287 797 1305 auno
820 1287 853 1304 tv.

482 1420 594 1453 CCXX.

173 1501 366 1534 Conceditur
399 1502 558 1544 praefecto
593 1501 741 1544 yenerali
779 1500 913 1534 Ordinis

216 1554 533 1586 Bethleltemitarum
561 1554 597 1585 in
627 1553 735 1586 Insle'is
762 1552 914 1586 Occiden-

218 1607 336 1640 talibus
352 1608 405 1639 ius
422 1606 619 1639 convocandi
632 1607 753 1638 vocales
767 1606 809 1638 ad
829 1607 914 1649 capi-

219 1659 320 1693 tulum
336 1659 497 1703 ymerum,
518 1663 545 1691 et
563 1660 598 1691 in
616 1669 648 1691 eo
667 1658 911 1701 praesidendi?

350 1739 531 1766 Benedictus
553 1739 633 1773 Papa
652 1739 738 1772 XIII,

315 1783 352 1810 ad
371 1783 506 1810 futuram
525 1782 571 1810 rei
591 1783 774 1810 memoriam.

221 1854 236 1897 ἓ
258 1854 288 1886 l.
305 1853 396 1893 Cum,
419 1853 503 1886 sicut
523 1852 631 1886 dilecti
652 1851 707 1885 filii
727 1852 916 1886 definitores

179 1906 348 1948 generales
376 1905 505 1938 Ordinis
537 1905 851 1939 Betlileliemitarum
884 1906 914 1938 in

181 1958 277 1991 indiis
294 1957 551 1991 Occidentalibus
567 1958 660 1990 nobis
678 1968 782 2000 nuper
798 1959 915 2000 exponi

182 2011 339 2050 fecerunt,
356 2009 386 2041 in
401 2009 684 2042 constitutionibus
700 2009 847 2042 eiusdem
862 2010 918 2042 Or-

182 2063 279 2103 dinis,
306 2061 495 2095 auctoritate
512 2062 690 2104 apostolica
707 2062 896 2106 approbatis
908 2089 916 2104 ‚

184 2115 270 2148 nulla
295 2124 445 2158 expressa
470 2114 592 2147 mentio
613 2114 668 2147 fiat
701 2115 789 2158 quod
826 2126 917 2158 prae-

185 2170 284 2201 fectus
300 2166 458 2210 generalis
475 2166 603 2203 Ordinis
617 2167 799 2200 huiusmodi
819 2168 917 2201 facul-

186 2226 281 2254 tatem
299 2220 495 2254 convocandi
511 2220 648 2262 capitula
662 2221 827 2263 generalia
840 2227 868 2254 οι
887 2221 917 2253 in

184 2275 230 2307 eis
254 2273 461 2318 praesidendi
479 2273 617 2314 habeat3
641 2285 675 2307 ae
697 2275 833 2317 proinde
859 2275 918 2318 ipsi

222 2337 230 2361 1
254 2335 287 2362 Ut
305 2343 387 2370 supra
407 2342 467 2369 pag.
491 2334 523 2361 72
542 2343 560 2361 α
580 2335 619 2370 (u.
640 2336 690 2370 ⁷12).

218 2379 234 2405 ⁹3
254 2379 314 2405 aaa
332 2378 415 2404 tuitus
435 2377 575 2405 PontificiS
595 2382 679 2405 const.
701 2379 744 2405 ed.
767 2385 917 2414 xrocccxxv,

183 2424 226 2450 die
248 2431 274 2450 iv
290 2423 363 2457 maii,
381 2423 475 2458 pontif.
491 2429 509 2456 1,
525 2424 700 2450 sontii-mame
713 2423 822 2450 fuerunt
837 2432 919 2459 quae-

184 2468 244 2495 dam
278 2468 457 2495 resolutiones
489 2468 598 2502 capituli
630 2469 765 2502 generalis
798 2468 918 2495 eiusdem

184 2513 416 2547 congregationis,
435 2517 461 2539 ct
477 2518 562 2539 const.
580 2512 622 2539 cd.
641 2519 800 2544 ztnccxxvill,
817 2514 860 2540 die
877 2520 919 2540 xttt

184 2558 357 2592 septembris,
379 2557 464 2592 pontif
493 2564 518 2588 v,
539 2557 667 2584 nonnulla
687 2557 872 2584 decernuntur
892 2558 918 2584 iu

185 2601 301 2629 favorem
323 2600 458 2636 praefatae
479 2600 708 2636 Congregationis.

1586 202 1649 236 <1¹17

948 269 1146 307 exponentes
1161 268 1342 307 opportune
1357 264 1388 295 in
1404 260 1591 306 praemissis
1604 271 1621 292 a
1632 270 1684 292 no-

948 318 997 350 bis
1011 317 1175 360 provideri
1190 322 1219 350 et
1230 322 1262 348 ut
1276 316 1357 348 infra
1373 314 1533 357 indulgeri
1547 323 1684 346 summo-

948 381 1026 414 pere
1053 371 1258 403 desiderent:
1278 380 1346 410 nos,
1373 370 1461 412 ipsos
1483 372 1685 410 exponentes

972 217 1023 238 Nil!
1054 217 1099 238 l'l'.

948 423 1144 466 specialilius
1171 423 1332 456 favoribus
1352 427 1383 455 et
1400 420 1512 464 gratiis
1530 429 1685 463 prosequi

949 478 1110 515 volentes,
1136 482 1167 509 et
1192 486 1305 509 eorum
1330 475 1510 517 singulares
1534 482 1687 516 personas

950 540 965 562 a
989 529 1153 573 quibusvis
1171 525 1530 566 excommunicationis,
1554 534 1689 567 suspen-

949 582 1050 615 sionis
1066 587 1096 615 et
1110 580 1284 620 interdicti,
1298 579 1435 622 aliisque
1462 576 1688 611 ecelesiasticis

950 632 1132 672 sententiis,
1151 630 1297 664 censuris
1316 635 1347 663 et
1364 629 1488 673 poenis,
1516 639 1532 660 a
1554 628 1623 660 iure
1639 628 1688 659 vel

950 687 989 719 ab
1015 685 1162 724 homine,
1189 683 1299 727 quavis
1325 681 1495 716 occasione
1520 682 1568 713 vel
1594 681 1690 712 causa

950 739 1041 778 latis,
1059 739 1083 771 si
1103 738 1220 781 quibus
1242 735 1492 780 quomodolibet
1516 733 1691 766 innodatae

951 793 1107 831 existunt,
1135 791 1173 823 ad
1194 789 1340 822 effectum
1361 788 1583 832 praesentium
1599 786 1692 818 dum-

953 851 1035 879 taxat
1052 843 1330 887 conscquendum,
1351 842 1465 874 harum
1485 840 1569 872 serie
1588 839 1692 872 absol-

952 905 1061 933 ventes
1087 903 1117 930 et
1135 897 1298 929 absolutas
1315 895 1382 928 fore
1403 898 1589 932 censentes,
1616 902 1692 935 sup-

952 950 1184 996 plicationibus
1203 958 1314 982 corum
1332 947 1463 980 nomine
1482 945 1577 978 nobis
1596 955 1694 988 super

954 1006 1017 1038 lioe
1036 1003 1202 1037 humiliter
1220 1001 1379 1045 porrectis
1405 998 1562 1038 inclinati,
1579 1003 1613 1030 ut
1631 1003 1694 1030 tam

955 1059 1093 1092 dilectus
1119 1057 1200 1089 filius
1228 1055 1404 1088 modernus
1431 1052 1613 1096 praefectus
1645 1062 1695 1093 ge-

956 1113 1073 1145 neralis
1100 1110 1176 1143 dicti
1203 1108 1331 1142 Ordinis
1357 1118 1453 1151 quam
1479 1105 1580 1139 ceteri
1607 1106 1693 1138 illius

956 1174 1161 1199 successores
1187 1162 1333 1206 proxime
1355 1162 1393 1194 ab
1414 1160 1519 1194 officio
1546 1159 1695 1203 expirau-

957 1227 1019 1259 tes,
1054 1229 1109 1251 seu
1147 1217 1184 1250 ad
1218 1217 1365 1249 uttinmm
1392 1224 1511 1247 annum
1542 1212 1694 1246 novennii

956 1273 1004 1304 sui
1031 1270 1236 1314 generalatus
1264 1268 1474 1307 accedentes,
1500 1271 1694 1310 perpetuum

957 1326 1004 1357 ius
1030 1323 1172 1357 babeant
1188 1320 1388 1355 convocandi
1408 1319 1535 1352 vocales
1553 1317 1591 1350 ad
1610 1317 1696 1361 capi-

959 1379 1057 1411 tulum
1076 1376 1227 1419 generale
1249 1384 1309 1418 pro
1328 1372 1490 1406 novennio
1512 1370 1696 1404 immediate

958 1431 1104 1475 sequenti
1130 1439 1165 1461 ae
1192 1428 1287 1461 etiam
1306 1424 1513 1470 praesidendi
1533 1425 1562 1457 in
1582 1423 1695 1457 codem

958 1483 1098 1527 capitulo
1117 1480 1274 1524 generali·‚
1294 1480 1319 1511 si
1336 1489 1412 1512 vero
1428 1478 1513 1510 iutra
1531 1476 1626 1510 oflicii
1648 1486 1698 1518 ge-

959 1538 1123 1570 neralatus
1143 1533 1340 1567 novennium
1360 1543 1375 1566 e
1395 1532 1456 1564 vita
1481 1530 1696 1569 decesserint,

961 1597 1035 1623 tuuc
1054 1588 1224 1622 vicariatus
1240 1586 1401 1629 generalis
1415 1589 1539 1629 spectet
1553 1583 1590 1617 ad
1606 1593 1698 1626 srae-

961 1644 1078 1676 l'ectum
1112 1640 1168 1685 qui
1197 1646 1273 1672 tune
1299 1638 1457 1682 temporis
1491 1637 1698 1670 confirmatus

961 1696 1114 1730 existeret
1131 1694 1206 1727 etin
1222 1691 1338 1726 actuali
1354 1691 1512 1735 gubernio
1531 1690 1698 1733 hospitalis

962 1749 1001 1781 de
1020 1746 1201 1781 Guatimala
1226 1744 1447 1788 reperiretur·,
1471 1749 1511 1783 et,
1530 1753 1607 1776 casu
1634 1753 1698 1786 quo

962 1801 1145 1845 praefectus
1163 1799 1233 1837 iste,
1251 1808 1322 1830 cum
1341 1799 1434 1830 causa
1447 1797 1495 1829 vel
1511 1796 1580 1829 sine
1594 1798 1700 1835 causa,

963 1856 1001 1888 de
1020 1865 1056 1887 eo
1077 1859 1224 1896 tempore
1240 1850 1521 1884 confirmationem
1536 1860 1599 1882 non
1620 1849 1701 1881 obti-

963 1907 1110 1946 nuissct.,
1149 1905 1317 1937 vicariatus
1350 1903 1509 1945 generalis
1537 1902 1700 1946 praefatus

963 1964 1106 1993 transeat
1118 1959 1156 1991 ad
1172 1958 1362 1990 assistentes
1377 1957 1554 1998 generales,
1574 1960 1604 1988 et
1621 1955 1700 1987 alios

963 2013 1140 2056 respective
1165 2010 1291 2044 vocales
1323 2009 1376 2052 qui
1408 2013 1603 2052 sequuntur,
1636 2018 1702 2040 ser-

962 2067 1032 2099 vata
1065 2074 1193 2107 semper
1229 2073 1341 2096 eorum
1374 2062 1578 2101 antianitate‚
1616 2061 1702 2093 iuxta

963 2117 1213 2162 dispositionem
1262 2115 1473 2159 quarumdem
1518 2120 1700 2148 nostrarum

963 2173 1141 2206 litterarum
1160 2171 1302 2213 desuper
1325 2169 1359 2201 in
1384 2168 1481 2202 simili
1507 2168 1609 2201 forma
1627 2168 1702 2201 Bre-

963 2226 1007 2258 vis
1041 2224 1093 2257 die
1126 2233 1156 2257 iv
1188 2222 1262 2255 maii
1297 2231 1446 2255 mcccxxv
1479 2221 1702 2264 expeditarum

964 2283 995 2312 et
1013 2277 1261 2310 constitutiones
1285 2275 1444 2319 praedicti
1462 2275 1606 2314 Ordinis;
1625 2286 1703 2319 qua-

964 2335 1056 2363 tenus
1082 2339 1156 2362 vero
1175 2328 1257 2361 idem
1275 2328 1456 2371 praefectus
1482 2329 1644 2371 generalis
1663 2328 1702 2361 ab

964 2380 1113 2415 humanis
1138 2380 1275 2413 decedat
1301 2380 1333 2412 in
1357 2390 1459 2423 regne
1484 2381 1643 2422 Pcruano,
1672 2387 1704 2413 et

963 2433 1081 2467 electio
1118 2432 1188 2466 fieri
1219 2432 1335 2465 debeat
1360 2433 1391 2465 in
1416 2432 1501 2466 Nova
1526 2433 1680 2477 Hispania
1696 2461 1703 2473 ,

964 2492 1039 2519 tune
1063 2492 1095 2519 et
1120 2496 1159 2518 ee
1185 2496 1259 2518 casu
1286 2486 1441 2519 assistens
1463 2486 1629 2529 antiquior
1651 2487 1703 2520 Pe-

963 2549 1084 2572 ruanus
1110 2538 1239 2571 vocales
1271 2543 1391 2571 tantum
1424 2539 1581 2572 eiusmodi
1609 2539 1701 2582 regni

963 2592 1101 2626 Peruani
1129 2597 1301 2632 convocet,
1330 2592 1368 2625 ad
1399 2592 1461 2626 boc
1488 2597 1521 2625 ut
1553 2592 1598 2626 sie
1627 2592 1703 2626 faci-

1696 212 1743 236 Ᾱιι.
1761 211 1786 235 ti,
1814 210 1878 236 ³728

1719 376 1817 395 ‹tuum-tit
1829 378 1847 395 ul
1861 383 1879 395 iu

1677 403 1790 423 .1·rtl›‹t·-.t.
