2170 3147
12 237 61 263 An.
79 236 108 262 C.
133 234 197 262 twt

197 284 372 327 sphatium,
401 282 718 321 confraternitatum,
745 282 937 314 universita-

199 342 273 376 tum,
300 337 516 380 collegiorum
541 341 572 368 et
596 336 758 374 locorum,
785 334 936 367 aliorum-

199 401 258 433 que
275 389 527 433 praedictorum,
542 388 637 421 etiarn
652 387 844 426 iuramento,
864 397 938 419 eon-

198 442 378 475 tirmatione
393 441 581 485 apostoliea,
600 441 648 473 vel
661 440 773 483 quavis
788 440 936 472 firmitate

198 495 258 528 alia
286 495 460 534 roboratis,
483 495 611 527 statutis
635 498 667 526 et
691 492 938 526 consuetudini·

199 548 269 587 bus,
295 547 475 590 privilegiis
501 557 641 590 quoque,
676 544 937 588 exemptionibus

198 605 231 632 et
255 600 388 633 indultis
421 599 630 643 apostolicis,
657 598 723 631 illis
757 607 936 639 eorumque

198 652 422 695 superioribus
447 658 479 685 et
503 651 651 695 personis
667 678 674 690 ‚
709 661 744 683 ae
769 649 840 682 aliis
867 649 938 691 qui-

198 704 402 748 buscumque
428 715 485 748 per
510 705 642 737 eosdem
667 704 832 737 Romanos
858 701 938 734 Pon-

200 757 300 791 tifices
325 758 596 801 praedecessores
623 762 773 795 nostros,
798 766 833 787 ac
859 765 935 792 nos,

200 815 230 844 et
254 811 370 844 dictam
395 810 511 843 Sedem
545 811 679 853 eiusque
705 810 829 852 legatos
845 835 852 846 ,
877 807 936 840 sub

199 864 459 908 ‹piibuseumque
485 864 654 897 tenoribus
682 868 713 896 et
739 861 869 899 formis,
901 871 937 893 ac

199 928 271 950 eum
297 917 462 960 quibusvis
488 916 639 949 clausulis
665 922 695 948 et
721 915 880 955 decretis,
907 920 936 946 et

200 980 234 1001 ex
262 969 427 1012 quibusvis
447 969 549 1001 causis
567 968 745 1007 concessis,
766 966 937 1000 confirma-

201 1022 240 1054 tis
259 1028 290 1055 et
308 1022 481 1062 innovatis3
498 1022 615 1065 quibus
633 1021 793 1059 omnibus,
813 1020 935 1053 etiamsi

201 1075 233 1106 in
257 1074 319 1107 illis
344 1081 495 1107 caveatur
519 1084 672 1116 expresse
701 1073 788 1116 quod
814 1073 872 1105 sub
899 1072 936 1104 si-

199 1128 331 1160 milibus
355 1129 403 1161 vel
429 1128 642 1161 dissimilibus
667 1126 937 1169 suspensionibus

201 1191 405 1224 nequaquam
443 1180 768 1223 comprehendantur
803 1179 864 1211 nisi
898 1178 937 1211 de

201 1234 264 1266 illis
289 1235 441 1277 specialis
468 1241 498 1267 et
523 1235 689 1267 individua
715 1233 836 1266 mentio
863 1232 936 1269 siat,

202 1287 266 1319 illis
299 1287 376 1320 alias
401 1288 432 1320 in
458 1299 518 1320 suo
544 1287 662 1320 robore
689 1286 938 1330 permansuris,

203 1340 240 1372 ad
260 1339 406 1373 ell'eetum
432 1341 661 1383 praemissum,
680 1341 741 1372 hac
758 1339 825 1371 vice
847 1339 939 1371 dum-

205 1397 301 1432 taxat,
316 1393 499 1436 specialiter
514 1398 545 1425 et
560 1403 710 1435 expresse
727 1393 936 1433 (lerogamus3

204 1445 384 1488 ceterisque
410 1445 582 1478 contrariis
608 1445 880 1488 quibuscumque.
903 1444 939 1476 Ei

206 1497 280 1540 quia
303 1498 430 1530 difficile
446 1498 541 1530 nimis
556 1503 638 1531 esset
652 1503 840 1541 praesentes
859 1508 939 1541 quo-

205 1560 352 1593 cumque,
378 1551 431 1583 ubi
458 1550 521 1584 illis
545 1561 625 1593 opus
655 1551 760 1589 suerit,
785 1551 937 1593 perferri,

203 1605 348 1636 volumus
370 1614 478 1635 earum
505 1604 672 1647 exemplis,
692 1604 786 1635 etiam
805 1604 939 1647 impres-

203 1656 257 1695 sis,
275 1656 391 1688 notarii
418 1657 537 1699 publici
563 1667 657 1689 mauu
685 1662 715 1689 et
739 1657 844 1699 sigillo
870 1667 938 1700 per-

203 1719 303 1741 sonae
329 1709 360 1740 in
388 1709 545 1751 dignitate
575 1709 793 1742 ecclesiastica
819 1710 938 1742 eonsti-

205 1767 288 1795 tutae
314 1762 502 1805 obsignatis,
522 1763 665 1795 eamdem
684 1773 816 1805 prorsus
842 1763 936 1796 tidem

203 1815 234 1847 in
257 1815 374 1848 iudicio
393 1821 423 1848 et
441 1822 529 1848 extra
550 1816 669 1858 ubique
688 1817 831 1849 locorum
850 1817 939 1849 adhi-

204 1867 290 1907 beri,
318 1879 400 1911 quae
426 1869 635 1901 adhiberetur
660 1869 888 1912 praesentibus
912 1870 936 1902 si

204 1928 312 1955 essent
326 1922 489 1955 exhibitae
504 1923 552 1954 vel
578 1927 740 1955 ostensae.
757 1923 840 1956 Nulli
860 1934 938 1966 ergo

205 1975 338 2007 omnino
363 1974 530 2007 hominum
557 1975 653 2007 liceat
678 1975 762 2008 hanc
789 1976 938 2018 pagiuam

204 2033 334 2060 nostrae
360 2027 596 2070 suspensionis,
623 2028 864 2067 declarationis,
889 2029 940 2061 de-

206 2080 307 2119 creti,
332 2080 518 2123 praecepti,
544 2081 685 2113 mandati
712 2086 742 2114 et
766 2083 940 2114 voluntatis

208 2133 396 2175 infringere,
420 2134 470 2166 vel
496 2133 523 2166 ei
557 2144 635 2166 ausu
661 2135 832 2168 temerario
864 2146 941 2168 con-

207 2185 322 2226 traire;
338 2185 362 2217 si
378 2185 448 2228 quis
471 2192 576 2219 autem
596 2187 658 2219 hoc
675 2192 834 2220 attentare
850 2199 942 2232 prae-

205 2238 396 2282 sumpserit,
427 2239 683 2281 indignationem
708 2241 941 2284 omnipotentis

205 2291 261 2324 Dei
287 2302 322 2324 ac
347 2291 514 2324 bealorum
540 2292 624 2324 Petri
651 2297 682 2325 et
706 2293 794 2326 Pauli
813 2299 942 2336 aposto—

205 2345 312 2376 lorum
341 2343 407 2376 eius
433 2354 466 2377 se
492 2344 620 2377 noverit
645 2345 866 2378 incursurum.

232 2397 342 2429 Datum
354 2396 486 2436 Romae,
497 2397 581 2439 apud
593 2397 624 2430 S.
637 2397 766 2430 Mariam
776 2398 940 2438 Maiorem,

205 2459 289 2482 anno
307 2449 543 2482 incarnationis
564 2450 747 2483 dominicae
768 2460 940 2491 nioccxxiv,

205 2502 310 2546 pridie
336 2512 437 2535 nonas
475 2502 562 2541 iulii,
588 2503 799 2546 pontificatus
839 2504 939 2536 nostri

205 2566 291 2589 anno
317 2566 339 2588 L

239 2617 297 2646 Dat.
318 2618 362 2645 die
381 2618 397 2645 6
417 2617 474 2645 iulii
498 2618 574 2653 ¹72t,
594 2619 688 2654 pontis.
711 2627 779 2646 anno
799 2626 815 2647 1.

797 233 991 256 RENEDICTFS
1018 232 1071 255 xiu
1099 233 1147 256 rr.
1638 221 1674 252 et

1312 281 1388 314 XVI.

981 360 1177 393 Declaratur
1200 365 1229 392 et
1253 360 1437 402 ampliatur
1458 360 1645 392 constitutio
1670 359 1723 391 [η-

1024 414 1166 445 nocenti}
1193 413 1266 445 XII
1286 413 1324 445 cle
1348 413 1548 454 ampriani:
1581 422 1718 455 praesu-

1026 465 1095 496 lum
1120 466 1214 507 requi
1242 465 1398 508 Neapolis
1422 476 1441 497 α
1466 465 1579 507 spoliis
1612 465 1721 498 Came-

1024 528 1080 549 rae
1103 518 1309 560 Aposlolicae
1333 518 1467 557 debitis,
1494 529 1566 549 cum
1590 518 1722 560 quilius-

1026 571 1102 603 dam
1128 570 1394 603 ordinationibus
1410 571 1429 604 ¹.

1171 651 1347 678 Benedictus
1368 650 1537 684 episcopus,

1176 701 1283 721 servus
1298 702 1452 721 servorum
1469 695 1532 726 Dei,

1098 739 1139 765 Ad
1159 742 1334 773 perpetuam
1355 739 1399 766 rei
1419 739 1601 766 memoriam.

1025 809 1225 842 Sacrosancti
1242 810 1441 852 apostolatus
1459 809 1598 843 officium
1617 808 1723 841 liumi-
1761 818 1879 840 manuum.

982 863 1062 896 litati
1084 868 1215 895 nostrae
1242 862 1348 895 divina
1373 862 1617 907 dispensatione
1638 873 1722 895 com-

982 915 1115 948 missum
1152 914 1328 948 salubriter
1361 915 1476 959 exequi
1512 920 1719 957 satagentes,

982 968 1019 1000 ad
1040 979 1076 1001 ea
1095 968 1314 1011 potissimum,
1333 978 1393 1011 per
1411 978 1492 1011 quae
1511 967 1722 1000 ecelesiarum

982 1031 1259 1064 quarumcumque
1297 1020 1431 1060 decori,
1472 1019 1651 1052 commodis
1687 1030 1723 1051 ae

982 1074 1110 1106 utilitati
1133 1074 1337 1117 prospicitur,
1358 1073 1559 1117 providoque
1584 1072 1722 1105 consilio

983 1127 1020 1159 ad
1039 1127 1165 1159 illarum
1193 1127 1334 1160 savorem
1354 1126 1515 1170 disposita
1533 1136 1549 1158 a
1570 1125 1723 1158 Romanis

983 1179 1195 1212 Pontificibus
1239 1179 1549 1222 praedecessoribus
1600 1177 1721 1210 nostris

983 1235 1067 1263 sarta
1087 1236 1169 1263 tecta
1189 1241 1225 1263 ac
1242 1230 1398 1262 inviolata
1416 1229 1654 1268 custodiuntur,
1674 1229 1722 1260 vel

984 1284 1091 1322 etiam,
1110 1283 1164 1315 ubi
1187 1294 1306 1321 rerum,
1322 1283 1468 1316 locorum
1487 1293 1522 1315 ac
1541 1287 1723 1325 temporum

984 1337 1126 1369 conditio
1146 1337 1188 1369 ita
1213 1337 1366 1379 postulet,
1385 1336 1591 1369 declarantur
1611 1340 1642 1367 et
1662 1345 1724 1368 am-

984 1390 1135 1433 pliantur,
1154 1389 1324 1432 pastoralis
1344 1388 1573 1421 sollicitudinis
1593 1392 1723 1420 nostrae

984 1453 1076 1475 curas
1094 1442 1237 1475 libenter
1262 1441 1490 1479 convertimus,
1513 1440 1723 1483 susceptique

983 1495 1152 1528 ministerii
1170 1500 1278 1538 partes
1302 1496 1464 1538 propensa
1488 1494 1651 1526 charitate
1670 1494 1725 1525 de-

984 1559 1082 1592 super
1096 1548 1343 1590 interponimus,
1364 1552 1473 1591 prout,
1490 1547 1640 1581 omnibus
1657 1544 1730 1579 ma-'

985 1607 1072 1634 turae
1097 1600 1366 1633 considerationis
1393 1600 1511 1632 trutina
1537 1600 1720 1644 perpensis,

983 1653 1137 1697 expedire
1164 1654 1196 1686 in
1222 1653 1357 1686 Domino
1375 1654 1586 1686 arbitramur.

1026 1707 1040 1749 g
1066 1707 1096 1739 t.
1124 1706 1207 1739 Sane
1241 1706 1320 1739 alias
1359 1705 1460 1738 t'elicis
1486 1705 1720 1739 recordationis
1743 1716 1918 1741 Epiiomosprao-

982 1761 1189 1794 Innocentius
1216 1760 1300 1803 Papa
1326 1760 1377 1792 ΧΠ
1403 1760 1637 1803 praedecessor
1662 1744 1918 1792 no-llssss'fltss'ETXSL'JEZ

982 1820 1046 1847 ster
1072 1814 1200 1857 (animo
1237 1823 1345 1845 seeum
1369 1819 1525 1856 reputans
1552 1813 1583 1845 in
1620 1799 1812 1856 1·egiio¹'³⁰³⁹'

981 1867 1197 1911 Neapolitano
1222 1867 1388 1909 ingentem
1415 1872 1523 1899 extare
1549 1876 1722 1899 numerum

982 1920 1313 1964 metropolitanarum,
1328 1919 1578 1960 cathedralium,
1594 1925 1624 1952 et
1650 1919 1725 1951 alia-

984 1985 1063 2012 rum,
1089 1973 1206 2016 quibus
1232 1972 1370 2016 praelati
1393 1972 1567 2005 inferiores
1593 1982 1651 2004 seu
1678 1972 1725 2005 di-

983 2027 1120 2069 gnitates
1146 2026 1236 2069 quasi
1273 2025 1495 2068 episcopalem
1529 2025 1725 2058 iurisdictio-

984 2091 1056 2113 nem
1089 2090 1146 2112 seu
1176 2079 1421 2112 Ordiuariorum
1460 2079 1529 2111 iura
1565 2079 1724 2111 habentes

984 2139 1149 2177 praesunt,
1166 2132 1380 2165 ecelesiarum
1401 2131 1554 2173 congruis
1578 2142 1636 2174 pro
1658 2142 1725 2164 ma-

985 2187 1044 2220 iori
1071 2192 1162 2230 parte
1188 2185 1366 2218 carentium
1398 2185 1603 2224 redditibuS,
1630 2185 1726 2218 adeo-

985 2251 1046 2283 que
1071 2241 1144 2279 illa,
1170 2250 1268 2283 quum
1294 2238 1348 2270 Dei
1381 2238 1494 2270 domus
1521 2244 1723 2281 exposceret,

985 2293 1150 2326 maiestate
1173 2298 1205 2325 et
1230 2291 1370 2334 eleganti
1398 2293 1571 2331 structura,
1594 2301 1724 2325 necnon

985 2346 1111 2379 decenti
1145 2345 1363 2389 suppellectili
1396 2346 1487 2377 sacra
1513 2349 1545 2376 et
1569 2345 1725 2377 ministris

986 2398 1216 2432 ecclesiasticis
1251 2397 1487 2430 sufficientibus
1514 2408 1550 2430 ac
1577 2397 1723 2435 idoneis,

985 2451 1188 2494 ceterisque‘z
1203 2451 1311 2483 divino
1334 2450 1431 2483 cultui
1458 2450 1661 2489 necessariis,
1682 2451 1724 2482 ob

1022 2534 1031 2558 1
1057 2531 1121 2558 Vide
1149 2535 1235 2558 const.
1258 2530 1405 2558 lnnocentii
1426 2530 1469 2557 xtt
1491 2534 1518 2557 et
1538 2530 1578 2556 Pii
1600 2530 1634 2556 IV
1654 2530 1723 2556 iufra

985 2579 1091 2602 citatas.

1019 2620 1035 2646 2
1054 2619 1124 2647 Male
1144 2619 1208 2646 edit.
1230 2619 1314 2647 Maini
1332 2618 1397 2654 legit
1416 2619 1562 2653 ceterique
1580 2617 1618 2653 (R.
1636 2618 1686 2654 τ.).
