<?xml version="1.0" encoding="UTF-8"?>
<!DOCTYPE html PUBLIC "-//W3C//DTD XHTML 1.0 Transitional//EN"
    "http://www.w3.org/TR/xhtml1/DTD/xhtml1-transitional.dtd">
<html xmlns="http://www.w3.org/1999/xhtml" xml:lang="en" lang="en">
 <head>
  <title>
</title>
<meta http-equiv="Content-Type" content="text/html;charset=utf-8" />
  <meta name='ocr-system' content='tesseract 3.04.00' />
  <meta name='ocr-capabilities' content='ocr_page ocr_carea ocr_par ocr_line ocrx_word'/>
</head>
<body>
  <div class='ocr_page' id='page_1' title='image "./bullarumdiplomat22cath_0497.png"; bbox 0 0 2170 3147; ppageno 0'>
   <div class='ocr_carea' id='block_1_1' title="bbox 29 169 220 199">
    <p class='ocr_par' dir='ltr' id='par_1_1' title="bbox 29 169 220 199">
     <span class='ocr_line' id='line_1_1' title="bbox 29 169 220 199; baseline -0.005 0"><span class='ocrx_word' id='word_1_1' title='bbox 29 170 80 199; x_wconf 78' lang='lat' dir='ltr'>An.</span> <span class='ocrx_word' id='word_1_2' title='bbox 100 169 131 198; x_wconf 83' lang='lat' dir='ltr'>G.</span> <span class='ocrx_word' id='word_1_3' title='bbox 151 169 220 199; x_wconf 75' lang='lat'>1726</span> 
     </span>
    </p>
   </div>
   <div class='ocr_carea' id='block_1_2' title="bbox 215 220 959 1161">
    <p class='ocr_par' dir='ltr' id='par_1_2' title="bbox 215 220 959 1161">
     <span class='ocr_line' id='line_1_2' title="bbox 222 220 959 265; baseline 0.003 -13"><span class='ocrx_word' id='word_1_4' title='bbox 222 220 406 254; x_wconf 86' lang='lat' dir='ltr'>earumdem</span> <span class='ocrx_word' id='word_1_5' title='bbox 423 221 633 254; x_wconf 87' lang='lat' dir='ltr'>ecclesiarum</span> <span class='ocrx_word' id='word_1_6' title='bbox 652 221 808 264; x_wconf 80' lang='lat' dir='ltr'>quaesitis</span> <span class='ocrx_word' id='word_1_7' title='bbox 828 221 959 265; x_wconf 81' lang='lat' dir='ltr'>aliquod</span> 
     </span>
     <span class='ocr_line' id='line_1_3' title="bbox 220 273 959 316; baseline 0.001 -11"><span class='ocrx_word' id='word_1_8' title='bbox 220 273 365 306; x_wconf 88' lang='lat' dir='ltr'>levamen</span> <span class='ocrx_word' id='word_1_9' title='bbox 391 273 550 316; x_wconf 87' lang='lat' dir='ltr'>recipere,</span> <span class='ocrx_word' id='word_1_10' title='bbox 568 273 697 316; x_wconf 84' lang='lat' dir='ltr'>illisque</span> <span class='ocrx_word' id='word_1_11' title='bbox 716 274 825 312; x_wconf 81' lang='lat' dir='ltr'>iuvari,</span> <span class='ocrx_word' id='word_1_12' title='bbox 845 275 959 306; x_wconf 79' lang='lat' dir='ltr'>instau-</span> 
     </span>
     <span class='ocr_line' id='line_1_4' title="bbox 219 324 959 368; baseline 0.003 -11"><span class='ocrx_word' id='word_1_13' title='bbox 219 324 295 366; x_wconf 83' lang='lat' dir='ltr'>rari,</span> <span class='ocrx_word' id='word_1_14' title='bbox 320 325 439 363; x_wconf 90' lang='lat' dir='ltr'>ornari,</span> <span class='ocrx_word' id='word_1_15' title='bbox 465 325 625 368; x_wconf 79' lang='lat' dir='ltr'>rebusque</span> <span class='ocrx_word' id='word_1_16' title='bbox 644 326 681 358; x_wconf 91' lang='lat' dir='ltr'>ad</span> <span class='ocrx_word' id='word_1_17' title='bbox 700 326 843 358; x_wconf 87' lang='lat' dir='ltr'>divinum</span> <span class='ocrx_word' id='word_1_18' title='bbox 869 336 959 368; x_wconf 83' lang='lat' dir='ltr'>prae-</span> 
     </span>
     <span class='ocr_line' id='line_1_5' title="bbox 219 378 959 421; baseline 0 -11"><span class='ocrx_word' id='word_1_19' title='bbox 219 378 329 411; x_wconf 78' lang='lat' dir='ltr'>sertim</span> <span class='ocrx_word' id='word_1_20' title='bbox 354 379 476 411; x_wconf 90' lang='lat' dir='ltr'>cultum</span> <span class='ocrx_word' id='word_1_21' title='bbox 509 379 704 411; x_wconf 86' lang='lat' dir='ltr'>necessariis</span> <span class='ocrx_word' id='word_1_22' title='bbox 737 378 851 410; x_wconf 84' lang='lat' dir='ltr'>instrui</span> <span class='ocrx_word' id='word_1_23' title='bbox 885 390 959 421; x_wconf 90' lang='lat' dir='ltr'>pos—</span> 
     </span>
     <span class='ocr_line' id='line_1_6' title="bbox 218 431 958 474; baseline 0.001 -11"><span class='ocrx_word' id='word_1_24' title='bbox 218 436 313 471; x_wconf 89' lang='lat' dir='ltr'>sent;</span> <span class='ocrx_word' id='word_1_25' title='bbox 351 431 453 464; x_wconf 81' lang='lat' dir='ltr'>facilis</span> <span class='ocrx_word' id='word_1_26' title='bbox 487 442 562 464; x_wconf 79' lang='lat' dir='ltr'>vero</span> <span class='ocrx_word' id='word_1_27' title='bbox 599 431 815 474; x_wconf 86' lang='lat' dir='ltr'>praeberetur</span> <span class='ocrx_word' id='word_1_28' title='bbox 853 431 958 464; x_wconf 87' lang='lat' dir='ltr'>aditus</span> 
     </span>
     <span class='ocr_line' id='line_1_7' title="bbox 218 483 959 517; baseline -0.001 -1"><span class='ocrx_word' id='word_1_29' title='bbox 218 483 446 517; x_wconf 83' lang='lat' dir='ltr'>saluberrimas</span> <span class='ocrx_word' id='word_1_30' title='bbox 473 484 631 517; x_wconf 85' lang='lat' dir='ltr'>eiusmodi</span> <span class='ocrx_word' id='word_1_31' title='bbox 658 484 841 517; x_wconf 75' lang='lat' dir='ltr'>sanctiones</span> <span class='ocrx_word' id='word_1_32' title='bbox 869 494 959 516; x_wconf 83' lang='lat' dir='ltr'>ever-</span> 
     </span>
     <span class='ocr_line' id='line_1_8' title="bbox 218 536 957 579; baseline 0.001 -11"><span class='ocrx_word' id='word_1_33' title='bbox 218 536 306 569; x_wconf 88' lang='lat' dir='ltr'>tendi</span> <span class='ocrx_word' id='word_1_34' title='bbox 331 546 367 568; x_wconf 84' lang='lat' dir='ltr'>ac</span> <span class='ocrx_word' id='word_1_35' title='bbox 393 536 564 575; x_wconf 89' lang='lat' dir='ltr'>eludendi,</span> <span class='ocrx_word' id='word_1_36' title='bbox 601 537 766 579; x_wconf 82' lang='lat' dir='ltr'>dictasque</span> <span class='ocrx_word' id='word_1_37' title='bbox 804 536 957 569; x_wconf 85' lang='lat' dir='ltr'>ecclesias</span> 
     </span>
     <span class='ocr_line' id='line_1_9' title="bbox 219 589 957 633; baseline 0.001 -11"><span class='ocrx_word' id='word_1_38' title='bbox 219 600 326 622; x_wconf 88' lang='lat' dir='ltr'>earum</span> <span class='ocrx_word' id='word_1_39' title='bbox 364 589 492 629; x_wconf 75' lang='lat' dir='ltr'>effectu,</span> <span class='ocrx_word' id='word_1_40' title='bbox 520 590 748 633; x_wconf 85' lang='lat' dir='ltr'>destinatoque</span> <span class='ocrx_word' id='word_1_41' title='bbox 785 590 846 622; x_wconf 87' lang='lat' dir='ltr'>sibi</span> <span class='ocrx_word' id='word_1_42' title='bbox 883 590 957 623; x_wconf 89' lang='lat' dir='ltr'>inde</span> 
     </span>
     <span class='ocr_line' id='line_1_10' title="bbox 219 642 956 683; baseline 0.001 -9"><span class='ocrx_word' id='word_1_43' title='bbox 219 642 365 675; x_wconf 90' lang='lat' dir='ltr'>subsidio</span> <span class='ocrx_word' id='word_1_44' title='bbox 402 643 577 675; x_wconf 81' lang='lat' dir='ltr'>frustrandi</span> <span class='ocrx_word' id='word_1_45' title='bbox 613 649 643 675; x_wconf 91' lang='lat' dir='ltr'>et</span> <span class='ocrx_word' id='word_1_46' title='bbox 680 643 904 683; x_wconf 79' lang='lat' dir='ltr'>defraudandi,</span> <span class='ocrx_word' id='word_1_47' title='bbox 931 642 956 675; x_wconf 94' lang='lat' dir='ltr'>si</span> 
     </span>
     <span class='ocr_line' id='line_1_11' title="bbox 217 695 955 737; baseline -0.001 -10"><span class='ocrx_word' id='word_1_48' title='bbox 217 705 277 737; x_wconf 91' lang='lat' dir='ltr'>per</span> <span class='ocrx_word' id='word_1_49' title='bbox 307 695 517 728; x_wconf 74' lang='lat' dir='ltr'>donationem</span> <span class='ocrx_word' id='word_1_50' title='bbox 554 706 609 728; x_wconf 89' lang='lat' dir='ltr'>seu</span> <span class='ocrx_word' id='word_1_51' title='bbox 646 696 726 729; x_wconf 86' lang='lat' dir='ltr'>alios</span> <span class='ocrx_word' id='word_1_52' title='bbox 763 700 955 735; x_wconf 86' lang='lat' dir='ltr'>contractus,</span> 
     </span>
     <span class='ocr_line' id='line_1_12' title="bbox 218 747 955 792; baseline 0 -12"><span class='ocrx_word' id='word_1_53' title='bbox 218 747 270 792; x_wconf 88' lang='lat' dir='ltr'>qui</span> <span class='ocrx_word' id='word_1_54' title='bbox 307 747 380 780; x_wconf 83' lang='lat' dir='ltr'>fieri</span> <span class='ocrx_word' id='word_1_55' title='bbox 417 747 570 781; x_wconf 88' lang='lat' dir='ltr'>dicuntur</span> <span class='ocrx_word' id='word_1_56' title='bbox 594 748 679 781; x_wconf 89' lang='lat' dir='ltr'>inter</span> <span class='ocrx_word' id='word_1_57' title='bbox 704 749 799 787; x_wconf 74' lang='lat' dir='ltr'>vivoS,</span> <span class='ocrx_word' id='word_1_58' title='bbox 833 748 955 781; x_wconf 88' lang='lat' dir='ltr'>eisdem</span> 
     </span>
     <span class='ocr_line' id='line_1_13' title="bbox 217 800 957 843; baseline 0 -11"><span class='ocrx_word' id='word_1_59' title='bbox 217 800 425 843; x_wconf 88' lang='lat' dir='ltr'>praesulibus</span> <span class='ocrx_word' id='word_1_60' title='bbox 452 800 490 833; x_wconf 90' lang='lat' dir='ltr'>de</span> <span class='ocrx_word' id='word_1_61' title='bbox 517 800 610 833; x_wconf 89' lang='lat' dir='ltr'>dictis</span> <span class='ocrx_word' id='word_1_62' title='bbox 627 800 732 841; x_wconf 90' lang='lat' dir='ltr'>bonis,</span> <span class='ocrx_word' id='word_1_63' title='bbox 759 811 829 833; x_wconf 86' lang='lat' dir='ltr'>cum</span> <span class='ocrx_word' id='word_1_64' title='bbox 855 810 957 833; x_wconf 83' lang='lat' dir='ltr'>reser-</span> 
     </span>
     <span class='ocr_line' id='line_1_14' title="bbox 216 852 957 893; baseline 0 -9"><span class='ocrx_word' id='word_1_65' title='bbox 216 852 343 886; x_wconf 88' lang='lat' dir='ltr'>vatione</span> <span class='ocrx_word' id='word_1_66' title='bbox 369 863 482 887; x_wconf 87' lang='lat' dir='ltr'>eorum</span> <span class='ocrx_word' id='word_1_67' title='bbox 508 853 680 893; x_wconf 80' lang='lat' dir='ltr'>fructuum,</span> <span class='ocrx_word' id='word_1_68' title='bbox 699 863 775 886; x_wconf 89' lang='lat' dir='ltr'>usus</span> <span class='ocrx_word' id='word_1_69' title='bbox 799 853 848 886; x_wconf 86' lang='lat' dir='ltr'>vel</span> <span class='ocrx_word' id='word_1_70' title='bbox 874 862 957 885; x_wconf 86' lang='lat' dir='ltr'>com-</span> 
     </span>
     <span class='ocr_line' id='line_1_15' title="bbox 216 904 957 949; baseline 0 -11"><span class='ocrx_word' id='word_1_71' title='bbox 216 904 396 945; x_wconf 87' lang='lat' dir='ltr'>moditatis,</span> <span class='ocrx_word' id='word_1_72' title='bbox 415 905 519 938; x_wconf 88' lang='lat' dir='ltr'>donec</span> <span class='ocrx_word' id='word_1_73' title='bbox 534 905 698 945; x_wconf 86' lang='lat' dir='ltr'>viverent,</span> <span class='ocrx_word' id='word_1_74' title='bbox 723 906 897 949; x_wconf 78' lang='lat' dir='ltr'>disponere</span> <span class='ocrx_word' id='word_1_75' title='bbox 923 905 957 938; x_wconf 93' lang='lat' dir='ltr'>li-</span> 
     </span>
     <span class='ocr_line' id='line_1_16' title="bbox 215 957 957 1002; baseline 0.001 -12"><span class='ocrx_word' id='word_1_76' title='bbox 215 957 329 990; x_wconf 86' lang='lat' dir='ltr'>berum</span> <span class='ocrx_word' id='word_1_77' title='bbox 368 963 478 997; x_wconf 89' lang='lat' dir='ltr'>esset;</span> <span class='ocrx_word' id='word_1_78' title='bbox 520 958 787 1002; x_wconf 85' lang='lat' dir='ltr'>quandoquidem</span> <span class='ocrx_word' id='word_1_79' title='bbox 814 969 851 991; x_wconf 83' lang='lat' dir='ltr'>ex</span> <span class='ocrx_word' id='word_1_80' title='bbox 878 958 957 991; x_wconf 86' lang='lat' dir='ltr'>eius-</span> 
     </span>
     <span class='ocr_line' id='line_1_17' title="bbox 216 1011 956 1056; baseline 0 -12"><span class='ocrx_word' id='word_1_81' title='bbox 216 1011 304 1045; x_wconf 89' lang='lat' dir='ltr'>modi</span> <span class='ocrx_word' id='word_1_82' title='bbox 330 1011 543 1055; x_wconf 81' lang='lat' dir='ltr'>dispositione</span> <span class='ocrx_word' id='word_1_83' title='bbox 570 1012 631 1055; x_wconf 88' lang='lat' dir='ltr'>ipsi</span> <span class='ocrx_word' id='word_1_84' title='bbox 659 1014 783 1046; x_wconf 88' lang='lat' dir='ltr'>nullum</span> <span class='ocrx_word' id='word_1_85' title='bbox 809 1022 892 1056; x_wconf 87' lang='lat' dir='ltr'>pene</span> <span class='ocrx_word' id='word_1_86' title='bbox 914 1011 956 1044; x_wconf 90' lang='lat' dir='ltr'>in-</span> 
     </span>
     <span class='ocr_line' id='line_1_18' title="bbox 217 1065 956 1105; baseline -0.001 -8"><span class='ocrx_word' id='word_1_87' title='bbox 217 1065 422 1098; x_wconf 87' lang='lat' dir='ltr'>commodum</span> <span class='ocrx_word' id='word_1_88' title='bbox 448 1065 628 1105; x_wconf 73' lang='lat' dir='ltr'>sentirent,</span> <span class='ocrx_word' id='word_1_89' title='bbox 668 1065 823 1098; x_wconf 86' lang='lat' dir='ltr'>eeclesiae</span> <span class='ocrx_word' id='word_1_90' title='bbox 850 1070 956 1097; x_wconf 87' lang='lat' dir='ltr'>autem</span> 
     </span>
     <span class='ocr_line' id='line_1_19' title="bbox 217 1117 959 1161; baseline 0 -11"><span class='ocrx_word' id='word_1_91' title='bbox 217 1117 379 1161; x_wconf 80' lang='lat' dir='ltr'>praefatae</span> <span class='ocrx_word' id='word_1_92' title='bbox 417 1117 531 1160; x_wconf 80' lang='lat' dir='ltr'>ingens</span> <span class='ocrx_word' id='word_1_93' title='bbox 568 1118 756 1161; x_wconf 78' lang='lat' dir='ltr'>acciperent</span> <span class='ocrx_word' id='word_1_94' title='bbox 784 1118 959 1151; x_wconf 87' lang='lat' dir='ltr'>detrimen-</span> 
     </span>
    </p>
   </div>
   <div class='ocr_carea' id='block_1_3' title="bbox 78 1169 957 1214">
    <p class='ocr_par' dir='ltr' id='par_1_3' title="bbox 78 1169 957 1214">
     <span class='ocr_line' id='line_1_20' title="bbox 78 1169 957 1214; baseline 0.003 -15"><span class='ocrx_word' id='word_1_95' title='bbox 78 1174 301 1203; x_wconf 72' lang='lat' dir='ltr'>nectaraiurtum:</span> <span class='ocrx_word' id='word_1_96' title='bbox 319 1180 355 1203; x_wconf 83' lang='lat' dir='ltr'>ac</span> <span class='ocrx_word' id='word_1_97' title='bbox 374 1176 554 1214; x_wconf 85' lang='lat' dir='ltr'>propterea</span> <span class='ocrx_word' id='word_1_98' title='bbox 571 1180 712 1208; x_wconf 87' lang='lat' dir='ltr'>omnem,</span> <span class='ocrx_word' id='word_1_99' title='bbox 730 1180 813 1213; x_wconf 82' lang='lat' dir='ltr'>quae</span> <span class='ocrx_word' id='word_1_100' title='bbox 840 1170 901 1203; x_wconf 86' lang='lat' dir='ltr'>hac</span> <span class='ocrx_word' id='word_1_101' title='bbox 926 1169 957 1202; x_wconf 92' lang='lat' dir='ltr'>in</span> 
     </span>
    </p>
   </div>
   <div class='ocr_carea' id='block_1_4' title="bbox 21 1205 204 1384">
    <p class='ocr_par' dir='ltr' id='par_1_4' title="bbox 21 1205 204 1384">
     <span class='ocr_line' id='line_1_21' title="bbox 23 1205 204 1226; baseline -0.006 0"><span class='ocrx_word' id='word_1_102' title='bbox 23 1205 80 1226; x_wconf 77' lang='lat' dir='ltr'>bona</span> <span class='ocrx_word' id='word_1_103' title='bbox 97 1205 204 1226; x_wconf 79' lang='lat' dir='ltr'>huiusmo-</span> 
     </span>
     <span class='ocr_line' id='line_1_22' title="bbox 23 1232 204 1256; baseline -0.006 -4"><span class='ocrx_word' id='word_1_104' title='bbox 23 1232 43 1252; x_wconf 80' lang='lat' dir='ltr'>di</span> <span class='ocrx_word' id='word_1_105' title='bbox 58 1235 96 1256; x_wconf 78' lang='lat' dir='ltr'>pro</span> <span class='ocrx_word' id='word_1_106' title='bbox 111 1232 204 1252; x_wconf 71' lang='lat' dir='ltr'>utilitate</span> 
     </span>
     <span class='ocr_line' id='line_1_23' title="bbox 23 1258 201 1278; baseline -0.006 0"><span class='ocrx_word' id='word_1_107' title='bbox 23 1258 161 1278; x_wconf 74' lang='lat' dir='ltr'>ecelesiarum</span> <span class='ocrx_word' id='word_1_108' title='bbox 173 1264 201 1277; x_wconf 81' lang='lat' dir='ltr'>es-</span> 
     </span>
     <span class='ocr_line' id='line_1_24' title="bbox 22 1284 203 1310; baseline 0 -6"><span class='ocrx_word' id='word_1_109' title='bbox 22 1290 45 1304; x_wconf 68' lang='lat'>⁵0</span> <span class='ocrx_word' id='word_1_110' title='bbox 57 1284 203 1310; x_wconf 76' lang='lat' dir='ltr'>impendenda.</span> 
     </span>
     <span class='ocr_line' id='line_1_25' title="bbox 21 1311 204 1336; baseline 0.005 -6"><span class='ocrx_word' id='word_1_111' title='bbox 21 1315 60 1331; x_wconf 79' lang='lat' dir='ltr'>nee</span> <span class='ocrx_word' id='word_1_112' title='bbox 71 1311 144 1331; x_wconf 70' lang='lat' dir='ltr'>dunat-i</span> <span class='ocrx_word' id='word_1_113' title='bbox 155 1316 204 1336; x_wconf 83' lang='lat' dir='ltr'>pos-</span> 
     </span>
     <span class='ocr_line' id='line_1_26' title="bbox 22 1337 204 1362; baseline 0.005 -5"><span class='ocrx_word' id='word_1_114' title='bbox 22 1342 45 1357; x_wconf 76' lang='lat' dir='ltr'>se</span> <span class='ocrx_word' id='word_1_115' title='bbox 59 1337 113 1358; x_wconf 74' lang='lat' dir='ltr'>tuter</span> <span class='ocrx_word' id='word_1_116' title='bbox 129 1337 186 1358; x_wconf 80' lang='lat' dir='ltr'>vivos</span> <span class='ocrx_word' id='word_1_117' title='bbox 199 1353 204 1362; x_wconf 87' lang='lat'>,</span> 
     </span>
     <span class='ocr_line' id='line_1_27' title="bbox 22 1365 63 1384; baseline 0 0"><span class='ocrx_word' id='word_1_118' title='bbox 22 1365 63 1384; x_wconf 79' lang='lat' dir='ltr'>etc.</span> 
     </span>
    </p>
   </div>
   <div class='ocr_carea' id='block_1_5' title="bbox 211 1223 959 2493">
    <p class='ocr_par' dir='ltr' id='par_1_5' title="bbox 211 1223 959 2493">
     <span class='ocr_line' id='line_1_28' title="bbox 215 1223 959 1268; baseline 0.001 -13"><span class='ocrx_word' id='word_1_119' title='bbox 215 1233 250 1256; x_wconf 93' lang='lat' dir='ltr'>re</span> <span class='ocrx_word' id='word_1_120' title='bbox 276 1223 384 1256; x_wconf 86' lang='lat' dir='ltr'>enasci</span> <span class='ocrx_word' id='word_1_121' title='bbox 399 1229 520 1268; x_wconf 85' lang='lat' dir='ltr'>posset,</span> <span class='ocrx_word' id='word_1_122' title='bbox 535 1224 788 1257; x_wconf 86' lang='lat' dir='ltr'>controversiam</span> <span class='ocrx_word' id='word_1_123' title='bbox 806 1230 837 1256; x_wconf 89' lang='lat' dir='ltr'>et</span> <span class='ocrx_word' id='word_1_124' title='bbox 857 1224 959 1256; x_wconf 85' lang='lat' dir='ltr'>ambi·</span> 
     </span>
     <span class='ocr_line' id='line_1_29' title="bbox 216 1276 959 1321; baseline 0 -12"><span class='ocrx_word' id='word_1_125' title='bbox 216 1276 367 1320; x_wconf 83' lang='lat' dir='ltr'>gttitatem</span> <span class='ocrx_word' id='word_1_126' title='bbox 403 1278 536 1316; x_wconf 86' lang='lat' dir='ltr'>tollere,</span> <span class='ocrx_word' id='word_1_127' title='bbox 564 1277 774 1321; x_wconf 87' lang='lat' dir='ltr'>ipsarumque</span> <span class='ocrx_word' id='word_1_128' title='bbox 808 1277 959 1310; x_wconf 78' lang='lat' dir='ltr'>ecclesia-</span> 
     </span>
     <span class='ocr_line' id='line_1_30' title="bbox 216 1330 955 1375; baseline -0.004 -11"><span class='ocrx_word' id='word_1_129' title='bbox 216 1342 284 1364; x_wconf 87' lang='lat' dir='ltr'>rum</span> <span class='ocrx_word' id='word_1_130' title='bbox 311 1330 423 1375; x_wconf 83' lang='lat' dir='ltr'>quieti,</span> <span class='ocrx_word' id='word_1_131' title='bbox 453 1330 676 1374; x_wconf 78' lang='lat' dir='ltr'>tranquillitati</span> <span class='ocrx_word' id='word_1_132' title='bbox 704 1342 739 1363; x_wconf 85' lang='lat' dir='ltr'>ac</span> <span class='ocrx_word' id='word_1_133' title='bbox 765 1330 955 1363; x_wconf 75' lang='lat' dir='ltr'>indeniuita.</span> 
     </span>
     <span class='ocr_line' id='line_1_31' title="bbox 215 1384 957 1428; baseline -0.001 -11"><span class='ocrx_word' id='word_1_134' title='bbox 215 1384 257 1425; x_wconf 89' lang='lat' dir='ltr'>ti,</span> <span class='ocrx_word' id='word_1_135' title='bbox 291 1389 447 1428; x_wconf 86' lang='lat' dir='ltr'>quantum</span> <span class='ocrx_word' id='word_1_136' title='bbox 483 1394 557 1416; x_wconf 88' lang='lat' dir='ltr'>cum</span> <span class='ocrx_word' id='word_1_137' title='bbox 593 1384 729 1417; x_wconf 89' lang='lat' dir='ltr'>Domino</span> <span class='ocrx_word' id='word_1_138' title='bbox 767 1394 957 1427; x_wconf 85' lang='lat' dir='ltr'>possumus,</span> 
     </span>
     <span class='ocr_line' id='line_1_32' title="bbox 215 1438 957 1482; baseline -0.001 -12"><span class='ocrx_word' id='word_1_139' title='bbox 215 1438 406 1482; x_wconf 82' lang='lat' dir='ltr'>prospicere</span> <span class='ocrx_word' id='word_1_140' title='bbox 439 1438 593 1476; x_wconf 78' lang='lat' dir='ltr'>volentes,</span> <span class='ocrx_word' id='word_1_141' title='bbox 627 1443 713 1470; x_wconf 86' lang='lat' dir='ltr'>motu</span> <span class='ocrx_word' id='word_1_142' title='bbox 751 1438 895 1481; x_wconf 88' lang='lat' dir='ltr'>proprio,</span> <span class='ocrx_word' id='word_1_143' title='bbox 922 1448 957 1470; x_wconf 88' lang='lat' dir='ltr'>ac</span> 
     </span>
     <span class='ocr_line' id='line_1_33' title="bbox 217 1491 956 1525; baseline -0.003 0"><span class='ocrx_word' id='word_1_144' title='bbox 217 1503 255 1525; x_wconf 82' lang='lat' dir='ltr'>ex</span> <span class='ocrx_word' id='word_1_145' title='bbox 279 1492 366 1524; x_wconf 74' lang='lat' dir='ltr'>certa</span> <span class='ocrx_word' id='word_1_146' title='bbox 389 1491 524 1524; x_wconf 77' lang='lat' dir='ltr'>scientia</span> <span class='ocrx_word' id='word_1_147' title='bbox 549 1496 580 1524; x_wconf 89' lang='lat' dir='ltr'>et</span> <span class='ocrx_word' id='word_1_148' title='bbox 606 1494 729 1524; x_wconf 74' lang='lat' dir='ltr'>matura</span> <span class='ocrx_word' id='word_1_149' title='bbox 747 1491 956 1524; x_wconf 80' lang='lat' dir='ltr'>deliberatio-</span> 
     </span>
     <span class='ocr_line' id='line_1_34' title="bbox 216 1544 955 1588; baseline -0.001 -11"><span class='ocrx_word' id='word_1_150' title='bbox 216 1554 257 1577; x_wconf 88' lang='lat' dir='ltr'>ne</span> <span class='ocrx_word' id='word_1_151' title='bbox 285 1544 412 1585; x_wconf 77' lang='lat' dir='ltr'>nostris,</span> <span class='ocrx_word' id='word_1_152' title='bbox 432 1545 536 1588; x_wconf 87' lang='lat' dir='ltr'>deque</span> <span class='ocrx_word' id='word_1_153' title='bbox 563 1545 759 1587; x_wconf 81' lang='lat' dir='ltr'>apostolicae</span> <span class='ocrx_word' id='word_1_154' title='bbox 784 1545 955 1588; x_wconf 87' lang='lat' dir='ltr'>potestatis</span> 
     </span>
     <span class='ocr_line' id='line_1_35' title="bbox 215 1597 955 1641; baseline 0 -11"><span class='ocrx_word' id='word_1_155' title='bbox 215 1597 427 1641; x_wconf 86' lang='lat' dir='ltr'>plenitudine,</span> <span class='ocrx_word' id='word_1_156' title='bbox 447 1598 649 1641; x_wconf 84' lang='lat' dir='ltr'>supradictas</span> <span class='ocrx_word' id='word_1_157' title='bbox 668 1598 847 1631; x_wconf 77' lang='lat' dir='ltr'>innocentii</span> <span class='ocrx_word' id='word_1_158' title='bbox 866 1608 955 1641; x_wconf 89' lang='lat' dir='ltr'>prae-</span> 
     </span>
     <span class='ocr_line' id='line_1_36' title="bbox 217 1651 955 1695; baseline -0.001 -10"><span class='ocrx_word' id='word_1_159' title='bbox 217 1651 393 1685; x_wconf 81' lang='lat' dir='ltr'>decessoris</span> <span class='ocrx_word' id='word_1_160' title='bbox 419 1651 559 1691; x_wconf 81' lang='lat' dir='ltr'>litteras,</span> <span class='ocrx_word' id='word_1_161' title='bbox 579 1662 637 1695; x_wconf 84' lang='lat' dir='ltr'>per</span> <span class='ocrx_word' id='word_1_162' title='bbox 654 1662 713 1685; x_wconf 90' lang='lat' dir='ltr'>nos</span> <span class='ocrx_word' id='word_1_163' title='bbox 734 1652 902 1695; x_wconf 83' lang='lat' dir='ltr'>ampliatas</span> <span class='ocrx_word' id='word_1_164' title='bbox 924 1658 955 1685; x_wconf 87' lang='lat' dir='ltr'>et</span> 
     </span>
     <span class='ocr_line' id='line_1_37' title="bbox 215 1705 954 1748; baseline 0.001 -11"><span class='ocrx_word' id='word_1_165' title='bbox 215 1709 386 1744; x_wconf 81' lang='lat' dir='ltr'>extensas,</span> <span class='ocrx_word' id='word_1_166' title='bbox 413 1709 448 1736; x_wconf 93' lang='lat' dir='ltr'>ut</span> <span class='ocrx_word' id='word_1_167' title='bbox 473 1705 671 1748; x_wconf 79' lang='lat' dir='ltr'>praefertur,</span> <span class='ocrx_word' id='word_1_168' title='bbox 699 1705 753 1738; x_wconf 84' lang='lat' dir='ltr'>illa</span> <span class='ocrx_word' id='word_1_169' title='bbox 779 1705 873 1738; x_wconf 82' lang='lat' dir='ltr'>eliam</span> <span class='ocrx_word' id='word_1_170' title='bbox 899 1716 954 1748; x_wconf 86' lang='lat' dir='ltr'>pe-</span> 
     </span>
     <span class='ocr_line' id='line_1_38' title="bbox 214 1757 955 1802; baseline 0.003 -12"><span class='ocrx_word' id='word_1_171' title='bbox 214 1757 335 1799; x_wconf 83' lang='lat' dir='ltr'>cunias,</span> <span class='ocrx_word' id='word_1_172' title='bbox 354 1768 417 1798; x_wconf 86' lang='lat' dir='ltr'>res,</span> <span class='ocrx_word' id='word_1_173' title='bbox 447 1758 528 1798; x_wconf 82' lang='lat' dir='ltr'>iura,</span> <span class='ocrx_word' id='word_1_174' title='bbox 552 1763 726 1802; x_wconf 85' lang='lat' dir='ltr'>ceteraque</span> <span class='ocrx_word' id='word_1_175' title='bbox 752 1759 835 1792; x_wconf 89' lang='lat' dir='ltr'>bona</span> <span class='ocrx_word' id='word_1_176' title='bbox 861 1769 955 1802; x_wconf 88' lang='lat' dir='ltr'>prae-</span> 
     </span>
     <span class='ocr_line' id='line_1_39' title="bbox 215 1810 952 1856; baseline 0.001 -12"><span class='ocrx_word' id='word_1_177' title='bbox 215 1811 279 1844; x_wconf 84' lang='lat' dir='ltr'>sata</span> <span class='ocrx_word' id='word_1_178' title='bbox 316 1810 401 1844; x_wconf 81' lang='lat' dir='ltr'>tam¹</span> <span class='ocrx_word' id='word_1_179' title='bbox 427 1811 555 1844; x_wconf 85' lang='lat' dir='ltr'>stabilia</span> <span class='ocrx_word' id='word_1_180' title='bbox 580 1822 639 1854; x_wconf 87' lang='lat' dir='ltr'>per</span> <span class='ocrx_word' id='word_1_181' title='bbox 669 1812 952 1856; x_wconf 78' lang='lat' dir='ltr'>archiepiscopos,</span> 
     </span>
     <span class='ocr_line' id='line_1_40' title="bbox 214 1865 952 1910; baseline 0.001 -12"><span class='ocrx_word' id='word_1_182' title='bbox 214 1865 385 1910; x_wconf 86' lang='lat' dir='ltr'>episcopos</span> <span class='ocrx_word' id='word_1_183' title='bbox 423 1876 460 1898; x_wconf 85' lang='lat' dir='ltr'>ac</span> <span class='ocrx_word' id='word_1_184' title='bbox 493 1866 653 1908; x_wconf 87' lang='lat' dir='ltr'>praelatos</span> <span class='ocrx_word' id='word_1_185' title='bbox 679 1865 852 1899; x_wconf 80' lang='lat' dir='ltr'>inferiores</span> <span class='ocrx_word' id='word_1_186' title='bbox 877 1866 952 1899; x_wconf 86' lang='lat' dir='ltr'>dicti</span> 
     </span>
     <span class='ocr_line' id='line_1_41' title="bbox 214 1917 955 1961; baseline 0 -11"><span class='ocrx_word' id='word_1_187' title='bbox 214 1917 307 1961; x_wconf 85' lang='lat' dir='ltr'>regni</span> <span class='ocrx_word' id='word_1_188' title='bbox 331 1928 368 1951; x_wconf 89' lang='lat' dir='ltr'>ex</span> <span class='ocrx_word' id='word_1_189' title='bbox 394 1917 574 1950; x_wconf 85' lang='lat' dir='ltr'>redditibus</span> <span class='ocrx_word' id='word_1_190' title='bbox 593 1923 624 1951; x_wconf 89' lang='lat' dir='ltr'>et</span> <span class='ocrx_word' id='word_1_191' title='bbox 644 1918 857 1961; x_wconf 84' lang='lat' dir='ltr'>proventibus</span> <span class='ocrx_word' id='word_1_192' title='bbox 883 1929 955 1951; x_wconf 87' lang='lat' dir='ltr'>sua-</span> 
     </span>
     <span class='ocr_line' id='line_1_42' title="bbox 214 1969 955 2014; baseline 0 -11"><span class='ocrx_word' id='word_1_193' title='bbox 214 1980 284 2003; x_wconf 92' lang='lat' dir='ltr'>rum</span> <span class='ocrx_word' id='word_1_194' title='bbox 321 1969 530 2003; x_wconf 82' lang='lat' dir='ltr'>eeclesiarum</span> <span class='ocrx_word' id='word_1_195' title='bbox 566 1970 731 2013; x_wconf 86' lang='lat' dir='ltr'>aequisita,</span> <span class='ocrx_word' id='word_1_196' title='bbox 763 1971 801 2003; x_wconf 88' lang='lat' dir='ltr'>de</span> <span class='ocrx_word' id='word_1_197' title='bbox 839 1971 955 2014; x_wconf 84' lang='lat' dir='ltr'>quibus</span> 
     </span>
     <span class='ocr_line' id='line_1_43' title="bbox 214 2023 955 2068; baseline 0.001 -11"><span class='ocrx_word' id='word_1_198' title='bbox 214 2025 253 2057; x_wconf 84' lang='lat' dir='ltr'>ab</span> <span class='ocrx_word' id='word_1_199' title='bbox 279 2024 403 2057; x_wconf 87' lang='lat' dir='ltr'>eisdem</span> <span class='ocrx_word' id='word_1_200' title='bbox 429 2023 696 2067; x_wconf 78' lang='lat' dir='ltr'>archiepiscopis,</span> <span class='ocrx_word' id='word_1_201' title='bbox 723 2024 888 2068; x_wconf 88' lang='lat' dir='ltr'>episeopis</span> <span class='ocrx_word' id='word_1_202' title='bbox 924 2031 955 2058; x_wconf 90' lang='lat' dir='ltr'>et</span> 
     </span>
     <span class='ocr_line' id='line_1_44' title="bbox 213 2076 955 2121; baseline 0 -11"><span class='ocrx_word' id='word_1_203' title='bbox 213 2077 365 2121; x_wconf 86' lang='lat' dir='ltr'>praelatis</span> <span class='ocrx_word' id='word_1_204' title='bbox 383 2086 443 2120; x_wconf 86' lang='lat' dir='ltr'>per</span> <span class='ocrx_word' id='word_1_205' title='bbox 460 2076 667 2109; x_wconf 70' lang='lat' dir='ltr'>donationem</span> <span class='ocrx_word' id='word_1_206' title='bbox 698 2087 753 2109; x_wconf 87' lang='lat' dir='ltr'>seu</span> <span class='ocrx_word' id='word_1_207' title='bbox 780 2077 861 2110; x_wconf 86' lang='lat' dir='ltr'>alios</span> <span class='ocrx_word' id='word_1_208' title='bbox 880 2088 955 2110; x_wconf 88' lang='lat' dir='ltr'>con-</span> 
     </span>
     <span class='ocr_line' id='line_1_45' title="bbox 211 2123 953 2168; baseline 0.001 -6"><span class='ocrx_word' id='word_1_209' title='bbox 211 2123 332 2163; x_wconf 89' lang='lat' dir='ltr'>tractus</span> <span class='ocrx_word' id='word_1_210' title='bbox 356 2128 443 2162; x_wconf 89' lang='lat' dir='ltr'>inter</span> <span class='ocrx_word' id='word_1_211' title='bbox 467 2129 561 2168; x_wconf 89' lang='lat' dir='ltr'>vivos,</span> <span class='ocrx_word' id='word_1_212' title='bbox 580 2139 652 2161; x_wconf 88' lang='lat' dir='ltr'>cum</span> <span class='ocrx_word' id='word_1_213' title='bbox 678 2130 953 2163; x_wconf 86' lang='lat' dir='ltr'>reservationibus</span> 
     </span>
     <span class='ocr_line' id='line_1_46' title="bbox 215 2183 955 2223; baseline -0.001 -6"><span class='ocrx_word' id='word_1_214' title='bbox 215 2183 347 2217; x_wconf 90' lang='lat' dir='ltr'>illorum</span> <span class='ocrx_word' id='word_1_215' title='bbox 373 2183 550 2223; x_wconf 80' lang='lat' dir='ltr'>fructuum,</span> <span class='ocrx_word' id='word_1_216' title='bbox 571 2193 666 2223; x_wconf 78' lang='lat' dir='ltr'>usus,</span> <span class='ocrx_word' id='word_1_217' title='bbox 687 2183 734 2215; x_wconf 79' lang='lat' dir='ltr'>vel</span> <span class='ocrx_word' id='word_1_218' title='bbox 753 2183 892 2216; x_wconf 89' lang='lat' dir='ltr'>cuiusvis</span> <span class='ocrx_word' id='word_1_219' title='bbox 910 2185 955 2216; x_wconf 84' lang='lat' dir='ltr'>al-</span> 
     </span>
     <span class='ocr_line' id='line_1_47' title="bbox 216 2236 955 2276; baseline -0.001 -6"><span class='ocrx_word' id='word_1_220' title='bbox 216 2236 317 2271; x_wconf 86' lang='lat' dir='ltr'>terius</span> <span class='ocrx_word' id='word_1_221' title='bbox 342 2236 582 2270; x_wconf 83' lang='lat' dir='ltr'>commoditatis</span> <span class='ocrx_word' id='word_1_222' title='bbox 608 2236 646 2269; x_wconf 86' lang='lat' dir='ltr'>ad</span> <span class='ocrx_word' id='word_1_223' title='bbox 678 2236 725 2268; x_wconf 79' lang='lat' dir='ltr'>sui</span> <span class='ocrx_word' id='word_1_224' title='bbox 761 2236 869 2276; x_wconf 85' lang='lat' dir='ltr'>vitam,</span> <span class='ocrx_word' id='word_1_225' title='bbox 899 2238 955 2269; x_wconf 92' lang='lat' dir='ltr'>ali-</span> 
     </span>
     <span class='ocr_line' id='line_1_48' title="bbox 216 2289 953 2334; baseline -0.003 -11"><span class='ocrx_word' id='word_1_226' title='bbox 216 2296 266 2324; x_wconf 91' lang='lat' dir='ltr'>ter</span> <span class='ocrx_word' id='word_1_227' title='bbox 291 2300 388 2334; x_wconf 88' lang='lat' dir='ltr'>quam</span> <span class='ocrx_word' id='word_1_228' title='bbox 414 2289 446 2321; x_wconf 93' lang='lat' dir='ltr'>in</span> <span class='ocrx_word' id='word_1_229' title='bbox 472 2289 711 2332; x_wconf 83' lang='lat' dir='ltr'>praedictarum</span> <span class='ocrx_word' id='word_1_230' title='bbox 743 2289 953 2322; x_wconf 83' lang='lat' dir='ltr'>ecclesiarum</span> 
     </span>
     <span class='ocr_line' id='line_1_49' title="bbox 215 2342 955 2385; baseline -0.005 -7"><span class='ocrx_word' id='word_1_231' title='bbox 215 2343 411 2378; x_wconf 80' lang='lat' dir='ltr'>beneficium</span> <span class='ocrx_word' id='word_1_232' title='bbox 439 2347 470 2376; x_wconf 89' lang='lat' dir='ltr'>et</span> <span class='ocrx_word' id='word_1_233' title='bbox 494 2342 666 2375; x_wconf 85' lang='lat' dir='ltr'>utilitatem</span> <span class='ocrx_word' id='word_1_234' title='bbox 708 2342 955 2385; x_wconf 85' lang='lat' dir='ltr'>quomodolibet</span> 
     </span>
     <span class='ocr_line' id='line_1_50' title="bbox 217 2395 955 2442; baseline -0.003 -11"><span class='ocrx_word' id='word_1_235' title='bbox 217 2396 411 2442; x_wconf 88' lang='lat' dir='ltr'>dispositum</span> <span class='ocrx_word' id='word_1_236' title='bbox 438 2395 549 2435; x_wconf 88' lang='lat' dir='ltr'>suerit,</span> <span class='ocrx_word' id='word_1_237' title='bbox 568 2405 626 2428; x_wconf 90' lang='lat' dir='ltr'>seu</span> <span class='ocrx_word' id='word_1_238' title='bbox 652 2395 783 2438; x_wconf 89' lang='lat' dir='ltr'>disponi</span> <span class='ocrx_word' id='word_1_239' title='bbox 809 2396 955 2439; x_wconf 87' lang='lat' dir='ltr'>quando·</span> 
     </span>
     <span class='ocr_line' id='line_1_51' title="bbox 217 2447 955 2493; baseline -0.003 -10"><span class='ocrx_word' id='word_1_240' title='bbox 217 2459 355 2493; x_wconf 88' lang='lat' dir='ltr'>cumque</span> <span class='ocrx_word' id='word_1_241' title='bbox 375 2447 568 2491; x_wconf 82' lang='lat' dir='ltr'>contigerit,</span> <span class='ocrx_word' id='word_1_242' title='bbox 595 2448 892 2491; x_wconf 80' lang='lat' dir='ltr'>comprehendere,</span> <span class='ocrx_word' id='word_1_243' title='bbox 919 2459 955 2481; x_wconf 89' lang='lat' dir='ltr'>ac</span> 
     </span>
    </p>
   </div>
   <div class='ocr_carea' id='block_1_6' title="bbox 217 2519 954 2599">
    <p class='ocr_par' dir='ltr' id='par_1_6' title="bbox 217 2519 954 2599">
     <span class='ocr_line' id='line_1_52' title="bbox 255 2519 954 2556; baseline -0.003 -7"><span class='ocrx_word' id='word_1_244' title='bbox 255 2522 265 2549; x_wconf 83' lang='lat'>1</span> <span class='ocrx_word' id='word_1_245' title='bbox 290 2520 402 2548; x_wconf 87' lang='lat' dir='ltr'>Videtur</span> <span class='ocrx_word' id='word_1_246' title='bbox 428 2520 572 2555; x_wconf 81' lang='lat' dir='ltr'>legendum</span> <span class='ocrx_word' id='word_1_247' title='bbox 593 2520 698 2552; x_wconf 76' lang='lat' dir='ltr'>etiam,</span> <span class='ocrx_word' id='word_1_248' title='bbox 721 2519 761 2547; x_wconf 88' lang='lat' dir='ltr'>vel</span> <span class='ocrx_word' id='word_1_249' title='bbox 786 2519 887 2556; x_wconf 82' lang='lat' dir='ltr'>aliquid</span> <span class='ocrx_word' id='word_1_250' title='bbox 907 2519 954 2547; x_wconf 87' lang='lat' dir='ltr'>de-</span> 
     </span>
     <span class='ocr_line' id='line_1_53' title="bbox 217 2566 385 2599; baseline -0.006 -6"><span class='ocrx_word' id='word_1_251' title='bbox 217 2568 258 2595; x_wconf 83' lang='lat' dir='ltr'>est</span> <span class='ocrx_word' id='word_1_252' title='bbox 276 2566 314 2597; x_wconf 79' lang='lat' dir='ltr'>(n.</span> <span class='ocrx_word' id='word_1_253' title='bbox 336 2567 385 2599; x_wconf 84' lang='lat' dir='ltr'>r.).</span> 
     </span>
    </p>
   </div>
   <div class='ocr_carea' id='block_1_7' title="bbox 284 2617 899 2649">
    <p class='ocr_par' dir='ltr' id='par_1_7' title="bbox 284 2617 899 2649">
     <span class='ocr_line' id='line_1_54' title="bbox 284 2617 899 2649; baseline -0.005 -1"><span class='ocrx_word' id='word_1_254' title='bbox 284 2621 366 2649; x_wconf 82' lang='lat' dir='ltr'>Bull.</span> <span class='ocrx_word' id='word_1_255' title='bbox 390 2620 474 2649; x_wconf 82' lang='lat' dir='ltr'>Rom.</span> <span class='ocrx_word' id='word_1_256' title='bbox 492 2636 525 2640; x_wconf 94' lang='lat'>——</span> <span class='ocrx_word' id='word_1_257' title='bbox 545 2619 607 2648; x_wconf 72' lang='lat' dir='ltr'>Vol.</span> <span class='ocrx_word' id='word_1_258' title='bbox 627 2618 719 2648; x_wconf 89' lang='lat' dir='ltr'><strong><em>XXII.</em></strong></span> <span class='ocrx_word' id='word_1_259' title='bbox 865 2617 899 2646; x_wconf 85' lang='lat'>58</span> 
     </span>
    </p>
   </div>
   <div class='ocr_carea' id='block_1_8' title="bbox 807 173 1156 198">
    <p class='ocr_par' dir='ltr' id='par_1_8' title="bbox 807 173 1156 198">
     <span class='ocr_line' id='line_1_55' title="bbox 807 173 1156 198; baseline 0.003 -1"><span class='ocrx_word' id='word_1_260' title='bbox 807 174 918 198; x_wconf 64' lang='lat' dir='ltr'>BEMED)</span> <span class='ocrx_word' id='word_1_261' title='bbox 925 173 1001 198; x_wconf 77' lang='lat' dir='ltr'>CTUS</span> <span class='ocrx_word' id='word_1_262' title='bbox 1027 174 1083 198; x_wconf 79' lang='lat' dir='ltr'>x111</span> <span class='ocrx_word' id='word_1_263' title='bbox 1108 174 1156 198; x_wconf 85' lang='lat' dir='ltr'>PP.</span> 
     </span>
    </p>
   </div>
   <div class='ocr_carea' id='block_1_9' title="bbox 975 243 983 2111">
    <p class='ocr_par' dir='ltr' id='par_1_9' title="bbox 975 243 983 2111">
     <span class='ocr_line' id='line_1_56' title="bbox 975 243 983 2111; baseline 0 0"><span class='ocrx_word' id='word_1_264' title='bbox 975 243 983 2111; x_wconf 95' lang='lat' dir='ltr'> </span> 
     </span>
    </p>
   </div>
   <div class='ocr_carea' id='block_1_10' title="bbox 997 221 1744 2544">
    <p class='ocr_par' dir='ltr' id='par_1_10' title="bbox 1001 221 1744 624">
     <span class='ocr_line' id='line_1_57' title="bbox 1004 221 1744 262; baseline 0.003 -9"><span class='ocrx_word' id='word_1_265' title='bbox 1004 221 1036 254; x_wconf 88' lang='lat' dir='ltr'>in</span> <span class='ocrx_word' id='word_1_266' title='bbox 1062 221 1127 255; x_wconf 87' lang='lat' dir='ltr'>illis</span> <span class='ocrx_word' id='word_1_267' title='bbox 1151 222 1257 256; x_wconf 88' lang='lat' dir='ltr'>locum</span> <span class='ocrx_word' id='word_1_268' title='bbox 1283 222 1441 262; x_wconf 86' lang='lat' dir='ltr'>obtinere,</span> <span class='ocrx_word' id='word_1_269' title='bbox 1461 228 1491 255; x_wconf 87' lang='lat' dir='ltr'>et</span> <span class='ocrx_word' id='word_1_270' title='bbox 1509 222 1548 255; x_wconf 84' lang='lat' dir='ltr'>ad</span> <span class='ocrx_word' id='word_1_271' title='bbox 1567 222 1622 255; x_wconf 87' lang='lat' dir='ltr'>illa</span> <span class='ocrx_word' id='word_1_272' title='bbox 1640 226 1744 255; x_wconf 76' lang='lat' dir='ltr'>exten-</span> 
     </span>
     <span class='ocr_line' id='line_1_58' title="bbox 1004 274 1744 318; baseline 0.003 -12"><span class='ocrx_word' id='word_1_273' title='bbox 1004 274 1047 314; x_wconf 92' lang='lat' dir='ltr'>di,</span> <span class='ocrx_word' id='word_1_274' title='bbox 1066 279 1179 308; x_wconf 86' lang='lat' dir='ltr'>tenore</span> <span class='ocrx_word' id='word_1_275' title='bbox 1199 276 1420 318; x_wconf 84' lang='lat' dir='ltr'>praesentium</span> <span class='ocrx_word' id='word_1_276' title='bbox 1438 276 1657 315; x_wconf 85' lang='lat' dir='ltr'>declaramus·‚</span> <span class='ocrx_word' id='word_1_277' title='bbox 1684 286 1744 308; x_wconf 75' lang='lat' dir='ltr'>nee</span> 
     </span>
     <span class='ocr_line' id='line_1_59' title="bbox 1002 328 1744 370; baseline 0.001 -11"><span class='ocrx_word' id='word_1_278' title='bbox 1002 338 1061 370; x_wconf 85' lang='lat' dir='ltr'>per</span> <span class='ocrx_word' id='word_1_279' title='bbox 1086 328 1245 361; x_wconf 87' lang='lat' dir='ltr'>eiusmodi</span> <span class='ocrx_word' id='word_1_280' title='bbox 1272 329 1483 369; x_wconf 80' lang='lat' dir='ltr'>donationes,</span> <span class='ocrx_word' id='word_1_281' title='bbox 1504 333 1688 362; x_wconf 84' lang='lat' dir='ltr'>contractus</span> <span class='ocrx_word' id='word_1_282' title='bbox 1714 333 1744 361; x_wconf 89' lang='lat' dir='ltr'>et</span> 
     </span>
     <span class='ocr_line' id='line_1_60' title="bbox 1002 379 1744 424; baseline 0.001 -12"><span class='ocrx_word' id='word_1_283' title='bbox 1002 379 1231 422; x_wconf 86' lang='lat' dir='ltr'>dispositiones</span> <span class='ocrx_word' id='word_1_284' title='bbox 1256 383 1357 414; x_wconf 86' lang='lat' dir='ltr'>ullum</span> <span class='ocrx_word' id='word_1_285' title='bbox 1393 381 1666 424; x_wconf 82' lang='lat' dir='ltr'>metropolitanis,</span> <span class='ocrx_word' id='word_1_286' title='bbox 1691 391 1744 413; x_wconf 88' lang='lat' dir='ltr'>ca-</span> 
     </span>
     <span class='ocr_line' id='line_1_61' title="bbox 1003 432 1744 477; baseline 0.003 -13"><span class='ocrx_word' id='word_1_287' title='bbox 1003 432 1207 466; x_wconf 86' lang='lat' dir='ltr'>thedralibus</span> <span class='ocrx_word' id='word_1_288' title='bbox 1234 439 1265 466; x_wconf 85' lang='lat' dir='ltr'>et</span> <span class='ocrx_word' id='word_1_289' title='bbox 1289 435 1362 468; x_wconf 85' lang='lat' dir='ltr'>aliis</span> <span class='ocrx_word' id='word_1_290' title='bbox 1384 434 1531 468; x_wconf 86' lang='lat' dir='ltr'>ecelesiis</span> <span class='ocrx_word' id='word_1_291' title='bbox 1556 434 1744 477; x_wconf 84' lang='lat' dir='ltr'>praedictis,</span> 
     </span>
     <span class='ocr_line' id='line_1_62' title="bbox 1003 486 1743 530; baseline 0.005 -14"><span class='ocrx_word' id='word_1_292' title='bbox 1003 495 1179 528; x_wconf 80' lang='lat' dir='ltr'>earumque</span> <span class='ocrx_word' id='word_1_293' title='bbox 1205 486 1335 527; x_wconf 88' lang='lat' dir='ltr'>iuribus,</span> <span class='ocrx_word' id='word_1_294' title='bbox 1367 487 1604 530; x_wconf 87' lang='lat' dir='ltr'>praeiudicium</span> <span class='ocrx_word' id='word_1_295' title='bbox 1631 487 1743 520; x_wconf 77' lang='lat' dir='ltr'>inferri</span> 
     </span>
     <span class='ocr_line' id='line_1_63' title="bbox 1001 539 1742 584; baseline 0.005 -14"><span class='ocrx_word' id='word_1_296' title='bbox 1001 547 1036 570; x_wconf 85' lang='lat' dir='ltr'>ac</span> <span class='ocrx_word' id='word_1_297' title='bbox 1062 539 1212 580; x_wconf 85' lang='lat' dir='ltr'>generari</span> <span class='ocrx_word' id='word_1_298' title='bbox 1238 539 1358 573; x_wconf 87' lang='lat' dir='ltr'>debere</span> <span class='ocrx_word' id='word_1_299' title='bbox 1383 545 1438 573; x_wconf 87' lang='lat' dir='ltr'>aut</span> <span class='ocrx_word' id='word_1_300' title='bbox 1461 550 1555 584; x_wconf 84' lang='lat' dir='ltr'>posse</span> <span class='ocrx_word' id='word_1_301' title='bbox 1581 546 1742 583; x_wconf 86' lang='lat' dir='ltr'>perpetuo</span> 
     </span>
     <span class='ocr_line' id='line_1_64' title="bbox 1001 595 1181 624; baseline 0.011 -2"><span class='ocrx_word' id='word_1_302' title='bbox 1001 595 1181 624; x_wconf 87' lang='lat' dir='ltr'>statuimus.</span> 
     </span>
    </p>

    <p class='ocr_par' dir='ltr' id='par_1_11' title="bbox 997 643 1743 2544">
     <span class='ocr_line' id='line_1_65' title="bbox 1044 643 1742 690; baseline 0.006 -14"><span class='ocrx_word' id='word_1_303' title='bbox 1044 643 1059 686; x_wconf 60' lang='grc' dir='ltr'><strong>ἓ</strong></span> <span class='ocrx_word' id='word_1_304' title='bbox 1083 643 1114 676; x_wconf 79' lang='grc'>4.</span> <span class='ocrx_word' id='word_1_305' title='bbox 1138 644 1371 685; x_wconf 85' lang='lat' dir='ltr'>Decernentes,</span> <span class='ocrx_word' id='word_1_306' title='bbox 1396 647 1526 680; x_wconf 87' lang='lat' dir='ltr'>easdem</span> <span class='ocrx_word' id='word_1_307' title='bbox 1552 651 1742 690; x_wconf 83' lang='lat' dir='ltr'>praesentes</span> 
     </span>
     <span class='ocr_line' id='line_1_66' title="bbox 1000 693 1741 737; baseline 0.007 -12"><span class='ocrx_word' id='word_1_308' title='bbox 1000 693 1125 726; x_wconf 70' lang='lat' dir='ltr'>litteras</span> <span class='ocrx_word' id='word_1_309' title='bbox 1152 700 1183 727; x_wconf 88' lang='lat' dir='ltr'>et</span> <span class='ocrx_word' id='word_1_310' title='bbox 1207 695 1239 727; x_wconf 89' lang='lat' dir='ltr'>in</span> <span class='ocrx_word' id='word_1_311' title='bbox 1258 695 1304 728; x_wconf 88' lang='lat' dir='ltr'>eis</span> <span class='ocrx_word' id='word_1_312' title='bbox 1331 702 1495 737; x_wconf 83' lang='lat' dir='ltr'>contenta,</span> <span class='ocrx_word' id='word_1_313' title='bbox 1516 697 1612 730; x_wconf 87' lang='lat' dir='ltr'>etiam</span> <span class='ocrx_word' id='word_1_314' title='bbox 1640 707 1676 729; x_wconf 86' lang='lat' dir='ltr'>ex</span> <span class='ocrx_word' id='word_1_315' title='bbox 1703 707 1741 730; x_wconf 89' lang='lat' dir='ltr'>eo</span> 
     </span>
     <span class='ocr_line' id='line_1_67' title="bbox 1002 746 1743 792; baseline 0.003 -14"><span class='ocrx_word' id='word_1_316' title='bbox 1002 746 1087 789; x_wconf 90' lang='lat' dir='ltr'>quod</span> <span class='ocrx_word' id='word_1_317' title='bbox 1114 747 1260 790; x_wconf 85' lang='lat' dir='ltr'>quilibet,</span> <span class='ocrx_word' id='word_1_318' title='bbox 1288 748 1383 782; x_wconf 84' lang='lat' dir='ltr'>etiam</span> <span class='ocrx_word' id='word_1_319' title='bbox 1411 749 1546 792; x_wconf 84' lang='lat' dir='ltr'>speciali</span> <span class='ocrx_word' id='word_1_320' title='bbox 1572 753 1601 782; x_wconf 85' lang='lat' dir='ltr'>et</span> <span class='ocrx_word' id='word_1_321' title='bbox 1626 748 1743 781; x_wconf 81' lang='lat' dir='ltr'>indivi-</span> 
     </span>
     <span class='ocr_line' id='line_1_68' title="bbox 1001 799 1743 845; baseline 0.003 -13"><span class='ocrx_word' id='word_1_322' title='bbox 1001 799 1062 832; x_wconf 80' lang='lat' dir='ltr'>dua</span> <span class='ocrx_word' id='word_1_323' title='bbox 1087 799 1251 832; x_wconf 88' lang='lat' dir='ltr'>mentione</span> <span class='ocrx_word' id='word_1_324' title='bbox 1278 800 1387 844; x_wconf 83' lang='lat' dir='ltr'>digni,</span> <span class='ocrx_word' id='word_1_325' title='bbox 1414 802 1445 834; x_wconf 90' lang='lat' dir='ltr'>in</span> <span class='ocrx_word' id='word_1_326' title='bbox 1482 802 1669 845; x_wconf 86' lang='lat' dir='ltr'>praemissis</span> <span class='ocrx_word' id='word_1_327' title='bbox 1695 801 1743 834; x_wconf 87' lang='lat' dir='ltr'>in-</span> 
     </span>
     <span class='ocr_line' id='line_1_69' title="bbox 1002 853 1742 899; baseline 0.003 -14"><span class='ocrx_word' id='word_1_328' title='bbox 1002 857 1123 886; x_wconf 83' lang='lat' dir='ltr'>teresse</span> <span class='ocrx_word' id='word_1_329' title='bbox 1149 853 1309 887; x_wconf 84' lang='lat' dir='ltr'>habentes</span> <span class='ocrx_word' id='word_1_330' title='bbox 1331 865 1387 888; x_wconf 89' lang='lat' dir='ltr'>seu</span> <span class='ocrx_word' id='word_1_331' title='bbox 1416 855 1538 888; x_wconf 85' lang='lat' dir='ltr'>habere</span> <span class='ocrx_word' id='word_1_332' title='bbox 1561 855 1742 899; x_wconf 84' lang='lat' dir='ltr'>quomodo-</span> 
     </span>
     <span class='ocr_line' id='line_1_70' title="bbox 1001 906 1742 949; baseline 0.001 -11"><span class='ocrx_word' id='word_1_333' title='bbox 1001 906 1080 938; x_wconf 91' lang='lat' dir='ltr'>libet</span> <span class='ocrx_word' id='word_1_334' title='bbox 1100 908 1370 949; x_wconf 87' lang='lat' dir='ltr'>praetendentes,</span> <span class='ocrx_word' id='word_1_335' title='bbox 1388 908 1453 942; x_wconf 89' lang='lat' dir='ltr'>illis</span> <span class='ocrx_word' id='word_1_336' title='bbox 1480 918 1546 940; x_wconf 92' lang='lat' dir='ltr'>non</span> <span class='ocrx_word' id='word_1_337' title='bbox 1566 917 1742 941; x_wconf 84' lang='lat' dir='ltr'>consense-</span> 
     </span>
     <span class='ocr_line' id='line_1_71' title="bbox 1001 958 1741 1003; baseline 0.004 -13"><span class='ocrx_word' id='word_1_338' title='bbox 1001 958 1082 998; x_wconf 89' lang='lat' dir='ltr'>rint,</span> <span class='ocrx_word' id='word_1_339' title='bbox 1104 969 1163 992; x_wconf 88' lang='lat' dir='ltr'>nec</span> <span class='ocrx_word' id='word_1_340' title='bbox 1189 959 1227 993; x_wconf 86' lang='lat' dir='ltr'>ad</span> <span class='ocrx_word' id='word_1_341' title='bbox 1255 970 1293 993; x_wconf 87' lang='lat' dir='ltr'>ea</span> <span class='ocrx_word' id='word_1_342' title='bbox 1309 961 1413 994; x_wconf 80' lang='lat' dir='ltr'>vocati</span> <span class='ocrx_word' id='word_1_343' title='bbox 1440 967 1471 994; x_wconf 88' lang='lat' dir='ltr'>et</span> <span class='ocrx_word' id='word_1_344' title='bbox 1496 960 1614 999; x_wconf 83' lang='lat' dir='ltr'>auditi,</span> <span class='ocrx_word' id='word_1_345' title='bbox 1635 969 1741 1003; x_wconf 82' lang='lat' dir='ltr'>neque</span> 
     </span>
     <span class='ocr_line' id='line_1_72' title="bbox 1001 1013 1742 1056; baseline 0.001 -13"><span class='ocrx_word' id='word_1_346' title='bbox 1001 1021 1137 1051; x_wconf 84' lang='lat' dir='ltr'>causae,</span> <span class='ocrx_word' id='word_1_347' title='bbox 1166 1017 1300 1055; x_wconf 87' lang='lat' dir='ltr'>propter</span> <span class='ocrx_word' id='word_1_348' title='bbox 1332 1023 1411 1055; x_wconf 83' lang='lat' dir='ltr'>quas</span> <span class='ocrx_word' id='word_1_349' title='bbox 1438 1013 1526 1056; x_wconf 84' lang='lat' dir='ltr'>ipsae</span> <span class='ocrx_word' id='word_1_350' title='bbox 1551 1018 1742 1056; x_wconf 82' lang='lat' dir='ltr'>praesentes</span> 
     </span>
     <span class='ocr_line' id='line_1_73' title="bbox 1001 1065 1740 1105; baseline -0.001 -8"><span class='ocrx_word' id='word_1_351' title='bbox 1001 1070 1211 1105; x_wconf 83' lang='lat' dir='ltr'>emanarunt,</span> <span class='ocrx_word' id='word_1_352' title='bbox 1249 1065 1448 1098; x_wconf 83' lang='lat' dir='ltr'>sufficienter</span> <span class='ocrx_word' id='word_1_353' title='bbox 1487 1072 1541 1098; x_wconf 84' lang='lat' dir='ltr'>aut</span> <span class='ocrx_word' id='word_1_354' title='bbox 1576 1066 1740 1098; x_wconf 86' lang='lat' dir='ltr'>ullatenus</span> 
     </span>
     <span class='ocr_line' id='line_1_74' title="bbox 1001 1117 1740 1157; baseline 0 -8"><span class='ocrx_word' id='word_1_355' title='bbox 1001 1117 1169 1157; x_wconf 87' lang='lat' dir='ltr'>adductae,</span> <span class='ocrx_word' id='word_1_356' title='bbox 1189 1117 1372 1151; x_wconf 82' lang='lat' dir='ltr'>verifieatae</span> <span class='ocrx_word' id='word_1_357' title='bbox 1399 1123 1431 1151; x_wconf 91' lang='lat' dir='ltr'>et</span> <span class='ocrx_word' id='word_1_358' title='bbox 1451 1117 1645 1150; x_wconf 78' lang='lat' dir='ltr'>iustificatue</span> <span class='ocrx_word' id='word_1_359' title='bbox 1671 1117 1740 1150; x_wconf 89' lang='lat' dir='ltr'>sue-</span> 
     </span>
     <span class='ocr_line' id='line_1_75' title="bbox 1003 1171 1741 1215; baseline 0.001 -13"><span class='ocrx_word' id='word_1_360' title='bbox 1003 1171 1078 1211; x_wconf 89' lang='lat' dir='ltr'>rint,</span> <span class='ocrx_word' id='word_1_361' title='bbox 1106 1181 1161 1203; x_wconf 87' lang='lat' dir='ltr'>seu</span> <span class='ocrx_word' id='word_1_362' title='bbox 1189 1182 1225 1204; x_wconf 75' lang='lat' dir='ltr'>ex</span> <span class='ocrx_word' id='word_1_363' title='bbox 1248 1171 1310 1204; x_wconf 78' lang='lat' dir='ltr'>alia</span> <span class='ocrx_word' id='word_1_364' title='bbox 1336 1182 1553 1215; x_wconf 86' lang='lat' dir='ltr'>quacumque,</span> <span class='ocrx_word' id='word_1_365' title='bbox 1573 1176 1741 1214; x_wconf 84' lang='lat' dir='ltr'>quantuni-</span> 
     </span>
     <span class='ocr_line' id='line_1_76' title="bbox 1001 1223 1742 1267; baseline 0.001 -13"><span class='ocrx_word' id='word_1_366' title='bbox 1001 1223 1046 1255; x_wconf 84' lang='lat' dir='ltr'>vis</span> <span class='ocrx_word' id='word_1_367' title='bbox 1072 1223 1134 1266; x_wconf 67' lang='lat' dir='ltr'>pia,</span> <span class='ocrx_word' id='word_1_368' title='bbox 1161 1223 1297 1256; x_wconf 66' lang='lat' dir='ltr'>inridit-a</span> <span class='ocrx_word' id='word_1_369' title='bbox 1333 1229 1364 1256; x_wconf 90' lang='lat' dir='ltr'>et</span> <span class='ocrx_word' id='word_1_370' title='bbox 1396 1224 1600 1267; x_wconf 75' lang='lat' dir='ltr'>privilegiata</span> <span class='ocrx_word' id='word_1_371' title='bbox 1633 1226 1742 1264; x_wconf 71' lang='lat' dir='ltr'>causa,</span> 
     </span>
     <span class='ocr_line' id='line_1_77' title="bbox 1001 1276 1741 1319; baseline 0.003 -12"><span class='ocrx_word' id='word_1_372' title='bbox 1001 1276 1132 1315; x_wconf 78' lang='lat' dir='ltr'>colore,</span> <span class='ocrx_word' id='word_1_373' title='bbox 1160 1281 1328 1318; x_wconf 83' lang='lat' dir='ltr'>praetextu</span> <span class='ocrx_word' id='word_1_374' title='bbox 1355 1277 1403 1309; x_wconf 88' lang='lat' dir='ltr'>vel</span> <span class='ocrx_word' id='word_1_375' title='bbox 1430 1276 1552 1319; x_wconf 85' lang='lat' dir='ltr'>capite,</span> <span class='ocrx_word' id='word_1_376' title='bbox 1581 1276 1676 1309; x_wconf 84' lang='lat' dir='ltr'>etiam</span> <span class='ocrx_word' id='word_1_377' title='bbox 1707 1276 1741 1309; x_wconf 88' lang='lat' dir='ltr'>in</span> 
     </span>
     <span class='ocr_line' id='line_1_78' title="bbox 1001 1328 1739 1371; baseline 0 -11"><span class='ocrx_word' id='word_1_378' title='bbox 1001 1338 1137 1371; x_wconf 87' lang='lat' dir='ltr'>corpore</span> <span class='ocrx_word' id='word_1_379' title='bbox 1163 1328 1242 1360; x_wconf 89' lang='lat' dir='ltr'>iuris</span> <span class='ocrx_word' id='word_1_380' title='bbox 1267 1330 1404 1369; x_wconf 76' lang='lat' dir='ltr'>clauso,</span> <span class='ocrx_word' id='word_1_381' title='bbox 1442 1329 1538 1362; x_wconf 85' lang='lat' dir='ltr'>etiam</span> <span class='ocrx_word' id='word_1_382' title='bbox 1574 1330 1739 1370; x_wconf 87' lang='lat' dir='ltr'>enormis,</span> 
     </span>
     <span class='ocr_line' id='line_1_79' title="bbox 1001 1382 1740 1422; baseline 0.003 -9"><span class='ocrx_word' id='word_1_383' title='bbox 1001 1382 1246 1414; x_wconf 84' lang='lat' dir='ltr'>enormissimae</span> <span class='ocrx_word' id='word_1_384' title='bbox 1272 1388 1303 1415; x_wconf 92' lang='lat' dir='ltr'>et</span> <span class='ocrx_word' id='word_1_385' title='bbox 1330 1383 1435 1415; x_wconf 87' lang='lat' dir='ltr'>totalis</span> <span class='ocrx_word' id='word_1_386' title='bbox 1459 1383 1624 1422; x_wconf 87' lang='lat' dir='ltr'>laesionis,</span> <span class='ocrx_word' id='word_1_387' title='bbox 1650 1384 1740 1416; x_wconf 86' lang='lat' dir='ltr'>nullo</span> 
     </span>
     <span class='ocr_line' id='line_1_80' title="bbox 1000 1436 1742 1479; baseline 0.003 -13"><span class='ocrx_word' id='word_1_388' title='bbox 1000 1445 1140 1478; x_wconf 87' lang='lat' dir='ltr'>unquam</span> <span class='ocrx_word' id='word_1_389' title='bbox 1160 1441 1306 1478; x_wconf 86' lang='lat' dir='ltr'>tempore</span> <span class='ocrx_word' id='word_1_390' title='bbox 1326 1436 1364 1468; x_wconf 87' lang='lat' dir='ltr'>de</span> <span class='ocrx_word' id='word_1_391' title='bbox 1381 1436 1599 1479; x_wconf 83' lang='lat' dir='ltr'>subreptionis</span> <span class='ocrx_word' id='word_1_392' title='bbox 1619 1436 1666 1468; x_wconf 84' lang='lat' dir='ltr'>vel</span> <span class='ocrx_word' id='word_1_393' title='bbox 1685 1436 1742 1468; x_wconf 90' lang='lat' dir='ltr'>ob-</span> 
     </span>
     <span class='ocr_line' id='line_1_81' title="bbox 1000 1488 1741 1531; baseline 0.003 -11"><span class='ocrx_word' id='word_1_394' title='bbox 1000 1488 1158 1531; x_wconf 84' lang='lat' dir='ltr'>reptionis</span> <span class='ocrx_word' id='word_1_395' title='bbox 1176 1494 1226 1521; x_wconf 90' lang='lat' dir='ltr'>aut</span> <span class='ocrx_word' id='word_1_396' title='bbox 1256 1489 1411 1521; x_wconf 86' lang='lat' dir='ltr'>nullitatis</span> <span class='ocrx_word' id='word_1_397' title='bbox 1438 1490 1525 1528; x_wconf 84' lang='lat' dir='ltr'>vitio,</span> <span class='ocrx_word' id='word_1_398' title='bbox 1553 1500 1608 1522; x_wconf 86' lang='lat' dir='ltr'>seu</span> <span class='ocrx_word' id='word_1_399' title='bbox 1636 1490 1741 1522; x_wconf 90' lang='lat' dir='ltr'>inten-</span> 
     </span>
     <span class='ocr_line' id='line_1_82' title="bbox 1001 1542 1740 1582; baseline 0.003 -8"><span class='ocrx_word' id='word_1_400' title='bbox 1001 1542 1095 1574; x_wconf 84' lang='lat' dir='ltr'>tionis</span> <span class='ocrx_word' id='word_1_401' title='bbox 1122 1547 1265 1582; x_wconf 89' lang='lat' dir='ltr'>nostrae,</span> <span class='ocrx_word' id='word_1_402' title='bbox 1290 1543 1339 1576; x_wconf 87' lang='lat' dir='ltr'>vel</span> <span class='ocrx_word' id='word_1_403' title='bbox 1366 1543 1525 1576; x_wconf 87' lang='lat' dir='ltr'>interesse</span> <span class='ocrx_word' id='word_1_404' title='bbox 1553 1543 1740 1576; x_wconf 85' lang='lat' dir='ltr'>habentium</span> 
     </span>
     <span class='ocr_line' id='line_1_83' title="bbox 999 1594 1740 1640; baseline 0.003 -12"><span class='ocrx_word' id='word_1_405' title='bbox 999 1598 1179 1629; x_wconf 73' lang='lat' dir='ltr'>consensus</span> <span class='ocrx_word' id='word_1_406' title='bbox 1193 1594 1213 1636; x_wconf 88' lang='lat'>¹,</span> <span class='ocrx_word' id='word_1_407' title='bbox 1234 1596 1335 1629; x_wconf 90' lang='lat' dir='ltr'>aliove</span> <span class='ocrx_word' id='word_1_408' title='bbox 1352 1597 1510 1640; x_wconf 87' lang='lat' dir='ltr'>quolibet,</span> <span class='ocrx_word' id='word_1_409' title='bbox 1525 1597 1740 1640; x_wconf 87' lang='lat' dir='ltr'>quamtumvis</span> 
     </span>
     <span class='ocr_line' id='line_1_84' title="bbox 999 1649 1741 1691; baseline 0.001 -10"><span class='ocrx_word' id='word_1_410' title='bbox 999 1659 1124 1691; x_wconf 84' lang='lat' dir='ltr'>magno,</span> <span class='ocrx_word' id='word_1_411' title='bbox 1153 1649 1287 1690; x_wconf 73' lang='lat' dir='ltr'>formali,</span> <span class='ocrx_word' id='word_1_412' title='bbox 1319 1650 1525 1682; x_wconf 79' lang='lat' dir='ltr'>substantiali</span> <span class='ocrx_word' id='word_1_413' title='bbox 1551 1660 1586 1682; x_wconf 89' lang='lat' dir='ltr'>ac</span> <span class='ocrx_word' id='word_1_414' title='bbox 1611 1650 1741 1683; x_wconf 83' lang='lat' dir='ltr'>inexco-</span> 
     </span>
     <span class='ocr_line' id='line_1_85' title="bbox 999 1703 1740 1746; baseline 0.001 -11"><span class='ocrx_word' id='word_1_415' title='bbox 999 1703 1124 1746; x_wconf 82' lang='lat' dir='ltr'>gitabili</span> <span class='ocrx_word' id='word_1_416' title='bbox 1151 1703 1276 1736; x_wconf 81' lang='lat' dir='ltr'>defectu</span> <span class='ocrx_word' id='word_1_417' title='bbox 1303 1704 1428 1744; x_wconf 86' lang='lat' dir='ltr'>notari,</span> <span class='ocrx_word' id='word_1_418' title='bbox 1455 1703 1609 1745; x_wconf 80' lang='lat' dir='ltr'>infringi,</span> <span class='ocrx_word' id='word_1_419' title='bbox 1636 1704 1740 1746; x_wconf 87' lang='lat' dir='ltr'>impu-</span> 
     </span>
     <span class='ocr_line' id='line_1_86' title="bbox 999 1756 1741 1799; baseline 0.003 -11"><span class='ocrx_word' id='word_1_420' title='bbox 999 1756 1112 1799; x_wconf 76' lang='lat' dir='ltr'>gnari,</span> <span class='ocrx_word' id='word_1_421' title='bbox 1141 1757 1330 1796; x_wconf 81' lang='lat' dir='ltr'>retractari,</span> <span class='ocrx_word' id='word_1_422' title='bbox 1358 1757 1388 1790; x_wconf 90' lang='lat' dir='ltr'>in</span> <span class='ocrx_word' id='word_1_423' title='bbox 1415 1756 1664 1790; x_wconf 81' lang='lat' dir='ltr'>controversiam</span> <span class='ocrx_word' id='word_1_424' title='bbox 1691 1767 1741 1790; x_wconf 87' lang='lat' dir='ltr'>re-</span> 
     </span>
     <span class='ocr_line' id='line_1_87' title="bbox 997 1807 1739 1850; baseline 0 -7"><span class='ocrx_word' id='word_1_425' title='bbox 997 1811 1115 1850; x_wconf 70' lang='lat' dir='ltr'>vocari,</span> <span class='ocrx_word' id='word_1_426' title='bbox 1133 1816 1187 1844; x_wconf 87' lang='lat' dir='ltr'>aut</span> <span class='ocrx_word' id='word_1_427' title='bbox 1209 1811 1247 1843; x_wconf 90' lang='lat' dir='ltr'>ad</span> <span class='ocrx_word' id='word_1_428' title='bbox 1269 1807 1423 1843; x_wconf 82' lang='lat' dir='ltr'>terminos</span> <span class='ocrx_word' id='word_1_429' title='bbox 1441 1810 1519 1843; x_wconf 86' lang='lat' dir='ltr'>iuris</span> <span class='ocrx_word' id='word_1_430' title='bbox 1539 1810 1661 1850; x_wconf 83' lang='lat' dir='ltr'>reduci,</span> <span class='ocrx_word' id='word_1_431' title='bbox 1682 1820 1739 1843; x_wconf 89' lang='lat' dir='ltr'>seu</span> 
     </span>
     <span class='ocr_line' id='line_1_88' title="bbox 998 1863 1740 1907; baseline 0 -10"><span class='ocrx_word' id='word_1_432' title='bbox 998 1865 1150 1897; x_wconf 79' lang='lat' dir='ltr'>adversus</span> <span class='ocrx_word' id='word_1_433' title='bbox 1176 1865 1230 1897; x_wconf 86' lang='lat' dir='ltr'>illa</span> <span class='ocrx_word' id='word_1_434' title='bbox 1256 1864 1449 1907; x_wconf 90' lang='lat' dir='ltr'>aperitionis</span> <span class='ocrx_word' id='word_1_435' title='bbox 1467 1863 1540 1903; x_wconf 90' lang='lat' dir='ltr'>oris,</span> <span class='ocrx_word' id='word_1_436' title='bbox 1560 1863 1740 1897; x_wconf 77' lang='lat' dir='ltr'>restitutio-</span> 
     </span>
     <span class='ocr_line' id='line_1_89' title="bbox 999 1917 1739 1961; baseline 0 -10"><span class='ocrx_word' id='word_1_437' title='bbox 999 1919 1047 1951; x_wconf 87' lang='lat' dir='ltr'>nis</span> <span class='ocrx_word' id='word_1_438' title='bbox 1073 1919 1105 1951; x_wconf 92' lang='lat' dir='ltr'>in</span> <span class='ocrx_word' id='word_1_439' title='bbox 1132 1918 1306 1961; x_wconf 82' lang='lat' dir='ltr'>integrum,</span> <span class='ocrx_word' id='word_1_440' title='bbox 1325 1918 1374 1950; x_wconf 79' lang='lat' dir='ltr'>vel</span> <span class='ocrx_word' id='word_1_441' title='bbox 1400 1917 1487 1950; x_wconf 86' lang='lat' dir='ltr'>aliud</span> <span class='ocrx_word' id='word_1_442' title='bbox 1513 1917 1739 1961; x_wconf 85' lang='lat' dir='ltr'>quodcumque</span> 
     </span>
     <span class='ocr_line' id='line_1_90' title="bbox 998 1970 1739 2014; baseline 0.001 -11"><span class='ocrx_word' id='word_1_443' title='bbox 998 1971 1091 2011; x_wconf 86' lang='lat' dir='ltr'>iuris,</span> <span class='ocrx_word' id='word_1_444' title='bbox 1115 1971 1187 2003; x_wconf 86' lang='lat' dir='ltr'>sacti</span> <span class='ocrx_word' id='word_1_445' title='bbox 1209 1980 1266 2003; x_wconf 86' lang='lat' dir='ltr'>seu</span> <span class='ocrx_word' id='word_1_446' title='bbox 1291 1970 1413 2013; x_wconf 80' lang='lat' dir='ltr'>gratiae</span> <span class='ocrx_word' id='word_1_447' title='bbox 1439 1970 1618 2003; x_wconf 87' lang='lat' dir='ltr'>remedium</span> <span class='ocrx_word' id='word_1_448' title='bbox 1638 1970 1739 2014; x_wconf 87' lang='lat' dir='ltr'>impe·</span> 
     </span>
     <span class='ocr_line' id='line_1_91' title="bbox 1000 2023 1739 2066; baseline 0 -10"><span class='ocrx_word' id='word_1_449' title='bbox 1000 2024 1089 2065; x_wconf 87' lang='lat' dir='ltr'>trari,</span> <span class='ocrx_word' id='word_1_450' title='bbox 1110 2034 1166 2057; x_wconf 91' lang='lat' dir='ltr'>seu</span> <span class='ocrx_word' id='word_1_451' title='bbox 1193 2024 1288 2057; x_wconf 89' lang='lat' dir='ltr'>etiam</span> <span class='ocrx_word' id='word_1_452' title='bbox 1315 2028 1413 2064; x_wconf 77' lang='lat' dir='ltr'>motu,</span> <span class='ocrx_word' id='word_1_453' title='bbox 1432 2023 1566 2056; x_wconf 75' lang='lat' dir='ltr'>seientia</span> <span class='ocrx_word' id='word_1_454' title='bbox 1592 2028 1623 2056; x_wconf 93' lang='lat' dir='ltr'>et</span> <span class='ocrx_word' id='word_1_455' title='bbox 1648 2030 1739 2066; x_wconf 90' lang='lat' dir='ltr'>pote—</span> 
     </span>
     <span class='ocr_line' id='line_1_92' title="bbox 999 2076 1737 2120; baseline 0 -10"><span class='ocrx_word' id='word_1_456' title='bbox 999 2077 1091 2110; x_wconf 85' lang='lat' dir='ltr'>statis</span> <span class='ocrx_word' id='word_1_457' title='bbox 1133 2076 1336 2120; x_wconf 89' lang='lat' dir='ltr'>plenitudine</span> <span class='ocrx_word' id='word_1_458' title='bbox 1381 2076 1541 2109; x_wconf 81' lang='lat' dir='ltr'>similibus</span> <span class='ocrx_word' id='word_1_459' title='bbox 1583 2087 1737 2110; x_wconf 86' lang='lat' dir='ltr'>concesso</span> 
     </span>
     <span class='ocr_line' id='line_1_93' title="bbox 998 2128 1738 2173; baseline 0.001 -11"><span class='ocrx_word' id='word_1_460' title='bbox 998 2130 1184 2173; x_wconf 87' lang='lat' dir='ltr'>quempiam</span> <span class='ocrx_word' id='word_1_461' title='bbox 1222 2129 1253 2161; x_wconf 90' lang='lat' dir='ltr'>in</span> <span class='ocrx_word' id='word_1_462' title='bbox 1291 2128 1410 2162; x_wconf 89' lang='lat' dir='ltr'>iudicio</span> <span class='ocrx_word' id='word_1_463' title='bbox 1447 2130 1495 2162; x_wconf 90' lang='lat' dir='ltr'>vel</span> <span class='ocrx_word' id='word_1_464' title='bbox 1534 2134 1622 2162; x_wconf 78' lang='lat' dir='ltr'>extra</span> <span class='ocrx_word' id='word_1_465' title='bbox 1656 2129 1738 2163; x_wconf 90' lang='lat' dir='ltr'>illud</span> 
     </span>
     <span class='ocr_line' id='line_1_94' title="bbox 997 2181 1736 2226; baseline 0.003 -12"><span class='ocrx_word' id='word_1_466' title='bbox 997 2183 1044 2215; x_wconf 91' lang='lat' dir='ltr'>uti</span> <span class='ocrx_word' id='word_1_467' title='bbox 1070 2193 1189 2226; x_wconf 85' lang='lat' dir='ltr'>posse;</span> <span class='ocrx_word' id='word_1_468' title='bbox 1216 2182 1270 2215; x_wconf 87' lang='lat' dir='ltr'>sed</span> <span class='ocrx_word' id='word_1_469' title='bbox 1296 2181 1381 2225; x_wconf 90' lang='lat' dir='ltr'>ipsas</span> <span class='ocrx_word' id='word_1_470' title='bbox 1405 2188 1593 2225; x_wconf 88' lang='lat' dir='ltr'>praesentes</span> <span class='ocrx_word' id='word_1_471' title='bbox 1615 2182 1736 2216; x_wconf 86' lang='lat' dir='ltr'>litteras</span> 
     </span>
     <span class='ocr_line' id='line_1_95' title="bbox 997 2233 1738 2278; baseline 0 -10"><span class='ocrx_word' id='word_1_472' title='bbox 997 2245 1128 2278; x_wconf 84' lang='lat' dir='ltr'>semper</span> <span class='ocrx_word' id='word_1_473' title='bbox 1153 2233 1269 2274; x_wconf 82' lang='lat' dir='ltr'>firmas,</span> <span class='ocrx_word' id='word_1_474' title='bbox 1296 2234 1420 2267; x_wconf 87' lang='lat' dir='ltr'>validas</span> <span class='ocrx_word' id='word_1_475' title='bbox 1447 2239 1479 2267; x_wconf 90' lang='lat' dir='ltr'>et</span> <span class='ocrx_word' id='word_1_476' title='bbox 1499 2234 1645 2267; x_wconf 84' lang='lat' dir='ltr'>efficaces</span> <span class='ocrx_word' id='word_1_477' title='bbox 1674 2235 1738 2268; x_wconf 84' lang='lat' dir='ltr'>exi-</span> 
     </span>
     <span class='ocr_line' id='line_1_96' title="bbox 998 2288 1737 2331; baseline 0 -9"><span class='ocrx_word' id='word_1_478' title='bbox 998 2295 1083 2322; x_wconf 88' lang='lat' dir='ltr'>stere</span> <span class='ocrx_word' id='word_1_479' title='bbox 1109 2294 1139 2322; x_wconf 87' lang='lat' dir='ltr'>et</span> <span class='ocrx_word' id='word_1_480' title='bbox 1165 2289 1245 2328; x_wconf 81' lang='lat' dir='ltr'>sore,</span> <span class='ocrx_word' id='word_1_481' title='bbox 1273 2298 1414 2331; x_wconf 82' lang='lat' dir='ltr'>suosque</span> <span class='ocrx_word' id='word_1_482' title='bbox 1440 2288 1606 2331; x_wconf 87' lang='lat' dir='ltr'>plenarios</span> <span class='ocrx_word' id='word_1_483' title='bbox 1637 2293 1668 2321; x_wconf 89' lang='lat' dir='ltr'>et</span> <span class='ocrx_word' id='word_1_484' title='bbox 1693 2289 1737 2322; x_wconf 91' lang='lat' dir='ltr'>in-</span> 
     </span>
     <span class='ocr_line' id='line_1_97' title="bbox 997 2341 1737 2385; baseline 0.001 -10"><span class='ocrx_word' id='word_1_485' title='bbox 997 2347 1107 2385; x_wconf 83' lang='lat' dir='ltr'>tegros</span> <span class='ocrx_word' id='word_1_486' title='bbox 1132 2341 1263 2375; x_wconf 76' lang='lat' dir='ltr'>effectus</span> <span class='ocrx_word' id='word_1_487' title='bbox 1289 2341 1399 2375; x_wconf 84' lang='lat' dir='ltr'>sortiri</span> <span class='ocrx_word' id='word_1_488' title='bbox 1425 2347 1456 2374; x_wconf 87' lang='lat' dir='ltr'>et</span> <span class='ocrx_word' id='word_1_489' title='bbox 1481 2342 1648 2382; x_wconf 86' lang='lat' dir='ltr'>obtinere,</span> <span class='ocrx_word' id='word_1_490' title='bbox 1676 2343 1737 2376; x_wconf 88' lang='lat' dir='ltr'>sic-</span> 
     </span>
     <span class='ocr_line' id='line_1_98' title="bbox 997 2394 1736 2439; baseline 0.003 -12"><span class='ocrx_word' id='word_1_491' title='bbox 997 2405 1057 2439; x_wconf 90' lang='lat' dir='ltr'>que</span> <span class='ocrx_word' id='word_1_492' title='bbox 1083 2395 1114 2427; x_wconf 87' lang='lat' dir='ltr'>in</span> <span class='ocrx_word' id='word_1_493' title='bbox 1141 2394 1327 2438; x_wconf 86' lang='lat' dir='ltr'>praemissis</span> <span class='ocrx_word' id='word_1_494' title='bbox 1353 2394 1493 2435; x_wconf 89' lang='lat' dir='ltr'>censeri,</span> <span class='ocrx_word' id='word_1_495' title='bbox 1517 2399 1611 2439; x_wconf 91' lang='lat' dir='ltr'>atque</span> <span class='ocrx_word' id='word_1_496' title='bbox 1639 2395 1680 2428; x_wconf 89' lang='lat' dir='ltr'>ita</span> <span class='ocrx_word' id='word_1_497' title='bbox 1705 2401 1736 2429; x_wconf 87' lang='lat' dir='ltr'>et</span> 
     </span>
     <span class='ocr_line' id='line_1_99' title="bbox 997 2447 1735 2492; baseline 0.001 -11"><span class='ocrx_word' id='word_1_498' title='bbox 997 2459 1061 2481; x_wconf 87' lang='lat' dir='ltr'>non</span> <span class='ocrx_word' id='word_1_499' title='bbox 1085 2447 1180 2481; x_wconf 88' lang='lat' dir='ltr'>aliter</span> <span class='ocrx_word' id='word_1_500' title='bbox 1197 2457 1256 2490; x_wconf 89' lang='lat' dir='ltr'>per</span> <span class='ocrx_word' id='word_1_501' title='bbox 1281 2457 1502 2492; x_wconf 87' lang='lat' dir='ltr'>quoscumque</span> <span class='ocrx_word' id='word_1_502' title='bbox 1528 2447 1652 2481; x_wconf 87' lang='lat' dir='ltr'>iudices</span> <span class='ocrx_word' id='word_1_503' title='bbox 1682 2459 1735 2482; x_wconf 84' lang='lat' dir='ltr'>or-</span> 
     </span>
     <span class='ocr_line' id='line_1_100' title="bbox 997 2500 1733 2544; baseline 0 -10"><span class='ocrx_word' id='word_1_504' title='bbox 997 2501 1140 2534; x_wconf 82' lang='lat' dir='ltr'>dinarios</span> <span class='ocrx_word' id='word_1_505' title='bbox 1174 2505 1204 2533; x_wconf 86' lang='lat' dir='ltr'>et</span> <span class='ocrx_word' id='word_1_506' title='bbox 1229 2500 1416 2544; x_wconf 81' lang='lat' dir='ltr'>delegatos,</span> <span class='ocrx_word' id='word_1_507' title='bbox 1442 2500 1539 2534; x_wconf 85' lang='lat' dir='ltr'>etiam</span> <span class='ocrx_word' id='word_1_508' title='bbox 1564 2511 1733 2534; x_wconf 84' lang='lat' dir='ltr'>causarum</span> 
     </span>
    </p>
   </div>
   <div class='ocr_carea' id='block_1_11' title="bbox 1033 2563 1702 2601">
    <p class='ocr_par' dir='ltr' id='par_1_12' title="bbox 1033 2563 1702 2601">
     <span class='ocr_line' id='line_1_101' title="bbox 1033 2563 1702 2601; baseline 0 -9"><span class='ocrx_word' id='word_1_509' title='bbox 1033 2565 1044 2592; x_wconf 81' lang='lat'>1</span> <span class='ocrx_word' id='word_1_510' title='bbox 1065 2563 1131 2592; x_wconf 83' lang='lat' dir='ltr'>Male</span> <span class='ocrx_word' id='word_1_511' title='bbox 1151 2564 1217 2593; x_wconf 89' lang='lat' dir='ltr'>edit.</span> <span class='ocrx_word' id='word_1_512' title='bbox 1239 2563 1317 2593; x_wconf 63' lang='grc' dir='ltr'><strong>Μαίη.</strong></span> <span class='ocrx_word' id='word_1_513' title='bbox 1340 2564 1414 2601; x_wconf 82' lang='lat' dir='ltr'>tegit.</span> <span class='ocrx_word' id='word_1_514' title='bbox 1435 2572 1573 2594; x_wconf 74' lang='lat' dir='ltr'>consensu</span> <span class='ocrx_word' id='word_1_515' title='bbox 1592 2564 1631 2601; x_wconf 73' lang='lat' dir='ltr'>(a.</span> <span class='ocrx_word' id='word_1_516' title='bbox 1652 2564 1702 2599; x_wconf 79' lang='grc' dir='ltr'>τ,).</span> 
     </span>
    </p>
   </div>
   <div class='ocr_carea' id='block_1_12' title="bbox 1643 164 1937 202">
    <p class='ocr_par' dir='ltr' id='par_1_13' title="bbox 1643 164 1937 202">
     <span class='ocr_line' id='line_1_102' title="bbox 1643 164 1937 202; baseline 0.014 -5"><span class='ocrx_word' id='word_1_517' title='bbox 1643 164 1708 198; x_wconf 79' lang='grc'>457</span> <span class='ocrx_word' id='word_1_518' title='bbox 1755 174 1802 200; x_wconf 78' lang='lat' dir='ltr'>An.</span> <span class='ocrx_word' id='word_1_519' title='bbox 1822 175 1850 202; x_wconf 80' lang='lat' dir='ltr'>c.</span> <span class='ocrx_word' id='word_1_520' title='bbox 1870 174 1937 201; x_wconf 71' lang='lat'>1726</span> 
     </span>
    </p>
   </div>
   <div class='ocr_carea' id='block_1_13' title="bbox 1780 656 1900 677">
    <p class='ocr_par' dir='ltr' id='par_1_14' title="bbox 1780 656 1900 677">
     <span class='ocr_line' id='line_1_103' title="bbox 1780 656 1900 677; baseline 0.008 -1"><span class='ocrx_word' id='word_1_521' title='bbox 1780 656 1900 677; x_wconf 75' lang='lat' dir='ltr'>Clausulas.</span> 
     </span>
    </p>
   </div>
  </div>
 </body>
</html>
