2170 3147
22 166 70 194 An.
91 167 119 195 C.
140 168 206 196 ¹729

75 596 199 617 [secutoris

17 623 61 642 elve
73 630 91 642 w
105 625 124 643 et
134 623 199 649 depu-

17 651 78 670 latio.

84 2020 196 2041 Clausulas

10 2046 136 2072 peculiari-u.

786 171 980 195 BENEDICTL'S
1008 171 1063 195 xm
1090 172 1139 195 Pr.

212 227 271 260 per
295 217 409 250 salvis:
437 217 648 259 declarantes,
674 226 864 262 praesentes
889 223 970 263 no-}

211 276 292 302 stras
311 269 453 309 litteras,
478 269 508 302 in
537 269 613 302 soris
639 271 878 313 praedictarum
897 282 947 305 ec-
968 266 969 293 l

211 321 380 355 elesiarum
406 322 436 355 S.
458 322 572 355 Leonis
596 323 733 355 civitatis
752 323 947 357 Feretranae

211 381 243 408 et
259 375 289 408 S.
310 375 547 408 Bai-tholomaei
567 375 686 408 Pinnae
706 376 860 409 Billorum
880 377 947 409 asli-

210 437 263 459 xas
289 433 320 460 ct
339 427 529 470 publicatas,
556 428 734 469 quemlibet
760 428 889 462 allicere
917 435 948 462 et

210 481 421 524 adstringere,
440 491 474 514 ac
499 481 523 513 si
550 481 698 514 omnibus
725 482 947 525 personaliter

210 534 317 567 forent
343 534 521 567 intimatae.

253 586 267 629 ξ
292 586 323 619 6.
350 587 406 626 Et,
437 597 476 619 ne
503 587 689 619 huiusmodi
725 593 851 620 nostrae
884 587 947 620 dis-

208 639 379 682 positionis
417 639 581 682 plenarius
615 640 744 673 ell'ectus
785 641 969 687 ullatenus

208 693 406 732 retardetur,
441 693 473 725 in
503 699 707 726 executorem
737 694 889 736 eligimus
916 690 969 727 et‘*

208 744 402 788 deputamus
429 745 582 778 dilectum
609 746 708 779 lilium
731 746 881 779 abbatem
901 746 947 779 lo-
967 766 968 770 =

207 807 323 830 annem
351 798 478 830 Petrum
506 799 544 831 de
570 799 689 832 Rubeis
715 799 869 832 clericum
894 799 946 831 Va·

208 850 341 883 densem
375 850 397 882 l.
426 850 461 883 U.
489 851 536 890 D.,
568 862 604 884 ac
640 852 743 884 locum
778 857 944 885 tenentem

207 903 345 936 civitatis
376 909 504 936 nostrae
536 904 685 943 Pisauri,
719 904 853 947 eiusque
887 906 968 947 pro}

208 961 352 999 tempore
387 956 418 988 in
452 967 490 988 eo
525 956 589 989 de¹
622 967 756 990 munere
790 958 946 990 locumte-

206 1015 320 1041 nentes
343 1019 557 1050 successores,
576 1010 718 1042 clericali
741 1015 845 1042 tamen
871 1011 946 1043 cba-

206 1066 330 1094 raetere
356 1061 541 1104 insignitos,
568 1067 726 1104 quatenus
752 1063 945 1105 opportunis

205 1113 283 1147 iuris
308 1114 457 1147 remediis
488 1115 584 1148 etiam
615 1115 841 1158 suspensionis
858 1142 865 1156 ,
892 1127 943 1148 ex-

205 1167 509 1200 communicationis
546 1178 581 1200 ae
616 1167 809 1210 privationis
850 1179 945 1211 prae-

204 1220 386 1254 bendarum
423 1226 455 1253 et
493 1221 671 1254 successive
715 1221 945 1255 declarationis

206 1284 314 1306 earum
341 1274 558 1307 devolutionis
583 1274 621 1306 ad
647 1285 705 1307 nos
733 1280 764 1307 et
786 1274 943 1307 Datariam

205 1331 367 1366 nostram,
393 1325 535 1369 praefixo
562 1326 672 1359 breri²
691 1333 721 1360 et
746 1328 942 1370 competenti

206 1379 340 1412 termino
365 1379 516 1422 praefatis
541 1379 729 1422 praeposito
755 1385 786 1412 et
812 1381 944 1413 canoni-

205 1433 249 1466 cis
269 1433 307 1466 ad
325 1433 442 1466 nostris
463 1432 552 1466 hisce
571 1433 729 1466 mandatis
749 1435 941 1476 parendum,

204 1496 260 1519 eos
285 1486 323 1518 ad
351 1485 457 1518 omnia
483 1490 513 1518 et
531 1485 659 1528 singula
678 1487 852 1528 praemissa
871 1497 944 1519 exe-

204 1537 332 1580 quenda
352 1543 447 1580 cogat
471 1543 503 1570 ct
528 1539 722 1581 compellat,
746 1544 776 1571 ct
801 1539 864 1572 alia
889 1540 944 1572 de·
964 1565 965 1577 ,

203 1601 303 1635 super
328 1591 514 1624 necessaria
539 1591 711 1634 expellat3,
735 1603 943 1636 quacumque

204 1643 424 1687 appellatione
443 1649 475 1676 et
497 1654 626 1676 recursu
648 1645 776 1686 penitus
795 1646 942 1685 remotis,

204 1696 421 1730 resolutiones
440 1696 551 1729 itidem
578 1707 797 1741 quascumque
819 1709 877 1741 per
898 1699 944 1731 di·
964 1710 966 1722 ³

203 1756 285 1782 ctam
311 1750 574 1782 communitatem
602 1750 805 1784 Feretranam
826 1752 944 1785 facien·
964 1760 965 1776 t

205 1802 260 1834 das
287 1802 391 1845 quoad
428 1812 585 1845 expensas
618 1803 649 1835 in
676 1804 862 1846 praemissis
889 1816 965 1838 tie-¹

206 1854 361 1888 cessarias
379 1855 519 1887 cuiusvis
545 1856 678 1888 alterius
702 1857 833 1889 licentia
850 1862 881 1890 et
899 1869 943 1890 as·
964 1856 965 1867 ¹

207 1917 302 1939 sensu
329 1907 459 1940 minime
485 1908 649 1951 requisitis
672 1919 732 1951 pro
764 1909 831 1942 eius
858 1911 943 1943 arbi-

208 1958 270 1992 trio
297 1959 466 1992 contirmet
492 1966 523 1992 et
541 1961 709 2003 approbet.

252 2013 266 2054 ξ
302 2012 332 2044 7.
372 2012 589 2045 Deceruentes
625 2015 848 2056 praesentibus
888 2026 943 2049 no-

207 2065 284 2098 stris
316 2065 455 2106 litteris,
493 2065 567 2098 licet
604 2076 666 2098 non
702 2067 850 2100 admissis
884 2077 964 2101 ne-'

206 2128 269 2161 que
295 2119 326 2150 in
351 2118 481 2151 Camerti
508 2121 617 2151 nostra
648 2120 843 2161 registratis‚
876 2132 940 2154 non

204 2180 299 2212 posse
325 2171 390 2203 ullo
410 2181 552 2213 unquam
580 2176 726 2214 tempore
753 2173 876 2215 opponi
902 2174 940 2206 de

204 2222 433 2264 subreptione,
459 2223 653 2266 obreptione
679 2225 728 2257 vel
764 2225 827 2258 alio
862 2236 940 2268 quo-

202 2275 247 2308 vis
275 2275 349 2309 vitio
382 2281 437 2309 aut
462 2276 587 2309 defectu
614 2278 785 2310 voluntatis
818 2280 867 2312 vel
898 2279 942 2310 in-

203 2328 357 2362 tentionis
383 2334 531 2369 nestrae,
568 2329 665 2362 ctiam
700 2341 735 2363 ex
774 2341 811 2364 eo
850 2332 936 2374 quod

202 2381 376 2415 modernus
402 2382 575 2426 episcopus
591 2382 786 2416 Feretrauus
806 2385 940 2428 eiusque

238 2462 250 2488 1
272 2460 335 2494 Leg.
358 2461 388 2487 in
409 2460 507 2487 eodem
527 2469 576 2495 pro
597 2461 628 2488 in
649 2470 680 2488 eo
701 2462 734 2489 de
755 2464 793 2494 (R.
812 2465 861 2497 T.).

236 2505 252 2530 2
269 2504 339 2531 Male
355 2504 398 2531 ed.
416 2504 494 2531 lllaiu.
511 2505 576 2540 legit
591 2506 674 2532 Brevi
692 2515 739 2543 pro
756 2507 834 2535 brevi
849 2509 938 2543 (nm).

236 2549 252 2577 3
272 2548 370 2578 Forsan
391 2549 530 2585 expediat
551 2551 592 2586 (n.
609 2552 658 2586 iz).

989 224 1177 262 procurator
1202 220 1336 260 fiscalis,
1362 232 1398 254 ac
1423 221 1596 263 dignitates
1622 226 1653 254 et
1678 232 1728 254 ca·

990 273 1097 306 nonici
1131 279 1192 305 tam
1231 273 1384 306 ecclesiae
1420 273 1451 307 S.
1480 275 1596 307 Leonis
1633 286 1726 318 quam

990 326 1122 358 alterius
1141 326 1172 359 S.
1188 326 1439 367 Bartholomaei,
1460 333 1490 360 et
1507 327 1560 360 alii
1580 327 1728 371 quicum-

991 388 1052 421 que
1079 378 1108 410 in
1134 378 1324 421 praemissis
1352 379 1460 412 forsan
1486 379 1644 413 interesse
1671 381 1729 413 ba-

990 431 1106 463 bentes
1142 432 1188 464 vel
1216 431 1337 464 habere
1363 433 1611 475 quomodolibet
1636 444 1729 476 prae-

990 483 1171 524 tendentes,
1193 484 1231 516 ad
1258 484 1320 517 hoc
1346 485 1461 526 vocati,
1488 485 1573 518 citati
1602 486 1649 519 vel
1677 498 1728 519 au-

967 557 969 562 ·
991 536 1046 568 diti
1061 546 1125 569 non
1152 536 1280 577 suerint,
1300 539 1348 571 vel
1370 549 1406 571 ex
1425 539 1535 581 quavis
1555 539 1615 572 alia
1633 541 1729 572 causa

990 589 1192 631 quantumvis
1218 590 1332 629 valida,
1360 590 1515 633 legitima,
1543 592 1672 634 urgenti
1698 597 1730 625 et

990 640 1147 681 inridit-a,
1173 641 1269 674 etiam
1295 644 1480 676 necessario
1506 644 1726 686 exprimenda,

990 693 1107 732 notari,
1135 693 1329 736 impugnari,
1356 695 1535 736 invalidari,
1554 696 1592 728 ad
1620 697 1729 729 termi-

991 755 1047 777 nos
1073 745 1152 778 iuris
1183 747 1314 786 reduci,
1340 758 1376 780 ac
1402 748 1432 780 in
1471 749 1518 781 ius
1545 754 1576 782 et
1600 754 1729 783 contro-

990 798 1126 830 versiam
1168 800 1337 839 revocari,
1374 805 1428 832 aut
1467 801 1620 834 adversus
1656 802 1727 835 illas

990 851 1214 894 quodcumque
1241 852 1328 892 iuris,
1355 853 1429 885 sacti
1456 855 1503 887 vet
1530 855 1653 896 gratiae
1679 866 1729 888 re-

989 903 1131 935 medium
1157 903 1322 946 impetrari
1349 915 1463 948 posse,
1484 906 1592 949 sicque
1611 912 1641 939 et
1663 917 1728 940 non

989 955 1084 988 aliter
1108 966 1166 998 per
1191 966 1416 1000 quoscumque
1448 957 1574 991 iudices
1601 959 1729 992 ordina-

989 1007 1064 1047 rios,
1082 1009 1321 1042 commissarios
1338 1037 1345 1050 ‚
1363 1010 1538 1052 delegatos,
1557 1012 1729 1045 tribunalia

989 1061 1190 1104 collegialia,
1217 1063 1313 1095 etiam
1335 1064 1365 1096 S.
1386 1063 1422 1096 R.
1443 1064 1477 1097 E.
1499 1065 1725 1106 cardinalium,

989 1119 1020 1146 et
1044 1125 1061 1146 a
1082 1115 1182 1147 latere
1202 1116 1337 1158 legatos,
1360 1117 1498 1149 nuncios
1517 1118 1726 1160 apostolicos,

988 1177 1156 1200 causarum
1179 1168 1287 1210 palatii
1314 1169 1482 1212 apostolici
1504 1170 1678 1212 auditores,
1697 1177 1729 1204 et

988 1221 1067 1253 alios
1095 1221 1205 1263 qtiavis
1231 1222 1420 1255 auctoritate
1446 1223 1628 1265 fungentes,
1646 1235 1728 1257 scm-

965 1284 1048 1318 :per
1074 1274 1208 1306 iudicari
1236 1280 1267 1307 et
1292 1274 1417 1307 deliniri
1444 1275 1574 1315 debere,
1602 1276 1728 1310 sublata

993 1327 1038 1360 cis
1065 1332 1222 1360 eteorum
1243 1327 1376 1360 cuilibet
1392 1328 1502 1371 quavis
1520 1329 1614 1362 aliter
1639 1329 1725 1361 iudi-

990 1381 1084 1413 candi
1111 1386 1142 1413 et
1166 1381 1400 1424 interpretandi
1429 1382 1601 1422 facultate,
1629 1393 1664 1415 ac
1690 1393 1726 1415 ex

988 1442 1073 1465 nunc
1098 1432 1224 1465 irritum
1260 1438 1291 1465 et
1324 1433 1429 1472 inane,
1459 1433 1646 1477 nulliusque
1676 1445 1728 1467 ro—

987 1486 1076 1518 boris
1101 1491 1133 1518 et
1159 1485 1320 1518 efficaciae
1347 1486 1549 1519 declarantes
1567 1487 1726 1530 quidquid

987 1549 1078 1571 secus
1104 1549 1199 1581 super
1224 1538 1262 1570 iis
1295 1544 1325 1571 et
1350 1539 1436 1571 circa
1469 1549 1505 1572 ea
1535 1540 1645 1582 quavis
1671 1551 1727 1572 au-

987 1592 1135 1624 ctoritate
1173 1591 1266 1624 etiam
1292 1602 1308 1624 a
1333 1591 1426 1625 nobis
1451 1593 1500 1625 rcl
1532 1593 1727 1626 suecessori-

964 1643 1047 1678 'bus
1080 1645 1202 1678 nostris
1239 1655 1298 1688 pro
1331 1651 1476 1688 tempore
1512 1645 1726 1679 existentibus

988 1699 1164 1739 contigerit
1189 1699 1351 1731 attentari.

1031 1753 1046 1795 ξ
1072 1751 1102 1784 8,
1130 1751 1198 1784 Non
1225 1751 1428 1784 obstantibus
1454 1753 1648 1795 supradictis
1674 1754 1728 1787 de-

987 1805 1084 1837 cretis
1109 1804 1140 1837 S.
1166 1805 1211 1837 Pii
1233 1805 1262 1844 V,
1281 1804 1566 1838 constitutionibus
1583 1806 1729 1839 Clemen-

988 1858 1026 1891 tis
1050 1858 1112 1890 Vltt
1132 1862 1160 1891 et
1183 1857 1359 1890 Innocentii
1384 1858 1440 1898 XI,
1466 1858 1522 1891 lite
1548 1859 1623 1891 olim
1651 1870 1729 1902 pcn-

987 1911 1083 1944 dente
1100 1910 1130 1942 in
1146 1910 1403 1952 Congregatione
1418 1910 1560 1951 Concilii,
1580 1922 1616 1944 ae
1632 1913 1727 1946 etiam

986 1963 1216 1996 constitutione
1233 1962 1335 1995 felicis
1351 1963 1474 2005 pariter
1490 1964 1726 1998 recordationis

988 2016 1032 2048 Pii
1049 2015 1083 2047 lv
1099 2015 1362 2058 praedecessoris
1377 2015 1478 2048 nostri
1496 2016 1535 2049 de
1554 2017 1728 2059 registran-

987 2068 1053 2107 dis,
1080 2068 1193 2110 regula
1227 2067 1446 2100 Cancellariae
1483 2074 1611 2102 nostrae
1646 2070 1728 2112 Apo-

987 2120 1122 2153 stolicae
1147 2120 1185 2153 de
1211 2120 1282 2152 iure
1309 2121 1456 2163 quaesito
1478 2132 1540 2153 non
1568 2123 1725 2162 tollendo,

986 2173 1217 2206 oonciliaribus
1243 2173 1337 2205 ctiam
1364 2173 1601 2208 universalibus
1618 2202 1625 2216 ,
1653 2186 1727 2218 pm-

984 2226 1175 2259 vincialibus
1201 2231 1232 2259 ct
1256 2227 1475 2269 synodalibus,
1502 2238 1536 2259 ae
1562 2228 1728 2271 quibusvis

985 2278 1056 2311 aliis
1074 2278 1367 2312 constitutionibus
1383 2280 1579 2322 apostolicis,
1599 2291 1657 2324 per
1671 2292 1728 2315 nos

984 2337 1016 2365 et
1049 2331 1214 2365 Romanos
1252 2331 1421 2365 Pontifices
1446 2334 1727 2376 praedecessores,

984 2386 1043 2418 sub
1069 2385 1236 2428 quibusvis
1264 2386 1432 2419 tenoribus
1467 2392 1498 2419 et
1524 2387 1636 2420 formis
1653 2414 1660 2428 ,
1693 2399 1729 2421 ac

984 2448 1054 2471 cum
1072 2438 1237 2481 quibusvis
1256 2438 1352 2472 ctiam
1373 2439 1652 2482 derogatoriarum
1671 2441 1727 2474 de-

984 2491 1169 2534 rogatoriis,
1195 2491 1334 2534 aliisque
1362 2492 1597 2527 efficacioribus
1625 2499 1655 2527 et
1681 2494 1727 2526 iu-

982 2544 1086 2578 solitis
1111 2545 1263 2578 clausulis
1294 2544 1496 2580 irritantibus
1522 2552 1552 2580 et
1576 2547 1647 2581 aliis
1674 2547 1727 2581 de·

1626 163 1689 197 823
1738 173 1773 199 An
1808 172 1920 199 ‹21799

1761 1763 1921 1790 Derngatnriae.
