2170 3147
0 226 35 243 in.
54 217 82 242 C.
106 215 172 242 ¹728

9 1852 122 1879 Daraya-12·
130 1859 169 1874 iae.

774 215 967 240 BENEDtcTt‘s
994 217 1007 237 N
1016 216 1047 238 tlt
1076 216 1124 239 ΓΡ,

176 264 269 304 etari,
296 275 353 297 seu
380 264 409 297 in
437 265 692 297 controversiam
717 263 838 303 vocari,
861 268 916 295 aut

176 318 214 350 ad
242 317 396 350 terminos
422 317 499 349 iuris
525 317 656 356 reduci,
683 323 735 349 aut
760 316 914 349 adversus

177 369 246 403 illas
281 369 472 412 aperitionis
509 369 596 410 oris,
633 368 848 402 restitutionis
882 368 912 400 in

176 423 357 464 integrum,
372 422 496 455 aliudve
512 423 742 464 quodcumque
762 421 853 460 iuris,
873 421 914 453 t'a-

177 474 217 507 cti
244 475 292 506 vel
318 474 440 516 gratiae
466 474 645 507 remedium
673 473 838 516 impetrari
865 474 913 505 vel

176 527 342 566 intentari,
361 537 418 559 seu
438 526 620 569 impetrato,
640 531 693 558 aut
710 526 806 558 ctiam
826 530 914 558 motu

176 579 309 622 proprio
335 589 492 611 concesso
525 579 574 611 vel
608 583 780 616 emanato,
806 587 915 619 quem-

178 631 262 674 piam
288 631 319 662 in
345 630 465 663 iudicio
491 631 539 662 vel
567 635 656 662 extra
682 630 761 662 illud
785 630 840 669 uti,
859 639 913 659 seu

177 694 210 716 se
236 683 346 716 iuvare
382 683 449 715 ullo
486 683 582 715 modo
608 692 720 725 posse,
747 681 803 713 sed
831 681 915 724 ipsas

179 740 366 779 praesentes
381 735 503 767 litteras
518 744 646 777 semper
660 734 779 773 sirmas,
794 733 914 766 validas

179 795 210 821 ct
236 788 382 821 efficaces
420 787 559 820 existere
594 792 625 819 et
660 787 746 825 sore,
775 796 915 828 suosque

177 840 342 884 plenarios
371 845 402 873 et
426 840 569 881 integros
596 839 728 872 effeetus
755 839 860 871 sortiri
887 844 918 871 et

177 894 337 934 obtinere,
358 899 389 926 et
409 894 488 932 illis,
505 894 542 926 ad
564 903 647 936 quos
668 898 791 935 spectat
811 897 839 925 ct
858 902 916 934 pro

178 954 325 991 tempore
361 947 630 990 quandocumque
668 945 846 988 spectabit,
885 944 916 976 in

177 1000 326 1033 omnibus
351 1005 382 1032 et.
400 1010 457 1042 per
473 999 579 1032 onmia
604 998 790 1041 plenissime
809 997 918 1029 sutl'ra-

178 1053 256 1095 gari,
284 1058 313 1084 et
336 1052 374 1084 ab
399 1052 444 1084 eis
470 1052 650 1094 respective
684 1050 918 1082 inviolabiliter

179 1111 211 1137 et
235 1105 427 1138 inconcusse
462 1103 629 1137 observari
658 1109 689 1136 et
726 1103 918 1146 adimpleri,

178 1158 289 1201 sicque
315 1163 347 1190 et
378 1168 443 1190 non
476 1157 572 1189 aliter
592 1157 623 1189 in
643 1156 831 1199 praemissis
861 1166 918 1198 per

177 1221 400 1255 quoscumque
425 1210 548 1242 iudices
570 1209 751 1241 ordinaries
776 1213 807 1240 ct
833 1209 918 1241 dele-

178 1270 277 1307 gatos,
305 1264 399 1297 etiam
426 1273 591 1295 causarum
612 1261 722 1304 palatii
749 1260 917 1304 apostolici

178 1317 357 1355 auditores,
377 1315 521 1348 eiusdem
547 1315 576 1348 S.
599 1315 635 1346 R.
658 1314 692 1346 E.
720 1314 916 1353 cardinales,

179 1371 274 1403 etiam
300 1370 339 1402 de
362 1370 463 1402 latere
500 1370 639 1411 legatos,
677 1368 797 1400 aliosve
824 1378 919 1409 quos-

179 1423 258 1456 lihet
282 1430 487 1465 quacumque
507 1420 746 1464 praeminentia
772 1424 803 1452 et
828 1424 919 1462 pote-

179 1481 262 1508 state
300 1476 470 1517 sungcntes
507 1480 539 1506 et
572 1474 760 1511 iuncturos,
794 1473 919 1505 sublata

179 1529 225 1561 eis
262 1533 295 1560 et
331 1538 442 1560 eorum
479 1526 631 1560 cuilibet¹
677 1526 786 1569 quavis
825 1526 920 1558 aliter

181 1580 345 1613 iudicandi
379 1585 409 1612 et
441 1579 679 1622 interpretandi
711 1580 859 1612 facultate
890 1584 921 1611 et

180 1633 389 1673 auctoritate,
415 1633 548 1665 iudicari
576 1638 605 1664 et
627 1632 754 1665 definiri
781 1631 918 1671 debere,

180 1697 217 1719 ac
241 1685 370 1718 irritum
395 1690 426 1717 et
452 1686 547 1717 inane
580 1685 606 1717 si
632 1695 725 1717 secus
750 1684 919 1727 superbis

181 1749 197 1771 a
221 1749 395 1782 quoquam,
412 1737 524 1781 quavis
550 1737 752 1777 auctoritate,
778 1737 920 1769 scienter

181 1792 231 1824 vel
257 1792 455 1833 ignoranter,
481 1790 657 1832 contigerit
683 1790 844 1823 attentari.

223 1844 239 1886 ξ
273 1844 304 1876 5.
343 1843 411 1876 Non
445 1843 648 1876 obstantibus
681 1843 782 1875 felicis
812 1852 919 1875 recor-

182 1897 320 1929 dationis
339 1896 427 1928 Pauli
447 1896 470 1928 ll
497 1901 528 1928 et
545 1895 679 1928 aliorum
698 1896 919 1928 Romanorum

182 1947 372 1980 Pontificum
405 1947 695 1990 praedecessorum
732 1952 918 1980 nostrorum

183 2001 222 2033 de
243 2000 339 2033 rebus
356 2000 521 2033 Ecclesiae
539 2011 603 2033 non
624 2001 815 2040 alienandis,
834 2001 920 2033 aliis-

184 2064 248 2096 que
266 2053 467 2096 apostolicis,
484 2063 520 2085 ac
537 2053 568 2085 in
591 2053 825 2086 universalibus
846 2064 920 2096 pro-

183 2105 437 2148 vincialibusque
468 2111 498 2137 et
530 2105 739 2148 synodalibus
773 2106 921 2139 conciliis

184 2158 291 2198 editis,
307 2157 516 2200 generalibus
542 2159 591 2190 vel
617 2158 826 2201 specialibus,
846 2170 921 2192 eon-

184 2210 406 2243 stitutionibus
431 2215 462 2243 et
487 2210 758 2250 ordinationibus,
793 2221 921 2244 necnon

185 2263 343 2295 dictorum
357 2263 639 2303 monasteriorum,
655 2263 921 2306 Congregationis

185 2322 216 2349 et
241 2315 387 2357 Ordinis,
409 2315 518 2348 aliisve
543 2316 728 2359 quibusvis,
753 2316 850 2349 etiam
875 2317 920 2349 iu—
941 2312 943 2323 '

186 2375 355 2408 ramento,
382 2368 629 2402 confirmatione
655 2369 845 2412 apostolica,
871 2371 921 2403 vel

185 2423 296 2465 (piaris
324 2421 475 2454 firmitate
501 2421 564 2454 alia
589 2421 761 2462 roboratis,
783 2423 920 2463 statutis,

185 2474 304 2512 usibus,
331 2473 421 2517 stylis
448 2479 479 2506 ct
503 2474 803 2515 consuetudinibus,
829 2475 924 2518 privi-

184 2526 280 2569 legiis
306 2536 453 2569 quoque,
491 2526 623 2559 indultis
649 2531 681 2559 et
704 2527 821 2560 litteris
847 2538 924 2571 apo-

221 2590 231 2615 1
255 2588 326 2615 Edit.
348 2587 430 2615 Main.
452 2588 516 2623 legit
535 2587 686 2617 cuiuslibet
705 2588 744 2623 (n.
767 2589 816 2624 T.).

1589 203 1652 236 (iffi

959 264 1100 303 stolicis,
1139 264 1196 295 sub
1233 264 1487 306 quibuscumque
1523 262 1694 294 verborum

960 317 1128 349 tenoribus
1155 321 1185 348 et
1212 316 1341 356 formis,
1368 327 1404 348 ac
1429 326 1500 348 cum
1528 313 1695 357 quibusvis

958 369 1052 401 etiam
1072 369 1350 411 derogatoriarum
1368 367 1697 410 derogatoriis,aliis-

958 431 1019 463 que
1046 421 1306 459 efficacioribus,
1335 420 1566 454 efficacissimis
1592 424 1623 452 et
1647 420 1695 451 in-

959 472 1062 505 solitis
1089 473 1252 511 clausulis,
1278 474 1544 515 irritantibusque
1571 478 1602 505 et,
1627 473 1697 505 aliis

959 525 1121 563 decretis,
1152 525 1183 556 iu
1211 535 1331 566 genere
1366 526 1412 558 rel
1447 526 1477 557 iu
1504 526 1635 568 specie,
1662 536 1697 556 ac

959 578 1038 609 alias
1063 577 1094 608 iu
1121 578 1316 609 centrarium
1343 578 1592 620 praemissorum
1619 588 1698 620 quo-

960 629 1140 662 modolibet
1157 630 1326 669 concessis,
1347 630 1554 669 confirmatis,
1575 641 1611 662 ac
1628 631 1699 672 plu-

960 681 1022 713 ries
1062 682 1249 724 approbatis
1287 689 1318 715 et
1355 683 1535 722 innovatis,
1578 683 1698 725 quibus

960 734 1108 766 omnibus
1141 739 1172 766 et
1204 734 1354 776 singulis,
1381 735 1504 767 etiamsi
1539 745 1598 777 pro
1631 734 1700 767 illo-

960 797 1029 818 rum
1048 787 1258 828 derogatione
1286 788 1324 820 de
1346 788 1410 820 illis
1429 798 1604 830 eorumque
1626 787 1700 820 totis

962 840 1130 872 tenoribus
1154 840 1322 881 specialis,
1349 840 1513 883 specifica,
1547 850 1700 883 expressa

961 897 993 924 et
1018 891 1204 932 individua,
1230 903 1266 924 ac
1291 893 1329 925 de
1355 893 1455 926 verbo
1481 894 1519 926 ad
1545 894 1698 933 verbum,

962 956 1025 977 non
1048 950 1153 977 autem
1173 956 1230 988 per
1248 946 1409 978 clausulas
1429 948 1596 987 generales
1614 946 1699 978 idem

962 997 1195 1040 importantes,
1222 997 1343 1030 mentio
1377 1008 1431 1029 seu
1467 998 1601 1040 quaevis
1638 998 1702 1030 alia

962 1050 1131 1092 expressio
1157 1050 1320 1089 habenda,
1351 1057 1404 1082 aut
1429 1051 1537 1093 aliqua
1563 1050 1624 1082 alia
1649 1061 1702 1082 cx-

962 1103 1079 1145 quisita
1117 1104 1218 1135 forma
1250 1104 1288 1136 ad
1324 1104 1384 1136 lioe
1411 1104 1569 1136 servanda
1596 1104 1700 1142 soret,

963 1160 1094 1188 tenores
1125 1156 1327 1195 huiusmodi,
1355 1167 1390 1188 ac
1415 1156 1440 1188 si
1468 1157 1506 1189 de
1540 1156 1636 1188 verbo
1663 1157 1701 1189 ad

962 1208 1110 1246 verbum,
1132 1208 1214 1240 nittit
1233 1208 1362 1251 penitus
1381 1209 1510 1247 omisso,
1529 1213 1584 1239 aut
1603 1208 1703 1241 forma

963 1261 994 1292 in
1021 1260 1085 1293 illis
1104 1261 1220 1293 tradita
1243 1262 1423 1300 observata,
1443 1261 1703 1304 exprimerentur

963 1320 994 1346 ct
1020 1314 1253 1353 insererentur,
1279 1314 1503 1356 praesentibus
1521 1325 1579 1356 pro
1606 1316 1703 1357 plene

964 1373 994 1399 et
1019 1367 1217 1399 sufficienter
1250 1368 1407 1410 expressis
1433 1373 1464 1400 ct
1490 1368 1619 1399 insertis
1646 1368 1703 1400 ha-

963 1422 1096 1459 bentes,
1131 1421 1195 1453 illis
1232 1420 1310 1453 alias
1337 1421 1367 1452 in
1393 1430 1451 1452 suo
1476 1421 1593 1453 robore
1631 1431 1703 1463 per-

964 1473 1146 1515 mansuris,
1172 1474 1210 1506 ad
1248 1473 1501 1516 praemissorum
1527 1473 1676 1506 effectum
1696 1501 1703 1514 ‚

965 1527 1022 1558 liae
1059 1526 1126 1558 vice
1153 1526 1338 1565 dumtaxat,
1364 1526 1552 1569 specialiter
1587 1531 1617 1558 et
1651 1537 1703 1558 ex-

964 1589 1075 1621 presse
1108 1579 1318 1620 derogamus3
1349 1578 1547 1620 ceterisque,
1580 1582 1702 1610 contra-

964 1631 1018 1663 riis
1045 1631 1315 1673 quibuscumque.
1340 1631 1492 1663 Volumus
1513 1634 1637 1672 autem,
1655 1636 1703 1672 ut,

964 1683 1051 1716 finita
1077 1694 1133 1716 seu
1160 1683 1410 1726 quomodolibet
1428 1683 1600 1716 deficiente
1628 1694 1704 1716 con-

963 1737 1110 1769 cessione
1137 1736 1387 1778 emphyteutica,
1413 1737 1579 1779 praedicta
1604 1736 1702 1776 bona,

963 1800 1015 1822 res
1043 1795 1074 1821 et
1099 1789 1169 1821 iura
1195 1789 1255 1820 sub
1281 1788 1335 1821 illa
1361 1789 1611 1831 comprehensa,
1631 1799 1703 1822 cum

963 1843 1028 1875 suis
1054 1842 1208 1874 membris
1234 1846 1265 1873 et
1290 1841 1494 1883 pertinentiis
1520 1841 1679 1874 universis
1695 1870 1702 1882 ,

964 1905 1090 1927 necnon
1110 1894 1368 1926 melioramentis
1390 1894 1530 1937 desuper
1550 1905 1610 1937 pro
1631 1900 1705 1928 tem-

963 1958 1042 1991 pore
1055 1948 1154 1987 l‘actis,
1165 1947 1203 1980 ad
1219 1947 1337 1980 dictum
1350 1947 1580 1980 monasterium
1596 1947 1627 1980 S.
1640 1948 1704 1981 Cle·

964 2000 1081 2033 mentis
1107 2000 1139 2032 in
1165 1999 1302 2032 Piscaria
1328 1998 1426 2042 pleno
1453 2000 1523 2032 iure
1545 2005 1641 2043 atque
1671 2012 1704 2033 0-

964 2053 1075 2086 mnino
1094 2052 1198 2085 libere
1217 2056 1434 2092 revertantur,
1454 2052 1567 2096 illique
1580 2053 1704 2093 cedant,

964 2105 1084 2148 absque
1110 2115 1147 2138 co
1173 2106 1257 2148 quod
1285 2105 1451 2138 renovatio
1484 2105 1703 2138 concessionis

964 2158 1151 2190 huiusmodi
1177 2169 1194 2190 a
1220 2168 1382 2200 quoquam
1402 2158 1460 2190 sub
1482 2158 1595 2201 quovis
1612 2169 1705 2201 prae-

966 2216 1051 2243 textu
1077 2221 1131 2243 seu
1159 2221 1193 2243 ex
1221 2221 1423 2253 quacumque
1450 2213 1543 2244 eausa
1569 2212 1634 2254 peti
1653 2212 1703 2245 vel

963 2263 1135 2306 praetendi
1162 2264 1276 2306 possit.

1008 2317 1119 2349 Datum
1132 2316 1266 2357 Romae,
1287 2317 1370 2360 apud
1383 2316 1413 2349 S.
1424 2317 1565 2356 Petrum,
1579 2318 1636 2350 sub
1648 2328 1703 2350 an-

964 2370 1039 2402 nulo
1049 2369 1287 2411 Piscat01·is,die
1297 2379 1353 2402 xxx
1364 2370 1491 2412 augusti
1503 2379 1700 2412 itinccxxvul,

965 2421 1173 2465 pontificatus
1192 2422 1291 2454 nostri
1313 2432 1398 2454 anno
1419 2432 1448 2455 v.

1001 2484 1059 2511 Dat.
1081 2484 1123 2511 die
1143 2484 1177 2512 30
1198 2484 1305 2519 augusti
1328 2484 1405 2518 1728,
1427 2484 1523 2520 pontif.
1545 2493 1626 2513 anno.
1647 2493 1673 2513 v.

1703 215 1750 237 Au.
1771 213 1797 237 tt.
1822 213 1888 240 1728
