2170 3147
242 200 290 226 Αη.
308 199 338 227 c.
362 199 429 226 1728
476 190 539 223 668

267 366 388 386 etun-„1111

435 249 628 292 perturbare
665 255 695 282 et
733 249 891 294 impedire
930 250 1072 283 audeant
1113 249 1178 282 sive

435 308 658 345 praesumant.

478 356 492 399 ξ
518 356 548 388 6.
573 356 809 396 Decernentes‚
839 357 949 390 onmia
986 363 1017 390 et
1052 357 1180 400 singula

435 409 610 452 praeniiSsa
636 415 781 449 executa,
801 415 831 442 et
853 420 1080 454 quaecumque
1107 421 1180 443 exe-

434 463 572 505 quenda,
593 463 697 495 valida
720 468 751 496 et
778 463 921 498 efficacia
947 464 1024 504 fore,
1044 474 1080 496 ac
1105 474 1179 496 suos

432 515 599 558 plenarios
617 521 648 549 et
674 517 819 560 integros
847 516 979 551 effectus
1005 517 1128 558 sortiri,
1148 522 1180 550 et

431 568 663 603 inviolabiliter
691 570 729 602 ab
756 570 908 603 omnibus
935 570 1099 604 observari
1126 570 1179 603 de-

431 622 525 663 here,
550 624 673 667 sicque,
696 624 827 667 praevia
847 625 1038 657 avocatione
1063 634 1177 656 causac

433 681 464 707 et
489 687 659 709 causarum
698 677 884 710 huiusmodi
923 688 940 709 a
974 687 1177 720 quacumque

431 729 693 772 Congregatione
708 736 737 763 et
754 731 920 770 tribunali,
935 741 995 774 per
1010 740 1176 773 quoscum.

432 793 494 826 que
529 783 652 815 iudices
686 790 717 816 et
741 784 919 826 praefatam
946 783 1177 826 Congregatio-

429 846 504 869 nem
531 836 681 876 Concilii‚
709 837 834 870 sublata
860 837 906 869 eis
941 837 1052 880 quavis
1085 837 1178 869 aliter

430 889 593 922 iudicandi
634 890 781 922 facultate
808 896 839 922 et
863 891 1074 929 auctoritate,
1102 889 1177 921 iudi-

431 942 496 974 cari
534 949 563 974 et
601 942 727 976 definiri
766 942 900 975 debere.
942 943 1174 977 Decernentes.

430 995 584 1028 unionem
602 1023 609 1036 ,
637 995 956 1039 incorporationem,
983 995 1177 1039 applicatio-

430 1059 496 1089 nes,
525 1049 697 1088 indultum,
726 1048 958 1081 inhibitionem
986 1059 1021 1081 ac
1049 1058 1176 1091 praece-

430 1108 519 1144 ptum
545 1102 730 1145 praedicta,
756 1108 1014 1146 praesentesque
1041 1101 1174 1139 litteras,

429 1155 519 1188 nullo
544 1166 687 1198 unquam
719 1160 885 1198 tempore,
912 1155 1009 1188 etiam
1037 1165 1073 1187 ex
1102 1163 1176 1197 qua-

429 1219 566 1252 cumque
604 1214 635 1242 et
670 1209 887 1252 inexcogitata
920 1210 1040 1248 causa,
1077 1208 1173 1240 etiam

428 1262 487 1295 sub
514 1269 683 1306 praetextu
705 1264 792 1306 quod
819 1263 850 1296 in
877 1264 978 1297 forma
997 1262 1076 1295 iuris
1094 1262 1176 1294 facta

427 1326 493 1349 non
519 1317 652 1356 fuerint,
672 1316 831 1356 revocari,
857 1316 1002 1355 alterari,
1029 1315 1172 1350 limitari,

428 1369 617 1409 modificari,
636 1376 690 1403 aut
707 1370 746 1402 ad
768 1370 922 1402 terminos
949 1369 1028 1402 iuris
1048 1369 1173 1410 reduci,

428 1424 476 1455 vel
496 1424 682 1466 quempiam
701 1424 855 1456 adversus
874 1423 928 1456 illa
953 1423 986 1455 in
1012 1422 1174 1465 integrum

428 1476 564 1516 restitui,
578 1487 633 1509 seu
653 1477 692 1510 de
709 1477 924 1520 subreptionis
942 1478 991 1510 vel
1011 1477 1176 1521 obreptio-

428 1529 476 1561 nis
503 1535 557 1562 aut
582 1529 739 1562 nullitatis
769 1530 864 1569 vitio,
898 1540 954 1563 seu
986 1530 1174 1563 intentionis

429 1588 559 1616 nostrae
593 1589 648 1616 aut
681 1583 793 1626 quovis
827 1584 953 1617 defectu
987 1584 1094 1617 notari
1125 1586 1174 1618 vel

428 1637 610 1680 impugnari
630 1648 734 1680 posse.
753 1637 904 1670 Volentes
925 1637 1072 1681 insuper,
1087 1638 1173 1681 quod

428 1700 581 1732 praesens
600 1697 712 1723 noster
730 1690 1090 1734 motusproprius,licet
1108 1702 1173 1725 non

428 1743 587 1776 admissus
617 1754 675 1777 nec
701 1744 890 1786 registratus
916 1744 947 1777 in
973 1744 1104 1778 (lamera
1130 1746 1174 1778 vi-

428 1807 506 1839 gore
526 1797 637 1830 Bullae
658 1797 702 1829 Pii
720 1797 756 1829 lv
782 1798 884 1830 nostri
912 1799 1173 1841 praedecessoris

428 1850 466 1882 dc
493 1850 724 1893 registrandis,
751 1852 855 1883 valeat
880 1856 910 1884 et
937 1852 1056 1885 habeat
1080 1863 1172 1885 snum

427 1903 610 1946 plenarium
638 1902 789 1936 effectum
827 1910 858 1937 et
891 1905 1114 1938 executionem
1140 1906 1171 1938 in

427 1957 490 1988 vim
516 1963 643 1989 nostrae
663 1957 822 2000 simplicis
841 1958 1037 2001 signaturae,
1058 1965 1089 1991 et
1107 1970 1171 1992 uon

427 2009 630 2041 obstantibus
658 2010 918 2054 quilntscumquc
945 2011 1016 2044 aliis
1042 2012 1073 2043 in
1099 2023 1173 2045 con-

429 2063 558 2096 trarium
586 2063 789 2097 facientibus.
817 2064 937 2103 Quibus
964 2067 1115 2099 omnibus
1143 2072 1172 2100 et

427 2116 583 2159 singulis,
603 2117 609 2132 ¹
629 2128 688 2160 pro
707 2119 870 2161 expressis
896 2119 1051 2152 habentes
1077 2125 1108 2152 et
1133 2120 1171 2153 de

427 2169 526 2202 verbo
552 2170 592 2202 ad
618 2171 751 2203 verbum
771 2171 912 2212 insertis,
930 2183 990 2215 pro
1017 2173 1078 2206 liac
1104 2173 1170 2206 vice

428 2222 602 2263 dumtaxat,
621 2229 652 2257 et
669 2235 729 2267 pro
745 2224 935 2258 huiusmodi
953 2225 1084 2267 effecum
1104 2237 1172 2270 spe-

428 2276 550 2309 cialiter
576 2277 782 2319 derogamus.
811 2278 872 2311 Pro
897 2279 1010 2322 plene,
1038 2284 1100 2312 etc.

471 2330 583 2362 Datum
610 2330 754 2370 Itomae,
786 2332 872 2374 apud
905 2331 936 2365 S.
967 2332 1111 2373 Petrum,
1141 2343 1170 2366 Vt

428 2382 582 2415 kalendas
611 2383 679 2416 iulii
710 2394 910 2419 unccxxviu.

462 2444 520 2471 Dat.
543 2444 584 2471 die
604 2446 636 2473 :th
657 2446 722 2472 iunii
743 2447 823 2481 1728,
843 2448 938 2482 pontif.
961 2456 1030 2475 anno
1053 2455 1078 2474 v.

506 2508 616 2538 I'lut'cul
640 2514 711 2537 motu
732 2511 847 2548 proprio
871 2510 901 2539 V.
920 2511 955 2540 M.

464 2603 473 2628 1
497 2600 597 2630 Desunt
619 2601 700 2629 verba
720 2610 820 2629 eoram
842 2605 953 2631 tenores
971 2603 1012 2637 (n.
1029 2605 1075 2637 Τ,).

1019 199 1202 224 BULLARIUM
1227 199 1382 225 ROMANUM

1510 250 1680 285 ccxxxii.

1223 329 1423 363 Slatumitm·
1447 336 1475 363 et
1500 331 1713 365 declarantur
1729 332 1895 365 nonnulla
1910 343 1969 376 pro

1267 384 1424 416 unmeimi
1468 385 1637 417 concordia
1676 385 1835 418 servandti
1881 385 1970 417 inter

1265 436 1416 477 familias
1443 437 1668 470 tertiariorum
1697 437 1832 470 Ordinis
1862 437 1970 470 Mmo-

1266 499 1342 521 ‘rum
1368 488 1388 522 ¹.

1400 570 1586 598 Benedictus
1608 571 1687 604 Papa
1706 571 1784 602 xm,

1222 623 1343 650 dilectis
1365 624 1424 651 filis
1446 624 1586 651 ministro
1614 624 1748 659 generali
1768 624 1864 652 totius
1886 624 1968 652 ordi-

1257 668 1304 694 nis
1331 668 1460 695 fratrum
1490 669 1639 695 Minorum
1674 669 1774 696 sancti
1803 668 1965 701 Francisci.

1257 719 1373 739 necnon
1401 713 1536 746 generali
1562 713 1701 740 ministro
1731 713 1859 740 fratrum
1894 713 1966 740 Con-

1257 757 1448 783 ventualium
1469 757 1604 784 eiusdem
1625 757 1755 785 Ordinis.

1496 819 1606 846 Dilecti
1626 819 1695 851 filii,

1254 864 1388 891 salutem
1409 866 1440 891 et
1460 864 1658 897 apostolicam
1676 864 1931 892 benedictionem.

1265 943 1322 982 Qui
1350 955 1461 987 pacem
1489 945 1632 987 loquitur
1657 944 1689 976 in
1718 944 1849 987 plebem
1875 954 1965 977 suam

1221 1003 1251 1030 ct
1269 1007 1367 1040 super
1385 1002 1512 1030 sanctos
1530 1008 1619 1037 suos,
1635 1003 1755 1030 certam
1775 997 1861 1030 illam
1880 1008 1967 1031 aver-

1221 1050 1338 1083 tendae
1378 1051 1597 1084 contentionis
1636 1050 1698 1083 vim
1738 1050 1965 1095 rationemque

1220 1103 1390 1146 discipulis
1416 1103 1606 1146 designavit,
1633 1104 1764 1137 monitis
1794 1104 1966 1148 exemplis-

1219 1167 1281 1199 que
1307 1156 1372 1189 suis
1394 1157 1523 1190 eosdem
1541 1157 1742 1198 adhortatus,
1760 1163 1802 1199 ut,
1820 1157 1873 1201 qui
1900 1168 1964 1191 ma-

1220 1209 1270 1242 ior
1295 1215 1381 1242 esset
1406 1210 1489 1242 inter
1507 1210 1606 1254 ipsos,
1625 1210 1716 1244 fieret
1737 1211 1818 1244 sicut
1841 1211 1962 1252 minor,

1219 1273 1255 1295 ac
1274 1263 1414 1306 proinde
1433 1273 1502 1296 esse
1519 1264 1763 1297 contenderent
1786 1274 1849 1297 non
1870 1275 1964 1308 prae«

1219 1316 1397 1349 eminentia
1415 1322 1445 1349 et
1463 1317 1613 1360 primatu,
1630 1318 1686 1351 sed
1705 1317 1908 1351 ministrandi
1926 1328 1963 1351 ac

1219 1368 1410 1402 subiacendi
1425 1369 1610 1403 hnmilitate
1628 1380 1865 1413 praecessores.
1877 1371 1963 1404 Haec

1219 1428 1326 1455 autem
1354 1422 1548 1456 documenta
1579 1423 1612 1456 B.
1639 1423 1853 1465 Franciscus,
1875 1434 1962 1457 sera-

1218 1475 1307 1518 phici
1344 1475 1442 1508 vestri
1479 1475 1610 1508 Ordinis
1646 1476 1809 1516 conditor,
1836 1476 1960 1520 etipse

1217 1528 1411 1561 mirabiliter
1435 1528 1573 1572 arripuit
1598 1534 1630 1561 et
1655 1529 1825 1573 expressit,
1850 1534 1883 1563 et
1907 1540 1962 1562 cu-

1217 1581 1407 1615 stodiendae
1432 1582 1521 1625 pacis
1548 1582 1787 1616 firmamentum
1812 1593 1884 1616 esse
1909 1593 1962 1616 vo-

1217 1635 1277 1668 luit
1294 1635 1433 1668 alumnis
1455 1636 1532 1676 suis,
1553 1635 1619 1679 qui,
1640 1635 1788 1669 modesta
1807 1635 1876 1679 ipsa
1900 1636 1961 1669 fra-

1218 1693 1303 1721 trum
1322 1688 1480 1722 Minorum
1500 1689 1723 1732 appellatione
1743 1689 1961 1733 evangelicam

1216 1742 1305 1775 illam
1332 1743 1484 1776 caelestis
1511 1743 1654 1785 Magistri
1692 1754 1838 1777 normam
1864 1754 1960 1787 prae-

1217 1795 1406 1835 seferentes,
1431 1796 1580 1829 sincerae
1607 1796 1774 1829 charitatis
1799 1807 1960 1840 veraeque

1217 1848 1428 1881 fraternitatis
1465 1849 1670 1892 disciplinam
1703 1855 1734 1883 et
1758 1850 1879 1883 cultum
1903 1860 1962 1893 per

1217 1906 1316 1935 totam
1342 1901 1460 1934 Christi
1486 1902 1659 1935 Ecclesiam
1697 1902 1854 1936 latissime
1879 1913 1957 1946 pro-

1216 1960 1388 1999 pagarunt.
1426 1955 1488 1988 Nos
1529 1955 1646 1998 igitur,
1687 1956 1960 1999 quemadmodum

1216 2009 1335 2041 uberes
1362 2019 1397 2041 ex
1425 2008 1669 2052 religiosissima
1686 2009 1890 2042 institutione
1910 2009 1960 2042 do·

1216 2062 1325 2094 minici
1352 2062 1418 2105 agri
1446 2067 1624 2104 proventus
1650 2062 1796 2105 largitori
1813 2062 1879 2095 Deo
1896 2062 1960 2095 rei-

1216 2126 1278 2158 que
1306 2115 1484 2148 catholicae
1510 2117 1732 2158 gratulamur,
1760 2116 1802 2149 ita
1828 2126 1958 2148 omnem

1215 2170 1290 2202 darc
1328 2180 1462 2213 operam
1490 2169 1645 2203 debemus
1681 2180 1721 2202 ne
1759 2169 1889 2202 dissidia
1927 2174 1959 2202 et

1215 2223 1288 2256 lites
1315 2223 1353 2256 dc
1379 2223 1451 2256 loco
1469 2228 1500 2255 et
1516 2223 1674 2266 dignitate
1692 2223 1812 2256 bonam
1833 2223 1956 2266 frugem

1214 2275 1369 2309 suffocare
1397 2277 1529 2320 possint,
1556 2277 1797 2320 fraternamque
1821 2285 1958 2309 concor-

1214 2329 1299 2362 diam
1325 2330 1510 2363 discindere
1536 2335 1589 2362 aut
1614 2329 1821 2373 perturbare.

1258 2383 1272 2425 ξ
1298 2383 1328 2414 t.
1357 2383 1477 2423 Porro,
1507 2393 1579 2416 cum
1607 2388 1671 2416 tres
1706 2382 1957 2417 constitutiones

1248 2473 1257 2498 1
1282 2471 1339 2497 Alia
1361 2472 1440 2498 liuius
1461 2471 1599 2499 Pontificis
1619 2475 1707 2500 const.
1724 2473 1791 2499 edit.
1808 2479 1955 2506 nuceum,

1211 2516 1254 2542 die
1286 2517 1317 2542 16
1346 2517 1520 2551 novembris,
1543 2517 1637 2551 pontif.
1668 2525 1696 2550 1,
1717 2521 1818 2544 statuta
1847 2517 1956 2544 suerunt

1210 2560 1337 2586 nonnulla
1353 2568 1400 2595 pro
1416 2560 1583 2587 restituenda
1599 2564 1624 2588 et
1639 2560 1827 2588 conservanda
1838 2560 1955 2595 regulari

1209 2603 1351 2639 disciplina
1372 2605 1397 2631 in
1418 2604 1518 2632 Ordine
1538 2604 1650 2632 fratrum
1665 2604 1811 2633 Minorum.

1975 203 2025 231 An.
2041 203 2071 231 C.
2091 205 2157 235 ¹728

2012 951 2123 973 Exordium
2137 955 2157 974 et

1977 979 2096 999 exhortatio
2117 979 2157 1000 sra-

1978 1006 2044 1026 tribus
2071 1005 2156 1027 Minori-

1976 1031 2015 1052 bus
2038 1032 2066 1053 ad
2087 1032 2157 1054 foven-

1977 1059 2023 1079 dam
2070 1064 2156 1081 concor·

1976 1085 2038 1106 diam.

1994 2390 2076 2412 Causae
2089 2393 2147 2416 prae·

1967 2418 2033 2440 sentis
2048 2416 2147 2439 constitu-
