<?xml version="1.0" encoding="UTF-8"?>
<!DOCTYPE html PUBLIC "-//W3C//DTD XHTML 1.0 Transitional//EN"
    "http://www.w3.org/TR/xhtml1/DTD/xhtml1-transitional.dtd">
<html xmlns="http://www.w3.org/1999/xhtml" xml:lang="en" lang="en">
 <head>
  <title>
</title>
<meta http-equiv="Content-Type" content="text/html;charset=utf-8" />
  <meta name='ocr-system' content='tesseract 3.04.00' />
  <meta name='ocr-capabilities' content='ocr_page ocr_carea ocr_par ocr_line ocrx_word'/>
</head>
<body>
  <div class='ocr_page' id='page_1' title='image "./bullarumdiplomat22cath_0116.png"; bbox 0 0 2170 3147; ppageno 0'>
   <div class='ocr_carea' id='block_1_1' title="bbox 190 172 1131 1763">
    <p class='ocr_par' dir='ltr' id='par_1_1' title="bbox 190 172 465 210">
     <span class='ocr_line' id='line_1_1' title="bbox 190 172 465 210; baseline -0.018 0"><span class='ocrx_word' id='word_1_1' title='bbox 190 184 239 210; x_wconf 60' lang='lat' dir='ltr'>An.</span> <span class='ocrx_word' id='word_1_2' title='bbox 256 182 285 208; x_wconf 87' lang='lat' dir='ltr'>e.</span> <span class='ocrx_word' id='word_1_3' title='bbox 310 181 378 208; x_wconf 67' lang='lat'>1724</span> <span class='ocrx_word' id='word_1_4' title='bbox 423 172 465 205; x_wconf 83' lang='lat'>78</span> 
     </span>
    </p>

    <p class='ocr_par' dir='ltr' id='par_1_2' title="bbox 383 230 1130 1485">
     <span class='ocr_line' id='line_1_2' title="bbox 430 230 1124 272; baseline 0 -10"><span class='ocrx_word' id='word_1_5' title='bbox 430 231 444 272; x_wconf 66' lang='grc' dir='ltr'><strong>ξ</strong></span> <span class='ocrx_word' id='word_1_6' title='bbox 466 230 497 262; x_wconf 68' lang='lat'>2.</span> <span class='ocrx_word' id='word_1_7' title='bbox 518 230 594 263; x_wconf 84' lang='lat' dir='ltr'>Cum</span> <span class='ocrx_word' id='word_1_8' title='bbox 613 237 730 269; x_wconf 86' lang='lat' dir='ltr'>autem,</span> <span class='ocrx_word' id='word_1_9' title='bbox 753 231 836 263; x_wconf 76' lang='lat' dir='ltr'>sicut</span> <span class='ocrx_word' id='word_1_10' title='bbox 852 230 956 263; x_wconf 84' lang='lat' dir='ltr'>dictus</span> <span class='ocrx_word' id='word_1_11' title='bbox 975 232 1124 263; x_wconf 70' lang='lat' dir='ltr'>Clemens</span> 
     </span>
     <span class='ocr_line' id='line_1_3' title="bbox 384 282 1123 325; baseline 0.001 -11"><span class='ocrx_word' id='word_1_12' title='bbox 384 283 477 325; x_wconf 89' lang='lat' dir='ltr'>prior</span> <span class='ocrx_word' id='word_1_13' title='bbox 495 283 701 325; x_wconf 84' lang='lat' dir='ltr'>provincialis</span> <span class='ocrx_word' id='word_1_14' title='bbox 724 283 818 315; x_wconf 88' lang='lat' dir='ltr'>nobis</span> <span class='ocrx_word' id='word_1_15' title='bbox 841 283 980 315; x_wconf 85' lang='lat' dir='ltr'>subinde</span> <span class='ocrx_word' id='word_1_16' title='bbox 1007 282 1123 325; x_wconf 72' lang='lat' dir='ltr'>exponi</span> 
     </span>
     <span class='ocr_line' id='line_1_4' title="bbox 384 335 1125 378; baseline 0 -11"><span class='ocrx_word' id='word_1_17' title='bbox 384 335 471 375; x_wconf 80' lang='lat' dir='ltr'>fecit,</span> <span class='ocrx_word' id='word_1_18' title='bbox 495 337 563 378; x_wconf 88' lang='lat' dir='ltr'>ipse</span> <span class='ocrx_word' id='word_1_19' title='bbox 583 336 748 368; x_wconf 83' lang='lat' dir='ltr'>decretum</span> <span class='ocrx_word' id='word_1_20' title='bbox 772 335 970 373; x_wconf 82' lang='lat' dir='ltr'>huiusmodi,</span> <span class='ocrx_word' id='word_1_21' title='bbox 991 346 1048 378; x_wconf 89' lang='lat' dir='ltr'>pro</span> <span class='ocrx_word' id='word_1_22' title='bbox 1074 335 1125 367; x_wconf 83' lang='lat' dir='ltr'>sir-</span> 
     </span>
     <span class='ocr_line' id='line_1_5' title="bbox 383 388 1125 431; baseline 0 -11"><span class='ocrx_word' id='word_1_23' title='bbox 383 388 478 421; x_wconf 88' lang='lat' dir='ltr'>miori</span> <span class='ocrx_word' id='word_1_24' title='bbox 494 389 584 421; x_wconf 87' lang='lat' dir='ltr'>illius</span> <span class='ocrx_word' id='word_1_25' title='bbox 599 389 818 428; x_wconf 74' lang='lat' dir='ltr'>subsistentia,</span> <span class='ocrx_word' id='word_1_26' title='bbox 834 388 1031 431; x_wconf 85' lang='lat' dir='ltr'>apostolieae</span> <span class='ocrx_word' id='word_1_27' title='bbox 1051 398 1125 421; x_wconf 79' lang='lat' dir='ltr'>con-</span> 
     </span>
     <span class='ocr_line' id='line_1_6' title="bbox 384 441 1123 485; baseline 0 -12"><span class='ocrx_word' id='word_1_28' title='bbox 384 441 578 475; x_wconf 81' lang='lat' dir='ltr'>firmationis</span> <span class='ocrx_word' id='word_1_29' title='bbox 590 448 720 475; x_wconf 84' lang='lat' dir='ltr'>nostrae</span> <span class='ocrx_word' id='word_1_30' title='bbox 736 443 917 485; x_wconf 87' lang='lat' dir='ltr'>patrocinio</span> <span class='ocrx_word' id='word_1_31' title='bbox 930 441 1123 475; x_wconf 82' lang='lat' dir='ltr'>communiri</span> 
     </span>
     <span class='ocr_line' id='line_1_7' title="bbox 384 494 1124 538; baseline -0.001 -11"><span class='ocrx_word' id='word_1_32' title='bbox 384 505 592 538; x_wconf 82' lang='lat' dir='ltr'>summopere</span> <span class='ocrx_word' id='word_1_33' title='bbox 609 495 790 529; x_wconf 76' lang='lat' dir='ltr'>desideret:</span> <span class='ocrx_word' id='word_1_34' title='bbox 806 505 876 534; x_wconf 76' lang='lat' dir='ltr'>nos,</span> <span class='ocrx_word' id='word_1_35' title='bbox 892 495 951 538; x_wconf 83' lang='lat' dir='ltr'>ipsi</span> <span class='ocrx_word' id='word_1_36' title='bbox 967 494 1124 527; x_wconf 80' lang='lat' dir='ltr'>Clementi</span> 
     </span>
     <span class='ocr_line' id='line_1_8' title="bbox 385 548 1124 592; baseline 0 -12"><span class='ocrx_word' id='word_1_37' title='bbox 385 548 488 590; x_wconf 88' lang='lat' dir='ltr'>priori</span> <span class='ocrx_word' id='word_1_38' title='bbox 504 548 838 592; x_wconf 78' lang='lat' dir='ltr'>provincialigratiain</span> <span class='ocrx_word' id='word_1_39' title='bbox 856 548 958 580; x_wconf 78' lang='lat' dir='ltr'>lacere</span> <span class='ocrx_word' id='word_1_40' title='bbox 968 549 1124 587; x_wconf 84' lang='lat' dir='ltr'>volentes,</span> 
     </span>
     <span class='ocr_line' id='line_1_9' title="bbox 386 601 1124 645; baseline 0 -12"><span class='ocrx_word' id='word_1_41' title='bbox 386 612 526 645; x_wconf 76' lang='lat' dir='ltr'>eumque</span> <span class='ocrx_word' id='word_1_42' title='bbox 546 614 563 635; x_wconf 86' lang='lat' dir='ltr'>a</span> <span class='ocrx_word' id='word_1_43' title='bbox 582 603 748 645; x_wconf 74' lang='lat' dir='ltr'>quibusvis</span> <span class='ocrx_word' id='word_1_44' title='bbox 764 601 1124 641; x_wconf 83' lang='lat' dir='ltr'>excommunicationis,</span> 
     </span>
     <span class='ocr_line' id='line_1_10' title="bbox 385 655 1126 698; baseline 0 -12"><span class='ocrx_word' id='word_1_45' title='bbox 385 655 610 697; x_wconf 63' lang='lat' dir='ltr'>suspensionis</span> <span class='ocrx_word' id='word_1_46' title='bbox 627 660 657 688; x_wconf 91' lang='lat' dir='ltr'>et</span> <span class='ocrx_word' id='word_1_47' title='bbox 671 655 853 693; x_wconf 73' lang='lat' dir='ltr'>interdicti,</span> <span class='ocrx_word' id='word_1_48' title='bbox 869 655 1008 698; x_wconf 83' lang='lat' dir='ltr'>aliisque</span> <span class='ocrx_word' id='word_1_49' title='bbox 1024 655 1126 687; x_wconf 80' lang='lat' dir='ltr'>ecclc-</span> 
     </span>
     <span class='ocr_line' id='line_1_11' title="bbox 385 708 1125 751; baseline 0.001 -12"><span class='ocrx_word' id='word_1_50' title='bbox 385 708 525 741; x_wconf 79' lang='lat' dir='ltr'>siasticis</span> <span class='ocrx_word' id='word_1_51' title='bbox 552 709 742 748; x_wconf 68' lang='lat' dir='ltr'>sententiis,</span> <span class='ocrx_word' id='word_1_52' title='bbox 770 709 916 741; x_wconf 79' lang='lat' dir='ltr'>censuris</span> <span class='ocrx_word' id='word_1_53' title='bbox 942 713 973 741; x_wconf 87' lang='lat' dir='ltr'>et</span> <span class='ocrx_word' id='word_1_54' title='bbox 999 708 1125 751; x_wconf 84' lang='lat' dir='ltr'>poenis,</span> 
     </span>
     <span class='ocr_line' id='line_1_12' title="bbox 385 761 1125 805; baseline -0.001 -12"><span class='ocrx_word' id='word_1_55' title='bbox 385 773 401 793; x_wconf 80' lang='lat' dir='ltr'>a</span> <span class='ocrx_word' id='word_1_56' title='bbox 427 761 496 793; x_wconf 84' lang='lat' dir='ltr'>iure</span> <span class='ocrx_word' id='word_1_57' title='bbox 523 762 571 794; x_wconf 85' lang='lat' dir='ltr'>vel</span> <span class='ocrx_word' id='word_1_58' title='bbox 594 762 633 794; x_wconf 87' lang='lat' dir='ltr'>ab</span> <span class='ocrx_word' id='word_1_59' title='bbox 652 762 804 801; x_wconf 81' lang='lat' dir='ltr'>bomine,</span> <span class='ocrx_word' id='word_1_60' title='bbox 824 762 935 805; x_wconf 76' lang='lat' dir='ltr'>quavis</span> <span class='ocrx_word' id='word_1_61' title='bbox 956 761 1125 795; x_wconf 84' lang='lat' dir='ltr'>occasione</span> 
     </span>
     <span class='ocr_line' id='line_1_13' title="bbox 386 814 1128 858; baseline -0.003 -11"><span class='ocrx_word' id='word_1_62' title='bbox 386 815 434 847; x_wconf 76' lang='lat' dir='ltr'>vel</span> <span class='ocrx_word' id='word_1_63' title='bbox 461 817 553 846; x_wconf 78' lang='lat' dir='ltr'>causa</span> <span class='ocrx_word' id='word_1_64' title='bbox 580 815 664 853; x_wconf 82' lang='lat' dir='ltr'>latis,</span> <span class='ocrx_word' id='word_1_65' title='bbox 685 815 709 847; x_wconf 89' lang='lat' dir='ltr'>si</span> <span class='ocrx_word' id='word_1_66' title='bbox 736 815 852 858; x_wconf 86' lang='lat' dir='ltr'>quibus</span> <span class='ocrx_word' id='word_1_67' title='bbox 878 814 1128 858; x_wconf 75' lang='lat' dir='ltr'>quomodolibet</span> 
     </span>
     <span class='ocr_line' id='line_1_14' title="bbox 387 866 1129 910; baseline -0.001 -12"><span class='ocrx_word' id='word_1_68' title='bbox 387 866 562 900; x_wconf 81' lang='lat' dir='ltr'>innodatus</span> <span class='ocrx_word' id='word_1_69' title='bbox 588 867 715 907; x_wconf 75' lang='lat' dir='ltr'>existit,</span> <span class='ocrx_word' id='word_1_70' title='bbox 734 867 772 899; x_wconf 89' lang='lat' dir='ltr'>ad</span> <span class='ocrx_word' id='word_1_71' title='bbox 799 866 949 899; x_wconf 65' lang='lat' dir='ltr'>ellectum</span> <span class='ocrx_word' id='word_1_72' title='bbox 975 875 1129 910; x_wconf 89' lang='lat' dir='ltr'>praesen-</span> 
     </span>
     <span class='ocr_line' id='line_1_15' title="bbox 387 919 1126 963; baseline 0 -12"><span class='ocrx_word' id='word_1_73' title='bbox 387 920 465 952; x_wconf 84' lang='lat' dir='ltr'>tium</span> <span class='ocrx_word' id='word_1_74' title='bbox 500 919 663 953; x_wconf 79' lang='lat' dir='ltr'>dumtaxat</span> <span class='ocrx_word' id='word_1_75' title='bbox 696 921 981 963; x_wconf 84' lang='lat' dir='ltr'>consequendum,</span> <span class='ocrx_word' id='word_1_76' title='bbox 1010 920 1126 952; x_wconf 84' lang='lat' dir='ltr'>liarum</span> 
     </span>
     <span class='ocr_line' id='line_1_16' title="bbox 385 973 1129 1006; baseline 0 -2"><span class='ocrx_word' id='word_1_77' title='bbox 385 973 468 1006; x_wconf 87' lang='lat' dir='ltr'>serie</span> <span class='ocrx_word' id='word_1_78' title='bbox 487 973 692 1006; x_wconf 72' lang='lat' dir='ltr'>absolventes</span> <span class='ocrx_word' id='word_1_79' title='bbox 712 978 743 1006; x_wconf 89' lang='lat' dir='ltr'>et</span> <span class='ocrx_word' id='word_1_80' title='bbox 761 973 943 1006; x_wconf 85' lang='lat' dir='ltr'>absolutum</span> <span class='ocrx_word' id='word_1_81' title='bbox 960 973 1029 1005; x_wconf 87' lang='lat' dir='ltr'>sore</span> <span class='ocrx_word' id='word_1_82' title='bbox 1053 982 1129 1005; x_wconf 87' lang='lat' dir='ltr'>ceu—</span> 
     </span>
     <span class='ocr_line' id='line_1_17' title="bbox 387 1025 1127 1069; baseline -0.003 -10"><span class='ocrx_word' id='word_1_83' title='bbox 387 1031 521 1066; x_wconf 80' lang='lat' dir='ltr'>sentes,</span> <span class='ocrx_word' id='word_1_84' title='bbox 550 1026 845 1069; x_wconf 78' lang='lat' dir='ltr'>supplicationibus</span> <span class='ocrx_word' id='word_1_85' title='bbox 887 1026 955 1058; x_wconf 87' lang='lat' dir='ltr'>eius</span> <span class='ocrx_word' id='word_1_86' title='bbox 996 1025 1127 1058; x_wconf 84' lang='lat' dir='ltr'>nomine</span> 
     </span>
     <span class='ocr_line' id='line_1_18' title="bbox 386 1078 1128 1123; baseline -0.003 -11"><span class='ocrx_word' id='word_1_87' title='bbox 386 1079 483 1113; x_wconf 87' lang='lat' dir='ltr'>uobis</span> <span class='ocrx_word' id='word_1_88' title='bbox 520 1090 620 1123; x_wconf 91' lang='lat' dir='ltr'>super</span> <span class='ocrx_word' id='word_1_89' title='bbox 661 1079 723 1112; x_wconf 82' lang='lat' dir='ltr'>lioc</span> <span class='ocrx_word' id='word_1_90' title='bbox 760 1079 928 1112; x_wconf 84' lang='lat' dir='ltr'>humiliter</span> <span class='ocrx_word' id='word_1_91' title='bbox 968 1078 1128 1122; x_wconf 75' lang='lat' dir='ltr'>porrectis</span> 
     </span>
     <span class='ocr_line' id='line_1_19' title="bbox 386 1133 1129 1175; baseline -0.005 -9"><span class='ocrx_word' id='word_1_92' title='bbox 386 1133 553 1173; x_wconf 83' lang='lat' dir='ltr'>inclinati,</span> <span class='ocrx_word' id='word_1_93' title='bbox 580 1133 748 1165; x_wconf 82' lang='lat' dir='ltr'>decretum</span> <span class='ocrx_word' id='word_1_94' title='bbox 785 1133 1020 1175; x_wconf 83' lang='lat' dir='ltr'>praeinsertum</span> <span class='ocrx_word' id='word_1_95' title='bbox 1037 1158 1045 1172; x_wconf 93' lang='lat'>,</span> <span class='ocrx_word' id='word_1_96' title='bbox 1073 1142 1129 1164; x_wconf 87' lang='lat' dir='ltr'>au-</span> 
     </span>
     <span class='ocr_line' id='line_1_20' title="bbox 386 1184 1128 1229; baseline -0.003 -10"><span class='ocrx_word' id='word_1_97' title='bbox 386 1187 534 1219; x_wconf 81' lang='lat' dir='ltr'>ctoritate</span> <span class='ocrx_word' id='word_1_98' title='bbox 553 1186 746 1229; x_wconf 74' lang='lat' dir='ltr'>apostolica,</span> <span class='ocrx_word' id='word_1_99' title='bbox 769 1191 879 1218; x_wconf 87' lang='lat' dir='ltr'>tenore</span> <span class='ocrx_word' id='word_1_100' title='bbox 896 1184 1128 1228; x_wconf 87' lang='lat' dir='ltr'>praesentium,</span> 
     </span>
     <span class='ocr_line' id='line_1_21' title="bbox 386 1238 1130 1284; baseline -0.003 -12"><span class='ocrx_word' id='word_1_101' title='bbox 386 1240 604 1284; x_wconf 71' lang='lat' dir='ltr'>approbamus</span> <span class='ocrx_word' id='word_1_102' title='bbox 623 1245 653 1272; x_wconf 86' lang='lat' dir='ltr'>et</span> <span class='ocrx_word' id='word_1_103' title='bbox 680 1238 923 1279; x_wconf 68' lang='lat' dir='ltr'>confirmamus,</span> <span class='ocrx_word' id='word_1_104' title='bbox 943 1238 1057 1282; x_wconf 83' lang='lat' dir='ltr'>illique</span> <span class='ocrx_word' id='word_1_105' title='bbox 1085 1238 1130 1270; x_wconf 90' lang='lat' dir='ltr'>in-</span> 
     </span>
     <span class='ocr_line' id='line_1_22' title="bbox 386 1291 1130 1336; baseline -0.001 -12"><span class='ocrx_word' id='word_1_106' title='bbox 386 1293 548 1326; x_wconf 77' lang='lat' dir='ltr'>violabilis</span> <span class='ocrx_word' id='word_1_107' title='bbox 585 1293 783 1336; x_wconf 79' lang='lat' dir='ltr'>apostolicae</span> <span class='ocrx_word' id='word_1_108' title='bbox 826 1291 986 1324; x_wconf 80' lang='lat' dir='ltr'>firmitatis</span> <span class='ocrx_word' id='word_1_109' title='bbox 1029 1291 1130 1324; x_wconf 87' lang='lat' dir='ltr'>robur</span> 
     </span>
     <span class='ocr_line' id='line_1_23' title="bbox 389 1344 1129 1388; baseline -0.001 -10"><span class='ocrx_word' id='word_1_110' title='bbox 389 1345 576 1378; x_wconf 82' lang='lat' dir='ltr'>adiicimus:</span> <span class='ocrx_word' id='word_1_111' title='bbox 603 1346 689 1378; x_wconf 80' lang='lat' dir='ltr'>salva</span> <span class='ocrx_word' id='word_1_112' title='bbox 712 1350 817 1378; x_wconf 83' lang='lat' dir='ltr'>tamen</span> <span class='ocrx_word' id='word_1_113' title='bbox 836 1355 968 1388; x_wconf 85' lang='lat' dir='ltr'>semper</span> <span class='ocrx_word' id='word_1_114' title='bbox 987 1344 1019 1377; x_wconf 90' lang='lat' dir='ltr'>in</span> <span class='ocrx_word' id='word_1_115' title='bbox 1038 1355 1129 1388; x_wconf 77' lang='lat' dir='ltr'>prae-</span> 
     </span>
     <span class='ocr_line' id='line_1_24' title="bbox 387 1397 1129 1442; baseline -0.001 -11"><span class='ocrx_word' id='word_1_116' title='bbox 387 1399 495 1431; x_wconf 81' lang='lat' dir='ltr'>missis</span> <span class='ocrx_word' id='word_1_117' title='bbox 516 1399 707 1432; x_wconf 81' lang='lat' dir='ltr'>auctoritate</span> <span class='ocrx_word' id='word_1_118' title='bbox 735 1397 923 1442; x_wconf 73' lang='lat' dir='ltr'>praedictae</span> <span class='ocrx_word' id='word_1_119' title='bbox 948 1397 1129 1440; x_wconf 74' lang='lat' dir='ltr'>Congrega-</span> 
     </span>
     <span class='ocr_line' id='line_1_25' title="bbox 388 1451 736 1485; baseline -0.003 -1"><span class='ocrx_word' id='word_1_120' title='bbox 388 1451 485 1485; x_wconf 84' lang='lat' dir='ltr'>tionis</span> <span class='ocrx_word' id='word_1_121' title='bbox 511 1451 736 1485; x_wconf 75' lang='lat' dir='ltr'>cardinalium.</span> 
     </span>
    </p>

    <p class='ocr_par' dir='ltr' id='par_1_3' title="bbox 387 1504 1131 1763">
     <span class='ocr_line' id='line_1_26' title="bbox 432 1504 1130 1548; baseline -0.001 -10"><span class='ocrx_word' id='word_1_122' title='bbox 432 1506 447 1548; x_wconf 63' lang='lat' dir='ltr'>g</span> <span class='ocrx_word' id='word_1_123' title='bbox 471 1505 503 1539; x_wconf 76' lang='lat'>3.</span> <span class='ocrx_word' id='word_1_124' title='bbox 527 1505 760 1544; x_wconf 84' lang='lat' dir='ltr'>Decernentcs,</span> <span class='ocrx_word' id='word_1_125' title='bbox 784 1504 914 1537; x_wconf 88' lang='lat' dir='ltr'>casdem</span> <span class='ocrx_word' id='word_1_126' title='bbox 941 1510 1130 1548; x_wconf 81' lang='lat' dir='ltr'>praesentes</span> 
     </span>
     <span class='ocr_line' id='line_1_27' title="bbox 388 1557 1130 1602; baseline -0.001 -11"><span class='ocrx_word' id='word_1_127' title='bbox 388 1558 514 1591; x_wconf 82' lang='lat' dir='ltr'>litteras</span> <span class='ocrx_word' id='word_1_128' title='bbox 531 1569 660 1602; x_wconf 88' lang='lat' dir='ltr'>semper</span> <span class='ocrx_word' id='word_1_129' title='bbox 680 1557 799 1598; x_wconf 80' lang='lat' dir='ltr'>sirmas,</span> <span class='ocrx_word' id='word_1_130' title='bbox 820 1558 941 1591; x_wconf 83' lang='lat' dir='ltr'>validas</span> <span class='ocrx_word' id='word_1_131' title='bbox 968 1564 999 1591; x_wconf 89' lang='lat' dir='ltr'>et</span> <span class='ocrx_word' id='word_1_132' title='bbox 1023 1558 1130 1591; x_wconf 83' lang='lat' dir='ltr'>effica-</span> 
     </span>
     <span class='ocr_line' id='line_1_28' title="bbox 387 1611 1131 1655; baseline 0.001 -12"><span class='ocrx_word' id='word_1_133' title='bbox 387 1622 442 1645; x_wconf 79' lang='lat' dir='ltr'>ces</span> <span class='ocrx_word' id='word_1_134' title='bbox 460 1611 599 1645; x_wconf 79' lang='lat' dir='ltr'>existere</span> <span class='ocrx_word' id='word_1_135' title='bbox 618 1616 649 1644; x_wconf 82' lang='lat' dir='ltr'>et</span> <span class='ocrx_word' id='word_1_136' title='bbox 669 1611 746 1652; x_wconf 87' lang='lat' dir='ltr'>sore,</span> <span class='ocrx_word' id='word_1_137' title='bbox 762 1622 902 1654; x_wconf 86' lang='lat' dir='ltr'>suosque</span> <span class='ocrx_word' id='word_1_138' title='bbox 920 1611 1085 1655; x_wconf 83' lang='lat' dir='ltr'>plenarios</span> <span class='ocrx_word' id='word_1_139' title='bbox 1101 1617 1131 1644; x_wconf 86' lang='lat' dir='ltr'>et</span> 
     </span>
     <span class='ocr_line' id='line_1_29' title="bbox 388 1665 1131 1708; baseline -0.001 -9"><span class='ocrx_word' id='word_1_140' title='bbox 388 1667 533 1708; x_wconf 73' lang='lat' dir='ltr'>integros</span> <span class='ocrx_word' id='word_1_141' title='bbox 563 1665 679 1699; x_wconf 70' lang='lat' dir='ltr'>effectu</span> <span class='ocrx_word' id='word_1_142' title='bbox 706 1666 813 1699; x_wconf 86' lang='lat' dir='ltr'>sortiri</span> <span class='ocrx_word' id='word_1_143' title='bbox 848 1671 880 1698; x_wconf 87' lang='lat' dir='ltr'>ct</span> <span class='ocrx_word' id='word_1_144' title='bbox 905 1665 1067 1706; x_wconf 87' lang='lat' dir='ltr'>obtinere,</span> <span class='ocrx_word' id='word_1_145' title='bbox 1095 1676 1131 1698; x_wconf 84' lang='lat' dir='ltr'>ae</span> 
     </span>
     <span class='ocr_line' id='line_1_30' title="bbox 387 1719 1130 1763; baseline -0.001 -10"><span class='ocrx_word' id='word_1_146' title='bbox 387 1719 470 1758; x_wconf 87' lang='lat' dir='ltr'>illis,</span> <span class='ocrx_word' id='word_1_147' title='bbox 497 1720 533 1752; x_wconf 83' lang='lat' dir='ltr'>ad</span> <span class='ocrx_word' id='word_1_148' title='bbox 571 1730 651 1763; x_wconf 79' lang='lat' dir='ltr'>quos</span> <span class='ocrx_word' id='word_1_149' title='bbox 683 1725 806 1763; x_wconf 87' lang='lat' dir='ltr'>spectat</span> <span class='ocrx_word' id='word_1_150' title='bbox 837 1725 867 1752; x_wconf 88' lang='lat' dir='ltr'>et</span> <span class='ocrx_word' id='word_1_151' title='bbox 898 1730 957 1763; x_wconf 87' lang='lat' dir='ltr'>pro</span> <span class='ocrx_word' id='word_1_152' title='bbox 985 1725 1130 1762; x_wconf 89' lang='lat' dir='ltr'>tempore</span> 
     </span>
    </p>
   </div>
   <div class='ocr_carea' id='block_1_2' title="bbox 190 244 373 294">
    <p class='ocr_par' dir='ltr' id='par_1_4' title="bbox 190 244 373 294">
     <span class='ocr_line' id='line_1_31' title="bbox 238 244 373 265; baseline -0.007 0"><span class='ocrx_word' id='word_1_153' title='bbox 238 246 253 265; x_wconf 75' lang='grc' dir='ltr'>Γ,</span> <span class='ocrx_word' id='word_1_154' title='bbox 263 244 373 265; x_wconf 72' lang='lat' dir='ltr'>uitii-matio</span> 
     </span>
     <span class='ocr_line' id='line_1_32' title="bbox 190 274 280 294; baseline -0.022 0"><span class='ocrx_word' id='word_1_155' title='bbox 190 274 260 294; x_wconf 63' lang='lat' dir='ltr'>itm-r--t</span> <span class='ocrx_word' id='word_1_156' title='bbox 267 280 280 292; x_wconf 87' lang='grc' dir='ltr'>ι.</span> 
     </span>
    </p>
   </div>
   <div class='ocr_carea' id='block_1_3' title="bbox 218 1518 341 1547">
    <p class='ocr_par' dir='ltr' id='par_1_5' title="bbox 218 1518 341 1547">
     <span class='ocr_line' id='line_1_33' title="bbox 218 1518 341 1547; baseline 0 -8"><span class='ocrx_word' id='word_1_157' title='bbox 218 1518 341 1547; x_wconf 59' lang='lat' dir='ltr'>Claujulae.</span> 
     </span>
    </p>
   </div>
   <div class='ocr_carea' id='block_1_4' title="bbox 389 1825 1131 1922">
    <p class='ocr_par' dir='ltr' id='par_1_6' title="bbox 389 1825 1131 1922">
     <span class='ocr_line' id='line_1_34' title="bbox 389 1825 1130 1869; baseline -0.003 -10"><span class='ocrx_word' id='word_1_158' title='bbox 389 1827 435 1859; x_wconf 88' lang='lat' dir='ltr'>eis</span> <span class='ocrx_word' id='word_1_159' title='bbox 469 1826 650 1869; x_wconf 70' lang='lat' dir='ltr'>respective</span> <span class='ocrx_word' id='word_1_160' title='bbox 685 1826 918 1859; x_wconf 83' lang='lat' dir='ltr'>inviolabiliter</span> <span class='ocrx_word' id='word_1_161' title='bbox 946 1825 1130 1865; x_wconf 86' lang='lat' dir='ltr'>observari,</span> 
     </span>
     <span class='ocr_line' id='line_1_35' title="bbox 389 1879 1131 1922; baseline -0.001 -10"><span class='ocrx_word' id='word_1_162' title='bbox 389 1879 500 1922; x_wconf 79' lang='lat' dir='ltr'>sicque</span> <span class='ocrx_word' id='word_1_163' title='bbox 534 1879 565 1911; x_wconf 93' lang='lat' dir='ltr'>in</span> <span class='ocrx_word' id='word_1_164' title='bbox 599 1879 785 1922; x_wconf 79' lang='lat' dir='ltr'>praemissis</span> <span class='ocrx_word' id='word_1_165' title='bbox 819 1890 878 1922; x_wconf 86' lang='lat' dir='ltr'>per</span> <span class='ocrx_word' id='word_1_166' title='bbox 907 1889 1131 1922; x_wconf 81' lang='lat' dir='ltr'>quoscumque</span> 
     </span>
    </p>
   </div>
   <div class='ocr_carea' id='block_1_5' title="bbox 390 1984 1131 2027">
    <p class='ocr_par' dir='ltr' id='par_1_7' title="bbox 390 1984 1131 2027">
     <span class='ocr_line' id='line_1_36' title="bbox 390 1984 1131 2027; baseline -0.003 -10"><span class='ocrx_word' id='word_1_167' title='bbox 390 1995 560 2018; x_wconf 82' lang='lat' dir='ltr'>causarum</span> <span class='ocrx_word' id='word_1_168' title='bbox 597 1984 707 2027; x_wconf 86' lang='lat' dir='ltr'>palatii</span> <span class='ocrx_word' id='word_1_169' title='bbox 743 1984 914 2027; x_wconf 85' lang='lat' dir='ltr'>apostolici</span> <span class='ocrx_word' id='word_1_170' title='bbox 948 1984 1131 2024; x_wconf 75' lang='lat' dir='ltr'>auditores,</span> 
     </span>
    </p>
   </div>
   <div class='ocr_carea' id='block_1_6' title="bbox 389 2035 1156 2076">
    <p class='ocr_par' dir='ltr' id='par_1_8' title="bbox 389 2035 1156 2076">
     <span class='ocr_line' id='line_1_37' title="bbox 389 2035 1156 2076; baseline -0.001 -6"><span class='ocrx_word' id='word_1_171' title='bbox 389 2037 527 2071; x_wconf 84' lang='lat' dir='ltr'>iudicari</span> <span class='ocrx_word' id='word_1_172' title='bbox 546 2043 578 2071; x_wconf 91' lang='lat' dir='ltr'>et</span> <span class='ocrx_word' id='word_1_173' title='bbox 595 2036 723 2071; x_wconf 74' lang='lat' dir='ltr'>deliniri</span> <span class='ocrx_word' id='word_1_174' title='bbox 743 2037 875 2076; x_wconf 87' lang='lat' dir='ltr'>debere,</span> <span class='ocrx_word' id='word_1_175' title='bbox 895 2047 931 2069; x_wconf 90' lang='lat' dir='ltr'>ae</span> <span class='ocrx_word' id='word_1_176' title='bbox 951 2037 1079 2069; x_wconf 85' lang='lat' dir='ltr'>irritum</span> <span class='ocrx_word' id='word_1_177' title='bbox 1102 2042 1130 2069; x_wconf 84' lang='lat' dir='ltr'>ct</span> <span class='ocrx_word' id='word_1_178' title='bbox 1154 2035 1156 2044; x_wconf 77' lang='lat'>²</span> 
     </span>
    </p>
   </div>
   <div class='ocr_carea' id='block_1_7' title="bbox 390 2090 1135 2613">
    <p class='ocr_par' dir='ltr' id='par_1_9' title="bbox 390 2090 1133 2240">
     <span class='ocr_line' id='line_1_38' title="bbox 390 2090 1131 2134; baseline -0.001 -11"><span class='ocrx_word' id='word_1_179' title='bbox 390 2090 502 2131; x_wconf 85' lang='lat' dir='ltr'>inane,</span> <span class='ocrx_word' id='word_1_180' title='bbox 530 2090 554 2123; x_wconf 88' lang='lat' dir='ltr'>si</span> <span class='ocrx_word' id='word_1_181' title='bbox 586 2101 678 2123; x_wconf 85' lang='lat' dir='ltr'>secus</span> <span class='ocrx_word' id='word_1_182' title='bbox 703 2101 803 2134; x_wconf 88' lang='lat' dir='ltr'>super</span> <span class='ocrx_word' id='word_1_183' title='bbox 829 2090 878 2123; x_wconf 81' lang='lat' dir='ltr'>his</span> <span class='ocrx_word' id='word_1_184' title='bbox 904 2101 921 2123; x_wconf 87' lang='lat' dir='ltr'>a</span> <span class='ocrx_word' id='word_1_185' title='bbox 946 2100 1131 2133; x_wconf 83' lang='lat' dir='ltr'>quoquam,</span> 
     </span>
     <span class='ocr_line' id='line_1_39' title="bbox 390 2143 1133 2187; baseline 0 -12"><span class='ocrx_word' id='word_1_186' title='bbox 390 2144 501 2187; x_wconf 77' lang='lat' dir='ltr'>quavis</span> <span class='ocrx_word' id='word_1_187' title='bbox 518 2143 722 2184; x_wconf 86' lang='lat' dir='ltr'>auctoritate,</span> <span class='ocrx_word' id='word_1_188' title='bbox 741 2143 883 2176; x_wconf 74' lang='lat' dir='ltr'>scienter</span> <span class='ocrx_word' id='word_1_189' title='bbox 905 2144 953 2176; x_wconf 87' lang='lat' dir='ltr'>vel</span> <span class='ocrx_word' id='word_1_190' title='bbox 980 2143 1133 2186; x_wconf 80' lang='lat' dir='ltr'>ignoran-</span> 
     </span>
     <span class='ocr_line' id='line_1_40' title="bbox 393 2197 866 2240; baseline -0.004 -11"><span class='ocrx_word' id='word_1_191' title='bbox 393 2202 458 2237; x_wconf 88' lang='lat' dir='ltr'>ter,</span> <span class='ocrx_word' id='word_1_192' title='bbox 485 2197 681 2240; x_wconf 79' lang='lat' dir='ltr'>contingerit</span> <span class='ocrx_word' id='word_1_193' title='bbox 706 2197 866 2230; x_wconf 89' lang='lat' dir='ltr'>attentari.</span> 
     </span>
    </p>

    <p class='ocr_par' dir='ltr' id='par_1_10' title="bbox 392 2248 1135 2613">
     <span class='ocr_line' id='line_1_41' title="bbox 437 2248 1133 2294; baseline 0 -13"><span class='ocrx_word' id='word_1_194' title='bbox 437 2251 452 2294; x_wconf 60' lang='grc' dir='ltr'><strong>ἓ</strong></span> <span class='ocrx_word' id='word_1_195' title='bbox 472 2249 504 2282; x_wconf 76' lang='grc'>4.</span> <span class='ocrx_word' id='word_1_196' title='bbox 527 2249 596 2282; x_wconf 80' lang='lat' dir='ltr'>Non</span> <span class='ocrx_word' id='word_1_197' title='bbox 617 2249 822 2283; x_wconf 78' lang='lat' dir='ltr'>obstantibus</span> <span class='ocrx_word' id='word_1_198' title='bbox 845 2248 1133 2283; x_wconf 81' lang='lat' dir='ltr'>constitutionibus</span> 
     </span>
     <span class='ocr_line' id='line_1_42' title="bbox 394 2303 1134 2347; baseline -0.001 -11"><span class='ocrx_word' id='word_1_199' title='bbox 394 2309 424 2336; x_wconf 91' lang='lat' dir='ltr'>et</span> <span class='ocrx_word' id='word_1_200' title='bbox 449 2303 712 2337; x_wconf 83' lang='lat' dir='ltr'>ordinationibus</span> <span class='ocrx_word' id='word_1_201' title='bbox 744 2303 953 2347; x_wconf 84' lang='lat' dir='ltr'>apostolicis,</span> <span class='ocrx_word' id='word_1_202' title='bbox 989 2313 1134 2343; x_wconf 85' lang='lat' dir='ltr'>necnon,</span> 
     </span>
     <span class='ocr_line' id='line_1_43' title="bbox 393 2355 1134 2401; baseline -0.003 -11"><span class='ocrx_word' id='word_1_203' title='bbox 393 2362 552 2401; x_wconf 84' lang='lat' dir='ltr'>quatenus</span> <span class='ocrx_word' id='word_1_204' title='bbox 573 2367 652 2400; x_wconf 86' lang='lat' dir='ltr'>opus</span> <span class='ocrx_word' id='word_1_205' title='bbox 678 2357 728 2396; x_wconf 83' lang='lat' dir='ltr'>sit,</span> <span class='ocrx_word' id='word_1_206' title='bbox 748 2356 935 2400; x_wconf 84' lang='lat' dir='ltr'>provinciae</span> <span class='ocrx_word' id='word_1_207' title='bbox 956 2361 987 2389; x_wconf 89' lang='lat' dir='ltr'>et</span> <span class='ocrx_word' id='word_1_208' title='bbox 1004 2355 1134 2388; x_wconf 86' lang='lat' dir='ltr'>Ordinis</span> 
     </span>
     <span class='ocr_line' id='line_1_44' title="bbox 392 2408 1135 2452; baseline -0.004 -9"><span class='ocrx_word' id='word_1_209' title='bbox 392 2421 428 2443; x_wconf 89' lang='lat' dir='ltr'>ac</span> <span class='ocrx_word' id='word_1_210' title='bbox 453 2415 671 2443; x_wconf 80' lang='lat' dir='ltr'>conventuum</span> <span class='ocrx_word' id='word_1_211' title='bbox 693 2410 953 2452; x_wconf 87' lang='lat' dir='ltr'>praedictorum,</span> <span class='ocrx_word' id='word_1_212' title='bbox 973 2408 1071 2442; x_wconf 83' lang='lat' dir='ltr'>etiam</span> <span class='ocrx_word' id='word_1_213' title='bbox 1091 2408 1135 2440; x_wconf 87' lang='lat' dir='ltr'>iu-</span> 
     </span>
     <span class='ocr_line' id='line_1_45' title="bbox 394 2462 1135 2505; baseline -0.003 -10"><span class='ocrx_word' id='word_1_214' title='bbox 394 2469 549 2502; x_wconf 86' lang='lat' dir='ltr'>ramento,</span> <span class='ocrx_word' id='word_1_215' title='bbox 583 2462 830 2496; x_wconf 76' lang='lat' dir='ltr'>confirmatione</span> <span class='ocrx_word' id='word_1_216' title='bbox 860 2462 1051 2505; x_wconf 74' lang='lat' dir='ltr'>apostolica,</span> <span class='ocrx_word' id='word_1_217' title='bbox 1082 2467 1135 2494; x_wconf 88' lang='lat' dir='ltr'>aut</span> 
     </span>
     <span class='ocr_line' id='line_1_46' title="bbox 394 2515 1135 2561; baseline -0.001 -13"><span class='ocrx_word' id='word_1_218' title='bbox 394 2517 507 2561; x_wconf 84' lang='lat' dir='ltr'>quavis</span> <span class='ocrx_word' id='word_1_219' title='bbox 532 2515 683 2548; x_wconf 75' lang='lat' dir='ltr'>firmitate</span> <span class='ocrx_word' id='word_1_220' title='bbox 713 2516 775 2548; x_wconf 77' lang='lat' dir='ltr'>alia</span> <span class='ocrx_word' id='word_1_221' title='bbox 800 2515 981 2555; x_wconf 83' lang='lat' dir='ltr'>roboratis,</span> <span class='ocrx_word' id='word_1_222' title='bbox 1008 2516 1135 2548; x_wconf 86' lang='lat' dir='ltr'>statutis</span> 
     </span>
     <span class='ocr_line' id='line_1_47' title="bbox 394 2568 1133 2613; baseline 0 -11"><span class='ocrx_word' id='word_1_223' title='bbox 394 2575 426 2603; x_wconf 84' lang='lat' dir='ltr'>et</span> <span class='ocrx_word' id='word_1_224' title='bbox 447 2568 760 2610; x_wconf 81' lang='lat' dir='ltr'>consuetudinibus,</span> <span class='ocrx_word' id='word_1_225' title='bbox 785 2568 967 2613; x_wconf 82' lang='lat' dir='ltr'>privilegiis</span> <span class='ocrx_word' id='word_1_226' title='bbox 994 2579 1133 2613; x_wconf 84' lang='lat' dir='ltr'>quoque,</span> 
     </span>
    </p>
   </div>
   <div class='ocr_carea' id='block_1_8' title="bbox 975 181 1339 206">
    <p class='ocr_par' dir='ltr' id='par_1_11' title="bbox 975 181 1339 206">
     <span class='ocr_line' id='line_1_48' title="bbox 975 181 1339 206; baseline 0.005 -2"><span class='ocrx_word' id='word_1_227' title='bbox 975 181 1157 205; x_wconf 50' lang='lat' dir='ltr'>armanum</span> <span class='ocrx_word' id='word_1_228' title='bbox 1183 181 1339 206; x_wconf 69' lang='lat' dir='ltr'><strong>ROMANUM</strong></span> 
     </span>
    </p>
   </div>
   <div class='ocr_carea' id='block_1_9' title="bbox 1147 232 1159 2521">
    <p class='ocr_par' dir='ltr' id='par_1_12' title="bbox 1147 232 1159 2521">
     <span class='ocr_line' id='line_1_49' title="bbox 1147 232 1159 2521; baseline 0 0"><span class='ocrx_word' id='word_1_229' title='bbox 1147 232 1159 2521; x_wconf 95' lang='lat' dir='ltr'> </span> 
     </span>
    </p>
   </div>
   <div class='ocr_carea' id='block_1_10' title="bbox 1169 183 2108 645">
    <p class='ocr_par' dir='ltr' id='par_1_13' title="bbox 1169 183 2108 645">
     <span class='ocr_line' id='line_1_50' title="bbox 1923 183 2108 211; baseline 0.016 -3"><span class='ocrx_word' id='word_1_230' title='bbox 1923 183 1974 210; x_wconf 78' lang='lat' dir='ltr'>An.</span> <span class='ocrx_word' id='word_1_231' title='bbox 1986 183 2016 210; x_wconf 84' lang='lat' dir='ltr'>C.</span> <span class='ocrx_word' id='word_1_232' title='bbox 2040 183 2108 211; x_wconf 66' lang='lat'>¹724</span> 
     </span>
     <span class='ocr_line' id='line_1_51' title="bbox 1169 230 1914 275; baseline 0.003 -13"><span class='ocrx_word' id='word_1_233' title='bbox 1169 230 1304 264; x_wconf 88' lang='lat' dir='ltr'>indultis</span> <span class='ocrx_word' id='word_1_234' title='bbox 1326 235 1359 264; x_wconf 89' lang='lat' dir='ltr'>et</span> <span class='ocrx_word' id='word_1_235' title='bbox 1383 231 1500 264; x_wconf 85' lang='lat' dir='ltr'>litteris</span> <span class='ocrx_word' id='word_1_236' title='bbox 1525 231 1714 275; x_wconf 84' lang='lat' dir='ltr'>apostolicis</span> <span class='ocrx_word' id='word_1_237' title='bbox 1732 232 1765 264; x_wconf 91' lang='lat' dir='ltr'>iu</span> <span class='ocrx_word' id='word_1_238' title='bbox 1783 234 1914 265; x_wconf 88' lang='lat' dir='ltr'>contra-</span> 
     </span>
     <span class='ocr_line' id='line_1_52' title="bbox 1169 283 1914 328; baseline 0.003 -13"><span class='ocrx_word' id='word_1_239' title='bbox 1169 283 1251 316; x_wconf 89' lang='lat' dir='ltr'>rium</span> <span class='ocrx_word' id='word_1_240' title='bbox 1278 285 1534 327; x_wconf 84' lang='lat' dir='ltr'>praemissorum</span> <span class='ocrx_word' id='word_1_241' title='bbox 1561 284 1811 328; x_wconf 81' lang='lat' dir='ltr'>quomodolibet</span> <span class='ocrx_word' id='word_1_242' title='bbox 1836 294 1914 317; x_wconf 89' lang='lat' dir='ltr'>eon-</span> 
     </span>
     <span class='ocr_line' id='line_1_53' title="bbox 1170 336 1913 381; baseline 0.003 -13"><span class='ocrx_word' id='word_1_243' title='bbox 1170 336 1286 377; x_wconf 72' lang='lat' dir='ltr'>cessis,</span> <span class='ocrx_word' id='word_1_244' title='bbox 1313 337 1513 370; x_wconf 78' lang='lat' dir='ltr'>eonlirmatis</span> <span class='ocrx_word' id='word_1_245' title='bbox 1531 344 1562 370; x_wconf 91' lang='lat' dir='ltr'>et</span> <span class='ocrx_word' id='word_1_246' title='bbox 1579 337 1761 377; x_wconf 83' lang='lat' dir='ltr'>innovatis;</span> <span class='ocrx_word' id='word_1_247' title='bbox 1791 337 1913 381; x_wconf 81' lang='lat' dir='ltr'>quibus</span> 
     </span>
     <span class='ocr_line' id='line_1_54' title="bbox 1170 390 1914 433; baseline 0.001 -12"><span class='ocrx_word' id='word_1_248' title='bbox 1170 390 1323 422; x_wconf 83' lang='lat' dir='ltr'>omnibus</span> <span class='ocrx_word' id='word_1_249' title='bbox 1358 395 1389 423; x_wconf 90' lang='lat' dir='ltr'>et</span> <span class='ocrx_word' id='word_1_250' title='bbox 1425 390 1573 433; x_wconf 81' lang='lat' dir='ltr'>singulis,</span> <span class='ocrx_word' id='word_1_251' title='bbox 1611 390 1743 423; x_wconf 89' lang='lat' dir='ltr'>illorum</span> <span class='ocrx_word' id='word_1_252' title='bbox 1783 396 1914 424; x_wconf 86' lang='lat' dir='ltr'>tenores</span> 
     </span>
     <span class='ocr_line' id='line_1_55' title="bbox 1170 443 1913 487; baseline 0.004 -14"><span class='ocrx_word' id='word_1_253' title='bbox 1170 443 1398 486; x_wconf 82' lang='lat' dir='ltr'>praesentibus</span> <span class='ocrx_word' id='word_1_254' title='bbox 1413 454 1473 486; x_wconf 87' lang='lat' dir='ltr'>pro</span> <span class='ocrx_word' id='word_1_255' title='bbox 1488 445 1584 487; x_wconf 82' lang='lat' dir='ltr'>plene</span> <span class='ocrx_word' id='word_1_256' title='bbox 1600 449 1632 476; x_wconf 93' lang='lat' dir='ltr'>et</span> <span class='ocrx_word' id='word_1_257' title='bbox 1649 443 1848 477; x_wconf 83' lang='lat' dir='ltr'>sufficienter</span> <span class='ocrx_word' id='word_1_258' title='bbox 1865 454 1913 476; x_wconf 90' lang='lat' dir='ltr'>ex·</span> 
     </span>
     <span class='ocr_line' id='line_1_56' title="bbox 1169 496 1914 538; baseline 0.004 -12"><span class='ocrx_word' id='word_1_259' title='bbox 1169 496 1290 538; x_wconf 78' lang='lat' dir='ltr'>pressis</span> <span class='ocrx_word' id='word_1_260' title='bbox 1308 507 1343 529; x_wconf 89' lang='lat' dir='ltr'>ae</span> <span class='ocrx_word' id='word_1_261' title='bbox 1368 496 1406 529; x_wconf 87' lang='lat' dir='ltr'>ad</span> <span class='ocrx_word' id='word_1_262' title='bbox 1425 497 1562 529; x_wconf 86' lang='lat' dir='ltr'>verbum</span> <span class='ocrx_word' id='word_1_263' title='bbox 1580 496 1713 529; x_wconf 88' lang='lat' dir='ltr'>insertis</span> <span class='ocrx_word' id='word_1_264' title='bbox 1739 496 1914 536; x_wconf 85' lang='lat' dir='ltr'>habentes,</span> 
     </span>
     <span class='ocr_line' id='line_1_57' title="bbox 1170 549 1916 591; baseline 0.001 -11"><span class='ocrx_word' id='word_1_265' title='bbox 1170 549 1234 582; x_wconf 90' lang='lat' dir='ltr'>illis</span> <span class='ocrx_word' id='word_1_266' title='bbox 1252 550 1331 582; x_wconf 74' lang='lat' dir='ltr'>alias</span> <span class='ocrx_word' id='word_1_267' title='bbox 1351 550 1382 582; x_wconf 90' lang='lat' dir='ltr'>in</span> <span class='ocrx_word' id='word_1_268' title='bbox 1408 560 1466 582; x_wconf 85' lang='lat' dir='ltr'>suo</span> <span class='ocrx_word' id='word_1_269' title='bbox 1484 550 1600 582; x_wconf 89' lang='lat' dir='ltr'>robore</span> <span class='ocrx_word' id='word_1_270' title='bbox 1623 549 1857 591; x_wconf 82' lang='lat' dir='ltr'>permansuris,</span> <span class='ocrx_word' id='word_1_271' title='bbox 1876 549 1916 582; x_wconf 84' lang='lat' dir='ltr'>ad</span> 
     </span>
     <span class='ocr_line' id='line_1_58' title="bbox 1170 601 1917 645; baseline 0.001 -12"><span class='ocrx_word' id='word_1_272' title='bbox 1170 602 1422 645; x_wconf 84' lang='lat' dir='ltr'>praemissorum</span> <span class='ocrx_word' id='word_1_273' title='bbox 1442 601 1606 641; x_wconf 76' lang='lat' dir='ltr'>effectum,</span> <span class='ocrx_word' id='word_1_274' title='bbox 1626 602 1687 635; x_wconf 81' lang='lat' dir='ltr'>hac</span> <span class='ocrx_word' id='word_1_275' title='bbox 1705 601 1773 635; x_wconf 89' lang='lat' dir='ltr'>vice</span> <span class='ocrx_word' id='word_1_276' title='bbox 1791 602 1917 634; x_wconf 87' lang='lat' dir='ltr'>dumta-</span> 
     </span>
    </p>
   </div>
   <div class='ocr_carea' id='block_1_11' title="bbox 1146 654 1914 752">
    <p class='ocr_par' dir='ltr' id='par_1_14' title="bbox 1146 654 1914 752">
     <span class='ocr_line' id='line_1_59' title="bbox 1146 654 1914 698; baseline 0.001 -12"><span class='ocrx_word' id='word_1_277' title='bbox 1146 686 1148 693; x_wconf 53' lang='grc'><strong>,</strong></span> <span class='ocrx_word' id='word_1_278' title='bbox 1171 660 1230 694; x_wconf 66' lang='lat' dir='ltr'>rat,</span> <span class='ocrx_word' id='word_1_279' title='bbox 1253 654 1443 697; x_wconf 74' lang='lat' dir='ltr'>specialiter</span> <span class='ocrx_word' id='word_1_280' title='bbox 1468 659 1500 686; x_wconf 86' lang='lat' dir='ltr'>et</span> <span class='ocrx_word' id='word_1_281' title='bbox 1525 664 1678 698; x_wconf 81' lang='lat' dir='ltr'>expresse</span> <span class='ocrx_word' id='word_1_282' title='bbox 1705 655 1914 697; x_wconf 63' lang='lat' dir='ltr'>derogamus,</span> 
     </span>
     <span class='ocr_line' id='line_1_60' title="bbox 1146 698 1847 752; baseline 0 -11"><span class='ocrx_word' id='word_1_283' title='bbox 1146 698 1148 741; x_wconf 79' lang='lat' dir='ltr'>i</span> <span class='ocrx_word' id='word_1_284' title='bbox 1170 709 1352 751; x_wconf 80' lang='lat' dir='ltr'>ceterisque</span> <span class='ocrx_word' id='word_1_285' title='bbox 1375 708 1549 741; x_wconf 80' lang='lat' dir='ltr'>contrariis</span> <span class='ocrx_word' id='word_1_286' title='bbox 1574 709 1847 752; x_wconf 83' lang='lat' dir='ltr'>quibuscumque.</span> 
     </span>
    </p>
   </div>
   <div class='ocr_carea' id='block_1_12' title="bbox 1172 760 1918 954">
    <p class='ocr_par' dir='ltr' id='par_1_15' title="bbox 1172 760 1918 954">
     <span class='ocr_line' id='line_1_61' title="bbox 1217 760 1918 804; baseline 0 -11"><span class='ocrx_word' id='word_1_287' title='bbox 1217 761 1326 793; x_wconf 72' lang='lat' dir='ltr'>[tatum</span> <span class='ocrx_word' id='word_1_288' title='bbox 1362 760 1503 800; x_wconf 74' lang='lat' dir='ltr'>Romae,</span> <span class='ocrx_word' id='word_1_289' title='bbox 1531 762 1616 804; x_wconf 88' lang='lat' dir='ltr'>apud</span> <span class='ocrx_word' id='word_1_290' title='bbox 1644 761 1676 794; x_wconf 88' lang='lat' dir='ltr'>S.</span> <span class='ocrx_word' id='word_1_291' title='bbox 1703 761 1832 794; x_wconf 83' lang='lat' dir='ltr'>Mariam</span> <span class='ocrx_word' id='word_1_292' title='bbox 1858 760 1918 794; x_wconf 85' lang='lat' dir='ltr'>Ma-</span> 
     </span>
     <span class='ocr_line' id='line_1_62' title="bbox 1172 814 1917 854; baseline 0 -8"><span class='ocrx_word' id='word_1_293' title='bbox 1172 814 1294 854; x_wconf 88' lang='lat' dir='ltr'>iorem,</span> <span class='ocrx_word' id='word_1_294' title='bbox 1322 814 1380 846; x_wconf 84' lang='lat' dir='ltr'>sub</span> <span class='ocrx_word' id='word_1_295' title='bbox 1405 815 1529 848; x_wconf 89' lang='lat' dir='ltr'>annulo</span> <span class='ocrx_word' id='word_1_296' title='bbox 1551 814 1740 854; x_wconf 75' lang='lat' dir='ltr'>piscatoris,</span> <span class='ocrx_word' id='word_1_297' title='bbox 1759 814 1811 847; x_wconf 88' lang='lat' dir='ltr'>die</span> <span class='ocrx_word' id='word_1_298' title='bbox 1832 824 1917 848; x_wconf 81' lang='lat' dir='ltr'>xxvii</span> 
     </span>
     <span class='ocr_line' id='line_1_63' title="bbox 1172 866 1917 910; baseline 0.003 -12"><span class='ocrx_word' id='word_1_299' title='bbox 1172 867 1242 900; x_wconf 91' lang='lat' dir='ltr'>iulii</span> <span class='ocrx_word' id='word_1_300' title='bbox 1268 876 1453 907; x_wconf 78' lang='lat' dir='ltr'>noccxxiv,</span> <span class='ocrx_word' id='word_1_301' title='bbox 1481 866 1696 910; x_wconf 78' lang='lat' dir='ltr'>pontificatus</span> <span class='ocrx_word' id='word_1_302' title='bbox 1725 867 1828 900; x_wconf 88' lang='lat' dir='ltr'>nostri</span> <span class='ocrx_word' id='word_1_303' title='bbox 1861 877 1917 900; x_wconf 80' lang='lat' dir='ltr'>an-</span> 
     </span>
     <span class='ocr_line' id='line_1_64' title="bbox 1173 931 1266 954; baseline 0.011 -2"><span class='ocrx_word' id='word_1_304' title='bbox 1173 931 1216 954; x_wconf 91' lang='lat' dir='ltr'>no</span> <span class='ocrx_word' id='word_1_305' title='bbox 1245 931 1266 953; x_wconf 92' lang='lat'>1.</span> 
     </span>
    </p>
   </div>
   <div class='ocr_carea' id='block_1_13' title="bbox 1211 983 1829 1019">
    <p class='ocr_par' dir='ltr' id='par_1_16' title="bbox 1211 983 1829 1019">
     <span class='ocr_line' id='line_1_65' title="bbox 1211 983 1829 1019; baseline -0.002 -9"><span class='ocrx_word' id='word_1_306' title='bbox 1211 983 1269 1010; x_wconf 75' lang='lat' dir='ltr'>bat.</span> <span class='ocrx_word' id='word_1_307' title='bbox 1291 983 1336 1010; x_wconf 83' lang='lat' dir='ltr'>die</span> <span class='ocrx_word' id='word_1_308' title='bbox 1356 983 1389 1010; x_wconf 68' lang='lat'>27</span> <span class='ocrx_word' id='word_1_309' title='bbox 1411 983 1470 1010; x_wconf 88' lang='lat' dir='ltr'>iulii</span> <span class='ocrx_word' id='word_1_310' title='bbox 1493 984 1571 1018; x_wconf 66' lang='lat'>1724,</span> <span class='ocrx_word' id='word_1_311' title='bbox 1594 983 1694 1019; x_wconf 77' lang='lat' dir='ltr'>pontis.</span> <span class='ocrx_word' id='word_1_312' title='bbox 1717 991 1790 1010; x_wconf 83' lang='lat' dir='ltr'>anno</span> <span class='ocrx_word' id='word_1_313' title='bbox 1810 990 1829 1010; x_wconf 85' lang='lat' dir='ltr'>i.</span> 
     </span>
    </p>
   </div>
   <div class='ocr_carea' id='block_1_14' title="bbox 1176 1127 1920 1573">
    <p class='ocr_par' dir='ltr' id='par_1_17' title="bbox 1492 1127 1596 1160">
     <span class='ocr_line' id='line_1_66' title="bbox 1492 1127 1596 1160; baseline 0 0"><span class='ocrx_word' id='word_1_314' title='bbox 1492 1127 1596 1160; x_wconf 72' lang='lat' dir='ltr'>xxiv.</span> 
     </span>
    </p>

    <p class='ocr_par' dir='ltr' id='par_1_18' title="bbox 1176 1206 1920 1466">
     <span class='ocr_line' id='line_1_67' title="bbox 1176 1206 1918 1250; baseline -0.004 -8"><span class='ocrx_word' id='word_1_315' title='bbox 1176 1207 1369 1243; x_wconf 77' lang='lat' dir='ltr'>Conceditur</span> <span class='ocrx_word' id='word_1_316' title='bbox 1400 1208 1564 1240; x_wconf 74' lang='lat' dir='ltr'>ministris</span> <span class='ocrx_word' id='word_1_317' title='bbox 1599 1206 1861 1250; x_wconf 75' lang='lat' dir='ltr'>provincialibus</span> <span class='ocrx_word' id='word_1_318' title='bbox 1890 1211 1918 1239; x_wconf 82' lang='lat' dir='ltr'>el</span> 
     </span>
     <span class='ocr_line' id='line_1_68' title="bbox 1218 1259 1920 1304; baseline -0.003 -10"><span class='ocrx_word' id='word_1_319' title='bbox 1218 1261 1401 1303; x_wconf 75' lang='lat' dir='ltr'>definitorio</span> <span class='ocrx_word' id='word_1_320' title='bbox 1416 1260 1666 1304; x_wconf 78' lang='lat' dir='ltr'>provinciarum</span> <span class='ocrx_word' id='word_1_321' title='bbox 1679 1260 1846 1293; x_wconf 80' lang='lat' dir='ltr'>Minorum</span> <span class='ocrx_word' id='word_1_322' title='bbox 1861 1259 1920 1294; x_wconf 85' lang='lat' dir='ltr'>Ca-</span> 
     </span>
     <span class='ocr_line' id='line_1_69' title="bbox 1218 1312 1920 1358; baseline 0 -13"><span class='ocrx_word' id='word_1_323' title='bbox 1218 1316 1432 1358; x_wconf 67' lang='lat' dir='ltr'>puccium-mn</span> <span class='ocrx_word' id='word_1_324' title='bbox 1477 1313 1622 1356; x_wconf 79' lang='lat' dir='ltr'>facultas</span> <span class='ocrx_word' id='word_1_325' title='bbox 1669 1313 1830 1346; x_wconf 74' lang='lat' dir='ltr'>vendendi</span> <span class='ocrx_word' id='word_1_326' title='bbox 1872 1312 1920 1345; x_wconf 80' lang='lat' dir='ltr'>vel</span> 
     </span>
     <span class='ocr_line' id='line_1_70' title="bbox 1217 1365 1920 1412; baseline -0.004 -12"><span class='ocrx_word' id='word_1_327' title='bbox 1217 1367 1431 1412; x_wconf 77' lang='lat' dir='ltr'>permutandi</span> <span class='ocrx_word' id='word_1_328' title='bbox 1457 1366 1554 1399; x_wconf 80' lang='lat' dir='ltr'>libros</span> <span class='ocrx_word' id='word_1_329' title='bbox 1578 1366 1763 1409; x_wconf 79' lang='lat' dir='ltr'>duplicatos</span> <span class='ocrx_word' id='word_1_330' title='bbox 1787 1365 1852 1398; x_wconf 83' lang='lat' dir='ltr'>sive</span> <span class='ocrx_word' id='word_1_331' title='bbox 1872 1375 1920 1397; x_wconf 79' lang='lat' dir='ltr'>su-</span> 
     </span>
     <span class='ocr_line' id='line_1_71' title="bbox 1219 1420 1395 1466; baseline 0.006 -13"><span class='ocrx_word' id='word_1_332' title='bbox 1219 1422 1360 1466; x_wconf 74' lang='lat' dir='ltr'>perfluos</span> <span class='ocrx_word' id='word_1_333' title='bbox 1374 1420 1395 1454; x_wconf 86' lang='lat'>¹.</span> 
     </span>
    </p>

    <p class='ocr_par' dir='ltr' id='par_1_19' title="bbox 1313 1499 1782 1573">
     <span class='ocr_line' id='line_1_72' title="bbox 1352 1499 1742 1533; baseline -0.003 -6"><span class='ocrx_word' id='word_1_334' title='bbox 1352 1499 1534 1527; x_wconf 81' lang='lat' dir='ltr'>Benedictus</span> <span class='ocrx_word' id='word_1_335' title='bbox 1555 1500 1635 1533; x_wconf 75' lang='lat' dir='ltr'>Papa</span> <span class='ocrx_word' id='word_1_336' title='bbox 1659 1499 1742 1531; x_wconf 84' lang='lat' dir='ltr'>XIII,</span> 
     </span>
     <span class='ocr_line' id='line_1_73' title="bbox 1313 1543 1782 1573; baseline -0.006 -1"><span class='ocrx_word' id='word_1_337' title='bbox 1313 1546 1350 1572; x_wconf 86' lang='lat' dir='ltr'>ad</span> <span class='ocrx_word' id='word_1_338' title='bbox 1370 1546 1509 1573; x_wconf 80' lang='lat' dir='ltr'>futuram</span> <span class='ocrx_word' id='word_1_339' title='bbox 1530 1544 1577 1572; x_wconf 86' lang='lat' dir='ltr'>rei</span> <span class='ocrx_word' id='word_1_340' title='bbox 1598 1543 1782 1572; x_wconf 82' lang='lat' dir='ltr'>memoriam.</span> 
     </span>
    </p>
   </div>
   <div class='ocr_carea' id='block_1_15' title="bbox 1220 1614 2148 1672">
    <p class='ocr_par' dir='ltr' id='par_1_20' title="bbox 1220 1614 2148 1672">
     <span class='ocr_line' id='line_1_74' title="bbox 1220 1614 2148 1672; baseline -0.005 -22"><span class='ocrx_word' id='word_1_341' title='bbox 1220 1617 1234 1660; x_wconf 64' lang='grc' dir='ltr'><strong>ξ</strong></span> <span class='ocrx_word' id='word_1_342' title='bbox 1253 1617 1284 1650; x_wconf 80' lang='lat' dir='ltr'>l.</span> <span class='ocrx_word' id='word_1_343' title='bbox 1304 1617 1427 1660; x_wconf 82' lang='lat' dir='ltr'>Exponi</span> <span class='ocrx_word' id='word_1_344' title='bbox 1448 1616 1543 1650; x_wconf 90' lang='lat' dir='ltr'>nobis</span> <span class='ocrx_word' id='word_1_345' title='bbox 1562 1626 1668 1659; x_wconf 84' lang='lat' dir='ltr'>nuper</span> <span class='ocrx_word' id='word_1_346' title='bbox 1689 1615 1764 1649; x_wconf 81' lang='lat' dir='ltr'>fecit</span> <span class='ocrx_word' id='word_1_347' title='bbox 1782 1614 1919 1648; x_wconf 87' lang='lat' dir='ltr'>dilectus</span> <span class='ocrx_word' id='word_1_348' title='bbox 1930 1623 2056 1672; x_wconf 34' lang='lat' dir='ltr'>&amp;igion-«ipso</span> <span class='ocrx_word' id='word_1_349' title='bbox 2070 1623 2148 1672; x_wconf 51' lang='lat' dir='ltr'>iugi</span> 
     </span>
    </p>
   </div>
   <div class='ocr_carea' id='block_1_16' title="bbox 1176 1660 2113 1725">
    <p class='ocr_par' dir='ltr' id='par_1_21' title="bbox 1176 1660 2113 1725">
     <span class='ocr_line' id='line_1_75' title="bbox 1176 1660 2113 1725; baseline -0.005 -23"><span class='ocrx_word' id='word_1_350' title='bbox 1176 1670 1260 1704; x_wconf 81' lang='lat' dir='ltr'>filius</span> <span class='ocrx_word' id='word_1_351' title='bbox 1280 1670 1454 1703; x_wconf 87' lang='lat' dir='ltr'>modernus</span> <span class='ocrx_word' id='word_1_352' title='bbox 1474 1675 1665 1712; x_wconf 86' lang='lat' dir='ltr'>procurator</span> <span class='ocrx_word' id='word_1_353' title='bbox 1682 1667 1845 1710; x_wconf 78' lang='lat' dir='ltr'>generalis</span> <span class='ocrx_word' id='word_1_354' title='bbox 1863 1666 1919 1701; x_wconf 90' lang='lat' dir='ltr'>Or·</span> <span class='ocrx_word' id='word_1_355' title='bbox 1930 1660 2113 1725; x_wconf 56' lang='lat' dir='ltr'>l?.¹l¹„011l‚⁹f‘l{¹t“l</span> 
     </span>
    </p>
   </div>
   <div class='ocr_carea' id='block_1_17' title="bbox 387 1720 2113 1816">
    <p class='ocr_par' dir='ltr' id='par_1_22' title="bbox 387 1720 2113 1816">
     <span class='ocr_line' id='line_1_76' title="bbox 1152 1720 2113 1768; baseline -0.007 -11"><span class='ocrx_word' id='word_1_356' title='bbox 1152 1745 1155 1768; x_wconf 74' lang='lat' dir='ltr'>t</span> <span class='ocrx_word' id='word_1_357' title='bbox 1177 1724 1262 1758; x_wconf 84' lang='lat' dir='ltr'>dinis</span> <span class='ocrx_word' id='word_1_358' title='bbox 1287 1724 1421 1756; x_wconf 80' lang='lat' dir='ltr'>fratrum</span> <span class='ocrx_word' id='word_1_359' title='bbox 1447 1722 1604 1756; x_wconf 87' lang='lat' dir='ltr'>Minorum</span> <span class='ocrx_word' id='word_1_360' title='bbox 1631 1721 1734 1754; x_wconf 85' lang='lat' dir='ltr'>sancti</span> <span class='ocrx_word' id='word_1_361' title='bbox 1755 1720 1917 1754; x_wconf 83' lang='lat' dir='ltr'>Francisci</span> <span class='ocrx_word' id='word_1_362' title='bbox 1930 1731 2068 1751; x_wconf 70' lang='lat' dir='ltr'>conventuum</span> <span class='ocrx_word' id='word_1_363' title='bbox 2083 1729 2113 1750; x_wconf 79' lang='lat' dir='ltr'>bi-</span> 
     </span>
     <span class='ocr_line' id='line_1_77' title="bbox 387 1770 1154 1816; baseline -0.003 -10"><span class='ocrx_word' id='word_1_364' title='bbox 387 1773 567 1816; x_wconf 85' lang='lat' dir='ltr'>spectabit,</span> <span class='ocrx_word' id='word_1_365' title='bbox 595 1773 785 1816; x_wconf 81' lang='lat' dir='ltr'>plenissime</span> <span class='ocrx_word' id='word_1_366' title='bbox 816 1772 984 1815; x_wconf 73' lang='lat' dir='ltr'>suffragari</span> <span class='ocrx_word' id='word_1_367' title='bbox 1001 1800 1008 1813; x_wconf 91' lang='lat'>,</span> <span class='ocrx_word' id='word_1_368' title='bbox 1037 1779 1065 1805; x_wconf 83' lang='lat' dir='ltr'>et</span> <span class='ocrx_word' id='word_1_369' title='bbox 1092 1773 1130 1804; x_wconf 87' lang='lat' dir='ltr'>ab</span> <span class='ocrx_word' id='word_1_370' title='bbox 1153 1770 1154 1782; x_wconf 72' lang='lat'>³</span> 
     </span>
    </p>
   </div>
   <div class='ocr_carea' id='block_1_18' title="bbox 1930 1755 2110 1777">
    <p class='ocr_par' dir='ltr' id='par_1_23' title="bbox 1930 1755 2110 1777">
     <span class='ocr_line' id='line_1_78' title="bbox 1930 1755 2110 1777; baseline 0 0"><span class='ocrx_word' id='word_1_371' title='bbox 1930 1757 2042 1777; x_wconf 74' lang='lat' dir='ltr'>bliuthocis</span> <span class='ocrx_word' id='word_1_372' title='bbox 2069 1755 2110 1777; x_wconf 77' lang='lat' dir='ltr'>utto</span> 
     </span>
    </p>
   </div>
   <div class='ocr_carea' id='block_1_19' title="bbox 1176 1772 2113 1833">
    <p class='ocr_par' dir='ltr' id='par_1_24' title="bbox 1176 1772 2113 1833">
     <span class='ocr_line' id='line_1_79' title="bbox 1176 1772 2113 1832; baseline -0.007 -22"><span class='ocrx_word' id='word_1_373' title='bbox 1176 1776 1432 1820; x_wconf 86' lang='lat' dir='ltr'>Capuccinorum</span> <span class='ocrx_word' id='word_1_374' title='bbox 1460 1781 1731 1818; x_wconf 87' lang='lat' dir='ltr'>nuncupatorum,</span> <span class='ocrx_word' id='word_1_375' title='bbox 1750 1772 1837 1817; x_wconf 84' lang='lat' dir='ltr'>quod</span> <span class='ocrx_word' id='word_1_376' title='bbox 1864 1773 2113 1832; x_wconf 62' lang='lat' dir='ltr'>d¹¹‘l³.‘?2¹⁰0u2‚¹ll{¹lss‘</span> 
     </span>
     <span class='ocr_line' id='line_1_80' title="bbox 1943 1816 2112 1833; baseline -0.006 -7"><span class='ocrx_word' id='word_1_377' title='bbox 1943 1816 1952 1830; x_wconf 50' lang='lat' dir='ltr'>,i</span> <span class='ocrx_word' id='word_1_378' title='bbox 1978 1825 1982 1833; x_wconf 84' lang='lat'>,</span> <span class='ocrx_word' id='word_1_379' title='bbox 2105 1819 2112 1825; x_wconf 84' lang='lat'>.</span> 
     </span>
    </p>
   </div>
   <div class='ocr_carea' id='block_1_20' title="bbox 1153 1825 2112 1874">
    <p class='ocr_par' dir='ltr' id='par_1_25' title="bbox 1153 1825 2112 1874">
     <span class='ocr_line' id='line_1_81' title="bbox 1153 1825 2112 1874; baseline -0.008 -11"><span class='ocrx_word' id='word_1_380' title='bbox 1153 1831 1251 1874; x_wconf 61' lang='lat' dir='ltr'>idum</span> <span class='ocrx_word' id='word_1_381' title='bbox 1286 1829 1388 1862; x_wconf 67' lang='lat' dir='ltr'>felicis</span> <span class='ocrx_word' id='word_1_382' title='bbox 1420 1827 1659 1861; x_wconf 82' lang='lat' dir='ltr'>recordationis</span> <span class='ocrx_word' id='word_1_383' title='bbox 1690 1826 1838 1860; x_wconf 85' lang='lat' dir='ltr'>Urbanus</span> <span class='ocrx_word' id='word_1_384' title='bbox 1864 1825 2112 1858; x_wconf 58' lang='lat' dir='ltr'>Pa-uaiameniuuu-</span> 
     </span>
    </p>
   </div>
   <div class='ocr_carea' id='block_1_21' title="bbox 1930 1861 2110 1884">
    <p class='ocr_par' dir='ltr' id='par_1_26' title="bbox 1930 1861 2110 1884">
     <span class='ocr_line' id='line_1_82' title="bbox 1930 1861 2110 1884; baseline -0.017 0"><span class='ocrx_word' id='word_1_385' title='bbox 1930 1863 1960 1884; x_wconf 72' lang='lat' dir='ltr'>les</span> <span class='ocrx_word' id='word_1_386' title='bbox 1970 1867 2016 1883; x_wconf 81' lang='lat' dir='ltr'>eum</span> <span class='ocrx_word' id='word_1_387' title='bbox 2027 1861 2110 1882; x_wconf 70' lang='lat' dir='ltr'>utilitum</span> 
     </span>
    </p>
   </div>
   <div class='ocr_carea' id='block_1_22' title="bbox 1177 1878 2071 1926">
    <p class='ocr_par' dir='ltr' id='par_1_27' title="bbox 1153 1877 2071 1926">
     <span class='ocr_line' id='line_1_83' title="bbox 1177 1878 2071 1926; baseline -0.007 -11.157"><span class='ocrx_word' id='word_1_388' title='bbox 1177 1894 1215 1926; x_wconf 90' lang='lat' dir='ltr'>pa</span> <span class='ocrx_word' id='word_1_389' title='bbox 1227 1882 1289 1914; x_wconf 65' lang='lat' dir='ltr'>vttl</span> <span class='ocrx_word' id='word_1_390' title='bbox 1311 1882 1548 1925; x_wconf 84' lang='lat' dir='ltr'>praedecessor</span> <span class='ocrx_word' id='word_1_391' title='bbox 1563 1886 1685 1920; x_wconf 85' lang='lat' dir='ltr'>noster,</span> <span class='ocrx_word' id='word_1_392' title='bbox 1703 1880 1742 1913; x_wconf 87' lang='lat' dir='ltr'>ad</span> <span class='ocrx_word' id='word_1_393' title='bbox 1761 1878 2071 1923; x_wconf 71' lang='lat' dir='ltr'>supplica-permutandi.</span> 
     </span>
    </p>
   </div>
   <div class='ocr_carea' id='block_1_23' title="bbox 389 1931 1921 1976">
    <p class='ocr_par' dir='ltr' id='par_1_28' title="bbox 389 1931 1921 1979">
     <span class='ocr_line' id='line_1_84' title="bbox 389 1931 1921 1976; baseline -0.005 -4"><span class='ocrx_word' id='word_1_394' title='bbox 389 1931 514 1965; x_wconf 61' lang='lat' dir='ltr'>iudices</span> <span class='ocrx_word' id='word_1_395' title='bbox 546 1931 732 1964; x_wconf 61' lang='lat' dir='ltr'>Ol&#39;difflll&#39;iOS</span> <span class='ocrx_word' id='word_1_396' title='bbox 764 1937 794 1964; x_wconf 76' lang='grc' dir='ltr'>Θῑ</span> <span class='ocrx_word' id='word_1_397' title='bbox 821 1932 1009 1973; x_wconf 62' lang='lat' dir='ltr'>dsslssg&#39;sslOS.</span> <span class='ocrx_word' id='word_1_398' title='bbox 1035 1931 1131 1963; x_wconf 62' lang='lat' dir='ltr'>ellan]</span> <span class='ocrx_word' id='word_1_399' title='bbox 1179 1936 1295 1969; x_wconf 81' lang='lat' dir='ltr'>tionem</span> <span class='ocrx_word' id='word_1_400' title='bbox 1309 1942 1383 1967; x_wconf 89' lang='lat' dir='ltr'>tunc</span> <span class='ocrx_word' id='word_1_401' title='bbox 1400 1934 1568 1967; x_wconf 80' lang='lat' dir='ltr'>existentis</span> <span class='ocrx_word' id='word_1_402' title='bbox 1585 1932 1809 1976; x_wconf 86' lang='lat' dir='ltr'>procuratoris</span> <span class='ocrx_word' id='word_1_403' title='bbox 1825 1942 1921 1975; x_wconf 82' lang='lat' dir='ltr'>gene-</span> 
     </span>
    </p>
   </div>
   <div class='ocr_carea' id='block_1_24' title="bbox 1177 1985 1922 2084">
    <p class='ocr_par' dir='ltr' id='par_1_29' title="bbox 1177 1985 1922 2084">
     <span class='ocr_line' id='line_1_85' title="bbox 1177 1985 1922 2029; baseline -0.007 -7"><span class='ocrx_word' id='word_1_404' title='bbox 1177 1989 1253 2022; x_wconf 85' lang='lat' dir='ltr'>ralis</span> <span class='ocrx_word' id='word_1_405' title='bbox 1275 1988 1350 2021; x_wconf 84' lang='lat' dir='ltr'>dicti</span> <span class='ocrx_word' id='word_1_406' title='bbox 1372 1987 1564 2027; x_wconf 73' lang='lat' dir='ltr'>Ordinis,nc</span> <span class='ocrx_word' id='word_1_407' title='bbox 1584 1986 1671 2026; x_wconf 87' lang='lat' dir='ltr'>libri,</span> <span class='ocrx_word' id='word_1_408' title='bbox 1686 1985 1922 2029; x_wconf 87' lang='lat' dir='ltr'>quinterni,so-</span> 
     </span>
     <span class='ocr_line' id='line_1_86' title="bbox 1177 2037 1921 2084; baseline -0.005 -10"><span class='ocrx_word' id='word_1_409' title='bbox 1177 2042 1219 2074; x_wconf 90' lang='lat' dir='ltr'>lia</span> <span class='ocrx_word' id='word_1_410' title='bbox 1237 2041 1300 2074; x_wconf 84' lang='lat' dir='ltr'>sive</span> <span class='ocrx_word' id='word_1_411' title='bbox 1320 2041 1476 2084; x_wconf 86' lang='lat' dir='ltr'>impressa</span> <span class='ocrx_word' id='word_1_412' title='bbox 1492 2040 1559 2073; x_wconf 87' lang='lat' dir='ltr'>sive</span> <span class='ocrx_word' id='word_1_413' title='bbox 1574 2038 1804 2082; x_wconf 84' lang='lat' dir='ltr'>manuscripta,</span> <span class='ocrx_word' id='word_1_414' title='bbox 1820 2038 1859 2071; x_wconf 85' lang='lat' dir='ltr'>ad</span> <span class='ocrx_word' id='word_1_415' title='bbox 1877 2037 1921 2070; x_wconf 87' lang='lat' dir='ltr'>bi-</span> 
     </span>
    </p>
   </div>
   <div class='ocr_carea' id='block_1_25' title="bbox 1155 2091 1921 2128">
    <p class='ocr_par' dir='ltr' id='par_1_30' title="bbox 1155 2091 1921 2128">
     <span class='ocr_line' id='line_1_87' title="bbox 1155 2091 1921 2128; baseline -0.007 0"><span class='ocrx_word' id='word_1_416' title='bbox 1155 2100 1156 2128; x_wconf 66' lang='lat' dir='ltr'>l</span> <span class='ocrx_word' id='word_1_417' title='bbox 1178 2095 1361 2128; x_wconf 82' lang='lat' dir='ltr'>bliotliecas</span> <span class='ocrx_word' id='word_1_418' title='bbox 1386 2099 1606 2127; x_wconf 84' lang='lat' dir='ltr'>conventuum</span> <span class='ocrx_word' id='word_1_419' title='bbox 1630 2092 1776 2126; x_wconf 84' lang='lat' dir='ltr'>eiusdem</span> <span class='ocrx_word' id='word_1_420' title='bbox 1791 2091 1921 2125; x_wconf 84' lang='lat' dir='ltr'>Ordinis</span> 
     </span>
    </p>
   </div>
   <div class='ocr_carea' id='block_1_26' title="bbox 1178 2144 1920 2191">
    <p class='ocr_par' dir='ltr' id='par_1_31' title="bbox 1178 2144 1920 2191">
     <span class='ocr_line' id='line_1_88' title="bbox 1178 2144 1920 2191; baseline -0.004 -11"><span class='ocrx_word' id='word_1_421' title='bbox 1178 2147 1370 2191; x_wconf 86' lang='lat' dir='ltr'>spectantia,</span> <span class='ocrx_word' id='word_1_422' title='bbox 1390 2147 1465 2179; x_wconf 88' lang='lat' dir='ltr'>inde</span> <span class='ocrx_word' id='word_1_423' title='bbox 1485 2147 1545 2179; x_wconf 88' lang='lat' dir='ltr'>sub</span> <span class='ocrx_word' id='word_1_424' title='bbox 1565 2145 1678 2189; x_wconf 86' lang='lat' dir='ltr'>quovis</span> <span class='ocrx_word' id='word_1_425' title='bbox 1696 2144 1845 2189; x_wconf 86' lang='lat' dir='ltr'>quaesito</span> <span class='ocrx_word' id='word_1_426' title='bbox 1867 2155 1920 2178; x_wconf 87' lang='lat' dir='ltr'>eo—</span> 
     </span>
    </p>
   </div>
   <div class='ocr_carea' id='block_1_27' title="bbox 1155 2197 1921 2243">
    <p class='ocr_par' dir='ltr' id='par_1_32' title="bbox 1155 2197 1921 2243">
     <span class='ocr_line' id='line_1_89' title="bbox 1155 2197 1921 2243; baseline -0.007 -10"><span class='ocrx_word' id='word_1_427' title='bbox 1155 2218 1157 2238; x_wconf 64' lang='grc' dir='ltr'>ι,</span> <span class='ocrx_word' id='word_1_428' title='bbox 1178 2201 1256 2240; x_wconf 88' lang='lat' dir='ltr'>lore,</span> <span class='ocrx_word' id='word_1_429' title='bbox 1272 2204 1440 2243; x_wconf 82' lang='lat' dir='ltr'>praetextu</span> <span class='ocrx_word' id='word_1_430' title='bbox 1457 2200 1506 2232; x_wconf 87' lang='lat' dir='ltr'>vel</span> <span class='ocrx_word' id='word_1_431' title='bbox 1522 2198 1696 2232; x_wconf 79' lang='lat' dir='ltr'>occasione</span> <span class='ocrx_word' id='word_1_432' title='bbox 1711 2197 1921 2231; x_wconf 82' lang='lat' dir='ltr'>extraheren-</span> 
     </span>
    </p>
   </div>
   <div class='ocr_carea' id='block_1_28' title="bbox 1180 2249 1920 2296">
    <p class='ocr_par' dir='ltr' id='par_1_33' title="bbox 1180 2249 1920 2296">
     <span class='ocr_line' id='line_1_90' title="bbox 1180 2249 1920 2296; baseline -0.005 -10"><span class='ocrx_word' id='word_1_433' title='bbox 1180 2258 1228 2287; x_wconf 88' lang='lat' dir='ltr'>tur</span> <span class='ocrx_word' id='word_1_434' title='bbox 1246 2254 1294 2286; x_wconf 84' lang='lat' dir='ltr'>vel</span> <span class='ocrx_word' id='word_1_435' title='bbox 1317 2257 1562 2296; x_wconf 84' lang='lat' dir='ltr'>asportarentur</span> <span class='ocrx_word' id='word_1_436' title='bbox 1581 2251 1639 2285; x_wconf 85' lang='lat' dir='ltr'>sub</span> <span class='ocrx_word' id='word_1_437' title='bbox 1659 2249 1920 2285; x_wconf 87' lang='lat' dir='ltr'>excommunica-</span> 
     </span>
    </p>
   </div>
   <div class='ocr_carea' id='block_1_29' title="bbox 1178 2354 1922 2614">
    <p class='ocr_par' dir='ltr' id='par_1_34' title="bbox 1178 2354 1922 2614">
     <span class='ocr_line' id='line_1_91' title="bbox 1217 2354 1922 2387; baseline -0.007 -2"><span class='ocrx_word' id='word_1_438' title='bbox 1217 2360 1225 2385; x_wconf 81' lang='lat' dir='ltr'>l</span> <span class='ocrx_word' id='word_1_439' title='bbox 1251 2358 1351 2385; x_wconf 84' lang='lat' dir='ltr'>Urbani</span> <span class='ocrx_word' id='word_1_440' title='bbox 1372 2358 1430 2384; x_wconf 84' lang='lat' dir='ltr'>Vlll</span> <span class='ocrx_word' id='word_1_441' title='bbox 1451 2361 1537 2384; x_wconf 86' lang='lat' dir='ltr'>const.</span> <span class='ocrx_word' id='word_1_442' title='bbox 1559 2356 1625 2383; x_wconf 83' lang='lat' dir='ltr'>edit.</span> <span class='ocrx_word' id='word_1_443' title='bbox 1648 2354 1872 2387; x_wconf 67' lang='lat' dir='ltr'>aiocxxxx111,die</span> <span class='ocrx_word' id='word_1_444' title='bbox 1887 2355 1922 2381; x_wconf 75' lang='lat'>20</span> 
     </span>
     <span class='ocr_line' id='line_1_92' title="bbox 1179 2399 1922 2438; baseline -0.007 -8"><span class='ocrx_word' id='word_1_445' title='bbox 1179 2403 1246 2437; x_wconf 78' lang='lat' dir='ltr'>iulii,</span> <span class='ocrx_word' id='word_1_446' title='bbox 1264 2402 1360 2438; x_wconf 84' lang='lat' dir='ltr'>pontif.</span> <span class='ocrx_word' id='word_1_447' title='bbox 1382 2409 1437 2435; x_wconf 74' lang='lat' dir='ltr'>xvi,</span> <span class='ocrx_word' id='word_1_448' title='bbox 1460 2400 1626 2436; x_wconf 83' lang='lat' dir='ltr'>prohibitum</span> <span class='ocrx_word' id='word_1_449' title='bbox 1647 2399 1697 2426; x_wconf 87' lang='lat' dir='ltr'>fuit</span> <span class='ocrx_word' id='word_1_450' title='bbox 1711 2399 1870 2434; x_wconf 87' lang='lat' dir='ltr'>Capuccinis</span> <span class='ocrx_word' id='word_1_451' title='bbox 1887 2406 1922 2426; x_wconf 85' lang='lat' dir='ltr'>ne</span> 
     </span>
     <span class='ocr_line' id='line_1_93' title="bbox 1178 2440 1920 2480; baseline -0.005 -9"><span class='ocrx_word' id='word_1_452' title='bbox 1178 2445 1274 2480; x_wconf 83' lang='lat' dir='ltr'>quovis</span> <span class='ocrx_word' id='word_1_453' title='bbox 1293 2444 1383 2470; x_wconf 88' lang='lat' dir='ltr'>colore</span> <span class='ocrx_word' id='word_1_454' title='bbox 1404 2444 1491 2470; x_wconf 88' lang='lat' dir='ltr'>libros</span> <span class='ocrx_word' id='word_1_455' title='bbox 1512 2451 1526 2470; x_wconf 89' lang='lat' dir='ltr'>e</span> <span class='ocrx_word' id='word_1_456' title='bbox 1546 2442 1720 2470; x_wconf 85' lang='lat' dir='ltr'>bibliothecis</span> <span class='ocrx_word' id='word_1_457' title='bbox 1735 2440 1920 2473; x_wconf 76' lang='lat' dir='ltr'>extraherent,</span> 
     </span>
     <span class='ocr_line' id='line_1_94' title="bbox 1178 2486 1919 2522; baseline -0.005 -6"><span class='ocrx_word' id='word_1_458' title='bbox 1178 2490 1227 2516; x_wconf 82' lang='lat' dir='ltr'>sed</span> <span class='ocrx_word' id='word_1_459' title='bbox 1248 2488 1359 2515; x_wconf 85' lang='lat' dir='ltr'>inutiles</span> <span class='ocrx_word' id='word_1_460' title='bbox 1378 2497 1439 2514; x_wconf 91' lang='lat' dir='ltr'>cum</span> <span class='ocrx_word' id='word_1_461' title='bbox 1460 2488 1573 2514; x_wconf 86' lang='lat' dir='ltr'>utilibus</span> <span class='ocrx_word' id='word_1_462' title='bbox 1594 2489 1750 2522; x_wconf 82' lang='lat' dir='ltr'>permutare</span> <span class='ocrx_word' id='word_1_463' title='bbox 1770 2486 1919 2521; x_wconf 82' lang='lat' dir='ltr'>permittit;</span> 
     </span>
     <span class='ocr_line' id='line_1_95' title="bbox 1179 2530 1921 2561; baseline -0.004 -1"><span class='ocrx_word' id='word_1_464' title='bbox 1179 2534 1230 2561; x_wconf 86' lang='lat' dir='ltr'>lioc</span> <span class='ocrx_word' id='word_1_465' title='bbox 1263 2533 1335 2560; x_wconf 87' lang='lat' dir='ltr'>idem</span> <span class='ocrx_word' id='word_1_466' title='bbox 1365 2532 1506 2560; x_wconf 82' lang='lat' dir='ltr'>decretum</span> <span class='ocrx_word' id='word_1_467' title='bbox 1536 2532 1587 2558; x_wconf 83' lang='lat' dir='ltr'>suit</span> <span class='ocrx_word' id='word_1_468' title='bbox 1615 2532 1648 2559; x_wconf 83' lang='lat' dir='ltr'>ab</span> <span class='ocrx_word' id='word_1_469' title='bbox 1677 2531 1833 2558; x_wconf 83' lang='lat' dir='ltr'>Alexandro</span> <span class='ocrx_word' id='word_1_470' title='bbox 1865 2530 1921 2560; x_wconf 85' lang='lat' dir='ltr'>vtlt</span> 
     </span>
     <span class='ocr_line' id='line_1_96' title="bbox 1179 2576 1691 2614; baseline -0.004 -9"><span class='ocrx_word' id='word_1_471' title='bbox 1179 2582 1266 2607; x_wconf 82' lang='lat' dir='ltr'>const.</span> <span class='ocrx_word' id='word_1_472' title='bbox 1288 2576 1353 2606; x_wconf 83' lang='lat' dir='ltr'>edit.</span> <span class='ocrx_word' id='word_1_473' title='bbox 1376 2583 1535 2613; x_wconf 62' lang='lat' dir='ltr'>nectuntur,</span> <span class='ocrx_word' id='word_1_474' title='bbox 1556 2576 1651 2614; x_wconf 84' lang='lat' dir='ltr'>pontif.</span> <span class='ocrx_word' id='word_1_475' title='bbox 1674 2583 1691 2605; x_wconf 81' lang='lat' dir='ltr'>i.</span> 
     </span>
    </p>
   </div>
  </div>
 </body>
</html>
