2170 3147
235 230 284 256 An.
307 230 335 256 c.
355 230 421 257 1725
469 222 530 255 ‘236

246 923 372 944 Cominium
387 924 417 944 Ιη-

231 954 324 971 norvnltt
337 951 360 970 Xt
376 956 416 976 qun

232 978 365 1002 praedictum
382 978 416 996 11.»-

232 1008 312 1023 crt’ttiui
325 1004 417 1025 Cottum-

233 1031 322 1054 aaltonis
336 1036 360 1055 ep
372 1036 416 1048 «rn-

232 1062 306 1081 pnrum
318 1061 338 1076 ut.
357 1064 392 1082 reg
412 1068 418 1071 -

232 1083 308 1103 lariani
328 1083 417 1103 resextur

232 1111 253 1129 et
274 1110 416 1130 cnutirmatun

429 279 581 312 abbatiali
610 278 726 311 Montis
753 278 887 319 Cassini,
922 279 1095 324 eidemque
1122 291 1174 314 ec-

428 332 544 364 clesiae
571 332 602 364 S.
623 331 777 364 Germani
804 343 839 364 ac
864 333 952 365 illius
978 333 1122 376 capitulo
1143 339 1194 367 et:

428 384 592 417 canonicis
630 396 730 428 super
768 386 958 433 praemissis
997 387 1103 420 dubiis
1142 393 1173 420 et

428 437 665 470 controversiis
692 438 926 481 imponendum
952 440 1020 473 sore
1046 447 1077 473 et
1101 452 1171 474 esse

428 596 619 638 gregatione
650 598 791 640 desuper
823 599 962 639 editum,
989 600 1128 634 subinde
1155 612 1171 634 a

428 702 602 735 decessore
646 703 758 735 itidem
806 710 916 737 nostro
955 706 1170 748 approbatum

428 754 719 799 confirmatumque
753 756 811 788 suit
843 767 902 799 per
937 768 1009 790 suas
1044 759 1170 791 litteras

428 809 623 851 apostolicas
650 809 680 841 in
708 809 810 842 forma
836 810 945 844 Brevis
972 811 1093 844 tenoris
1124 822 1170 845 se·

428 862 570 904 quentis,
597 862 762 895 videlicet:

471 915 684 948 Innocentius
703 916 798 960 Papa
816 916 867 950 XI
890 917 1098 961 adfuturam
1123 920 1172 951 rei

430 969 632 1002 memoriam.
658 969 770 1003 Alias*
797 971 828 1003 in
855 974 950 1004 causa
976 972 1170 1005 iurisdictio-

429 1022 478 1054 nis
495 1049 502 1062 ,
530 1033 613 1065 quae
641 1022 724 1055 iuter
750 1023 887 1057 dilectos
911 1024 995 1058 filios
1021 1026 1170 1059 abbatem

429 1080 461 1107 et
486 1076 666 1108 monachos
697 1077 883 1109 monasterii
909 1078 1026 1112 Montis
1047 1079 1168 1112 Cossini

428 1127 557 1160 Ordinis
574 1127 605 1160 S.
626 1128 806 1169 Benedicti,
827 1141 863 1162 ex
886 1133 960 1171 una,
982 1137 1012 1164 et
1036 1132 1169 1166 dilectos

430 1180 526 1213 etiam
550 1180 633 1213 lilios
653 1181 830 1224 capitulum
851 1189 882 1215 et
908 1185 1083 1218 canonicos
1105 1187 1171 1219 col-

428 1233 567 1275 legiatae
590 1234 749 1266 ecclesiae
774 1234 805 1267 S.
827 1234 991 1277 Germani,
1011 1248 1047 1270 ex
1069 1239 1170 1272 altera

427 1287 574 1328 partibus
593 1314 600 1327 ,
625 1287 789 1330 pendebat
825 1288 981 1330 indecisa,
1008 1293 1170 1325 emanavit

428 1350 446 1371 a
466 1338 726 1382 Congregatione
763 1342 999 1376 venerabilium
1033 1344 1169 1378 fratrum

428 1398 614 1425 nostrorum
634 1393 665 1426 S.
686 1393 722 1426 R.
743 1394 777 1427 E.
798 1395 1011 1429 cardinalium
1031 1398 1170 1440 negotiis
1191 1422 1193 1430 .

429 1451 461 1478 et
479 1447 773 1480 consultationibus
805 1449 1032 1493 episcoporum
1064 1456 1095 1484 e,
1119 1461 1170 1484 re,
1191 1449 1193 1486 ἶ
1213 1436 1368 1474 volentes,
1388 1445 1527 1478 eumque
1546 1446 1562 1468 a
1581 1435 1748 1478 quibusvis
1767 1446 1955 1470 excommu-

429 1499 589 1541 gularium
624 1501 811 1543 praeposita
841 1501 1008 1536 decretum
1049 1504 1171 1538 tenoris

430 1553 482 1595 qui
513 1553 675 1596 sequitur,
704 1554 874 1588 videlicet:

468 1624 501 1653 ln
516 1627 602 1654 causa
619 1625 724 1655 Montis
739 1625 850 1656 Cassini
872 1628 1086 1659 iurisdictionis
1109 1639 1173 1660 ver-

429 1678 508 1703 tente
541 1674 619 1703 iuter
652 1679 763 1713 patrem
796 1675 930 1705 abbatem
964 1682 992 1707 et
1016 1679 1172 1709 monachos

428 1721 534 1752 Montis
560 1722 682 1759 Cassini,
698 1732 732 1753 ex
756 1725 826 1763 una,
844 1728 872 1754 et
894 1726 1054 1764 capitulum
1077 1732 1105 1757 et
1127 1737 1173 1757 ca-

429 1771 551 1800 nonicos
564 1771 732 1809 collegiatae
745 1773 887 1803 ecclesiae
900 1772 929 1803 S.
944 1773 1091 1808 Germani,
1106 1785 1171 1814 par-

430 1819 507 1849 tibus
523 1829 557 1849 ex
576 1820 677 1855 altera,
698 1821 732 1850 de
751 1826 778 1851 et
794 1831 882 1862 super
898 1823 995 1853 dubiis
1012 1828 1040 1854 et
1057 1829 1172 1855 contro-

431 1869 534 1898 versiis
547 1878 598 1908 per
611 1869 685 1898 lianc
697 1878 808 1899 sacram
822 1870 1082 1909 Congregationem
1100 1874 1170 1903 emi-

430 1918 671 1947 nentissimorum
689 1917 718 1948 S.
733 1918 767 1948 R.
783 1918 814 1948 E.
830 1920 1024 1949 cardinalium
1048 1922 1172 1959 negotiis
1193 1935 1194 1946 t

1193 1976 1194 1984 t
1215 1964 1289 1996 liter
1306 1963 1465 2006 porrectis
1490 1963 1651 2003 inclinati,
1672 1964 1836 1996 decretum
1861 1974 1955 2007 prae-

1193 2042 1194 2045 ,
1215 2016 1383 2055 insertum,
1407 2016 1597 2049 auctoritate
1624 2016 1813 2059 apostolica,
1839 2021 1953 2050 tenore

431 2067 477 2092 cto
494 2068 521 2092 et
538 2064 565 2093 in
582 2065 644 2093 iure
661 2065 898 2101 informantibus,
913 2066 966 2095 sub
983 2066 1028 2095 die
1041 2076 1079 2096 xn
1097 2076 1172 2096 mar·
1193 2078 1194 2081 ¹

431 2113 463 2141 tii
480 2121 638 2149 :iinchxrn
656 2114 801 2143 referente
816 2115 1050 2145 eminentissimo
1066 2116 1172 2146 Castal-
1193 2109 1194 2138 i

430 1970 458 1995 et
487 1966 753 1997 consultationibus
783 1968 987 2007 episcoporum
1012 1974 1040 1998 et
1062 1971 1172 2008 regula-

430 2015 506 2044 rium
524 2016 732 2054 praepositam,
751 2017 882 2055 partibus
904 2017 971 2047 hinc
990 2018 1057 2048 inde
1080 2019 1109 2048 in
1133 2019 1173 2049 fa-

431 2161 478 2196 do,
493 2162 623 2190 remissis
639 2162 672 2191 ad
689 2171 804 2191 sacrum
822 2163 998 2192 auditorium
1013 2164 1103 2193 Rotae
1120 2174 1172 2204 pro

432 2210 494 2238 eius
511 2215 586 2247 voto,
604 2211 704 2239 eadem
716 2220 797 2240 sacra
814 2210 1018 2249 congregatio,
1037 2213 1106 2242 visis
1122 2214 1173 2242 tri·
1193 2219 1195 2230 ¹

431 2257 484 2286 bus
501 2258 698 2288 decisionibus
715 2268 765 2297 per
780 2268 892 2289 sacratu
916 2260 1030 2296 Rotam,
1048 2263 1172 2300 utraque

432 2310 514 2343 paite
537 2308 724 2343 informante,
742 2316 840 2337 coram
863 2308 897 2338 R.
915 2308 944 2337 P.
963 2308 995 2338 D.
1016 2309 1171 2348 Albergato

432 2354 516 2383 editis
539 2355 592 2385 sub
611 2356 712 2386 dicbus
735 2366 791 2386 xxx
814 2358 915 2396 aprilis
938 2367 1107 2396 atoeLxxvu,
1125 2368 1172 2388 xxv

432 2404 533 2442 aprilis
547 2414 707 2442 unebxxtx,
726 2411 753 2436 et
769 2415 846 2436 xxvn
862 2407 988 2437 ianuarii
1010 2416 1169 2446 MDCLxxM,

432 2452 552 2490 visoque
568 2453 696 2482 eiusdem
714 2464 813 2483 sacrae
828 2455 917 2485 Rotae
935 2460 999 2485 voto
1017 2456 1170 2494 registrato

433 2502 461 2531 in
479 2503 556 2531 calce
577 2503 695 2531 ultimae
712 2504 868 2534 decisionis
892 2510 1054 2544 emanatae‚
1079 2506 1172 2535 omni-

432 2549 487 2581 bus
501 2551 683 2581 auditoribus
697 2553 871 2588 volantibus,
886 2563 975 2592 reque
989 2558 1102 2583 mature
1115 2554 1171 2583 dis-

470 2619 478 2644 i
503 2618 569 2645 Yide
591 2621 655 2644 totu.
679 2624 731 2646 xtx,
754 2625 814 2653 pag.
837 2618 886 2644 728
908 2619 922 2645 l»
943 2621 979 2651 (n⁴
1003 2620 1050 2654 Τζ,

1011 231 1194 256 BULLARIL'M
1220 232 1377 257 ROMANUM

1217 282 1314 319 cussa,
1329 290 1439 312 necnon
1456 281 1564 322 pluries
1588 282 1676 312 citato
1693 286 1720 312 et
1741 282 1873 313 intimato
1893 292 1958 322 pro-

1217 333 1352 359 curatore
1365 330 1484 370 capituli
1499 336 1526 360 et
1539 331 1747 361 canonicorum
1765 331 1795 360 S.
1808 331 1956 370 Germani,

1215 378 1360 408 referente
1383 379 1618 409 eminentissimo
1642 380 1785 409 Casanate
1809 380 1836 409 in
1860 379 1957 409 locum

1216 427 1441 457 eminentissimi
1468 428 1591 457 Castaldi
1622 427 1751 457 absentis
1781 427 1956 467 subrogato,

428 496 622 533 perpetmffll
649 492 814 525 Silentium
846 494 973 526 censuit
1009 499 1041 527 et
1066 495 1172 528 decla·
1193 495 1194 513 Ξ
1215 476 1330 505 censuit
1353 480 1380 505 et
1403 476 1576 513 declaravit,
1602 475 1755 505 ecclesiam
1773 475 1956 513 collegiatam

428 544 504 575 mvi,
549 544 717 577 Decretum
745 556 821 578 vero
860 557 875 578 Ἰ
901 547 1069 589 praedici&
1090 548 1154 581 Con
1192 543 1194 562 1,
1215 523 1245 552 S.
1270 524 1406 553 Germani
1430 533 1494 553 esse
1518 523 1680 553 subiectam
1703 524 1844 553 eeclesiae
1870 523 1958 554 abba—

505 570 520 576 ψ.
638 572 646 577 1
826 572 832 584 ,
858 568 867 578 ι
1161 568 1171 572 -
1192 567 1194 579 t

1216 573 1277 602 tiali
1314 573 1420 602 Montis
1455 572 1588 607 Cassini‚
1626 572 1780 611 eidemque
1815 573 1957 602 ecclesiae

1192 647 1193 651 ,
1215 623 1244 650 S.
1269 621 1406 651 Germani
1434 621 1573 659 illiusque
1599 621 1727 659 capitulo
1756 626 1784 651 et
1806 623 1956 653 canonicis

426 649 500 691 Pide
518 650 695 682 ’ΠΟῙΠΟΓῘΠΒ
712 650 902 684 Innocentio
922 652 1006 695 papa
1025 653 1062 685 XI
1085 664 1172 696 pfflss·
1192 675 1194 698 ,¹
1215 677 1302 706 super
1319 668 1486 705 praemissis
1502 667 1599 696 dubiis
1622 671 1650 697 et
1672 669 1881 698 controversiis
1902 669 1958 699 im—

1216 714 1381 753 ponendum
1399 714 1458 743 fore
1475 718 1501 742 et
1517 722 1580 742 esse
1600 718 1772 752 perpetuum
1788 714 1951 753 silentium,

1215 764 1301 799 prout
1324 759 1486 799 praesentis
1509 759 1621 789 decreti
1643 759 1813 798 imponitur.
1835 761 1955 797 Romae,

1215 815 1262 835 x1v
1294 805 1462 835 novembris
1494 814 1652 835 unmxxxt.
1677 823 1715 828 —
1741 805 1774 835 G.
1799 806 1956 837 cardinalis

1214 852 1379 882 CARPINEUS
1397 870 1432 875 -—
1446 851 1513 882 Loco
1528 854 1545 889 †
1560 852 1647 891 sigilli
1662 869 1698 873 -
1712 851 1745 882 B.
1759 852 1955 884 Pxxcmicvs

1214 903 1318 929 Secrsst.

1258 955 1335 989 Cum
1362 962 1480 997 autem,
1501 956 1584 989 sicut
1609 957 1748 990 dilectus
1774 957 1860 991 silius
1882 969 1956 1002 pro-

1214 1014 1343 1042 curator
1368 1009 1529 1052 generalis
1554 1009 1824 1053 Congregationis
1854 1011 1955 1045 Cassi-

1214 1062 1325 1094 nensis
1343 1062 1418 1094 dicti
1444 1062 1573 1095 Ordinis
1598 1063 1692 1095 nobis
1708 1074 1813 1106 nuper
1834 1064 1953 1108 exponi

1214 1115 1301 1154 feeit,
1318 1114 1387 1158 ipse
1414 1116 1579 1148 decretum
1606 1116 1804 1156 huiusmodi,
1824 1128 1888 1160 quo
1905 1116 1954 1150 fir·

1214 1168 1297 1200 mius
1322 1168 1486 1207 subsistat,
1507 1168 1707 1211 apostolicae
1733 1169 1955 1203 confirmatio-

1214 1222 1264 1253 nis
1283 1227 1413 1254 nostrae
1431 1222 1550 1254 robore
1566 1222 1757 1254 communiri
1778 1223 1952 1266 plurimum

1215 1273 1400 1307 desideret:
1427 1285 1497 1313 nos,
1525 1274 1627 1317 ipsius
1653 1275 1876 1318 procuratoris
1902 1286 1955 1319 ge-

1214 1328 1335 1361 neralis
1362 1329 1443 1361 votis
1473 1329 1532 1361 hac
1556 1328 1588 1361 in
1614 1339 1670 1369 re,
1696 1335 1850 1373 quantum
1881 1340 1951 1363 cum

1214 1381 1350 1414 Domino
1368 1392 1553 1425 possumus,
1570 1382 1792 1415 favorabiliter
1808 1393 1951 1417 annuere

1213 1488 1407 1527 nicationis,
1440 1488 1664 1530 suspensionis
1701 1494 1733 1521 et
1768 1488 1953 1531 interdicti,

1214 1541 1352 1585 aliisque
1389 1541 1616 1574 ecclesiasticis
1657 1542 1851 1583 sententiis,
1879 1553 1955 1576 cen-

1214 1595 1296 1627 suris
1323 1600 1355 1627 et
1380 1594 1503 1637 poenis,
1524 1605 1540 1627 a
1565 1594 1635 1627 iure
1661 1596 1710 1628 vel
1737 1595 1776 1627 ab
1801 1595 1952 1637 homine,

1214 1647 1328 1690 quavis
1349 1647 1521 1680 occasione
1542 1648 1589 1680 vel
1608 1649 1701 1680 causa
1728 1647 1814 1688 latis,
1833 1648 1860 1681 si
1886 1649 1956 1692 qui-

1214 1700 1271 1732 bus
1297 1700 1544 1743 quomodolibet
1569 1701 1742 1733 innodatus
1767 1701 1894 1742 existit,
1915 1702 1954 1734 ad

1215 1752 1362 1785 etrecmm
1396 1753 1614 1796 praesentium
1649 1753 1813 1786 dumtaxat
1843 1763 1956 1787 conse-

1215 1807 1398 1849 quendum,
1427 1806 1541 1837 harum
1576 1807 1662 1838 serie
1693 1806 1899 1839 absolventes
1925 1811 1956 1839 et

1192 1862 1194 1894 ζ
1215 1858 1397 1891 absolutum
1420 1858 1486 1890 fore
1508 1863 1696 1897 censentes,
1715 1858 1956 1902 supplicationi-

1215 1912 1274 1943 bus
1293 1911 1363 1943 eius
1383 1910 1511 1943 nomine
1531 1911 1624 1943 nobis
1642 1921 1740 1953 super
1766 1912 1827 1944 hoc
1848 1911 1956 1944 humi-

1214 2070 1455 2113 praesentium,
1480 2070 1698 2112 approbamus
1723 2075 1754 2102 et
1786 2069 1955 2103 confirma—

1214 2133 1292 2160 mus,
1311 2121 1444 2165 illique¹
1467 2122 1664 2155 inviolabilis
1690 2123 1887 2166 apostolicae
1908 2122 1956 2156 fir,

1214 2176 1334 2208 mitatis
1377 2177 1478 2209 robur
1511 2177 1699 2209 adiicimus:
1726 2177 1812 2209 salva
1846 2182 1953 2209 tamen

1214 2240 1346 2272 semper
1380 2229 1410 2261 iu
1444 2229 1631 2272 praemissis
1665 2230 1857 2262 auctoritate
1889 2240 1953 2262 me-

1214 2288 1356 2314 moratae
1372 2282 1642 2324 Congregationis
1658 2282 1883 2315 cardinalium.
1898 2282 1955 2315 De-

1214 2342 1408 2375 cernentes,
1446 2336 1578 2368 easdem
1615 2341 1806 2378 praesentes
1832 2336 1953 2368 litteras

1214 2400 1343 2432 semper
1362 2389 1481 2427 firmas,
1512 2389 1633 2421 validas
1659 2394 1690 2421 et
1715 2389 1862 2421 efficaces
1887 2388 1953 2421 exi-

1214 2449 1299 2475 stere
1326 2448 1358 2475 et
1384 2443 1462 2483 sore,
1490 2453 1632 2485 suosque
1657 2441 1821 2485 plenarios
1846 2447 1877 2474 et
1903 2441 1953 2474 in-

1214 2502 1322 2538 tegros
1355 2495 1489 2528 effectus
1523 2496 1633 2528 sortiri
1660 2501 1692 2527 et
1715 2495 1864 2527 obtinere
1882 2523 1889 2535 ,
1917 2505 1953 2527 ac

1213 2549 1291 2589 illis,
1323 2549 1362 2581 ad
1395 2559 1475 2592 quos
1498 2553 1623 2591 spectat
1652 2552 1683 2580 et
1718 2558 1776 2590 pro
1803 2553 1952 2592 tempore

1250 2620 1258 2645 t
1285 2618 1354 2645 Edit.
1377 2618 1455 2645 Μαίη,
1478 2617 1543 2651 legit
1562 2618 1678 2652 illisque
1694 2620 1732 2653 (tt.
1748 2620 1797 2653 T.).

1966 234 2014 262 An.
2036 235 2066 264 C.
2083 237 2148 267 ¹725

1990 971 2092 997 Sequitur
2100 977 2149 993 eon-

1966 999 2047 1018 stitutio
2089 998 2149 1019 luno-

1966 1025 2029 1045 centn
2039 1024 2073 1046 XI.
