2170 3147
7 193 58 219 An.
76 192 105 218 C.
126 191 192 219 ¹727

36 673 185 699 Trnnnumpto·

3 705 48 721 tum
61 700 123 720 fides.

53 1569 84 1590 Ob
110 1569 181 1589 ocules

0 1595 96 1616 Pontifici
106 1601 181 1622 propo-

0 1625 52 1643 sitae
68 1628 145 1642 causae
154 1622 181 1643 ad

0 1655 47 1669 eum
74 1649 182 1675 impellen-

1 1676 49 1696 dum
77 1677 100 1696 ut
121 1681 180 1701 prau-

0 1702 78 1722 dictam
95 1701 181 1722 faculta-

1 1731 40 1749 tem
56 1729 166 1749 concedat.

793 191 986 215 nENtzmcrtts

198 245 348 272 serentur
369 244 399 272 et
417 239 689 282 exprimerentur,
712 239 826 272 iisdem
848 249 938 282 prae-

198 292 343 325 sentibus
374 302 432 334 pro
468 291 564 334 plene
599 298 630 323 et
666 291 864 324 sufficienter
888 302 937 324 ex-

197 344 319 387 pressis
344 354 380 376 ac
405 343 443 376 de
470 344 569 376 verbo
589 344 627 375 ad
646 345 777 375 verbum
807 343 935 376 insertis

197 397 373 436 habentes,
399 396 463 429 illis
490 395 568 428 alias
594 395 624 427 in
644 406 702 428 suo
722 396 838 428 robore
866 406 937 438 per-

197 448 381 488 mansuris,
409 449 447 481 ad
473 448 728 491 praemissorum
764 448 935 487 effectum,

198 502 259 534 hac
290 501 358 534 vice
389 502 575 540 dumtaxat,
601 501 787 544 specialiter
818 507 849 533 et
883 511 936 533 ex—

196 565 307 597 presse
333 554 540 597 derogamus,
561 554 742 597 ceterisque
765 553 936 587 contrariis

197 606 470 650 quibuscumque.

240 659 255 701 g
291 658 320 691 5.
347 659 498 691 Volumus
532 664 636 691 autem
680 663 712 690 ut
748 658 934 691 earumdem

196 711 417 755 praesentium
433 711 612 743 litterarum
630 711 842 754 transumptis
861 709 934 743 etc.⁴

240 764 351 797 Datum
367 765 499 803 Romae,
513 765 597 807 apud
613 764 643 797 S.
658 764 798 802 Petrum,
810 764 871 796 sul)
884 774 934 796 an-

196 819 272 850 nulo
292 817 475 855 Piscatoris,
494 817 545 850 die
559 828 573 849 x·
594 817 730 849 ianuarii
744 826 932 857 Mucexxvn,

194 870 400 914 pontificatus
422 869 524 903 nostri
551 880 636 902 anno
662 880 709 903 ιιι.

229 932 289 958 Dal.
311 932 355 958 die
378 933 409 959 ¹0
428 930 542 958 ianuarii
565 931 642 963 17:27,
664 931 757 966 pontif.
780 939 849 959 anno
866 937 904 958 ιιι.

501 1074 625 1107 CLXVI.

194 1152 387 1187 Conceditur
400 1153 560 1196 fratribus
579 1153 764 1187 Carmelilz's
778 1154 933 1196 antiquae

238 1204 465 1238 Observantiae
489 1206 675 1248 provinciae
704 1206 933 1248 Perluyalliae

235 1257 389 1300 facultas,
408 1262 443 1290 ut
461 1258 555 1290 certis
572 1258 720 1290 oneribus
740 1258 928 1297 missarum,

235 1320 315 1354 quas
339 1310 499 1343 celebrare
523 1321 588 1343 non
611 1316 778 1353 poterunt,
804 1312 931 1354 satisfa-

236 1373 302 1395 cere
325 1363 455 1395 valeant
481 1364 548 1396 unci
573 1365 670 1396 missci
695 1364 832 1396 solemni
845 1363 864 1396 ².

373 1443 557 1470 Benedictus
579 1443 659 1476 Papa
679 1443 758 1475 XIII,

335 1487 372 1514 ad
388 1487 524 1514 futuram
544 1487 591 1514 rei
606 1487 791 1514 memoriam.

236 1558 251 1601 ἓ
288 1558 317 1590 ‘l.
355 1558 480 1601 Exponi
518 1558 610 1591 nobis
646 1568 751 1601 nuper
788 1558 930 1591 fecerunt

194 1609 302 1643 dilecti
328 1609 383 1643 filii
410 1611 498 1653 prior
522 1611 731 1653 provincialis
756 1621 792 1644 ac
818 1611 929 1644 fratres

193 1662 375 1706 provinciae
394 1663 611 1706 Portugalliae
629 1664 758 1697 Ordinis
778 1664 811 1696 B.
832 1664 870 1696 M.
892 1665 930 1697 de

192 1716 299 1750 Monte
323 1715 468 1750 Carmelo
503 1717 654 1760 antiquae
688 1717 929 1758 observantiae,

193 1770 282 1813 quod
299 1775 476 1803 conventus
495 1770 640 1802 ciusdem
663 1771 847 1813 provinciae
867 1781 929 1803 non

192 1823 347 1856 mediocri
372 1828 565 1867 paupertate
591 1825 740 1857 laborant
757 1830 930 1868 propterea

193 1877 278 1920 quod
305 1877 450 1910 redditus
494 1888 577 1920 quos
609 1878 781 1920 possident
821 1889 930 1921 prove-

192 1930 286 1963 niunt
310 1941 346 1963 ex
368 1930 555 1974 capellaniis
584 1931 724 1974 antiquis
744 1936 775 1964 et
802 1932 930 1964 moder-

193 1983 242 2016 nis
266 1983 298 2016 in
325 1994 435 2017 eorum
461 1984 608 2017 ecclesiis
634 1995 704 2016 cum
730 1984 929 2026 obligatione

193 2037 304 2070 missas
342 2037 530 2070 solemniter
561 2041 592 2071 et
624 2038 773 2081 privatim
800 2048 859 2080 pro
886 2038 925 2070 il-

194 2090 297 2122 larum
334 2089 542 2122 fundatorum
578 2090 748 2123 animabus
782 2090 928 2133 quotidie

194 2142 380 2175 celebrandi
418 2143 556 2183 erectis,
595 2153 725 2176 necnon
760 2153 798 2176 ex
833 2143 927 2176 simili

194 2206 292 2230 onere
317 2196 487 2229 missarum
521 2197 561 2229 ab
592 2197 715 2240 aliquot
740 2197 930 2229 christifide-

194 2249 272 2282 lium
295 2248 618 2282 consraternitatibus
640 2249 671 2281 in
690 2249 812 2282 eisdem
830 2250 930 2282 eccle-

193 2302 248 2335 siis
267 2302 306 2335 ab
325 2301 575 2334 immemorabili
599 2307 744 2344 tempore
762 2301 929 2342 institutis,

193 2366 230 2388 ac
255 2354 414 2387 eiusmodi
441 2354 627 2387 reddituum
659 2365 733 2397 pars
763 2359 818 2386 aut
849 2355 929 2387 adeo

229 2446 239 2471 1
264 2444 303 2471 De
324 2451 397 2470 more
417 2446 447 2469 ut
466 2451 548 2477 supra
568 2451 628 2478 pag,
648 2443 682 2470 66
701 2452 720 2470 α
739 2444 775 2477 (ιι,
797 2444 845 2477 Τ.).

227 2488 243 2515 2
263 2488 300 2515 De
327 2488 386 2514 iure
412 2486 579 2522 suffragandi
609 2495 657 2522 pro
685 2487 815 2514 fratribus
843 2487 930 2515 dietae

193 2532 349 2568 provinciae
377 2531 436 2558 vide
456 2530 535 2558 aliam
563 2530 645 2557 huius
673 2531 814 2558 Pontiticis
842 2535 929 2559 const.

194 2577 237 2605 ed.
256 2582 401 2611 Mncexxvl,
423 2575 465 2604 die
484 2584 516 2603 xx
534 2575 673 2609 februarii,
696 2575 791 2611 pontif.
813 2583 840 2604 ιι.

280 2629 363 2658 Buzz.
382 2630 466 2659 Rom.
488 2647 519 2650 —
544 2630 605 2660 t'oz.
624 2629 717 2659 XXII.
862 2629 897 2658 63

1012 192 1068 214 xui
1093 192 1140 214 rr.
1619 179 1682 211 407

981 239 1084 272 tenuis
1118 238 1224 272 existit
1257 244 1291 271 ut
1320 239 1545 281 eleemosynae
1577 238 1719 270 manuali

979 301 1043 324 non
1077 291 1291 334 respondeat,
1316 291 1385 329 vel,
1419 294 1564 334 tempore
1590 290 1719 322 absum·

979 345 1042 386 ptis
1063 355 1117 376 seu
1145 344 1327 387 deperditis
1352 344 1512 376 bonorum
1542 342 1720 386 proprieta-

981 397 1079 436 tibus,
1104 398 1200 439 plane
1227 397 1395 440 disperiit;
1416 396 1560 439 ipsisque
1586 395 1718 438 insuper

980 449 1220 492 exponentibus
1247 449 1402 492 obligatio
1427 459 1485 492 pro
1511 449 1655 492 quolibet
1675 459 1719 481 re—

979 502 1105 543 ligioso,
1133 512 1227 544 quem
1247 502 1285 534 ab
1304 502 1455 534 humanis
1481 502 1640 534 decedere
1660 513 1718 544 pro

981 559 1127 596 tempore
1153 555 1343 597 contigerit,
1371 555 1456 587 iuxta
1488 554 1564 587 dicti
1590 554 1718 586 Ordinis

979 607 1229 640 constitutiones
1246 608 1425 650 apostolica
1440 607 1630 640 auctoritate
1646 617 1718 639 con-

979 658 1141 699 firmatas,
1176 660 1313 700 missas,
1346 670 1474 692 necnon
1509 660 1603 698 illas,
1638 670 1716 701 quas

980 712 1200 744 ternariorzmz
1225 718 1356 752 vocant,
1385 712 1571 745 celebrandi
1594 713 1716 744 incum-

978 764 1043 796 bit:
1070 765 1155 797 unde
1181 764 1232 804 fit,
1259 765 1346 808 quod
1379 765 1412 798 hi
1439 765 1598 804 redditus,
1622 764 1715 797 etiam

978 817 1188 860 proventibus
1222 818 1275 860 qui
1310 829 1346 850 ex
1371 818 1495 861 aliquot
1527 818 1716 860 capellaniis

978 870 1107 903 maioris
1139 871 1366 913 eleemosynae
1400 871 1592 913 nuncupatis
1617 871 1715 913 perci-

977 923 1110 965 piuntur
1135 923 1309 962 coniuncti,
1325 933 1487 965 congruae
1514 924 1716 955 sustentatio-

977 975 1031 1007 ni'
1057 975 1285 1018 religiosorum
1311 981 1531 1008 conventuum
1560 976 1717 1018 praefato-

977 1038 1059 1067 rum,
1085 1033 1116 1060 et
1135 1028 1272 1061 maxime
1293 1034 1468 1061 conventus
1490 1027 1716 1071 Ulyssiponen·

976 1081 1018 1113 sis
1044 1081 1076 1113 in
1095 1092 1157 1124 quo
1175 1092 1272 1124 supra
1290 1086 1419 1114 centum
1442 1086 1474 1114 et
1501 1080 1715 1123 quadraginta

977 1134 1090 1166 fratres
1128 1135 1270 1176 degunt,
1307 1144 1402 1177 pares
1439 1144 1502 1166 non
1535 1134 1619 1173 sint,
1656 1144 1716 1167 nec

976 1187 1163 1220 eorumdem
1189 1192 1404 1220 conventuum
1431 1186 1711 1225 reaedificationi,

976 1239 1186 1272 ecelesiarum
1213 1239 1423 1283 reparationi,
1450 1239 1602 1278 fabricae,
1627 1249 1715 1281 para-

975 1292 1115 1331 mentis,
1151 1292 1286 1335 aliisque
1325 1292 1502 1335 expensis,
1536 1302 1618 1335 quae
1656 1302 1714 1335 pro

975 1345 1060 1378 cultu
1094 1345 1202 1378 divino
1239 1356 1273 1377 ac
1311 1345 1493 1377 divinorum
1532 1344 1713 1377 osliciorum

975 1398 1196 1432 celebratione
1230 1398 1297 1431 sieri
1333 1398 1469 1437 debent,
1495 1398 1626 1431 minime
1653 1399 1713 1431 sus<

974 1451 1104 1492 sicient,
1143 1452 1174 1483 in
1212 1451 1323 1494 primis
1360 1452 1392 1484 in
1429 1452 1517 1484 dicto
1554 1457 1712 1485 conventu

975 1504 1241 1548 Ulyssiponensi,
1281 1504 1336 1537 ubi
1364 1505 1393 1537 iu
1422 1505 1505 1537 lianc
1541 1505 1646 1537 cultilis
1680 1517 1714 1538 ac

975 1557 1155 1591 officiorum
1182 1558 1366 1591 divinorum
1404 1568 1535 1591 eausam
1563 1563 1714 1601 quatuor-

974 1611 1062 1644 milia
1087 1611 1306 1644 cruciatorum
1331 1617 1476 1644 monetae
1496 1611 1624 1644 illarum
1645 1622 1714 1654 par-

976 1665 1071 1703 tium,
1098 1675 1161 1697 non
1188 1664 1381 1707 computatis
1413 1664 1595 1707 sumptibus
1620 1676 1714 1708 para-

974 1722 1156 1750 mentorum
1182 1717 1440 1757 ordinariorum,
1466 1717 1639 1759 quotannis
1670 1718 1714 1750 in-

974 1775 1173 1811 sumuntur,
1224 1775 1321 1813 prout
1361 1781 1396 1803 ex
1438 1769 1529 1802 libris
1579 1770 1711 1802 sacrarii

974 1825 1049 1857 dicti
1076 1829 1254 1857 conventus
1292 1828 1404 1865 aperte
1437 1822 1545 1865 colligi
1573 1823 1710 1863 dicitur,

974 1877 1050 1921 quin
1077 1886 1238 1920 expensae
1272 1875 1456 1908 huiusmodi
1488 1876 1609 1918 absque
1635 1878 1711 1908 not-‘i

974 1936 1005 1964 et
1030 1929 1172 1963 fidelium
1208 1929 1362 1962 scandalo
1391 1938 1426 1960 ac
1459 1928 1558 1971 ipsius
1582 1928 1711 1961 Ordinis

974 1984 1136 2017 dedecore
1172 1981 1273 2014 minui
1312 1982 1459 2021 valeant,
1497 1982 1648 2024 quoniam
1680 1982 1712 2014 in

973 2047 1073 2079 regno
1110 2035 1328 2077 portugalliae
1370 2034 1492 2067 divinas
1530 2034 1711 2068 functiones

972 2089 1142 2133 splendide
1158 2094 1189 2121 et
1205 2087 1372 2130 magnifice
1387 2097 1546 2131 peragere
1564 2098 1632 2121 mos
1650 2095 1708 2121 est.

1017 2143 1076 2185 §2-
1096 2142 1172 2175 Cum
1191 2146 1307 2181 autem,
1327 2141 1410 2173 sicut
1424 2141 1535 2174 eadem
1554 2141 1710 2184 expositio

972 2195 1211 2238 subiungebat,
1238 2200 1435 2237 exponentes
1467 2195 1646 2236 praedicti,
1673 2205 1711 2228 eo

973 2249 1060 2293 quod
1100 2248 1245 2281 redditus
1282 2247 1418 2290 praefati
1464 2253 1511 2280 tot
1552 2248 1710 2292 tantisque

973 2300 1124 2344 expensis
1149 2299 1280 2333 obnoxii
1317 2300 1380 2333 sibi
1416 2301 1493 2333 satis
1528 2312 1594 2334 non
1625 2303 1710 2343 sint,

974 2356 1196 2396 eleemosynas
1221 2352 1281 2385 sibi
1308 2363 1367 2395 per
1392 2353 1522 2386 eosdem
1547 2354 1660 2388 fideles
1679 2355 1709 2387 in

973 2407 1094 2440 ultiniis
1120 2416 1230 2439 eorum
1255 2406 1473 2440 voluntatibus
1498 2408 1628 2441 relictas
1653 2419 1710 2451 pro

973 2460 1081 2493 missis
1100 2460 1131 2492 in
1154 2459 1296 2503 ipsorum
1317 2460 1546 2503 exponentium
1565 2462 1710 2495 ecclesiis

973 2517 1146 2558 praesente
1184 2512 1338 2545 cadavere
1369 2514 1418 2546 vel
1444 2514 1522 2547 alias
1553 2515 1709 2548 canendis

1010 2578 1019 2603 1
1043 2574 1113 2603 Edit.
1134 2574 1218 2602 Main.
1239 2574 1303 2611 legit
1321 2576 1540 2605 sustentationis
1560 2578 1597 2612 (n.
1618 2577 1667 2611 r).

1731 190 1777 214 An,
1797 189 1823 212 (¹.v
1848 188 1913 216 1727

1780 2149 1857 2170 Preces
1886 2153 1907 2172 ot

1723 2178 1771 2196 vora
1785 2178 1906 2201 praedicto-

1724 2208 1767 2223 rum
1783 2203 1878 2224 fratrum*
