2170 3147
214 198 262 223 An.
285 198 313 224 c.
340 196 404 223 1720
450 188 513 220 att

243 1004 363 1026 clausulae.

409 245 575 285 inclinati,
603 244 641 277 de
668 243 903 277 venerabilium
932 243 1068 277 fratrum
1095 254 1153 277 no-

409 302 549 330 strorum
576 296 605 328 S.
636 296 672 327 ll.
700 295 734 327 Ε.
763 295 974 329 cardinalium
1010 294 1151 337 negotiis

409 355 438 381 et
465 349 765 382 consultationibus
792 349 1025 392 episcoporum
1051 353 1083 381 et
1107 358 1152 381 re-

409 402 571 444 gularium
602 401 864 444 praepositorum
891 401 1038 442 consilio,
1060 412 1152 444 prae-

409 455 509 488 dictas
535 455 726 487 eorumdem
767 455 990 488 Rornanorum
1025 454 1153 487 Pontifi-

409 518 479 541 cum
506 509 802 551 praedecessorum
823 515 1010 541 nostrorum
1032 508 1155 541 consti-

411 561 553 594 tutiones
579 561 712 595 omnino
738 561 825 594 iuxta
846 562 956 605 petita,
977 562 1154 595 dummodo

410 624 499 647 sacro
525 613 669 647 Concilio
706 614 898 648 Tridentino
936 625 1003 647 non
1040 615 1153 648 adrer-

411 673 546 708 sentur,
576 678 610 699 ac
637 668 716 700 alias
754 669 793 700 ab
831 667 890 701 liae
926 667 1042 701 Sancta
1070 668 1153 702 Sede

412 721 534 754 eisdem
567 731 631 754 non
667 721 761 753 suerit
796 721 982 765 specialiter
1019 722 1156 765 deroga-

412 781 490 815 tum,
509 777 699 809 auctoritate
718 776 910 819 apostolica,
929 781 1043 809 tenore
1061 787 1155 820 prae-

411 829 562 869 sentium,
579 829 701 861 servari
721 830 928 862 nmrutanms:
948 831 1033 863 salva
1048 835 1155 863 tamen

412 893 545 927 semper
571 883 601 915 in
629 883 818 926 praemissis
854 883 1049 917 auctoritate
1075 883 1156 918 Con-

413 936 617 980 gregationis
644 938 833 970 eorumdem
860 937 1087 970 cardinalium.

455 990 470 1034 g
487 991 520 1024 4.
540 990 757 1023 Decernentes
773 991 904 1034 pariter,
920 992 1050 1025 easdem
1064 1002 1157 1035 prae-

412 1050 521 1077 sentes
548 1044 672 1076 litteras
698 1055 829 1087 semper
855 1050 886 1077 et
916 1052 1076 1089 perpetuo
1105 1057 1158 1080 va-

411 1097 505 1137 lidas,
524 1096 632 1130 firmas
652 1103 683 1130 et
701 1098 848 1130 efficaces
870 1098 1007 1131 existere
1026 1104 1057 1132 et
1078 1099 1156 1140 fore,

413 1161 555 1194 suosque
581 1151 747 1193 plenarios
784 1156 815 1184 et
851 1151 999 1193 integros
1025 1151 1157 1185 effectus

412 1204 524 1236 sortiri
552 1209 583 1236 et
609 1204 771 1243 obtinere,
798 1213 834 1236 ac
859 1205 1013 1237 omnibus
1039 1210 1069 1238 et
1094 1205 1158 1237 sin-

413 1257 508 1300 guliS,
535 1257 572 1289 ad
600 1267 682 1300 quos
708 1262 833 1300 spectat
869 1262 901 1289 et
936 1258 1099 1301 spectabit
1125 1258 1158 1291 in

414 1311 567 1350 futurum,
594 1311 624 1343 in
652 1310 804 1343 omnibus
831 1316 858 1344 ct
887 1321 946 1354 per
965 1312 1073 1345 omnia
1090 1313 1159 1356 ple-

413 1364 545 1397 nissime
565 1363 748 1407 sull‘ragari,
769 1369 800 1397 et
825 1365 863 1397 ab
890 1365 954 1398 illis
978 1367 1156 1409 respective

414 1417 648 1451 inviolabiliter
674 1418 839 1451 observari
879 1418 1018 1460 debere,
1048 1419 1158 1463 sicque

414 1472 446 1505 in
472 1472 661 1516 praemissis
686 1482 746 1515 per
772 1482 996 1516 quoscumque
1032 1472 1158 1506 iudices

414 1525 597 1559 ordinarios
623 1530 654 1558 et
680 1526 856 1568 delegatos,
877 1525 971 1558 ctiam
991 1536 1158 1561 causarum

415 1579 527 1624 palatn
555 1579 729 1623 apostolici
756 1579 941 1620 auditores,
969 1580 1106 1613 iudicari
1129 1587 1160 1614 et

416 1633 544 1667 definiri
584 1633 724 1673 debere,

415 1687 439 1720 si
466 1698 557 1720 secus
583 1697 682 1730 super
717 1687 766 1719 llis
793 1697 809 1719 a
835 1697 1018 1730 quoquam,
1050 1688 1160 1731 quavis

415 1741 620 1779 auctoritate,
636 1741 778 1773 scienter
798 1742 845 1773 vel
868 1741 1068 1783 ignoranter,
1084 1752 1160 1775 con-

416 1794 526 1837 tigerit
547 1794 711 1827 attentari.
741 1794 773 1826 ln
807 1794 1005 1827 contrarium
1041 1795 1160 1828 facien-

416 1849 501 1881 tibus
527 1859 589 1881 non
610 1848 817 1881 obstantibus
838 1848 1110 1892 quilmscmnque.

460 1902 573 1935 Datum
601 1901 741 1941 Romae,
767 1902 851 1945 apud
878 1901 909 1934 S.
931 1902 1074 1942 Petrum,
1101 1902 1159 1935 sub

419 1957 540 1988 annulo
579 1954 753 1988 Piscatoris
774 1983 780 1995 ,
825 1955 876 1987 die
919 1966 954 1989 111
1003 1955 1159 1989 februarii

416 2019 596 2049 Moecxxvi,
624 2007 832 2052 pontificatus
858 2009 960 2041 nostri
987 2019 1071 2042 anno
1093 2019 1127 2043 11.

455 2071 511 2097 bat.
534 2071 576 2098 die
599 2072 612 2097 3
634 2070 767 2097 februarii
792 2070 869 2105 1726,
891 2071 986 2106 pontis.
1009 2079 1079 2099 anno
1101 2078 1127 2098 ιι.

751 2207 826 2240 ntx.

416 2278 617 2312 Statttuntur
643 2277 806 2311 nonnulla
831 2289 889 2321 pro
910 2278 994 2310 reem
1016 2278 1163 2311 iustitiae

463 2332 498 2364 in
523 2332 611 2364 alma
640 2331 719 2364 Urbe
744 2331 1050 2372 administratione,
1069 2336 1097 2365 et
1125 2331 1163 2364 li-

464 2385 854 2428 tiyantmm,praesertim
872 2395 1068 2429 pauperum,
1094 2386 1162 2418 uti-

465 2438 559 2470 tuate
584 2437 604 2470 ¹.

456 2519 464 2543 1
486 2516 631 2543 Clementis
645 2516 673 2542 xt
686 2522 773 2543 const.
785 2517 828 2543 ed.
844 2525 936 2551 MDCCI,
950 2517 992 2545 die
1002 2524 1008 2544 ι
1020 2518 1162 2552 februarii,

417 2561 516 2597 pontif.
539 2568 562 2592 ι,
585 2565 676 2588 erecta
701 2561 750 2588 suit
771 2563 946 2597 congregatio
970 2563 1164 2591 sublevaminis

416 2606 505 2642 Urbis,
527 2610 553 2633 et
573 2606 653 2634 huius
665 2606 763 2634 Pontis.
776 2608 883 2634 constit.
896 2608 940 2635 ed.
962 2614 1097 2642 ⁸uoccttxv,
1118 2607 1161 2635 die

765 1644 800 1666 ac
838 1632 964 1665 irritum
995 1640 1025 1666 et
1061 1634 1181 1668 inane¹

993 196 1174 219 uerberauit
1201 197 1356 220 nuittxt'tt

1371 244 1554 273 Benedictus
1585 245 1760 280 episcopus,

1388 297 1495 317 servus
1512 297 1667 317 servorum
1685 291 1747 320 nei,

1315 335 1349 360 ad
1370 338 1550 368 perpetuam
1571 335 1617 361 rei
1636 335 1825 362 memoriam.

1241 405 1363 438 Summi
1391 407 1595 449 apostolatus
1613 406 1764 447 officium,
1788 406 1940 440 divinitus

1198 458 1375 492 humilitati
1402 464 1532 492 nostrae
1548 459 1768 499 commissum,
1786 470 1856 492 eain
1877 461 1943 494 sol-

1198 511 1402 545 licitudinem
1428 512 1524 545 nobis
1558 512 1719 555 imponit,
1748 518 1781 545 ut
1805 523 1864 556 per
1889 524 1944 546 an-

1199 570 1399 598 tecessorum
1437 571 1625 598 nostrorum
1664 566 1800 608 vestigia
1837 567 1944 599 incur-

1199 623 1320 657 rentes,
1339 624 1470 661 praeter
1488 618 1688 650 fructuosam
1707 618 1858 652 dominici
1875 619 1942 661 agri

1199 671 1371 711 culturam,
1394 671 1524 713 negotia
1541 671 1674 715 pariter,
1699 682 1782 714 qliae
1801 672 1832 705 in
1850 669 1944 705 liuius

1199 724 1303 757 almae
1324 724 1418 758 Urbis
1445 730 1578 758 nostrae
1611 724 1752 768 publicis
1778 725 1946 768 magistra-

1200 777 1295 818 tibus,
1321 776 1519 817 iudiciariis,
1548 777 1765 811 tribunalibus
1792 784 1824 812 et
1848 778 1945 812 curiis

1201 830 1383 864 forensibus
1397 842 1456 874 per
1474 831 1633 872 notarios,
1654 842 1815 873 cursores,
1835 839 1946 865 causa-

1200 895 1271 918 rum
1290 891 1524 928 procuratores
1545 891 1578 919 et
1594 896 1819 930 quoscumque
1838 892 1946 920 actua-

1201 938 1267 970 rios
1305 943 1483 981 geruntur,
1511 939 1724 982 incorrupte,
1753 938 1880 973 sincere
1913 946 1946 973 et

1202 990 1316 1023 minori
1344 1002 1407 1035 quo
1433 990 1503 1024 sieri
1531 997 1638 1035 potest
1655 991 1854 1035 litigantium
1880 992 1943 1026 dis-

1201 1044 1323 1087 pendio
1357 1050 1387 1077 et
1419 1045 1646 1084 incommodo,
1672 1045 1854 1089 maiorique
1892 1057 1946 1080 eo-

1200 1098 1349 1131 rumdem
1370 1098 1582 1132 tribunalium
1601 1098 1767 1142 totiusque
1781 1099 1944 1142 generalis

1200 1150 1315 1184 Curiae
1341 1152 1461 1186 decore
1499 1158 1595 1196 atque
1632 1159 1825 1186 ornamento
1850 1164 1946 1197 pera—

1202 1211 1325 1247 gantur,
1343 1211 1390 1245 nt,
1403 1205 1514 1238 litibus
1534 1206 1572 1238 ad
1595 1205 1691 1239 linem
1711 1211 1856 1250 optatum
1872 1217 1947 1250 per-

1202 1259 1329 1299 ductis,
1355 1259 1413 1302 ipsi
1440 1259 1607 1302 litigantes
1638 1259 1677 1292 ab
1711 1259 1868 1293 indebitis
1893 1271 1946 1294 ve-

1202 1312 1407 1350 xationibus,
1432 1312 1639 1356 assiduisque
1665 1313 1823 1346 molestiis
1849 1318 1946 1358 atque

1203 1365 1357 1409 impensis
1382 1366 1512 1399 tandem
1538 1365 1632 1399 liberi
1660 1366 1809 1400 evadant.

1246 1420 1260 1463 ἓ
1286 1419 1310 1452 l.
1326 1420 1411 1453 llaec
1430 1419 1523 1453 nobis
1542 1419 1772 1463 cogitantibus,
1790 1420 1870 1454 recti
1887 1421 1944 1454 viri

1203 1478 1234 1506 et
1261 1473 1400 1506 iustitiae
1426 1473 1599 1517 percupidi
1626 1484 1685 1517 per
1710 1484 1787 1507 suos
1814 1474 1946 1508 libellos

1203 1527 1378 1570 supplices,
1407 1538 1471 1560 non
1499 1528 1569 1560 sine
1596 1538 1712 1571 magno
1728 1527 1825 1561 animi
1844 1529 1947 1561 nostri

1203 1592 1371 1622 moerore,
1399 1580 1647 1624 significandum
1675 1587 1852 1624 curarunt,
1872 1593 1950 1627 quo-

1203 1635 1350 1668 rumdam
1383 1646 1564 1679 paucorum
1603 1635 1819 1677 calliditates,
1857 1637 1949 1670 nullo

1203 1694 1298 1732 paeto
1336 1688 1516 1729 ferendas,
1550 1689 1589 1722 eo
1627 1689 1799 1722 devenisse
1841 1695 1877 1722 ut
1916 1689 1949 1723 in

1203 1742 1334 1775 easdem
1363 1742 1508 1775 forenses
1528 1742 1632 1775 curias
1650 1752 1685 1775 ac
1705 1742 1883 1776 tribunalia
1899 1753 1950 1775 ur-

1203 1795 1299 1835 bana,
1328 1795 1403 1828 licet
1428 1795 1542 1838 probis
1569 1802 1600 1828 et
1618 1795 1772 1838 spectatis
1791 1795 1868 1829 viris
1887 1796 1951 1830 fre-

1204 1849 1349 1892 quentia,
1377 1848 1499 1881 sensim
1527 1842 1751 1892 irrepserint,
1768 1860 1868 1892 quae,
1887 1850 1949 1883 nisi

1204 1902 1268 1936 illis
1295 1912 1367 1934 mox
1395 1906 1597 1942 occurratur,
1614 1902 1790 1935 immodico
1809 1902 1950 1936 iustitiae

1204 1954 1403 1988 detrimento
1440 1955 1478 1987 eo
1518 1954 1684 1998 respicere
1727 1955 1880 1988 videntur
1915 1962 1951 1988 ut

1204 2009 1369 2050 litigantes
1390 2008 1575 2042 diutissime
1598 2008 1777 2052 exagitent,
1797 2009 1948 2053 litesque,

1204 2073 1317 2095 eorum
1350 2062 1472 2095 artibus
1507 2072 1566 2105 per
1593 2062 1697 2095 varias
1728 2063 1882 2105 ambages
1917 2063 1950 2096 in

1205 2116 1275 2150 soro
1302 2115 1543 2149 circumductae
1570 2116 1697 2149 dolosis
1723 2116 1950 2160 subterfugiis,

1205 2169 1468 2203 interminabiles
1493 2175 1525 2202 et
1550 2175 1727 2214 perpetuae
1753 2169 1948 2210 reddantur,

1206 2224 1287 2256 itant
1314 2223 1462 2266 exiguam
1489 2233 1695 2256 nummorum
1721 2223 1815 2256 alteri
1846 2223 1951 2257 eredi-

1208 2282 1269 2310 tam
1296 2287 1453 2310 summam
1481 2282 1731 2320 recuperaturus
1751 2303 1758 2317 ,
1795 2276 1952 2309 diuturno

1207 2331 1400 2364 iudiciorum
1427 2340 1505 2374 gyro
1532 2330 1676 2363 irretitus
1697 2357 1704 2371 ,
1741 2330 1847 2374 deque
1880 2330 1950 2363 foro

1206 2385 1239 2418 in
1266 2385 1371 2418 forum
1400 2385 1599 2425 translatus,
1628 2394 1785 2416 summam
1811 2383 1873 2416 sibi
1900 2383 1952 2416 de-

1206 2438 1306 2472 bitam
1343 2439 1439 2480 longe
1478 2438 1635 2470 maiorem
1674 2437 1891 2480 impendere,
1919 2441 1952 2469 et

1207 2525 1251 2550 xv,
1268 2518 1388 2544 octobris
1409 2518 1502 2552 pontif.
1525 2524 1552 2550 ιι,
1574 2517 1707 2544 nonnulla
1726 2520 1826 2543 statuta
1842 2516 1953 2543 ruerunt

1207 2562 1239 2588 ad
1267 2561 1370 2588 bonum
1400 2570 1525 2588 annonae
1555 2561 1676 2596 regimen
1706 2564 1732 2587 et
1762 2560 1801 2587 rei
1828 2560 1952 2595 agrariae

1207 2606 1383 2634 beneficium.

1945 198 1991 223 Αιι.
2015 199 2042 223 C.
2069 199 2134 227 ¹728

1979 418 2119 440 l'rooemlnm.

1984 1429 2066 1450 Causae
2082 1434 2144 1459 prar-

1957 1459 2022 1486 ειιηιιε
2041 1458 2141 1485 cunstitu-

1958 1485 2031 1503 tionis.
