2170 3147
1 230 8 236 .
28 208 57 236 C.
76 207 142 235 1729

728 206 922 230 BENEDICTUS
948 207 1004 230 XIII
1029 207 1078 230 1³1¹.

153 267 196 289 no
220 255 284 288 vul
309 265 344 288 ac
368 254 556 288 Innocentio
582 254 607 287 X
632 255 782 288 Romanis
810 255 891 288 Pon-

154 307 290 340 tificibus
329 307 637 350 praedecessoribus
679 307 795 339 nostris
831 318 889 350 pro

152 360 364 393 conventibus
381 361 412 393 in
432 361 544 394 eodem
570 361 687 393 Ordine
710 360 891 394 reformatis

153 420 185 446 et
209 413 422 446 reformandis
448 414 617 454 editarum,
635 424 717 456 (piae
733 419 838 446 tamen
858 414 889 446 in

153 465 317 509 provincia
342 466 508 509 praedicta
533 475 597 499 non
622 465 714 498 aliter
742 471 816 498 tunc
842 476 890 498 ac-

153 518 284 562 ceptae¹
303 525 395 551 crant
419 529 512 562 quam
536 529 607 552 curn
630 519 890 562 praeservatione

152 571 365 614 quorumdam
385 572 600 611 decretorum,
619 582 700 614 quae
718 572 806 614 leges
824 582 890 603 mn-

152 624 308 668 nicipales
327 626 544 668 appellabant,
563 636 599 657 ac
619 625 888 658 consuetudinum

153 684 185 712 et
201 682 395 711 statutorum
412 677 674 720 particularium,
695 688 731 710 ac
751 677 889 710 subinde

152 742 238 765 anno
269 740 370 770 muer,
397 732 445 764 vel
479 731 625 770 circiter,
651 731 751 763 altera
788 729 890 772 magis

152 790 260 818 exacta
273 786 337 818 sive
355 784 498 817 secunda
512 783 709 823 reformatio,
725 783 783 816 sub
799 793 889 815 enar-

151 838 228 871 ratis
253 837 539 870 constitutionibus
565 847 656 880 pure,
682 835 887 878 simpliciter,

152 896 184 924 et
208 890 247 923 ad
272 890 415 923 littorum
441 889 659 929 observandis,
680 900 750 922 cnm
771 899 890 921 renun-

152 943 292 977 ciatione
311 944 419 986 legum
443 943 700 986 mmiiciliialium,
720 946 889 975 consuetu-

153 996 264 1029 dinum
282 1001 314 1029 et
339 1001 533 1028 statutorum
560 994 804 1038 particularium
829 994 889 1026 hu-

109 1055 111 1058 ⁴
152 1050 303 1089 iusmodi,
322 1049 353 1081 in
373 1049 519 1082 eamdem
545 1048 743 1091 provinciam
766 1047 888 1080 inrecta

152 1104 277 1142 fuerat3
302 1102 495 1135 recolendae
510 1112 585 1134 vero
605 1101 780 1133 memoriae
796 1101 890 1133 Inno-

152 1156 275 1190 centius
293 1156 378 1199 Papa
394 1156 449 1195 XI,
471 1156 566 1188 etiam
584 1155 814 1198 praedecessor
834 1165 890 1187 no-

152 1214 226 1250 ster,
246 1209 330 1242 lianc
350 1209 524 1241 secundam
543 1209 808 1242 reformationem
829 1219 890 1252 per

153 1269 249 1297 totam
274 1262 471 1305 provinciftm
493 1262 668 1305 praefatam
696 1272 889 1304 promovere

153 1322 185 1349 et
213 1316 367 1359 paulatim
396 1315 572 1348 extendere
597 1315 804 1354 desiderans,
831 1316 889 1347 sub

153 1369 247 1402 certis
274 1368 369 1401 modo
395 1373 427 1400 et
454 1368 554 1400 forma
580 1373 654 1399 tune
680 1368 840 1410 expressis
858 1368 890 1400 in

153 1421 264 1465 primis
291 1425 467 1460 statuerat,
494 1425 529 1452 ut
552 1420 687 1463 singulis
721 1421 887 1461 trienniis,

152 1476 221 1508 sine
236 1475 466 1517 cuiuscumque
482 1484 655 1514 consensu,
672 1473 773 1506 tribus
788 1474 891 1507 dictae

153 1528 339 1572 provinciae
366 1527 579 1559 conventibus
604 1526 762 1559 eiusmodi
790 1527 892 1560 refor-

153 1581 286 1614 mationi
317 1587 383 1612 tum
420 1579 581 1622 deputatis
600 1606 608 1619 ‚
634 1589 718 1611 unus
755 1580 890 1612 aliorum

153 1634 300 1667 eiusdem
326 1632 512 1677 provinciae
537 1637 752 1665 conventuum
779 1632 893 1665 adiun-

155 1691 308 1730 geretur,
342 1697 405 1729 quo
440 1686 569 1717 tandem
604 1691 667 1718 tota
700 1690 731 1717 et
765 1685 892 1728 integra

154 1739 319 1784 provincia
345 1738 534 1782 praedicta⁴²
559 1739 678 1771 sensim
704 1744 814 1771 exacte
840 1750 890 1771 re-

155 1794 361 1832 formaretur,
381 1793 538 1835 pluraque
562 1791 623 1824 alia
650 1791 838 1824 decreverat
862 1798 892 1824 et

156 1846 362 1879 ordinaverat
397 1855 454 1888 pro
494 1845 615 1877 salubri
652 1844 743 1878 istius
779 1855 893 1877 secun-

157 1899 216 1931 dae
240 1898 481 1931 reformationis
521 1908 696 1941 progressu
735 1903 767 1931 ct
801 1898 892 1931 dire·-

157 1952 264 1984 ctione
286 1962 343 1994 per
369 1951 523 1994 quasdam
551 1962 625 1983 suas
651 1951 682 1983 in
708 1951 802 1984 simili
830 1952 893 1984 for-

157 2005 208 2035 ma
233 2003 342 2035 Brevis
377 2003 427 2035 die
456 2013 539 2036 xxvn
565 2003 668 2036 martii
701 2014 892 2037 nincrxxxvn

158 2057 325 2098 expeditas
352 2055 472 2089 litteras
489 2083 496 2095 ,
530 2067 610 2099 quae
646 2057 852 2099 postmodum
877 2069 893 2090 a

157 2109 230 2152 piae
254 2107 431 2141 memoriae.
456 2108 619 2142 Clemente
646 2110 729 2153 Papa
750 2111 787 2142 xt
806 2121 895 2153 prae-

158 2162 328 2194 decessore
354 2172 483 2204 quoque
512 2166 624 2194 nostro
650 2173 719 2194 cum
746 2163 893 2196 omnibus

158 2219 191 2247 et
214 2214 350 2256 singulis
375 2214 407 2246 in
434 2214 479 2246 eis
514 2215 674 2247 contentis
706 2225 764 2258 per
795 2215 894 2258 ipsius

158 2266 191 2299 in
216 2267 284 2309 pari
317 2266 417 2300 forma
448 2267 558 2300 Brevis
594 2267 715 2300 litteras
748 2268 799 2300 die
824 2278 895 2302 xxvl

159 2317 302 2352 octobris
325 2328 453 2352 Mnccxv
487 2319 629 2362 desuper
653 2320 754 2352 editas
780 2321 895 2353 confir-

158 2377 244 2406 mata
265 2377 297 2405 et
321 2372 500 2415 approbata
525 2378 556 2405 et
576 2373 728 2405 innovata
754 2373 895 2416 fuerunt)

933 255 1119 288 Dolianensi
1146 258 1176 288 et
1201 252 1397 288 Clarascensi
1432 254 1574 287 eiusdem
1600 264 1671 296 pro-

933 308 1055 341 vinciae
1074 309 1110 340 ad
1132 308 1371 351 praescriptum
1390 308 1603 350 praefataram
1622 307 1671 338 In-

934 361 1126 393 nocentiin
1147 361 1404 404 praedecessoris
1423 360 1602 393 litterarum
1622 359 1670 391 in-

935 414 1105 454 troducta,
1135 424 1169 446 ac
1208 413 1386 446 sut-cessire
1421 413 1458 445 ad
1493 417 1669 446 conventus

933 466 1164 499 Taurinensem
1181 472 1212 498 et
1228 466 1338 499 Vinovi
1358 471 1489 499 extensa
1507 470 1538 498 et
1554 476 1672 508 propa-

934 525 1005 561 gata
1023 546 1030 558 ,
1062 519 1193 552 inimico
1229 519 1363 551 bomine
1389 519 1670 561 superseminante

933 572 1073 610 zizania,
1100 571 1205 615 iisque
1231 571 1263 604 in
1283 572 1351 604 dies
1373 571 1671 609 succrescentibus,

933 635 997 657 non
1023 625 1129 658 solum
1156 630 1300 667 optatum
1327 625 1519 667 felicemque
1545 634 1672 656 succes-

933 688 1003 710 sum
1031 688 1094 710 non
1132 678 1308 716 babuerat,
1335 678 1413 718 sed,
1442 677 1561 710 exortis
1587 677 1672 709 inter

933 731 1098 773 utriusque
1122 741 1195 763 mox
1222 730 1401 763 recensitae
1428 730 1670 763 reformationis

933 783 1098 816 alnmnos²
1122 783 1351 823 simultatibus,
1375 783 1516 817 dissidiis
1541 789 1572 816 et
1596 793 1672 815 con-

935 836 1144 876 tentionibus,
1161 837 1319 878 regularis
1336 836 1508 879 disciplina
1522 847 1587 869 non
1603 846 1672 868 mo-

933 889 1038 921 dicum
1063 889 1093 921 in
1120 889 1265 932 praefata
1300 889 1465 932 provincia
1497 889 1673 922 detrimen-

934 948 999 974 tum
1026 947 1213 985 acceperat,
1232 941 1310 985 quin
1336 942 1401 974 imo
1427 941 1486 973 sub
1512 941 1619 984 speeie
1638 952 1674 973 ae

933 1000 1100 1037 praetextu
1126 994 1214 1037 pacis
1240 1000 1270 1027 et
1296 994 1423 1027 unionis
1456 994 1555 1026 initae
1589 993 1674 1026 inter

933 1048 1057 1090 aliquos
1083 1058 1119 1080 ex
1147 1047 1240 1080 dictis
1266 1047 1423 1087 alumnis,
1449 1048 1503 1090 qui
1530 1047 1674 1079 omnium

934 1101 1102 1144 utriusque
1129 1101 1368 1134 reformationis
1393 1102 1599 1134 alumnorum
1619 1110 1675 1132 no-

933 1164 1006 1187 men
1034 1165 1092 1187 seu
1119 1159 1227 1197 partes
1252 1158 1510 1196 assumpserant,
1538 1152 1675 1185 dirersis

933 1207 1240 1250 congregationibus
1261 1234 1267 1246 ,
1309 1207 1596 1250 capitulationilms
1644 1212 1676 1239 et

934 1260 1204 1293 conventionibus
1236 1271 1295 1303 per
1327 1271 1384 1293 eos
1415 1260 1549 1303 propria
1579 1260 1675 1292 etiam

935 1320 966 1347 et
990 1314 1113 1357 privata
1149 1314 1341 1346 auctoritate
1378 1313 1490 1352 factis,
1528 1318 1625 1356 atque
1659 1324 1677 1345 a

934 1366 1181 1409 quampluribus
1219 1366 1321 1399 dietae
1355 1366 1544 1409 provinciae
1571 1366 1676 1398 fratri-

934 1421 992 1452 bus
1020 1420 1203 1453 executioni
1237 1431 1365 1463 quoque
1399 1431 1470 1452 cum
1497 1420 1675 1453 mutatione

936 1473 1064 1506 babitus
1078 1473 1235 1515 regularis
1251 1473 1464 1512 demandatis,
1481 1486 1515 1505 ac
1531 1474 1672 1516 quodam

935 1533 1057 1559 asserto
1087 1526 1231 1568 capitulo
1268 1526 1458 1569 provinciali
1484 1526 1673 1559 Tauriuensi

936 1580 1069 1613 nulliter
1087 1580 1249 1612 celebrato
1263 1607 1270 1619 ,
1290 1580 1357 1621 ipsa
1376 1579 1539 1622 provincia
1559 1580 1598 1611 ab
1622 1580 1675 1611 ali-

937 1632 1134 1676 quotannis,
1150 1643 1185 1664 ex
1202 1635 1298 1665 causa
1313 1632 1470 1665 eiusmodi
1486 1632 1618 1665 unionis
1634 1633 1673 1665 ab

937 1689 999 1718 una
1023 1691 1114 1728 parte
1143 1685 1351 1728 impugnatae
1382 1690 1413 1717 et
1443 1686 1481 1717 ab
1512 1686 1574 1718 alia
1599 1697 1675 1728 pro-

936 1744 1114 1781 pugnatne,
1141 1738 1172 1769 in
1200 1738 1398 1770 deteriorem
1425 1742 1540 1771 statum
1566 1740 1673 1781 quoad

935 1791 1117 1835 spiritualia
1135 1797 1164 1823 et
1184 1790 1371 1833 temporalia
1389 1792 1540 1833 prolapsa
1561 1792 1676 1833 digno-

935 1845 1103 1877 scebatur:
1144 1844 1260 1887 ‹pribus
1298 1856 1314 1876 a
1351 1844 1444 1876 nobis
1479 1845 1616 1885 sedulo,
1643 1850 1676 1877 ut

937 1910 994 1942 par
1031 1903 1119 1937 erat,
1146 1899 1340 1941 perpensis,
1365 1899 1546 1931 venerabili
1584 1900 1674 1932 fratri

937 1951 1070 1995 Gaspari
1108 1951 1281 1983 Pizzolanti
1319 1951 1474 1994 episcopo
1509 1952 1674 1985 Cerviensi

938 2010 1011 2037 tunc
1043 2003 1187 2035 eiusdem
1224 2003 1351 2035 Ordinis
1389 2004 1490 2047 priori
1528 2007 1675 2047 generali

937 2057 1085 2090 dedimus
1111 2057 1142 2088 in
1167 2057 1326 2088 mandatis
1349 2062 1384 2088 ut
1401 2057 1582 2090 universam
1604 2069 1678 2100 pro-

939 2110 1074 2143 vinciam
1111 2109 1288 2152 praefatam
1327 2110 1490 2150 visitaret,
1524 2112 1678 2144 attributa

939 2163 984 2197 illi
1004 2163 1103 2195 alium
1123 2162 1183 2195 sibi
1202 2163 1240 2195 ad
1260 2163 1322 2195 lioc
1340 2174 1455 2195 munus
1482 2164 1677 2207 explendum

938 2216 1174 2258 subdelegandi
1213 2216 1382 2249 facultate:
1419 2227 1489 2249 cum
1527 2228 1562 2250 ex
1599 2219 1677 2251 actis

938 2269 1130 2301 visitationis
1155 2279 1172 2301 a
1198 2269 1315 2301 dilecto
1341 2269 1408 2302 filio
1434 2270 1554 2303 Ioanne
1572 2271 1678 2304 Domi-

938 2322 1011 2354 nico
1038 2321 1181 2354 Berardo
1200 2322 1390 2365 presbytero
1408 2323 1678 2366 Congregationis

938 2374 1075 2407 Oratorii
1101 2373 1132 2406 S.
1160 2374 1302 2417 Philippi
1328 2374 1413 2407 Nerii
1439 2385 1497 2418 per
1520 2386 1679 2409 memora-

158 2435 218 2470 per
243 2435 302 2458 nos
328 2430 461 2468 accepto
482 2426 568 2468 quod
593 2426 825 2459 secundodicta
847 2437 896 2459 re-
940 2432 1004 2459 tum
1031 2426 1202 2469 Casperem
1229 2427 1417 2470 episcopum
1443 2434 1516 2461 tnnc
1533 2429 1676 2472 priorem

160 2479 307 2513 formatio
324 2479 466 2522 primum
480 2479 513 2511 in
528 2479 742 2512 conventibus
758 2480 894 2522 Astensi,

195 2551 206 2577 1
230 2549 331 2576 Forsan
351 2551 509 2584 accepturae
529 2551 567 2582 (n.
580 2550 630 2583 τ.).

193 2594 209 2621 2
225 2594 274 2621 Ed.
286 2594 371 2621 Ma'm.
385 2593 630 2630 legitprovr'nciae
641 2595 807 2630 praedictae
817 2595 896 2632 (aff).

940 2481 1127 2523 generalem
1162 2480 1274 2523 vigore
1312 2481 1415 2514 dictae
1454 2482 1612 2515 facultatis
1649 2484 1677 2516 ei

940 2544 998 2577 per
1015 2543 1072 2566 nos
1092 2543 1269 2566 concessae
1289 2534 1440 2576 deputato
1462 2545 1532 2568 cum
1552 2536 1678 2569 duobus

975 2598 986 2622 1
1005 2595 1077 2623 Edit.
1094 2595 1177 2623 Main.
1194 2595 1261 2630 legit
1276 2596 1407 2624 alumnis
1422 2598 1459 2632 (R.
1476 2599 1526 2627 τ.)-

1570 195 1634 228 815
1680 203 1728 230 An.
1751 202 1778 230 c.
1795 203 1864 231 1729
