2170 3147
20 206 68 233 An.
84 204 112 232 C.
135 204 200 231 ¹725

45 257 47 259 ’
210 251 277 285 ciac
296 252 497 293 parisiensis,
512 252 569 285 sub
591 257 758 295 praetextu
778 252 943 285 cuiusdam

211 304 331 338 decreti
352 304 537 348 subreptitii
558 304 696 337 ministri
716 305 877 347 generalis
891 304 946 337 Or-

211 356 293 390 dinis
313 357 504 397 huiusmodi,
521 357 691 399 losephum
709 356 877 399 Seigneur,
893 355 946 388 lai-

211 420 281 442 cum
301 420 358 442 seu
375 420 570 442 conversum
597 419 746 453 expresse
763 409 945 452 professum

211 468 408 496 memoratae
434 462 621 506 provinciae
646 461 677 495 S.
698 462 836 500 Ioannis,
857 472 945 494 rece-

210 522 347 560 perunt,
368 516 424 549 sed
446 516 532 549 idem
549 516 697 548 minister
713 515 886 558 generalis,
906 519 946 547 at-

211 569 349 603 tendens
386 575 417 603 et
447 569 617 603 reflectens
653 569 691 602 ad
716 569 845 601 easdem
870 568 946 601 Gre-

211 622 292 664 gorii
310 622 570 665 praedecessoris
588 621 722 663 litteras,
738 627 769 654 et
783 621 820 653 ad
837 631 907 664 cap.
924 631 946 653 11

210 685 298 708 num.
315 675 336 707 4
352 675 628 714 constitutionum,
649 675 815 707 decretum
836 684 947 717 supra-

211 727 331 760 dictum
369 727 551 767 revocavit,
585 727 794 770 nullumque,
820 725 944 758 irritum

211 785 243 812 ct
261 779 435 812 invalidum
455 779 507 812 die
530 790 578 813 xvi
597 779 670 811 maii
696 779 773 812 anni
799 778 946 822 proxime

210 833 378 876 praeteriti
398 843 454 876 per
472 843 543 865 suas
563 833 689 865 litteras
707 831 857 864 ministro
876 841 948 874 pro-

210 885 337 918 vinciali
370 886 473 919 dictae
499 886 684 929 provinciae
701 885 732 919 S.
755 885 882 918 loannis
905 885 948 917 di·

210 943 313 972 rectas
339 939 522 971 declaravit.

29 1001 125 1021 -Causae
141 1006 200 1026 prae·
254 991 313 1034 52.
329 991 405 1024 Cum
428 998 542 1032 autem,
558 992 637 1025 sicut
656 992 768 1024 eadem
783 991 945 1034 expositio

18 1028 82 1048 secutis
91 1029 200 1047 continua-

19 1055 80 1083 tam-,s
95 1056 115 1074 οι
130 1057 199 1074 enen-
211 1044 434 1087 subiungebat,
454 1045 504 1076 his
523 1051 626 1077 tamen
648 1055 711 1077 non
733 1044 944 1082 obstantibus,
967 1069 968 1072 ,

19 1081 90 1101 sionis.

211 1097 288 1129 certi
305 1097 470 1140 religionis
485 1097 613 1140 quidem
630 1098 744 1130 fratres
757 1097 875 1140 dyscoli
893 1098 947 1129 liu-

211 1150 260 1182 ius
279 1156 434 1190 austerae,
461 1161 542 1193 quae
567 1161 696 1194 semper
720 1150 751 1182 in
777 1150 869 1182 viridi
889 1150 946 1182 ob-

211 1203 368 1235 servantia
386 1203 478 1244 riget,
496 1203 603 1245 iugum
619 1213 716 1245 aegre
732 1202 883 1242 serentes,
901 1202 947 1235 lit-

212 1261 295 1288 teras
313 1256 414 1298 ipsius
436 1256 583 1298 Gregorii
602 1256 863 1299 praedecessoris
882 1257 947 1289 nul·
966 1254 968 1260 '

210 1309 276 1342 lum
302 1320 388 1342 nune
414 1310 533 1342 habere
561 1311 677 1349 locum,
695 1320 731 1342 ex
758 1320 795 1342 eo
822 1309 907 1352 quod
931 1320 947 1340 a

212 1362 303 1395 nobis
328 1362 535 1395 confirmatae
561 1373 627 1395 non
654 1363 786 1402 fuerint,
815 1368 948 1395 temera-

212 1415 260 1448 rie
282 1425 465 1448 asseverare
491 1426 556 1448 non
583 1415 749 1454 dubitent,
769 1415 849 1448 itaut
867 1426 948 1448 uon-

212 1467 290 1500 nulli
318 1469 460 1501 eiusdem
491 1467 673 1511 provinciae
704 1468 848 1510 religiosi
875 1479 946 1500 cum

212 1521 352 1554 decretis
386 1521 577 1565 subreptitie
611 1527 664 1554 aut
701 1522 874 1565 obreptitie
907 1522 946 1554 ab

212 1574 271 1607 hac
294 1574 408 1607 Sancta
432 1575 513 1607 Sede
538 1575 678 1607 obtentis
703 1575 740 1607 ad
768 1575 846 1608 alias
872 1576 948 1608 reli-

212 1627 323 1669 giones
342 1633 402 1659 tam
420 1627 640 1661 Mendicantes
659 1639 754 1672 quam
773 1638 836 1661 non
863 1628 948 1661 Men-

213 1680 354 1712 dicantes
379 1691 396 1713 a
421 1691 516 1724 parvo
542 1687 688 1724 tempore
714 1681 944 1722 transiverint,

213 1743 333 1776 suoque
352 1734 494 1777 pessimo
513 1735 660 1777 exemplo
681 1735 854 1767 niaximum
875 1734 946 1767 aliis

213 1785 353 1828 dyscolis
368 1787 480 1820 similis
497 1787 716 1820 translationis
731 1787 854 1820 litteras
873 1797 947 1830 apo-

215 1839 341 1872 stolicas
367 1839 534 1872 obtinendi
563 1840 719 1883 pruritum
745 1841 948 1874 aviditatem-

216 1902 278 1934 que
304 1893 524 1933 causaverint;
545 1904 579 1926 ac
597 1894 734 1937 proinde
753 1894 854 1926 dietus
871 1904 946 1937 pro-

217 1951 364 1986 curator,
393 1946 472 1979 haec
501 1947 607 1979 omnia
632 1958 701 1979 cum
727 1947 863 1980 maximo
888 1958 946 1980 suo

218 1997 329 2030 dolore
348 1999 561 2041 perpendens,
580 2000 777 2043 supradictas
798 2000 947 2043 Gregorii
968 2007 969 2015 ¹

218 2050 474 2092 praedecessoris
499 2053 620 2085 litteras
651 2055 845 2096 apostolieae
872 2064 948 2086 eon-

219 2102 409 2136 firmationis
439 2110 565 2138 nostrae
601 2106 780 2148 patrocinio
805 2117 948 2139 commu-

219 2155 281 2188 niri
300 2162 382 2188 etut
407 2157 488 2190 infra
514 2158 672 2200 indulgeri
698 2159 871 2202 plurimum
897 2160 949 2193 de-

219 2207 359 2241 sideret:

261 2260 275 2303 §
299 2260 330 2294 3.
353 2261 426 2302 Nos,
455 2262 628 2305 specialem
658 2263 716 2306 ipsi
744 2265 948 2307 procuratori

217 2314 351 2356 gratiam
377 2315 483 2349 facere
502 2316 656 2357 volentes,
682 2328 819 2361 eumque
837 2329 853 2350 a
878 2319 946 2361 qui—

215 2367 323 2400 busvis
349 2369 705 2411 excommunicationis,
725 2371 948 2414 suspensionis

215 2425 246 2453 et
266 2420 442 2461 interdicti,
464 2421 600 2465 aliisque
625 2423 855 2456 ecclesiasticis
882 2434 949 2457 sen-

216 2473 344 2513 tentiis,
377 2475 522 2507 censuris
556 2481 587 2508 et
616 2476 739 2518 poenis,
762 2487 778 2509 a
804 2476 872 2509 iure
898 2477 948 2509 vel

215 2525 254 2558 ab
280 2526 424 2567 bomine,
450 2528 562 2570 quavis
589 2528 757 2561 occasione
781 2530 829 2562 vel
855 2531 949 2561 causa

214 2579 297 2621 latis,
319 2579 343 2612 si
369 2579 487 2622 quibus
510 2581 756 2624 quomodolibet
778 2582 948 2616 innodatus

74 2266 207 2287 Confirmatio

25 2295 48 2312 ut
61 2293 82 2313 in
98 2294 188 2314 rubrica.

785 203 980 228 RENEDtcrt's
1006 203 1022 226 X
1030 203 1062 226 ῐΠ
1089 204 1136 226 ΓΡ.

1627 192 1691 225 157
1738 201 1831 228 Aac
1857 202 1923 230 1725

988 251 1104 291 existit,
1122 251 1161 284 ad
1180 251 1328 284 effectum
1354 250 1575 294 praesentium
1602 250 1728 283 dumta-

989 308 1041 335 xat
1065 303 1339 347 consequendum,
1366 304 1480 336 harum
1508 303 1592 336 serie
1618 303 1726 336 absol-

988 360 1099 388 ventes
1117 361 1147 389 et
1166 356 1348 389 absolutum
1368 356 1435 389 sore
1453 360 1635 396 censentes,
1656 366 1728 398 sup-

967 408 1218 450 ‚plicationibus
1249 409 1318 442 eius
1352 410 1484 442 nomine
1509 410 1604 442 nobis
1629 419 1729 452 super

991 461 1053 493 hoc
1078 462 1246 494 humiliter
1271 462 1431 504 porrectis
1456 462 1609 502 inclinati,
1634 472 1728 505 prae-

990 514 1070 547 fatas
1086 514 1231 557 Gregorii
1250 516 1511 558 praedecessoris
1525 515 1657 555 litteras,
1677 526 1728 547 au-

989 567 1136 599 ctoritate
1150 568 1341 610 apostolica,
1361 573 1475 601 tenore
1493 568 1727 610 praesentium,

990 619 1210 662 approbamus
1229 624 1260 652 et
1280 619 1514 659 confirmamus,
1535 620 1662 663 illisque
1686 620 1728 652 in·

990 672 1153 705 violabilis
1194 673 1391 716 apostolicae
1434 672 1592 705 firmitatis
1628 673 1728 706 robur

990 724 1176 765 adiicimus;
1204 725 1273 758 illas
1300 725 1396 758 etiam
1416 726 1627 765 extendimus,
1655 736 1728 769 pro-

991 777 1150 817 hibendo,
1173 789 1212 811 ne
1240 779 1353 811 fratres
1379 783 1574 811 memoratae
1601 778 1728 821 provin-

990 831 1058 864 ciae
1083 831 1114 864 S.
1142 831 1271 864 Ioannis
1303 831 1335 864 in
1369 836 1534 875 posterum
1561 832 1598 864 ad
1626 841 1721 874 quas·

991 894 1126 927 cumque
1142 884 1219 916 alias
1235 884 1419 927 religiones,
1431 884 1497 917 sive
1510 884 1728 917 Mendicantffi

967 937 1056 969 <sive
1083 947 1147 970 non
1173 937 1408 977 Mendieantes,
1443 938 1566 980 absque
1598 937 1730 970 licentia

991 989 1020 1021 iu
1048 990 1176 1033 scriptis
1201 1000 1260 1033 pro
1296 995 1442 1033 tempore
1476 990 1644 1023 existentis
1670 989 1728 1022 mi-

991 1043 1080 1076 uistri
1107 1043 1331 1086 provincialis,
1357 1045 1405 1076 vel
1431 1043 1614 1077 inconsulto
1642 1044 1729 1076 iltius

990 1096 1175 1139 provinciae
1208 1102 1420 1139 procuratore
1439 1123 1446 1136 ‚
1481 1097 1617 1129 transire
1646 1108 1726 1140 pos-

989 1148 1066 1181 sint.

1033 1202 1047 1244 ξ
1071 1201 1103 1235 3.
1131 1202 1359 1241 Decernentes‚
1382 1203 1509 1236 easdem
1536 1208 1727 1246 praesentes
1765 1213 1880 1233 emunt-1.»

990 1255 1115 1287 litteras
1140 1266 1268 1298 semper
1292 1255 1410 1295 sirmas,
1430 1256 1552 1288 validas
1576 1262 1606 1288 et
1627 1256 1730 1289 effica-

989 1317 1042 1340 ces
1069 1307 1205 1340 existere
1233 1314 1263 1341 et
1287 1308 1366 1349 fore,
1392 1319 1533 1352 suosque
1561 1309 1728 1352 plenarios

989 1366 1020 1393 et
1041 1361 1183 1403 integros
1212 1360 1343 1394 effectus
1371 1362 1480 1394 sortiri
1505 1367 1536 1394 et
1564 1362 1727 1401 obtinere,

990 1424 1024 1446 ac
1043 1413 1116 1453 illis,
1144 1414 1181 1447 ad
1206 1425 1287 1458 quos
1312 1420 1436 1458 spectat
1454 1421 1485 1448 et
1502 1425 1560 1458 pro
1580 1420 1728 1458 tempore

990 1467 1263 1511 quandocumque
1286 1468 1462 1511 spectabit,
1481 1468 1513 1500 in
1531 1468 1680 1501 omnibus
1698 1473 1730 1501 et

989 1530 1048 1563 per
1064 1521 1170 1553 omnia
1195 1520 1385 1564 plenissime
1411 1520 1594 1564 suffragari,
1616 1522 1729 1564 sicque,

990 1573 1020 1605 iu
1047 1573 1235 1616 praemissis
1262 1584 1320 1617 per
1351 1584 1574 1617 quoscumque
1607 1574 1730 1607 iudices

990 1626 1172 1660 ordinarios
1190 1632 1221 1660 et
1239 1627 1419 1669 delegatos,
1438 1627 1535 1660 etiam
1561 1637 1730 1660 causarum

967 1683 969 1711 i
988 1680 1100 1722 palatii
1132 1680 1305 1723 apostolici
1334 1680 1501 1713 auditores
1517 1707 1524 1720 ,
1544 1680 1678 1713 iudicari
1700 1686 1732 1714 et

990 1732 1116 1766 definiri
1144 1733 1281 1773 debere,
1309 1744 1345 1766 ac
1370 1733 1497 1766 irritum
1526 1739 1557 1765 et
1588 1733 1683 1766 inane
1704 1734 1730 1766 si

967 1808 968 1824 ,
989 1796 1082 1818 secus
1107 1797 1208 1829 super
1236 1787 1287 1818 his
1309 1798 1324 1819 a
1352 1797 1528 1829 quoquam,
1545 1786 1655 1830 quavis
1680 1797 1731 1819 au-

989 1839 1152 1880 ctoritate,
1184 1840 1326 1872 scienter
1351 1841 1399 1872 vel
1426 1840 1629 1882 ignoranter,
1656 1850 1731 1873 con-

990 1893 1097 1935 tigerit
1123 1893 1285 1925 attentari.

1034 1947 1047 1988 ξ
1073 1945 1104 1977 4.
1126 1945 1193 1978 Non
1216 1945 1419 1978 obstantibus
1439 1945 1729 1978 constitutioniluis
1781 1952 1924 1997 „1¹',⁹s¹'l³³'‘''

967 1984 1021 2031 tet
1055 1998 1322 2031 ordinationibus
1359 1999 1571 2042 apostolicis,
1603 1984 1902 2032 menonem,..numm

991 2051 1142 2084 omnibus
1161 2056 1190 2083 et
1216 2052 1353 2094 singulis
1379 2052 1451 2091 illis,
1479 2062 1560 2094 quae
1585 2051 1616 2084 in
1639 2062 1730 2095 prae-

990 2104 1118 2137 insertis
1142 2104 1290 2147 Gregorii
1322 2105 1584 2148 praedecessoris
1611 2105 1728 2138 litteris

990 2167 1146 2190 concessa
1172 2162 1247 2190 sunt
1272 2167 1335 2190 non
1369 2157 1520 2198 obstare,
1547 2157 1730 2200 ceterisque

990 2210 1159 2243 contrariis
1178 2210 1441 2253 quibuseunspic.

1034 2263 1144 2295 Datum
1170 2263 1301 2303 Itoniae,
1327 2264 1410 2306 apud
1442 2264 1473 2296 S.
1502 2264 1642 2303 Petrum,
1671 2263 1729 2295 sub

991 2317 1111 2348 annulo
1138 2316 1321 2354 piscatoris,
1347 2316 1398 2349 die
1426 2327 1445 2349 u
1472 2316 1545 2349 maii
1572 2326 1730 2356 tinccxxv,

991 2368 1200 2410 pontificatus
1226 2370 1328 2402 nostri
1355 2380 1439 2403 anno
1466 2381 1487 2402 ι.

967 1570 969 1586 t

1028 2430 1086 2456 [tat.
1105 2431 1150 2457 die
1165 2431 1182 2457 2
1199 2431 1261 2457 maii
1281 2431 1357 2465 1725,
1380 2432 1480 2466 pontif.
1500 2440 1571 2459 atino
1588 2440 1605 2458 t.
