2170 3147
213 181 254 208 An
284 182 311 209 c.
331 181 397 209 1724
444 173 487 206 lli

234 1365 346 1385 {matorum
358 1369 395 1383 nii-

211 1398 268 1412 mern
277 1398 288 1412 a
299 1391 369 1411 Leone
379 1389 395 1410 Χ

210 1419 346 1439 adscribitur.

408 231 584 264 'sudertum
610 231 712 274 petiit,
740 231 795 263 ubi
827 231 866 263 ad
893 231 1062 273 populum,
1095 231 1151 272 qui

408 285 524 326 magna
552 283 735 327 frequentia
761 283 788 316 ei
814 283 928 316 obvius
954 283 1150 322 advenerat,

408 336 566 369 concione
592 336 710 375 habita,
736 337 849 370 lethali
869 336 981 369 morbo
1000 335 1153 369 decubuit
1174 366 1176 369 .

407 399 618 433 summaeque
649 389 781 432 pietatis
806 394 837 422 et
863 389 1033 432 religionis
1061 399 1152 431 argu-
1174 398 1175 438 l

409 443 545 483 mentis,
577 443 828 487 poenitentiales
858 443 986 476 Davidis
1012 439 1175 486 psalmos]

407 508 472 531 non
512 498 581 530 sine
619 497 761 540 profusis
798 496 948 540 lacrymis
985 496 1150 535 recitans,

408 551 558 594 migravit
604 551 642 583 ad
690 550 863 583 Dominum
908 560 994 583 anno

407 658 568 690 solemnia
593 658 839 691 absolverentur
857 662 970 690 octava
997 657 1030 688 B.
1052 655 1152 695 tirei-

408 711 458 743 nis
484 711 514 743 in
542 712 668 744 eaelum
695 712 898 753 Assumptae,
916 710 1034 753 quibus
1051 708 1082 741 in
1106 710 1152 742 lu-

407 773 477 797 cem
503 764 679 807 prodierat.
707 764 751 796 Ad
780 764 849 796 cius
874 773 991 806 corpus
1009 773 1063 795 sex
1083 762 1151 795 dies
1174 772 1175 776 ¹

407 818 514 861 palam
547 817 731 862 expositum
769 818 884 861 populi
918 816 1056 849 maxilua
1091 817 1152 849 t're-

407 872 541 914 quentia
567 872 789 905 venerationis
815 882 893 914 ergo
912 871 1075 904 confluere
1093 870 1151 903 visi
1172 876 1174 910 g

407 931 502 965 sunt,
529 926 715 969 missaeque
745 925 951 964 sacrificium,
980 924 1147 968 episcopo,

407 979 495 1012 clero
521 984 553 1012 et
577 981 643 1012 tota
669 978 798 1012 civitate
817 978 1056 1022 praescntilms,
1083 987 1148 1009 non

406 1043 466 1076 pro
492 1032 657 1070 defuncto.
684 1033 738 1066 sed
766 1033 805 1065 de
831 1034 925 1065 beato
956 1031 1147 1064 Consessore

406 1091 487 1119 nutu
524 1085 579 1119 Dei
617 1086 814 1119 celebratur.
855 1085 923 1118 Mox
959 1085 1007 1117 vir
1048 1084 1148 1116 iustus

405 1138 566 1182 prodigiis
593 1139 718 1172 claruit.
746 1139 792 1171 Ad
818 1138 886 1172 eius
913 1137 998 1171 enim
1029 1148 1148 1181 corpus

406 1198 438 1225 et
473 1192 686 1236 sepulchrum
721 1191 828 1225 claudi
864 1193 1028 1234 gressum,
1062 1191 1148 1224 caeci

404 1246 520 1287 visum,
560 1245 690 1290 ipsique
726 1245 845 1278 mortui
882 1246 977 1278 vitani
1015 1255 1149 1288 recepe-

405 1306 493 1333 runt.

450 1354 465 1397 ἓ
489 1353 520 1387 3.
548 1353 684 1394 Quibus,
712 1353 847 1397 aliisque
873 1352 934 1386 rite
959 1352 1096 1395 cognitis
1120 1357 1151 1385 et

406 1407 600 1451 perspectis,
630 1406 734 1440 felicis
759 1406 937 1439 memoriae
962 1411 1151 1439 antecessor

406 1466 517 1494 noster
541 1461 605 1493 Leo
623 1460 709 1503 Papa
728 1460 752 1493 X
771 1460 960 1503 Philippum
979 1460 1147 1493 beatorum

407 1524 543 1547 numero
568 1512 750 1557 adscripsit,
776 1512 918 1550 officium
954 1513 1149 1556 missamque

406 1568 439 1601 in
476 1569 545 1601 eius
584 1568 744 1601 honorem
779 1579 797 1600 a
831 1567 983 1600 fratribus
1021 1566 1149 1600 Ordinis

406 1622 597 1662 Servorum,
630 1622 717 1655 beati
754 1621 814 1654 viri
849 1616 1071 1654 anniversario
1097 1620 1148 1653 dic

406 1681 597 1709 recurrente
614 1702 621 1715 ,
649 1675 810 1708 celebrari
851 1673 1021 1718 permisit,
1053 1674 1091 1706 ad
1117 1673 1148 1706 id
1170 1693 1172 1696 >

406 1729 615 1772 postmodum
639 1729 812 1762 accedente
838 1729 935 1761 etiam
957 1728 1149 1761 auctoritate

407 1784 620 1827 diplomatum
639 1787 771 1815 sanctae
798 1782 974 1815 memoriae
1001 1782 1150 1815 decesso-

407 1847 478 1869 rum
490 1842 680 1870 nostrorum
696 1835 871 1869 Clementis
888 1835 950 1868 Vnt
965 1841 996 1868 et
1008 1835 1098 1868 Pauli
1113 1835 1146 1867 Y.

407 1890 520 1931 Quare,
549 1901 584 1923 ex
611 1890 641 1924 S.
664 1891 699 1924 R.
724 1891 758 1923 E.
782 1890 905 1934 regulis
924 1895 954 1922 et
974 1889 1148 1922 ritualibus

407 1944 697 1977 constitutionibus
716 1955 775 1988 per
794 1943 960 1977 Romanos
976 1942 1149 1976 Pontifices

408 1997 523 2037 editis,
551 1997 589 2030 dc
614 2007 704 2030 more
736 1997 865 2040 cognita
891 2002 922 2030 et
955 1995 1150 2040 compluries

407 2051 440 2084 in
467 2060 600 2084 examen
638 2051 779 2084 adducta
814 2050 910 2083 etiam
948 2049 1007 2082 sub
1046 2049 1148 2081 felicis

407 2104 647 2138 recordationis
683 2103 793 2137 itidem
825 2104 1002 2137 decessore
1035 2107 1149 2135 nostro

408 2158 538 2191 Urbano
564 2158 627 2191 VIII
647 2167 840 2201 semperque
858 2156 995 2201 probata
1013 2156 1072 2189 viri
1093 2155 1149 2188 Dei

409 2212 592 2252 sanctitate,
617 2211 861 2255 perinsignibus
885 2210 952 2243 eius
977 2209 1149 2242 virtutibus

408 2265 574 2309 signisque
605 2268 733 2303 testata,
766 2265 804 2297 ad
837 2265 905 2308 pias
942 2275 1056 2308 preces
1093 2274 1151 2307 per

410 2319 495 2353 viros
520 2319 689 2363 principes
716 2319 754 2352 ad
782 2319 865 2352 hanc
895 2324 1038 2351 sanctam
1065 2319 1149 2361 Apo-

409 2373 557 2406 stolicam
582 2373 698 2406 Sedcm
721 2372 1008 2405 vehementissime
1030 2372 1150 2415 repeti-

411 2431 467 2465 tas,
494 2425 688 2469 praesertim
709 2436 785 2458 vero
811 2426 851 2458 ab
872 2425 1008 2459 illustris
1034 2436 1149 2459 menio·

410 2479 476 2512 riae
502 2479 670 2522 Leopoldo
696 2478 914 2510 Romanorum
948 2479 1148 2521 imperatore

410 2534 513 2566 electo
539 2538 570 2564 et
594 2532 710 2565 Cosmo
737 2532 773 2564 111
799 2532 875 2564 olim
900 2533 930 2564 in
949 2532 1073 2564 Etruria
1090 2531 1150 2563 sibi

410 2586 556 2619 subiecta
595 2595 713 2629 magno
752 2585 843 2626 dure,
882 2585 965 2617 idern
1003 2584 1150 2619 Clemens

1040 548 1152 582 salutis
1173 540 1175 578 i

409 613 589 645 meetxxxv‚
615 614 633 637 x
658 603 815 637 kalendas
841 602 1050 646 septembris,
1076 602 1150 635 dum
1173 615 1176 639 1

991 181 1175 205 nrtmnmtt
1199 181 1353 206 Romnum

1197 230 1281 273 Papa
1308 231 1329 263 X
1359 231 1546 274 Philippum
1572 231 1747 269 lleiiititiin,
1779 231 1818 264 de
1848 230 1938 264 cuius

1196 284 1349 316 virtutum
1384 290 1411 317 et
1448 285 1673 327 prodigiorum
1710 284 1937 324 magnitudine

1196 337 1316 369 diserte
1343 338 1554 375 constiterat,
1582 338 1612 370 in
1640 343 1826 370 sanctorum
1861 348 1939 370 con-

1197 390 1354 423 sessorum
1381 401 1538 424 canonem
1568 391 1773 423 referendum
1800 400 1940 433 pronun·

1195 443 1301 476 eiavit.
1330 444 1448 487 ltaque,
1471 444 1593 477 indicta
1620 444 1681 481 die,
1704 444 1858 476 nimirum
1884 443 1940 476 do-

1174 496 1312 535 iminica
1357 498 1502 530 secunda
1542 503 1614 540 post
1655 497 1770 531 Christi
1812 498 1938 531 Domini

1197 604 1227 636 ni
1254 614 1412 644 nnctxxi,
1440 604 1648 647 pontitieatus
1674 604 1721 636 sui
1749 615 1774 641 ι,
1808 615 1879 637 eum
1907 604 1938 637 in

1174 658 1436 694 lsacro<anrtam
1472 658 1560 690 Beati
1591 657 1675 690 Petri
1705 658 1939 700 Apostolorum

1195 765 1334 798 solemni
1378 766 1439 798 ritu
1479 771 1673 808 peracturus
1711 765 1935 808 processisset,

1173 818 1175 860 ξ
1196 819 1308 857 semel,
1335 819 1455 851 iteruin
1482 824 1514 851 et
1533 818 1628 851 tertio
1648 818 1770 851 iteratis
1784 818 1822 850 ad
1838 817 1938 850 Deum

1173 861 1349 914 'precibus
1375 873 1407 905 in
1433 873 1583 916 plenario
1610 878 1773 905 conventu
1799 882 1936 905 venera-

1172 925 1306 970 jbilium
1332 925 1464 957 fratrum
1496 925 1526 958 S.
1562 926 1598 958 R.
1630 925 1664 958 E.
1703 925 1937 963 cardinalium,

1195 979 1468 1022 patriarrharum‚
1496 979 1821 1022 archiepiscoporum
1849 984 1881 1011 et
1906 989 1938 1011 e-

1194 1031 1403 1075 piscoporum
1444 1042 1501 1075 pro
1540 1032 1692 1075 Philippo
1735 1031 1863 1065 Benitio
1905 1031 1937 1064 in

1170 1090 1376 1117 {sanctorum
1407 1086 1629 1118 consessorum
1664 1095 1823 1118 canonem
1856 1084 1939 1118 rese-

1171 1144 1173 1150 *
1193 1137 1305 1177 rende,
1324 1137 1467 1170 unanimi
1486 1137 1631 1171 omnium
1649 1137 1887 1171 acclamatione
1905 1142 1938 1170 et

1195 1190 1367 1233 suffragio,
1395 1197 1467 1235 post
1491 1202 1598 1225 sacros
1628 1192 1768 1235 hymnos
1799 1201 1934 1234 preces-

1170 1243 1172 1290 }
1194 1255 1256 1287 que
1282 1245 1321 1277 ad
1346 1244 1445 1277 Deum
1472 1245 1618 1288 perfusas
1644 1251 1676 1278 et
1695 1244 1853 1289 Paraclyti
1871 1244 1938 1288 Spi-

1194 1297 1275 1330 ritus
1297 1298 1433 1340 gratiam
1459 1298 1553 1331 enixe
1578 1298 1759 1332 invocatam
1775 1325 1782 1339 ‚
1808 1298 1847 1331 ad
1876 1298 1936 1332 ho-

1194 1362 1307 1384 norem
1327 1357 1458 1385 sanctac
1484 1356 1516 1385 et
1541 1352 1727 1385 individuae
1751 1351 1933 1392 Trinitatis,

1195 1405 1425 1438 exaltationem
1454 1404 1529 1438 fidei
1560 1405 1764 1445 catholicae,
1791 1404 1936 1437 christia-

1171 1465 1172 1470 *
1194 1468 1319 1501 uaeque
1342 1458 1511 1501 religionis
1532 1458 1831 1502 amplificationem,
1850 1458 1934 1491 idem

1193 1511 1340 1544 Clemens
1360 1512 1446 1555 l‘apa
1468 1512 1501 1552 X,
1517 1512 1711 1545 auctoritate
1731 1511 1854 1545 domini
1879 1522 1938 1544 no-

1170 1564 1248 1597 ¹stri
1275 1565 1344 1597 lesu
1370 1564 1490 1598 Christi
1518 1570 1549 1598 et
1573 1565 1743 1598 beatorum
1772 1565 1938 1608 apostolo-

1194 1629 1263 1651 rum
1290 1618 1375 1651 Petri
1402 1624 1435 1651 et
1463 1618 1564 1658 Pauli,
1587 1620 1719 1652 Beatum
1744 1618 1935 1663 Philippum

1206 1671 1355 1704 lenitium
1380 1673 1443 1704 una
1469 1672 1592 1715 pariter
1624 1683 1698 1705 cum
1725 1671 1828 1705 beatis
1860 1682 1938 1705 con-

1193 1726 1371 1759 sessoribus
1412 1737 1478 1759 non
1520 1725 1728 1769 pontificibus
1765 1726 1937 1759 Francisco

1193 1779 1328 1822 Borgia,
1362 1779 1513 1813 Caietano
1551 1779 1740 1820 Thienaeo,
1776 1779 1937 1812 Ludovico

1170 1898 1209 1919 »a
1234 1886 1265 1919 S.
1293 1887 1409 1926 Maria,
1437 1886 1589 1919 Sanctum
1625 1897 1694 1920 esse
1731 1887 1877 1920 decrerit
1906 1892 1938 1920 et

1193 1941 1353 1980 delinivit,
1374 1940 1404 1972 in
1431 1946 1614 1974 sanctorum
1641 1940 1867 1974 consessorum
1885 1951 1937 1973 ca-

1194 2005 1312 2028 nonem
1331 1995 1454 2033 retulit,
1477 1995 1694 2037 eumdemque
1720 1994 1936 2037 imposterum

1193 2048 1233 2080 ab
1268 2048 1429 2081 universis
1468 2047 1735 2081 eluistitidelibus
1774 2052 1936 2091 tamquam

1194 2111 1266 2135 vere
1291 2103 1443 2134 Sanctum
1469 2101 1666 2139 colendum,
1694 2101 1910 2134 invocandum
1926 2126 1933 2140 ,

1194 2156 1489 2198 honorandumcpie
1517 2155 1671 2194 sancivit,
1697 2155 1736 2187 ad
1774 2155 1841 2187 eius
1878 2154 1937 2186 bo-

1193 2219 1308 2243 norem
1345 2219 1453 2242 sacras
1483 2209 1581 2241 aedes
1609 2214 1705 2251 atque
1742 2208 1877 2248 altaria,
1903 2208 1935 2240 in

1193 2262 1309 2305 quibus
1333 2267 1574 2296 sacrosanctum
1599 2263 1713 2294 missae
1739 2260 1934 2294 sacrificium

1193 2316 1257 2349 Deo
1294 2315 1461 2355 offeratur,
1500 2315 1642 2347 construi
1680 2324 1717 2347 ae
1752 2314 1871 2360 dicari,
1905 2319 1936 2346 et

1193 2369 1366 2412 quotannis
1392 2380 1409 2402 x
1434 2369 1589 2402 kalendas
1614 2368 1839 2411 septembres,
1872 2377 1935 2411 quo

1193 2423 1244 2455 die
1270 2423 1317 2455 vir
1342 2429 1470 2455 sanetus
1507 2421 1702 2454 obdormivit
1726 2421 1757 2453 in
1784 2421 1932 2461 Domino,

1194 2477 1280 2509 illius
1307 2476 1496 2508 memoriam
1523 2480 1621 2518 prout
1646 2474 1746 2508 sancti
1770 2475 1934 2508 consesso-

1195 2530 1237 2562 ris
1265 2540 1329 2562 non
1357 2528 1519 2572 pontilicis
1546 2529 1598 2572 pie
1632 2528 1693 2562 coli
1730 2539 1826 2572 posse
1858 2537 1934 2572 pro—

1194 2583 1370 2618 nunciavit.
1409 2583 1501 2624 Mox,
1529 2582 1640 2626 gratiis
1679 2593 1751 2615 cum
1791 2581 1933 2626 plurimo

1946 180 1996 208 An.
2015 180 2043 206 Cr
2065 181 2135 210 1724

1977 243 1992 264 Α
2003 243 2108 264 ‹th-umuli·
2119 243 2134 265 X

1951 270 1970 289 iu
2014 271 2134 290 »aurini-..m

1952 301 2053 317 caunnrm
2080 299 2134 317 rela-

1952 326 1994 343 tus.

1197 550 1491 589 Resurrectionem,
1518 551 1623 594 pridie
1650 551 1720 583 idus
1747 551 1866 594 apriles
1883 561 1939 584 an·
1964 582 1968 584 .

1197 710 1357 754 Principis
1379 711 1545 744 basilicam
1562 716 1680 744 tantam
1699 709 1950 744 ‹·a01·cm0niam'

1193 1834 1384 1873 Bertrando,
1401 1838 1432 1866 et
1454 1833 1578 1876 virgine
1606 1844 1669 1866 non
1696 1838 1835 1876 martyre
1854 1833 1954 1867 Rosav
