2170 3147
200 197 249 223 An.
272 197 299 222 c.
321 197 386 223 1727
434 187 498 220 618

395 246 618 286 incommoda,
645 257 728 289 quae
754 246 869 278 fratres
895 245 1161 289 provinciarum'

395 310 568 342 regnorum
609 300 778 344 utriusque
815 300 974 333 Castellae
1014 299 1138 332 Veteris

397 353 523 386 seilicet
541 358 571 385 et
592 353 698 386 Novae
725 358 983 397 nuncupatarum
1009 353 1138 386 Ordinis

395 406 554 439 Minorum
576 407 675 439 sancti
693 407 855 440 Francisci
882 406 1138 450 Capuccinoruni

395 465 670 504 nuncupatorum,
688 471 723 493 ex
740 461 901 493 electione
921 460 1139 493 discretorum

396 513 450 555 qui
477 523 492 544 a
519 513 733 546 conventibus
756 513 793 546 ad
823 512 969 546 effectum
988 512 1140 555 suil'ragia

396 566 427 598 in
454 566 603 608 capitulis
628 566 886 609 provincialibus
912 566 1037 599 serendi
1064 566 1139 609 eligi

397 624 642 660 consueverant,
669 619 700 652 in
719 619 892 662 religiosae
911 619 1000 663 pacis
1018 625 1047 652 et
1066 630 1140 653 con-

396 672 527 705 cordiae
564 683 600 705 ac
634 673 792 715 regularis
824 672 1013 716 disciplinae
1048 683 1140 717 prae-

397 726 551 759 iudicium
567 726 652 770 passi
672 726 806 767 fuerant,
827 727 910 760 idem
930 726 1139 759 Innocentius
1161 735 1163 750 =

397 779 646 822 praedeeessor,
667 790 725 823 per
740 780 897 823 quasdam
913 790 985 812 suas
1000 780 1142 822 desuper
1161 791 1163 807 ι

398 833 428 865 in
456 833 552 866 simili
586 834 686 868 forma
718 834 825 867 Brevis
863 834 914 867 die
940 844 1011 867 xxix
1036 834 1142 866 martii

398 897 544 923 MDcxcni
589 888 756 931 expeditas
798 887 943 928 litteras,
983 888 1164 920 discretos*

398 941 580 986 praedictos
613 941 645 973 in
679 940 772 973 dietis
807 941 982 984 provinciis
1014 941 1140 974 sustulit

397 1006 434 1029 ac
459 995 605 1035 removit,
622 1000 652 1028 et
678 995 817 1027 subinde
844 995 929 1028 inter
953 995 1015 1028 alia
1040 1006 1165 1028 renio-¹

399 1051 521 1083 tionem
551 1056 582 1083 et
610 1049 821 1082 abolitionem
845 1049 1061 1082 discretorum
1086 1049 1145 1082 hu-

399 1104 542 1137 iusmodi
575 1104 809 1147 expeditusque
843 1104 985 1146 desuper
1021 1104 1144 1137 litteras

398 1158 584 1202 praedictas
629 1157 667 1189 ad
708 1156 893 1199 provincias
929 1157 1077 1189 Baeticae
1114 1163 1144 1190 et

398 1211 557 1245 Navarrae
584 1221 642 1253 per
666 1210 746 1242 alias
771 1220 845 1242 suas
867 1209 977 1242 itidem
996 1210 1028 1242 in
1048 1210 1143 1243 simili

399 1266 501 1298 forma
527 1263 633 1297 Brevis
659 1263 784 1296 litteras
803 1263 853 1296 die
875 1274 919 1296 x11
946 1263 1144 1306 septembris

400 1317 544 1351 eiusdem
572 1317 647 1349 anni
682 1321 849 1350 emanatas
885 1316 1078 1349 auctoritate
1112 1327 1144 1348 a·

399 1372 557 1416 postolica
578 1370 722 1403 extendit
743 1377 774 1403 et
794 1370 978 1413 ampliavit,
998 1376 1028 1403 et
1049 1370 1143 1411 alies,

399 1431 499 1470 prout
525 1425 554 1456 in
584 1423 679 1457 dietis
705 1423 887 1456 Innocentii
914 1423 1145 1466 praedecesso-

401 1479 444 1511 iis
460 1478 587 1517 litteris,
605 1488 742 1521 quarum
763 1482 894 1510 tenores
911 1478 1145 1521 praesentibus

399 1543 458 1577 pro
486 1531 651 1575 expressis
677 1531 789 1564 baberi
816 1532 984 1572 volumus,
1013 1531 1145 1564 uberius

401 1587 599 1619 continetur.

205 1645 389 1697 fgffffilgssgjssfjg
446 1641 459 1684 ἓ
485 1640 516 1673 Q.
544 1640 621 1673 Cum
648 1645 764 1678 autem,
792 1639 872 1671 sicut
898 1638 1037 1672 dilectus
1059 1638 1143 1672 iilius

204 1700 391 1746 {3⁴jflgs33s'401312ffi3
401 1694 621 1727 Hartmannus
639 1693 789 1726 Brix'iven
815 1692 963 1724 minister
982 1692 1143 1734 generalis

205 1753 352 1773 discretwuw·
402 1748 477 1780 dicti
503 1747 632 1779 Ordinis
659 1746 754 1778 nobis
781 1756 885 1788 nuper
910 1745 1029 1788 exponi
1057 1746 1142 1784 fecit,

400 1807 535 1845 propter
571 1800 787 1832 discretorum
824 1799 1010 1831 huiusmodi
1046 1799 1144 1832 aboli—

401 1855 535 1893 tionem,
568 1853 644 1885 liret
681 1853 719 1885 ad
757 1853 881 1885 bonum
915 1852 1010 1885 [inem
1044 1853 1144 1895 petita

399 1907 516 1946 suerit,
559 1905 776 1939 nibilominus
822 1905 996 1938 maximum
1036 1910 1143 1939 tamen

400 1961 634 1993 detrimentum
664 1971 699 1992 ac
733 1958 968 2002 praeiudicium
1002 1959 1143 2002 regulari

400 2013 629 2047 observantiae
657 2014 790 2046 allatum
818 2012 915 2045 suerit
935 2019 966 2046 et
982 2012 1087 2045 adbuc
1106 2013 1143 2045 de

398 2066 563 2111 praesenti
591 2065 761 2106 afferatur3
789 2066 931 2110 ideoque
958 2067 1044 2099 idem
1072 2067 1144 2099 Ilar-

401 2127 551 2153 tmannus
578 2120 724 2153 minister
758 2120 921 2162 generalis
951 2120 1146 2153 electionem

402 2176 593 2208 corumdem
620 2175 836 2207 discretorum
863 2174 1014 2208 omnibus
1035 2173 1147 2217 Hispa-

400 2229 525 2261 niarum
562 2228 738 2271 provinciis
773 2228 899 2261 restitui
939 2238 1146 2271 summopere

403 2282 581 2320 desideret,
607 2281 883 2324 ‹pi-nnattmoduin
905 2280 932 2314 a¹
953 2282 1147 2314 recolendae

403 2335 580 2368 memoriae
607 2335 774 2368 Clemente
801 2335 838 2367 XI
871 2334 974 2377 Belgii
1002 2340 1032 2367 et
1057 2334 1149 2368 Inno-

404 2388 510 2420 centio
531 2387 618 2427 Xlll,
647 2388 802 2420 Romanis
830 2388 1041 2420 Pontificibus
1061 2399 1149 2431 prae-

405 2441 633 2473 decessoribus
660 2441 782 2484 pariter
812 2441 952 2481 nostris,
979 2440 1149 2475 Sardiniae

405 2493 587 2536 respective
622 2493 797 2536 provinciis
824 2493 953 2527 Ordinis
989 2494 1149 2538 praedicti

406 2555 595 2579 concessum
640 2546 740 2578 fuisse
787 2551 1006 2579 memoratur:
1055 2546 1151 2579 nobis

985 196 1166 220 numantini
1192 196 1347 220 noritANtJM

442 2609 451 2634 t
476 2606 625 2642 Praepositv
648 2615 665 2632 α
686 2614 734 2633 nos
755 2607 880 2634 addimus
899 2609 940 2643 (R.
958 2609 1009 2643 τ.>.

1172 2615 1175 2635 l

1936 198 1988 225 An.
2014 200 2042 228 c.
2059 202 2140 242 ¹:²⁷2

1190 251 1367 288 propterea
1393 245 1496 279 dictus
1532 246 1751 280 Hartmannus
1785 246 1935 281 minister

1191 299 1376 341 generalis,
1396 299 1605 333 tendentibus
1631 300 1727 333 etiam
1754 300 1786 333 in
1813 300 1843 333 id
1870 301 1935 334 cla-

1191 351 1333 394 rissimi*
1360 352 1391 385 in
1418 353 1544 386 Christo
1578 352 1632 386 filii
1660 353 1763 387 nostri
1789 353 1934 398 Philippi

1192 406 1378 439 earumdem
1404 407 1632 450 Hispaniarum
1659 406 1745 450 regis
1779 407 1934 441 catholici

1192 459 1274 492 votis
1291 487 1298 501 ‚
1325 460 1494 494 humiliter
1519 460 1696 504 supplicari
1732 460 1809 494 fecit
1843 466 1876 493 ut
1901 460 1935 493 in

1191 513 1379 556 praemissis
1411 519 1596 557 opportune
1633 514 1805 557 providere
1839 519 1869 547 et
1901 519 1937 546 ut

1193 567 1276 599 infra
1303 567 1473 609 indulgere
1507 567 1545 600 de
1571 567 1777 610 benignitate
1804 572 1936 610 aposto-

1192 621 1253 653 tica
1279 621 1503 663 dignaremur.

1237 675 1250 717 ἓ
1276 673 1307 707 3.
1335 673 1398 706 Nos
1424 673 1540 717 igitur,
1569 674 1674 716 ipsum
1702 674 1936 708 Hartmannum
1975 686 2129 718 Concessiofq-

1195 728 1377 761 ministrum
1413 728 1603 770 generalem
1634 727 1831 771 specialibus
1856 713 2128 762 savo-{1¹2¹0³f¹'⁵¹''³⁰‘¹¹‘

1195 782 1285 814 ribus
1317 786 1347 814 et
1380 780 1492 823 gratiis
1528 781 1684 824 prosequi
1714 781 1880 821 volentes,
1908 786 1940 815 et

1195 846 1211 868 a
1236 834 1404 878 quibusvis
1428 834 1786 875 excommunicationis,
1803 845 1940 879 suspen-

1194 887 1296 920 sionis
1324 892 1354 920 et
1385 887 1574 928 interdicti,
1612 887 1750 931 aliisque
1787 888 1941 922 ecclesia-

1195 941 1286 975 sticis
1313 940 1504 982 sententiis,
1530 941 1678 975 censuris
1708 947 1739 975 et
1767 942 1892 985 poenis,
1924 953 1942 976 a

1196 995 1266 1028 iurc
1293 997 1342 1028 vel
1369 996 1408 1028 ab
1435 995 1589 1035 homine,
1617 996 1730 1039 quavis
1768 995 1941 1029 occasione

1195 1051 1245 1083 vel
1272 1051 1368 1082 causa
1392 1049 1478 1089 latis,
1505 1049 1531 1081 si
1557 1049 1675 1092 quibus
1692 1049 1943 1093 quomodolibet

1197 1103 1375 1136 innodatus
1406 1102 1526 1143 existit,
1552 1103 1591 1136 ad
1622 1102 1770 1136 effectum
1789 1114 1943 1146 praesen-

1199 1156 1276 1189 tium
1304 1156 1469 1188 dumtaxat
1505 1156 1801 1200 consequendum,
1827 1157 1941 1190 harum

1198 1209 1283 1242 serie
1303 1209 1510 1242 absolventes
1530 1214 1561 1242 et
1579 1209 1760 1242 absolutum
1779 1210 1849 1243 fore
1867 1221 1943 1244 cen-

1198 1268 1330 1303 sentes,
1357 1262 1546 1295 huiusmodi
1573 1262 1868 1306 supplicationibus
1897 1264 1944 1297 in-

1199 1316 1320 1357 clinati,
1336 1316 1504 1359 praedicto
1515 1316 1716 1349 llartmanno
1732 1316 1879 1351 ministro
1891 1329 1944 1361 ge-

1200 1371 1314 1410 nerali,
1333 1370 1380 1403 re²
1398 1369 1496 1408 serio,
1514 1369 1698 1413 prudenter
1712 1381 1749 1403 ac
1765 1370 1944 1413 diligenter

1200 1425 1391 1464 examinata,
1416 1424 1569 1457 omnibus
1594 1429 1625 1457 et
1658 1424 1795 1467 singulis
1828 1425 1943 1470 Hispa-

1199 1479 1326 1512 niarum
1354 1478 1530 1522 provinciis
1557 1479 1596 1511 de
1623 1484 1731 1512 cetero
1749 1479 1943 1513 electionem

1200 1534 1412 1566 discretorum
1444 1532 1648 1572 huiusmodi,
1687 1532 1713 1565 si
1747 1532 1778 1566 id
1816 1533 1941 1566 divinae

1199 1586 1337 1630 gloriae,
1366 1587 1516 1630 publicae
1543 1586 1749 1630 traquillitati
1783 1597 1818 1619 ac
1852 1597 1943 1629 regn-

1199 1641 1276 1674 laris
1317 1640 1546 1673 observantiae
1584 1640 1788 1673 incremento
1822 1640 1855 1672 in
1880 1640 1942 1673 Do-

1199 1695 1286 1727 mino
1319 1693 1473 1736 expedire
1511 1693 1717 1733 iudicaverit,
1751 1694 1942 1727 restituendi

1199 1748 1401 1786 facultatem,
1447 1747 1533 1779 dicta
1574 1747 1785 1787 auctoritate,
1828 1752 1941 1780 tenore
1990 1743 1994 1746 ⁵

1198 1801 1430 1843 praesentium,
1455 1800 1663 1832 concedimus
1679 1806 1709 1832 et
1724 1800 1940 1843 impartin‘iur.

1242 1854 1310 1895 §Ji¹
1344 1853 1413 1886 Nou
1449 1853 1656 1886 obstantibus
1690 1853 1864 1896 praedictis
1895 1855 1944 1888 In·
1985 1858 2137 1886 [hans-'atomo

1199 1907 1340 1940 no‹;entii
1369 1906 1634 1950 praedecessoris
1654 1906 1780 1945 litteris,
1805 1907 1942 1951 aliisque

1198 1959 1488 1992 constitutionibus
1522 1964 1553 1992 ct
1577 1959 1842 1993 ordinationibus
1869 1972 1944 2004 apo-

1199 2013 1333 2051 stolicis,
1351 2023 1411 2045 nec
1429 2022 1492 2045 non
1513 2012 1753 2056 provinciarum
1770 2018 1800 2046 et
1813 2012 1942 2047 Ordinis

1198 2065 1462 2109 praedictorum,
1487 2065 1583 2097 etiam
1611 2065 1813 2106 iuramento,
1837 2066 1915 2099 etc.⁸

1243 2119 1358 2151 Datum
1392 2119 1534 2159 Romae,
1564 2119 1648 2161 apud
1675 2119 1706 2151 S.
1731 2120 1862 2152 Mariam
1884 2120 1946 2153 Ma-

1199 2172 1318 2212 iorem,
1347 2172 1407 2204 sub
1433 2172 1557 2204 annulo
1585 2171 1782 2212 Piscatoris,
1810 2173 1861 2205 die
1885 2183 1943 2205 xxx

1200 2225 1593 2269 septembris'Moccxxvm
1614 2224 1824 2268 pontificatus
1841 2225 1944 2258 nostri

1201 2291 1285 2313 anno
1312 2290 1355 2313 tv.

1238 2342 1299 2369 Dat.
1312 2341 1357 2368 die
1373 2341 1406 2368 30
1422 2340 1590 2377 septembris
1610 2341 1687 2375 1727,
1705 2341 1804 2376 pontif.
1822 2349 1894 2368 aimo
1909 2348 1944 2368 tv.

1239 2416 1248 2438 t
1274 2413 1373 2440 Forsan
1395 2413 1541 2447 legendum
1562 2413 1711 2440 carissimi
1731 2413 1769 2448 (n.
1789 2412 1838 2446 τ.).

1237 2458 1254 2484 2
1274 2458 1372 2485 Vocem
1393 2466 1424 2486 re
1445 2466 1493 2484 nos
1514 2456 1639 2484 addimus
1658 2459 1699 2491 (n.
1717 2458 1765 2490 τ.).

1239 2504 1254 2529 3
1277 2503 1307 2529 Ut
1326 2510 1408 2538 supra
1429 2510 1490 2537 pag.
1515 2502 1562 2528 1571
1586 2510 1604 2528 a
1622 2506 1660 2536 (a.
1681 2502 1731 2535 T.).
