2170 3147
0 223 21 244 i.
34 215 64 243 C.
87 214 154 243 1726

745 197 947 236 ‘BENEDICTUS
973 212 1029 236 xm
1055 213 1104 236 Pr.

166 272 251 296 nunc
263 266 366 305 etpro
382 266 528 303 tempore
551 260 724 294 existentes
750 261 902 303 deinceps

167 315 364 357 deligantur,
404 324 583 356 eorumque
619 314 773 356 singulis,
801 314 905 346 donec

166 369 260 402 aliter
285 378 342 411 per
366 378 424 400 nos
450 378 505 400 seu
539 368 700 400 Romanos
733 367 904 399 Pontifices

165 429 368 451 successores
405 423 532 451 nostros
576 417 741 460 provisum
782 417 902 457 fuerit,

165 482 287 504 summa
312 471 543 515 quinquaginta
568 475 733 510 scutorum
755 474 904 502 monetae

165 535 318 558 romanae
344 535 402 567 per
437 523 594 556 Datariam
626 523 840 566 Apostolicam
867 533 902 555 ex

165 577 312 621 pecuniis
337 577 483 610 Romano
510 576 657 609 Pontifici
681 586 739 618 pro
760 581 904 618 tempore

166 630 314 663 existenti
341 640 378 663 ex
411 630 524 663 eadem
554 629 681 661 Dataria
705 627 906 661 obvenienti-

165 683 225 716 bus
251 682 423 726 quotannis
448 683 487 715 ab
511 682 604 715 initio
623 681 803 725 praesentis
830 680 903 712 anai

166 735 353 778 incipiendo
368 735 550 777 assignetur
567 740 598 767 et
615 734 830 777 persolvatur,
852 733 906 765 do-

165 798 227 822 nec
251 789 382 832 expleto
407 787 562 820 sexennio
588 796 744 820 censurae
771 786 905 828 gradum

166 840 302 873 assecuti
335 840 478 880 fuerint,
513 850 549 872 ac
583 839 720 872 subinde
758 838 812 871 alii
848 848 907 881 per

165 893 347 936 praedictos
383 893 562 926 cardinales
589 893 621 925 in
651 902 764 924 eorum
799 893 904 924 locum

166 947 396 988 subrogentur,
423 946 540 989 quibus
573 950 722 978 enarrata
747 944 905 987 pecuniae

166 1009 290 1032 summa
314 999 426 1032 itidem
448 998 723 1032 subministretur.
751 997 906 1031 Censores

167 1058 275 1086 autem
300 1052 400 1096 ipsius
435 1053 626 1085 Academiae
662 1062 721 1095 pro
759 1057 905 1094 tempore

168 1117 300 1150 quoque
340 1106 511 1140 existentes
548 1105 632 1138 serio
672 1105 840 1137 hortamur
876 1109 907 1136 et

167 1170 356 1199 monemus,
398 1164 554 1202 quatenus
592 1168 658 1191 non
695 1168 732 1190 ea
769 1162 903 1197 tantum,

167 1223 250 1256 quae
275 1213 307 1245 in
327 1212 473 1245 eiusdem
495 1211 687 1244 Academiae
707 1209 908 1243 constitutio-

168 1266 266 1299 nibus
292 1265 353 1298 sibi
380 1266 612 1308 iniunguntur,
639 1264 779 1297 fideliter
803 1274 839 1296 ac
864 1274 908 1296 se-

169 1319 246 1351 dulo
271 1318 483 1361 adimpleant,
510 1329 620 1351 verum
642 1318 737 1350 etiam
764 1317 795 1349 in
822 1327 909 1349 erro-

168 1382 221 1404 res
247 1371 446 1411 refutandos‚
471 1371 636 1404 Ecclesiae
661 1374 691 1403 et
708 1370 799 1403 Sedis
820 1380 909 1413 prae-

170 1423 275 1457 dictae
301 1424 371 1456 iura
396 1424 571 1456 asserenda
596 1430 626 1456 et
643 1423 844 1462 vindicanda,
871 1433 907 1455 ac

168 1476 420 1509 ecclesiasticam
457 1476 627 1509 historiam
660 1476 905 1515 illustrandam,

167 1528 255 1562 iuxta
279 1529 411 1562 modum
437 1535 468 1562 et
496 1529 631 1562 formam
667 1528 727 1560 sibi
760 1539 778 1561 a
814 1528 907 1560 nobis

167 1583 217 1616 vel
243 1582 394 1615 Romanis
426 1581 636 1615 Pontificibus
667 1582 908 1615 successoribus

168 1637 288 1671 nostris
325 1642 378 1670 aut
415 1637 636 1670 cardinalibus
669 1636 928 1680 protectoribus'

168 1691 321 1734 praefatis
346 1690 628 1734 praescribendos,
654 1690 776 1723 viribus
804 1689 908 1722 omni-

169 1743 227 1776 bus
252 1744 497 1784 incumbenteS,
524 1744 589 1776 Deo
619 1748 651 1776 et
681 1743 842 1776 Ecclesiae
875 1754 908 1776 se

170 1797 328 1830 devovere
347 1808 381 1830 ac
400 1797 519 1839 iugiter
535 1797 697 1830 deservire
723 1802 907 1839 procurent.

169 1844 207 1884 Et
223 1851 297 1894 quia
318 1850 445 1883 debitus
464 1850 607 1882 iustitiae
627 1850 707 1882 ordo
726 1850 833 1892 exigit,
853 1860 907 1883 eos

171 1904 225 1947 qui
249 1914 412 1936 sacrarum
442 1903 624 1936 litterarum
657 1903 769 1935 studiis
795 1913 828 1936 se
854 1903 910 1936 de-

171 1956 301 1997 derunt,
342 1956 476 2000 aliisque
516 1956 546 1988 in
584 1956 762 1989 divinarum
800 1966 909 1989 rerum

171 2010 307 2043 scientia
331 2011 548 2053 praecellunt,
574 2009 744 2052 condignis
779 2010 818 2042 ab
850 2009 910 2042 hac

171 2063 203 2096 S.
229 2062 312 2096 Sede
349 2063 524 2105 gratiarum
550 2062 738 2095 muneribus
776 2063 907 2103 donari;

172 2126 310 2159 cumque
335 2116 420 2148 idem
448 2115 598 2149 Clemens
623 2115 857 2158 praedecessor
878 2115 911 2148 in

172 2169 383 2213 praeinsertis
408 2169 524 2202 litteris
551 2169 752 2201 academicos
784 2168 911 2211 praedi-

173 2227 242 2255 ctos
274 2222 306 2254 in
342 2221 515 2255 collatione
549 2221 786 2254 beneficiorum
811 2223 912 2255 eccle-

174 2275 378 2308 siasticorum
392 2275 463 2307 aliis
478 2274 631 2307 anteferri
646 2274 823 2307 monuerit:
842 2284 910 2314 nos,

173 2328 274 2371 ipsius
300 2327 475 2360 Clementis
499 2326 762 2370 praedecessoris
778 2326 913 2369 vestigia

175 2386 353 2420 sectantes,
378 2391 489 2413 omnes
522 2385 553 2413 et
578 2380 726 2422 singulos
761 2390 914 2422 quorum-

176 2443 312 2476 cumque
349 2432 584 2465 bcncficiorum
620 2432 913 2465 ecclesiastieorum

1584 200 1642 235 351

946 261 1034 294 modi
1059 261 1243 301 collatione,
1263 261 1380 294 ceteris
1405 259 1544 303 paribus,
1562 259 1686 303 praefe-

947 320 1037 353 rant,
1063 315 1236 358 praecipue
1261 325 1335 347 vero
1367 314 1495 348 eosdem
1520 313 1685 346 Romanos

947 366 1119 399 Pontifices
1144 378 1348 400 successores
1373 373 1501 400 nostros
1523 366 1615 399 enixe
1637 376 1686 399 ro-

947 430 1068 461 gamus,
1087 425 1131 458 ut,
1149 430 1257 452 secum
1279 425 1463 462 reputantes
1483 424 1686 462 quantopere

950 471 1120 503 Academia
1146 471 1333 513 theologica
1363 472 1541 514 praefatam
1567 473 1685 504 almam

947 522 1067 555 Urbem
1093 534 1220 563 ornare,
1238 522 1405 566 quotque¹
1431 525 1547 556 uberes
1573 523 1605 555 in
1630 523 1686 556 Ec-

948 576 1047 608 clesia
1071 575 1126 608 Dei
1152 576 1285 614 fructus,
1303 576 1518 609 benedicente
1535 576 1683 616 Domino,

948 627 1063 660 afferre
1088 629 1201 671 possit,
1228 629 1253 661 si
1280 640 1348 661 cam
1367 629 1503 661 maxime
1525 628 1632 670 vigere
1651 639 1687 661 ac

948 680 1066 713 florere
1092 681 1287 722 contigerit,
1314 680 1346 713 in
1377 681 1620 714 canonicatibus
1656 691 1687 713 a·

949 733 1064 776 liisque
1080 733 1248 766 beneficiis
1267 734 1452 766 huiusmodi
1478 733 1687 767 conferendis

949 785 1230 829 pensionibusque
1266 785 1493 819 ecclesiasticis
1521 796 1690 818 reservan-

950 840 997 872 dis
1024 845 1056 872 et
1085 839 1154 873 aliis
1187 839 1297 881 gratiis
1328 840 1553 882 impertiendis
1586 839 1689 872 dictos

949 893 1162 933 academicos,
1190 892 1379 935 praesertim
1405 892 1429 924 si
1449 902 1602 925 censores
1624 892 1690 925 fue-

949 948 1032 987 rint,
1059 956 1136 989 prae
1162 946 1266 978 oculis
1293 946 1414 978 habere
1449 945 1570 984 velint,
1594 950 1691 988 prout

948 999 1149 1042 singulorum
1174 999 1290 1031 merita
1316 998 1559 1041 postulaverint,
1578 1008 1690 1040 quem-

950 1053 1123 1085 admodum
1149 1063 1207 1085 nos
1233 1053 1338 1085 facere
1363 1062 1427 1084 non
1453 1051 1650 1084 omittemus.

994 1105 1064 1148 ἐξ).
1099 1105 1146 1138 Ad
1180 1106 1276 1145 haec,
1308 1116 1379 1137 cum
1413 1105 1507 1147 aequi
1543 1104 1688 1147 bonique

950 1159 1070 1191 rationi
1114 1159 1298 1191 conducere
1342 1158 1551 1200 dignoscatur
1593 1156 1690 1189 certis

951 1213 1069 1245 muniis
1095 1212 1285 1245 exercendis
1312 1211 1468 1244 adhibere
1506 1211 1561 1254 qui
1589 1215 1690 1243 tutum

951 1266 1032 1299 adeo
1070 1265 1238 1299 doctrinae
1281 1265 1540 1308 experimentum
1581 1264 1690 1306 palam

952 1319 1123 1357 dederunt,
1149 1318 1352 1360 maximeque
1379 1317 1493 1349 deceat
1512 1315 1692 1348 honoribus

953 1373 1049 1405 etiam
1082 1382 1200 1413 augere
1232 1371 1285 1415 qui
1311 1371 1397 1404 omni
1423 1371 1497 1403 cura
1524 1381 1560 1402 ac
1585 1369 1691 1402 studio

953 1425 1145 1468 ampliorem
1173 1425 1234 1457 sibi
1260 1418 1452 1467 sapientiam
1483 1433 1690 1466 comparare,

953 1478 1157 1511 Academiam
1183 1477 1380 1521 praedictam
1406 1477 1438 1510 in
1457 1476 1621 1520 publicum
1639 1476 1693 1509 Ec·

953 1532 1068 1564 clesiae
1102 1531 1221 1564 bonum
1257 1541 1292 1563 ac
1309 1525 1529 1564 ‘commodum
1564 1530 1691 1569 colere,

952 1595 1081 1618 serrare
1108 1591 1137 1617 et
1163 1594 1281 1626 augere
1308 1594 1370 1617 non
1392 1583 1552 1624 desinunt,
1575 1582 1693 1615 dimen-

953 1648 1071 1681 sosque
1097 1637 1157 1670 sibi
1195 1637 1371 1670 litterarios
1396 1637 1526 1670 labores
1557 1646 1615 1678 pro
1639 1646 1693 1669 ve-

953 1691 1045 1723 ritate
1072 1690 1191 1723 tuenda
1217 1690 1388 1733 dictaeque
1413 1689 1503 1722 Sedis
1536 1688 1692 1731 dignitate

953 1744 1130 1777 asserenda
1155 1744 1240 1776 ultro
1266 1742 1447 1786 suscipiunt
1481 1747 1511 1775 et
1537 1742 1691 1780 tolerant,

954 1797 1075 1830 eisdem
1093 1796 1312 1830 cardinalibus
1330 1795 1571 1839 protectoribus
1586 1794 1693 1827 iniun-

954 1850 1068 1892 gimus,
1086 1855 1130 1889 ut,
1149 1848 1441 1893 cpiandoeumque‘2
1458 1848 1533 1881 novi
1551 1848 1693 1891 philoso-

953 1903 1050 1947 phiae
1092 1908 1144 1936 aut
1182 1913 1292 1935 sacrae
1331 1902 1517 1944 theologiae
1553 1902 1692 1934 lectores

952 1956 1073 2000 publici
1092 1956 1122 1988 in
1141 1956 1307 1999 praedicto
1325 1955 1490 1998 gymnasio
1507 1955 1692 1998 Sapientiae

953 2011 1001 2042 vel
1036 2010 1069 2042 in
1101 2009 1241 2051 collegio
1280 2009 1319 2041 de
1363 2008 1575 2051 propaganda
1614 2008 1692 2042 Fide

953 2066 1140 2105 nuncupato
1160 2062 1198 2094 de
1216 2061 1329 2095 eadem
1346 2061 1432 2094 Urbe
1450 2061 1604 2104 praefata,
1623 2072 1691 2094 exa·

954 2115 1130 2148 minatores
1157 2115 1196 2147 ad
1222 2114 1451 2154 confessiones,
1479 2124 1587 2146 saeros
1612 2114 1694 2147 ordi-

955 2178 1029 2208 nes,
1057 2172 1089 2200 et
1113 2167 1294 2207 beneficia,
1320 2166 1562 2209 qualificatores
1595 2166 1693 2200 officii

955 2220 1179 2264 inquisitionis
1204 2220 1359 2252 adversus
1396 2219 1594 2253 haereticam
1619 2230 1693 2263 pra-

955 2273 1099 2314 vitatem,
1114 2275 1316 2306 consultores
1333 2273 1627 2316 Congregationum
1640 2284 1694 2307 eo-

957 2326 1104 2359 rumdem
1133 2325 1367 2358 venerabilium
1398 2326 1533 2359 fratrum
1565 2332 1694 2361 nostro-

957 2389 1025 2411 rum
1050 2378 1081 2411 S.
1101 2379 1136 2411 R.
1152 2378 1187 2411 E.
1207 2378 1420 2412 cardinalium
1445 2379 1542 2412 sacris
1563 2379 1690 2421 ritibus,

956 2432 1057 2465 Indici
1083 2432 1240 2465 librorum
1265 2432 1508 2475 prohibitorum
1529 2438 1560 2466 et
1581 2444 1694 2477 expur-

176 2487 348 2519 collatores
373 2486 522 2519 similiter
547 2485 751 2528 requirimuS,
770 2491 814 2525 ut,
836 2496 914 2529 quos
935 2482 938 2510 ¹
958 2486 1155 2529 gandorum,
1199 2496 1236 2518 ac
1276 2485 1485 2528 indulgentiis
1526 2487 1693 2530 sacrisque

178 2539 298 2571 diutius
325 2539 359 2572 in
393 2539 477 2572 dicta
512 2538 685 2571 Academia
717 2549 787 2571 cum
819 2539 913 2572 laude

178 2598 318 2627 versatos
343 2602 411 2626 esse
437 2591 633 2634 constiterit,
670 2591 739 2625 aliis
769 2592 801 2625 in
829 2592 914 2626 eius-

994 2559 1005 2583 1
1020 2556 1090 2583 Edit.
1102 2556 1255 2591 Main.legit
1264 2557 1396 2591 quodque
1407 2564 1454 2592 pro
1466 2559 1589 2592 quotque
1600 2557 1692 2592 (usta).

992 2601 1009 2628 ⁶2.
1028 2600 1128 2628 Forsan
1148 2599 1223 2628 deest
1242 2601 1369 2636 eligendi
1388 2604 1474 2629 eruut
1492 2602 1532 2636 (n.
1555 2602 1604 2635 Τ.).

1694 209 1743 237 An.
1761 209 1788 236 C.
1811 210 1879 238 1726

1722 1116 1804 1136 statuta
1818 1120 1883 1141 quac·

1700 1142 1746 1162 dam
1756 1148 1793 1168 pro
1802 1142 1884 1162 Acade-

1701 1175 1755 1189 [ιιι-αθ
1772 1171 1831 1190 recta
1851 1168 1885 1189 dt-

1701 1197 1804 1219 rectione.
