2170 3147
238 248 428 276 An.c.1725
473 237 537 269 {6ss

432 301 576 338 tempore
603 294 728 337 pariter
753 293 909 326 existenti
935 292 1094 335 magistro
1120 302 1174 335 ge-

432 348 531 381 nerali
559 348 625 380 sive
657 347 726 380 eius
754 348 826 380 loco
852 346 884 378 in
911 346 1056 379 Romana
1082 345 1174 378 Curia

433 402 592 434 residenti
618 401 737 433 vicario
755 400 902 443 generali
921 399 1051 432 Ordinis
1066 399 1175 432 liuius-

433 454 520 487 modi
542 453 728 487 immediate
743 453 910 485 snbiaeere
930 453 1075 493 deberet,
1095 452 1176 484 itaut

433 509 465 540 in
491 508 580 541 illam
606 507 686 540 nulli
714 506 766 540 alii
794 506 893 550 ipsius
919 505 1049 539 Ordinis
1083 516 1176 548 supe-

433 562 559 601 riores,
588 566 816 604 praeterquam
847 560 951 593 dictae
985 559 1172 602 Congrega-
1197 589 1198 592 ,

434 614 531 647 tionis
556 613 694 646 vicarius
720 613 886 656 ceterique
912 612 1001 645 illius
1036 611 1175 655 praelati

434 668 520 700 iuxta
544 678 668 701 morem
693 666 844 710 deputari
863 667 950 699 soliti
979 671 1176 709 potestatem

434 721 576 765 aliquam
601 722 749 754 valerent
773 730 941 760 exercere,
968 719 1090 762 pariter
1105 729 1177 762 per-
1197 705 1199 724 ι

434 780 532 818 petuo
557 774 678 814 erexit3
706 773 738 806 in
764 773 881 817 quibus
903 773 1117 806 conventibus
1137 772 1175 805 ad

433 828 634 872 praedictam
659 827 954 870 Congregationem
974 827 1020 859 sic
1035 831 1176 859 erectam

435 886 466 914 et
483 880 663 914 institutam
680 880 906 923 spectantibus
928 880 1044 912 fratres
1064 889 1176 912 omnes

435 934 474 968 ad
493 936 634 978 regulae,
653 945 747 978 quam
765 933 906 976 professi
924 933 1060 973 fuerant,
1083 943 1176 976 prae-

435 987 592 1030 scriptum
611 992 721 1020 exacte
740 987 834 1020 vitam
854 987 1025 1020 instituere
1047 991 1079 1019 et
1092 996 1178 1019 com-

434 1051 560 1085 ponere
578 1067 585 1081 ,
612 1047 710 1084 atque
735 1041 817 1081 illa,
851 1051 934 1083 qnae
972 1050 1177 1073 communem

436 1095 546 1134 vitam,
567 1094 686 1127 vietum
705 1100 736 1126 et
753 1093 901 1126 vestitum
919 1094 1174 1132 concernebant,

437 1149 523 1180 iuxta
548 1147 685 1181 Concilii
711 1147 893 1180 Tridentini
920 1152 951 1180 et
983 1147 1176 1179 recolendae

436 1200 614 1233 memoriae
650 1200 826 1233 Clementis
863 1200 968 1242 Papae
994 1199 1058 1232 wll
1083 1195 1202 1242 prae-³

436 1254 616 1287 decessoris
642 1254 754 1286 itidem
782 1253 884 1286 nostri
904 1252 1110 1285 decretorum
1133 1257 1177 1284 te·
1198 1241 1199 1276 ἶ

436 1318 560 1346 norem,
587 1306 726 1340 fideliter
751 1311 783 1339 et
807 1305 1041 1339 inviolabiliter
1066 1305 1177 1338 obser·
1198 1326 1199 1331 ,

436 1371 510 1394 vare
529 1361 707 1400 deberent·,
729 1359 898 1403 voluitque
915 1359 1003 1392 idem
1021 1359 1177 1391 Innocen-

438 1415 500 1447 tius
526 1414 771 1457 praedeeessor,
791 1419 825 1446 ut
846 1413 907 1456 ipsi
925 1411 1176 1455 Congregationi
1198 1422 1199 1430 ¹

437 1467 476 1500 de
501 1467 621 1500 idoneo
646 1466 766 1500 vicario
793 1465 937 1509 generali
964 1476 1001 1498 ex
1023 1464 1177 1497 fratribus
1198 1485 1199 1491 κ

437 1520 572 1554 alienius
599 1531 634 1553 ex
661 1520 872 1553 conventibus
898 1519 1001 1562 ipsius
1028 1518 1174 1561 Congre-

437 1574 575 1617 gationis
601 1584 618 1606 a
636 1573 790 1616 magistro
809 1572 955 1616 generali
972 1571 1118 1615 praefato
1138 1572 1177 1604 de

436 1627 569 1660 biennio
596 1627 627 1659 in
654 1626 822 1659 biennium
848 1625 1096 1668 provideretur,
1123 1624 1177 1667 qui
1199 1617 1200 1626 ¹

438 1680 585 1713 eamdem
612 1690 745 1722 prorsus
772 1678 1035 1712 iurisdictionem
1062 1682 1094 1711 et
1126 1688 1179 1710 au-

438 1733 623 1766 ctoritatem
649 1732 786 1766 haberet
812 1732 844 1764 in
871 1737 1049 1765 conventus
1068 1736 1099 1764 et
1119 1731 1179 1763 sra-

439 1792 503 1820 tres
529 1786 715 1830 praedictae
741 1786 1013 1829 Congregationis
1029 1812 1036 1825 ‚
1063 1795 1177 1828 quam,
1199 1786 1201 1798 ¹

438 1839 523 1872 iuxta
549 1839 745 1882 apostolicas
771 1844 802 1871 et
827 1838 903 1871 dicti
936 1838 1066 1871 Ordinis
1103 1847 1180 1870 eon-

437 1893 634 1933 stitutiones,
661 1893 788 1936 priores
814 1892 1032 1936 provinciales
1059 1892 1202 1924 liabent¹

439 1946 470 1979 in
496 1947 561 1979 suis
588 1946 784 1990 provinciis3
812 1951 926 1989 posset
951 1945 1179 1989 quoqueidem

438 2001 574 2034 vicarius
589 2011 812 2044 quoscumque
825 2001 942 2033 fratres
951 1999 1081 2033 Ordinis
1092 2009 1181 2043 prae·
1202 2014 1203 2017 ¹

441 2055 494 2087 sati
519 2055 746 2098 undecumque
779 2053 948 2086 venientes
983 2052 1178 2096 suscipere,

440 2113 472 2140 et
505 2107 551 2140 eis
587 2107 626 2140 de
663 2107 879 2140 conventibus
913 2094 1204 2148 Congregationis'1

440 2160 624 2205 praedictae
639 2170 698 2204 per
713 2160 959 2203 deputationem
976 2160 1026 2192 vel
1040 2158 1183 2200 assigna·
1203 2155 1204 2170 ³

441 2215 563 2248 tionem
589 2215 777 2258 providere,
798 2214 883 2257 quod
902 2218 1009 2246 tamen
1031 2212 1182 2245 crimino-

442 2268 484 2301 sis
510 2269 598 2301 iuxta
618 2268 694 2301 dicti
720 2267 894 2301 Clementis
919 2265 1182 2310 praedecessoris
1204 2297 1205 2309 χ

443 2322 574 2356 decreta
613 2323 802 2355 nullatenus
843 2321 1001 2364 prodesse
1037 2321 1182 2359 valeret,

442 2385 508 2407 non
534 2380 642 2408 autem
668 2375 933 2416 intelligerentur
950 2374 1049 2407 iidem
1068 2373 1184 2406 fratres

443 2427 700 2470 Congregationi
732 2427 922 2461 huiusmodi
954 2426 1181 2469 incorporati,

444 2480 505 2513 nisi
532 2486 605 2523 post
629 2480 897 2523 quadriennium,
914 2490 1018 2523 eoque
1038 2479 1183 2518 durante,

444 2533 469 2566 si
497 2534 536 2566 ad
562 2544 638 2566 suos
665 2539 845 2566 conventus
870 2534 918 2565 vel
938 2532 1118 2575 provincias
1137 2541 1186 2563 re-

443 2587 513 2620 dire
537 2587 729 2626 voluissent,
753 2586 884 2619 licentia
911 2585 957 2618 eis
983 2584 1124 2618 abeundi
1147 2583 1186 2617 li-

444 2641 521 2673 bere
550 2640 797 2674 conc-ederetur.

1019 242 1200 267 nULLAan
1226 242 1378 266 nonmum

1967 240 2017 267 An.
2038 240 2066 268 C.
2087 241 2152 270 ¹725

1262 292 1276 334 g
1303 291 1333 323 02.
1361 291 1533 324 Praeterea
1558 290 1638 324 nulli
1666 300 1702 323 ex
1728 288 1881 323 fratribus
1912 288 1959 322 di·
1987 302 2152 332 abeoqueinier

1219 350 1287 377 ctae
1313 344 1594 387 Congregationis,
1614 343 1680 376 sive
1699 343 1786 376 intra
1808 353 1879 376 eam
1903 329 2153 387 ha-issirf?¹¹¹⁰q'¹s‘='illss

1217 398 1320 431 bitum
1346 397 1560 441 suscepisset,
1586 397 1653 429 sive
1679 397 1829 436 aliunde,
1856 395 1881 428 si
1900 405 1960 438 per
1971 381 2153 439 ἓῖἒῗῖἓῖἷῖιΐέῗέ

1219 451 1491 495 quadriennium,
1517 457 1552 482 ut
1582 450 1781 493 praefertur,
1809 434 2154 492 incorpo-ii'ili'litiilffliiZ

1219 509 1306 537 ratus
1329 504 1460 543 suisset,
1487 503 1735 546 permitteretur
1760 501 1897 534 transire
1922 501 1962 534 ad
1974 490 2110 510 ''mmm‘’

1219 562 1396 590 conventus
1423 562 1512 590 extra
1537 566 1626 589 suam
1651 554 1964 598 Congregationem,

1219 611 1280 644 nisi
1307 611 1345 644 de
1372 610 1503 644 licentia
1527 609 1660 650 vicarii,
1693 611 1757 641 una
1781 619 1854 642 cuin
1887 618 1965 642 con-

1219 664 1291 697 silio
1329 674 1382 697 sex
1424 663 1606 706 graviorum
1648 667 1777 705 patrum
1818 661 1966 694 eiusdem

1220 717 1515 760 Congregationis;
1553 726 1638 759 quae
1680 721 1788 748 tamen
1832 714 1966 748 licentia

1220 781 1286 804 non
1308 770 1400 803 facile
1423 770 1564 810 daretur,
1590 769 1648 803 sed
1676 767 1865 802 omnimoda
1890 767 1965 800 dili·
1998 766 2001 767 ⁷

1221 824 1331 867 gentia
1366 829 1397 857 et
1429 822 1599 856 charitatis
1632 822 1736 856 officia
1768 821 1966 855 adhiberen-

1223 884 1296 919 tur,
1326 883 1359 910 ut
1384 877 1474 910 abire
1507 877 1653 910 volentes
1687 876 1718 908 in
1745 880 1897 919 suscepto
1922 875 1966 907 vi-

1222 936 1272 964 tae
1298 931 1446 964 instituto
1480 930 1779 970 confirmarentur;
1817 929 1904 973 quod
1938 928 1963 962 si

1221 985 1329 1018 adhue
1354 985 1386 1017 in
1413 984 1601 1018 discedendi
1628 986 1795 1018 voluntate
1814 993 1964 1027 perman-

1221 1039 1359 1078 sissent,
1387 1039 1515 1071 tandem
1542 1038 1801 1076 dimitterentur,
1827 1047 1866 1069 ne
1892 1035 1963 1069 aliis

1221 1091 1457 1135 impedimento
1483 1091 1604 1124 forent:
1631 1096 1662 1123 et
1687 1090 1780 1129 alias,
1807 1093 1905 1133 prout
1929 1088 1961 1120 in

1222 1144 1323 1187 ipsius
1348 1143 1528 1177 innocentii
1556 1142 1820 1187 praedecessoris
1845 1141 1963 1176 litteris

1221 1198 1416 1241 praedictis,
1443 1208 1579 1241 quarum
1607 1203 1756 1230 tenorem
1783 1195 1966 1239 praesenti-

1221 1251 1281 1283 bus
1307 1261 1365 1293 pro
1392 1252 1489 1294 plene
1517 1256 1549 1283 et
1574 1250 1775 1283 sufficienter
1809 1259 1964 1292 expresso

1222 1315 1258 1337 ac
1284 1305 1323 1337 de
1349 1305 1450 1337 verbo
1476 1303 1517 1336 ad
1542 1304 1676 1336 verbum
1702 1303 1823 1337 inserto
1850 1301 1965 1336 haberi

1222 1359 1397 1397 volumus,
1426 1357 1557 1390 uberius
1584 1357 1784 1390 continetur.

1264 1412 1278 1454 ξ
1303 1411 1334 1445 3.
1362 1411 1507 1444 Subinde
1534 1421 1620 1451 vero,
1646 1411 1729 1444 sieut
1752 1409 1847 1443 nobis
1864 1409 1963 1444 etiam
2046 1415 2159 1437 Narratur

1974 1443 2074 1469 querelae
2098 1447 2160 1463 exur-

1221 1464 1385 1505 innotuit‚
1412 1464 1527 1498 delatis
1551 1475 1612 1507 pro
1636 1469 1729 1507 parte
1761 1463 1873 1496 vicarii
1909 1469 2160 1521 ge’ssffimhgsslgleigssss

1198 1563 1200 1569 ,
1220 1519 1340 1552 neralis
1358 1518 1626 1562 Congregationis
1645 1517 1810 1561 praefatae
1829 1517 1869 1550 ad
1884 1516 1961 1550 Con·
1974 1524 2038 1544 nonu
2077 1522 2160 1547 praedi-

1975 1552 2022 1570 ctae
2038 1551 2059 1569 ot
2069 1549 2159 1575 priorem

1221 1573 1441 1616 gregationem
1475 1578 1552 1606 tunc
1586 1571 1793 1605 existentium
1817 1571 1849 1605 S.
1868 1571 1906 1604 R.
1926 1571 2160 1623 E·5{3{‘¹⁰¹‘t¹323’13322

1222 1627 1439 1660 cardinalium
1456 1631 1487 1660 et
1503 1626 1652 1659 eiusdem
1669 1626 1834 1659 Romanae
1852 1624 1965 1658 Curiae
1975 1627 2160 1677 ghasssstggffisgflj

1222 1680 1444 1723 praelatorum
1475 1689 1574 1722 super
1611 1678 1783 1722 disciplina
1819 1677 2052 1721 regularinnssw.

1222 1733 1406 1776 specialiter
1431 1732 1625 1766 auctoritate
1652 1731 1833 1775 apostolica
1866 1731 1967 1774 depu-

1224 1792 1287 1819 tam
1313 1786 1454 1829 querelis
1474 1813 1481 1825 ‚
1511 1786 1598 1829 quod
1628 1785 1721 1828 prior
1757 1783 1966 1828 provincialis

1224 1839 1329 1871 dictae
1356 1839 1543 1882 provinciae
1565 1838 1779 1871 Lombardiae
1806 1838 1923 1871 Fratres
1950 1846 1966 1869 e

1224 1892 1307 1925 dicta
1327 1892 1593 1935 Congregafflone
1611 1891 1668 1925 ad¹
1691 1902 1724 1925 se
1747 1891 1901 1924 dimissos
1919 1900 1965 1923 re-

1224 1946 1334 1988 cipere
1360 1950 1534 1985 renueret,
1562 1945 1613 1977 die
1638 1955 1682 1978 xn
1708 1943 1813 1977 martii
1846 1952 1967 1978 MDCGIX

1225 1998 1389 2031 emanavit
1415 1998 1453 2030 ab
1479 1997 1549 2041 ipsa
1573 1996 1830 2040 Congregatione
1867 1995 1967 2029 cardi-

1225 2051 1347 2084 nalium
1375 2056 1407 2083 et
1431 2052 1650 2094 praelatorum
1677 2050 1856 2090 decretum,
1880 2054 1916 2082 ut
1932 2049 1967 2082 li-

1225 2110 1314 2137 ceret
1339 2103 1458 2137 vicario
1477 2102 1622 2146 generali
1641 2102 1787 2146 praefato
1806 2101 1969 2135 dimittere

1227 2158 1341 2190 fratres
1368 2167 1384 2190 e
1411 2156 1494 2189 dicta
1519 2156 1780 2198 Congregatione
1801 2183 1808 2197 ‚
1840 2154 1971 2199 praevia

1226 2217 1334 2244 tamen
1359 2209 1585 2244 notificatione
1604 2209 1805 2243 dimissionis
1824 2208 1971 2242 facienda

1228 2266 1313 2298 dicto
1339 2264 1441 2308 priori
1472 2263 1664 2307 provinciali
1684 2289 1691 2303 ‚
1724 2262 1779 2306 qni
1817 2262 1970 2295 dimissos

1228 2318 1260 2350 in
1286 2317 1349 2351 alio
1368 2322 1531 2350 conventu
1550 2316 1656 2349 statim
1677 2317 1849 2356 collocare,
1872 2319 1904 2348 et
1921 2315 1969 2348 lo—

1228 2382 1300 2404 cum
1327 2369 1550 2403 destinationis
1577 2369 1679 2402 sactae
1712 2368 1817 2402 eidem
1848 2367 1970 2401 vicario

1230 2424 1397 2458 notificare
1425 2428 1613 2463 teneretur;
1641 2422 1855 2465 quamobrem
1880 2431 1971 2464 prae-

1229 2478 1312 2511 fatus
1337 2477 1427 2520 prior
1457 2475 1663 2519 provincialis
1700 2485 1813 2508 omnes
1854 2474 1970 2507 fratres

1229 2542 1245 2563 e
1271 2530 1355 2562 dicta
1381 2528 1644 2572 Congregatione
1667 2527 1830 2567 dimissos,
1851 2527 1971 2559 nedum

1268 2648 1275 2672 1
1299 2644 1392 2672 Posset
1407 2644 1497 2672 forsan
1514 2643 1575 2677 quis
1591 2643 1681 2677 legere
1697 2642 1732 2670 ab
1748 2650 1795 2676 pro
1811 2641 1849 2669 ad
1863 2641 1901 2677 (n.
1919 2641 1970 2677 Τ.)-
