2170 3147
148 252 163 278 ιθ

166 253 182 278 ¹⁴¹

1 255 49 280 An.
65 254 93 279 C.
116 255 124 279 1

23 1157 133 1177 Clanen'ae
144 1162 186 1177 am-

3 1185 117 1212 plis-simae.

778 254 973 277 BENEDICTL‘S
1000 255 1053 278 XIII
1080 255 1128 278 ΓΡ.

193 301 290 334 satum
315 306 509 334 conventum
534 301 649 334 Montis
681 301 788 334 Sancti
827 302 928 334 dictae

192 354 376 398 provinciae
402 353 636 397 Neapolitanae
664 353 710 387 sic
735 359 861 386 erectae
899 359 931 386 et

193 407 359 440 institutae
386 406 519 440 uniendi
547 411 578 439 et
603 406 857 449 incorporandi,
894 416 930 437 ac

193 470 262 493 cum
285 460 385 503 ipsius
403 464 578 492 conventus
595 459 756 499 fratribus,
770 458 821 502 qui
842 458 872 490 in
891 468 929 490 eo

194 617 427 662 dispensandi,
465 623 683 661 opportunam
724 617 930 655 facultatem,

192 676 291 709 motu,
308 670 442 704 scientia
468 670 705 703 deliberatione
732 677 763 702 et
789 673 930 712 potesta-

194 723 232 755 tis
258 723 461 766 plenitudine
495 723 675 763 similibus,
701 721 874 754 tribuimus
899 726 931 754 et

193 777 412 820 impartimur:
430 782 609 810 statuentes
627 781 660 809 ut
678 776 794 810 electio
810 775 929 819 prioris

193 830 399 873 provincialis
417 858 424 870 ‚
455 829 661 863 definitorum
680 856 687 870 ,
727 829 930 872 aliorumque

193 883 398 926 superiorum
424 888 455 916 et
480 882 666 916 officialium
685 892 785 915 novae
803 882 932 925 provin-

194 936 261 969 ciae
286 936 331 969 sic
356 942 499 975 erectae,
527 936 564 968 ad
591 935 829 978 praescriptum
855 945 931 968 eon-

194 989 398 1022 stitutionum
438 999 474 1021 ac
510 989 597 1021 iuxta
629 998 753 1021 morem
787 988 931 1020 eiusdem

194 1041 342 1081 Ordinis,
370 1042 409 1073 ab
435 1041 499 1074 illis
524 1041 562 1073 ad
601 1051 680 1084 quos
716 1046 841 1083 spectat
872 1040 932 1072 rite

196 1104 233 1126 ac
256 1094 369 1126 ordine
395 1093 634 1136 quamprimum
660 1093 852 1126 celebretur.

240 1147 256 1189 ἓ
278 1146 313 1179 4.
329 1146 556 1186 Decet-nentes,
575 1146 659 1189 ipsas
678 1151 866 1188 praesentes
884 1144 934 1177 lit-

199 1205 305 1240 teras,
333 1205 363 1232 et
389 1200 421 1232 in
446 1200 491 1232 eis
516 1205 667 1232 contenta
692 1209 932 1242 quaecumque,
954 1214 956 1223 t

199 1253 294 1287 etiam
321 1263 357 1286 ex
384 1264 422 1286 eo
449 1253 534 1296 quod
561 1253 700 1296 quilibet
721 1252 752 1284 in
782 1252 935 1295 praemis-

199 1307 241 1340 sis
267 1307 316 1339 ius
344 1308 392 1339 vel
419 1307 575 1339 interesse
602 1306 780 1346 habentes,
808 1316 863 1338 seu
882 1306 935 1337 lia-

198 1361 275 1393 bere
301 1360 546 1404 quomodolibet
563 1359 823 1403 praetendentes
838 1358 933 1391 etiam

199 1412 347 1456 specifica
362 1418 393 1446 et
411 1412 575 1445 individua
589 1413 755 1444 mentione
770 1411 934 1444 mentione

199 1472 230 1499 et
255 1466 466 1509 expressione
492 1465 590 1508 digni,
618 1465 679 1497 illis
711 1475 776 1497 non
803 1475 935 1497 consen-

199 1519 308 1559 serint,
334 1529 394 1551 nec
418 1518 457 1551 ad
483 1529 519 1550 ea
537 1517 653 1557 vocati,
671 1517 758 1550 citati
777 1523 807 1549 et
824 1516 934 1557 auditi,

200 1582 305 1615 neque
330 1582 455 1611 causae,
481 1576 616 1614 propter
642 1581 720 1614 quas
744 1574 934 1613 praesentes

200 1624 404 1664 emanarint,
445 1624 645 1656 sufficienter
685 1624 842 1656 adductae
882 1627 936 1655 aut

199 1677 380 1710 verificatae
406 1682 437 1709 et
463 1676 653 1708 iustificatae
679 1675 810 1714 suerint,
828 1680 882 1707 aut
899 1685 936 1707 ex

200 1729 310 1772 quavis
335 1729 397 1762 alia
424 1729 661 1772 quantumlibet
686 1728 845 1767 iuridica,
884 1728 937 1770 pia

201 1789 233 1815 et
256 1782 461 1827 privilegiata
484 1784 593 1822 causa,
620 1783 738 1821 colore,
766 1786 935 1824 praetextu

201 1842 232 1869 et
256 1836 371 1879 capite,
399 1835 494 1867 etiam
513 1835 546 1867 in
561 1845 698 1877 corpore
717 1835 796 1866 iuris
815 1835 937 1874 clauso,

201 1889 295 1922 etiam
321 1888 479 1927 enormis,
505 1887 748 1920 enormissimae
774 1893 803 1919 et
830 1887 937 1919 totalis

201 1941 375 1980 laesionis,
406 1941 496 1973 nullo
535 1950 678 1983 unquam
718 1945 862 1982 tempore
899 1936 960 1971 dc'

202 1994 422 2038 subreptionis
447 1994 496 2026 vel
523 1992 725 2036 obreptionis
757 1997 810 2024 aut
846 1991 938 2025 nulli·

203 2049 276 2081 tatis
297 2047 383 2086 vitio,
402 2058 458 2080 seu
485 2046 676 2079 intentionis
702 2051 854 2085 nostrae,
885 2051 940 2078 aut

204 2101 358 2133 interesse
385 2100 573 2132 habentium
600 2101 804 2139 consensus,
832 2100 938 2132 aliove

203 2153 349 2197 quolibet
375 2153 468 2186 etiam
505 2152 712 2195 quantumvis
751 2153 874 2186 formali
910 2158 941 2185 et

204 2207 408 2239 substantiali
447 2206 715 2250 individuamque
759 2206 940 2249 expressio-

207 2270 276 2293 vem
312 2260 498 2303 requirente
524 2260 647 2292 defectu
682 2260 809 2299 notari,
836 2259 941 2302 impu-

206 2313 314 2357 gnari,
341 2312 500 2355 infringi,
528 2312 695 2345 retractari
720 2340 727 2351 ,
753 2313 784 2344 in
811 2317 941 2345 contro-

206 2366 345 2399 versiam
370 2365 476 2399 vocari
493 2365 511 2404 ¹,
536 2370 590 2397 aut
613 2366 652 2398 ad
679 2365 835 2398 terminos
862 2364 940 2396 iuris

206 2418 341 2460 reduci,
367 2424 422 2452 aut
448 2418 604 2451 adversus
640 2418 712 2451 illas
750 2417 940 2461 aperitionis
963 2438 964 2442 ,

207 2473 272 2507 oris
290 2500 297 2513 ‚
324 2472 539 2506 restitutionis
565 2473 597 2505 in
623 2472 794 2513 integrum,
816 2470 942 2503 aliudve

208 2526 435 2569 quodcumque
462 2525 551 2565 iuris,
579 2525 651 2557 sacti
679 2525 727 2556 vel
753 2523 873 2565 gt‘aitiae
894 2533 943 2555 re-

207 2579 351 2613 medium
383 2578 536 2611 intentari
573 2579 622 2610 vel
657 2575 851 2620 impetrari,
890 2580 944 2608 aut

245 2642 256 2669 1
280 2639 345 2668 Male
366 2640 432 2668 edit.
453 2639 532 2667 Μαίη.
555 2639 618 2676 legit
640 2638 738 2666 notari
757 2638 793 2674 (n.
811 2638 858 2674 r).

1609 243 1667 276 181

974 303 1069 334 etiam
1095 307 1184 335 motu
1204 330 1211 343 ,
1239 303 1373 335 scientia
1398 307 1429 336 et
1454 301 1625 345 potestatis
1644 301 1711 344 ple-

950 378 951 388 i
974 355 1118 388 nitudine
1144 356 1274 399 paribus
1300 367 1454 390 concesso
1481 357 1530 389 vel
1562 360 1709 389 emanato

950 438 952 446 ‚
974 408 1161 450 quempiam
1188 409 1219 440 in
1246 408 1366 442 iudicio
1384 409 1432 442 vel
1463 414 1549 441 extra
1567 408 1645 441 illud
1665 407 1710 438 uti

950 470 1027 510 *iseu
1055 470 1089 492 se
1124 461 1231 494 iuvare
1266 462 1332 495 ullo
1365 462 1461 494 modo
1495 472 1618 504 posse3
1655 460 1711 492 scd

193 523 361 547 remanere
390 513 559 552 voluerint,
587 523 684 556 super
708 523 821 545 eorum
854 522 931 544 con·
974 512 1059 555 ipsas
1086 519 1275 556 praesentes
1303 515 1427 547 litteras
1452 513 1710 557 sempersirmas,

193 566 391 599 stitutionum
436 566 683 598 reformatarum
726 563 952 597 observantia*

972 565 1094 598 validas
1114 571 1144 598 et
1165 566 1311 599 efficaces
1330 567 1466 599 existere
1486 572 1514 599 et
1530 566 1712 605 sore,suos-

974 628 1036 660 que
1062 619 1229 661 plenarios
1255 624 1286 651 et
1311 619 1457 662 integros
1484 618 1618 652 effectus
1643 629 1712 651 sor·

974 670 1025 702 tiri
1052 676 1084 703 et
1108 671 1266 711 obtinere,
1293 683 1328 704 ac
1343 671 1417 712 illis,
1435 672 1473 704 ad
1489 681 1568 714 quos
1588 675 1712 713 spectat

974 729 1004 756 et
1025 734 1083 766 pro
1109 730 1253 767 tempore
1283 725 1554 767 quandocumque
1580 729 1708 766 specta-

973 777 1028 816 bit,
1044 776 1074 808 in
1090 777 1239 810 omuibus
1255 783 1284 810 et
1303 788 1361 821 per
1387 777 1496 810 omnia
1521 775 1711 820 plenissime

974 828 1154 872 suffragari,
1181 835 1213 862 et
1237 830 1276 862 ab
1302 830 1348 863 eis
1374 830 1553 873 respective
1579 828 1711 861 inviola-

974 881 1084 915 biliter
1109 882 1301 922 observari,
1330 883 1422 925 sique
1456 888 1487 915 ct
1520 893 1584 915 non
1618 882 1714 914 aliter

977 935 1006 967 in
1033 935 1217 978 praemissis
1242 946 1301 978 per
1334 946 1557 979 quoscumque
1591 935 1714 968 iudices

977 988 1160 1020 ordinarios
1179 994 1210 1020 et
1228 989 1409 1031 delegatos,
1429 988 1525 1020 etiam
1544 998 1713 1020 causarum

976 1041 1086 1084 palatii
1113 1041 1284 1084 apostolici
1311 1042 1485 1083 auditores,
1512 1053 1547 1074 ac
1565 1041 1596 1074 S.
1619 1041 1657 1073 R.
1677 1040 1712 1073 E.

978 1095 1139 1137 praefatae
1172 1095 1372 1135 cardinales,
1409 1096 1505 1128 etiam
1539 1095 1577 1127 de
1614 1095 1714 1127 latere

978 1148 1101 1189 legatos
1127 1153 1157 1180 et
1188 1148 1393 1190 Apostolicae
1426 1148 1516 1181 Sedis
1552 1147 1687 1180 nuncios
1707 1174 1714 1183 ,

978 1200 1097 1232 aliosve
1125 1201 1289 1244 quoslibet
1318 1211 1521 1244 quacumque
1554 1199 1715 1243 praeemi-

978 1254 1085 1286 nentia
1111 1260 1141 1286 et
1166 1259 1327 1296 potestate
1354 1255 1523 1297 fungentes
1541 1260 1572 1286 et
1590 1254 1715 1286 sunctu-

979 1316 1041 1345 ros,
1067 1306 1191 1338 sublata
1209 1306 1253 1338 eis
1272 1312 1303 1339 et
1321 1318 1433 1340 eorum
1453 1307 1587 1339 cuilibet
1604 1305 1715 1350 quavis

979 1359 1073 1391 aliter
1091 1358 1251 1391 iudicandi
1271 1365 1302 1392 ct
1316 1359 1549 1402 interpretandi
1564 1360 1714 1391 facultate

979 1416 1007 1443 et
1020 1411 1221 1451 auctoritate,
1238 1411 1374 1444 iudicari
1390 1418 1422 1444 et
1436 1411 1561 1444 definiri
1573 1412 1693 1444 debere
1708 1422 1716 1451 ;

979 1475 1013 1496 ac
1039 1463 1164 1496 irritum
1191 1470 1222 1496 et
1247 1464 1343 1497 inane
1368 1465 1392 1497 si
1419 1475 1513 1497 secus
1539 1475 1636 1507 super
1668 1463 1717 1496 his

980 1528 996 1549 a
1019 1528 1193 1560 quoquam,
1222 1518 1331 1560 quavis
1353 1517 1554 1556 auctoritate,
1574 1517 1717 1549 scienter
1742 1528 1750 1535 ·

981 1571 1027 1602 vel
1055 1570 1269 1612 ignoranter,
1295 1570 1469 1612 contigerit
1493 1569 1655 1603 attentari.

1023 1622 1037 1665 g
1062 1622 1092 1654 5.
1112 1622 1183 1655 Non
1205 1622 1407 1655 obstantibus
1437 1622 1619 1666 praemissis
1637 1649 1644 1661 ,
1682 1630 1806 1676 acmffym
1824 1630 1913 1656 duro-3³-

980 1675 1262 1708 coustitutionibus
1277 1681 1307 1708 et
1321 1675 1580 1708 ordinationibus
1595 1680 1718 1718 aposto-

980 1727 1061 1766 licis,
1082 1738 1219 1767 necnon,
1239 1734 1398 1771 quatenus
1416 1739 1494 1771 opus
1514 1728 1562 1767 sit,
1578 1727 1717 1767 Ordinis,

981 1781 1165 1824 provinciae
1199 1787 1230 1813 et
1260 1787 1476 1814 conventuum
1507 1780 1714 1819 huiusmodi,

981 1834 1114 1877 aliisque
1129 1834 1309 1877 quibusvis,
1323 1834 1418 1867 etiam
1437 1834 1629 1873 iuramento,
1649 1843 1720 1866 con-

982 1886 1162 1920 firmatione
1187 1888 1381 1930 apostolica,
1408 1888 1457 1920 vel
1485 1887 1596 1930 quavis
1623 1885 1719 1918 tirmi-

983 1946 1045 1972 tate
1064 1940 1124 1972 alia
1146 1940 1317 1979 roboratis,
1338 1940 1475 1980 statutis,
1494 1939 1588 1972 etiam
1607 1939 1720 1971 imme—

982 1993 1192 2025 morabilibus
1205 2019 1211 2032 ,
1223 1993 1403 2036 privilegiis
1418 2003 1560 2035 quoque,
1586 1992 1719 2024 indultis

983 2050 1014 2077 et
1046 2045 1165 2078 litteris
1197 2045 1384 2089 apostolicis
1421 2046 1517 2078 etiam
1553 2044 1637 2078 dicto
1662 2044 1719 2077 Or·

984 2098 1050 2130 dini
1077 2099 1211 2142 eiusque
1238 2098 1473 2141 superioribus,
1500 2103 1531 2131 et
1554 2097 1720 2141 quibusvis

984 2150 1053 2183 aliis
1080 2151 1228 2194 personis
1254 2156 1284 2183 et
1308 2151 1403 2189 locis,
1429 2151 1487 2183 sub
1510 2150 1720 2193 quibuscum-

984 2215 1044 2248 que
1071 2204 1244 2237 verborum
1272 2204 1437 2237 tenoribus
1465 2208 1496 2236 et
1521 2203 1629 2236 formis
1650 2229 1657 2242 ,
1685 2214 1720 2235 ac

985 2268 1056 2291 cum
1096 2257 1262 2299 quibusvis
1303 2257 1398 2289 etiam
1440 2256 1721 2299 derogatoriarum

985 2311 1220 2353 dcrogatoriis,
1247 2309 1383 2352 aliisque
1411 2309 1660 2350 efficacioribus,
1678 2309 1722 2341 esa

985 2363 1180 2395 ticacissimis
1208 2369 1238 2394 ct
1265 2361 1406 2394 insolitis
1434 2362 1586 2395 clausulis
1605 2389 1613 2401 ,
1654 2362 1724 2394 irri-

987 2415 1193 2457 tantibusque
1221 2420 1252 2446 et
1277 2413 1347 2447 aliis
1383 2415 1549 2454 decretis,
1580 2414 1612 2446 in
1648 2424 1723 2447 con-

987 2468 1117 2500 trarium
1130 2467 1381 2510 praemissorum
1396 2468 1724 2510 quomodolibetcon-

986 2521 1100 2559 cessis,
1128 2520 1327 2552 confirmatis
1351 2526 1383 2552 et
1403 2520 1584 2559 innovatis3
1604 2520 1720 2563 quibus

986 2573 1135 2607 omnibus
1152 2579 1183 2605 et
1201 2572 1348 2615 singulis,
1375 2573 1499 2606 etiamsi
1517 2583 1575 2616 pro
1593 2573 1722 2605 illorum

987 2626 1156 2660 sufficienti
1172 2626 1382 2669 derogatione
1397 2626 1436 2659 de
1458 2626 1521 2659 illis
1544 2635 1722 2672 eorumque

1720 252 1768 278 Au.
1785 251 1812 277 C.
1836 251 1901 279 17⁶2]
