2170 3147
3 222 40 247 An
68 221 97 247 C.

153 221 187 248 ἕξ

29 2395 93 2417 liam
113 2397 178 2417 omni·

0 2427 33 2442 ’us
44 2422 93 2443 alii<
107 2424 175 2443 nunri-

0 2449 168 2470 numerantur.

788 223 981 245 neaEDtCTt'S
1009 223 1060 245 NlIl
1087 224 1132 245 PF.

196 268 335 308 terdicti,
358 268 494 311 aliisque
520 269 698 308 sententiis,
731 271 877 302 censuris
903 276 934 303 et

194 322 329 366 poenis,
356 321 380 353 si
407 321 526 364 quibus
559 322 807 364 quomodolibet
841 323 931 355 iuno-

195 375 258 407 dati
285 374 435 413 existunt,
468 374 506 406 ad
541 373 687 406 ess'ectum
713 374 932 417 praesentium

196 433 318 460 tantum
345 426 618 469 consequendum,
638 426 752 458 harum
772 427 855 459 serie
882 428 934 459 ab·

194 481 356 514 solventes
392 485 421 512 et
455 479 618 511 absolutos
653 479 719 511 sore
752 485 933 520 censentes,

196 543 324 566 necnon
350 542 627 575 quarumcumque
654 531 756 564 litium
793 537 825 563 et
861 542 934 564 cau-

194 595 300 618 sarum
325 589 427 618 status
452 589 484 617 et
511 584 636 622 merita,
669 584 798 616 nomina
825 589 855 616 et
881 594 933 616 co-

195 638 349 681 gnomina
386 637 535 677 iudicum,
562 647 671 670 coram
707 636 823 680 quibus
858 636 932 669 illae

195 691 350 734 pendent,
373 701 407 723 ac
433 689 694 732 collitigantium,
713 689 929 732 aliorumque,
953 703 955 726 j

194 753 322 777 necnon
355 753 634 786 quorumcumque
667 743 804 775 aliorum
837 742 933 785 privi-

194 797 351 840 legiorum
371 802 402 829 et
426 797 640 835 indultorum,
664 797 860 834 facultatum,
880 806 932 828 ex-

195 850 394 894 emptionum
431 855 463 882 et
499 849 756 889 immtmitatum,
784 849 828 882 eis
855 860 934 892 quo-

193 902 375 936 modolibet
415 912 663 942 concessorum,
705 901 933 946 praesentibus

192 966 254 999 pro
281 955 441 999 expressis
468 955 637 996 habentes,
674 965 848 997 causasque
876 955 933 987 lm-

193 1009 331 1042 iusmodi
358 1009 397 1041 ad
416 1019 473 1042 nos
492 1009 606 1041 harum
625 1009 709 1041 serie
729 1009 933 1048 advocantes,

192 1062 331 1105 illasque
357 1062 487 1105 penitus
522 1069 554 1094 et
584 1062 716 1095 omnino
742 1062 933 1104 extinguen-

193 1122 251 1154 tes,
269 1125 303 1147 ac
328 1115 583 1158 cvollitigantibus
608 1116 790 1148 huiusmodi
818 1126 932 1159 perpe-

195 1174 282 1201 tuum
308 1178 407 1211 super
432 1169 618 1211 praemissis
644 1168 809 1201 silentium
828 1169 933 1212 impo-

193 1226 317 1262 nentes,
335 1227 421 1253 motu
440 1222 585 1264 proprio,
601 1232 666 1263 gon
685 1222 722 1254 ad
742 1223 931 1255 eorumdem

193 1274 328 1306 fratrum
354 1273 510 1306 Minorum
537 1274 574 1307 de
600 1273 810 1307 observantia
835 1285 932 1318 super

192 1327 254 1360 hoc
278 1327 372 1360 nobis
398 1326 526 1360 oblatae
545 1328 712 1371 petitionis
732 1329 930 1369 instantiam,

193 1380 249 1413 sed
276 1390 310 1413 ex
339 1382 426 1413 certa
450 1380 586 1413 scientia
612 1383 764 1424 metaque
791 1381 932 1415 liberali-

193 1438 255 1466 tate
273 1433 405 1474 nostris,
421 1433 525 1476 deque
545 1434 744 1476 apostolicae
764 1435 931 1477 potestatis

191 1485 407 1529 plenitudine,
427 1485 534 1518 omnia
556 1492 586 1518 et
603 1487 730 1529 singula
750 1487 929 1530 privilegia,

191 1538 431 1578 immunitates,
472 1540 711 1583 exemptiones,
752 1540 930 1582 facultates,

190 1591 322 1635 gratias,
349 1590 517 1624 libertates
543 1598 575 1624 et
599 1592 722 1625 indulta
749 1593 779 1625 in
807 1593 929 1625 eisdem

191 1644 404 1690 praeinsertis
423 1644 537 1677 litteris
555 1652 715 1685 contenta,
730 1657 767 1679 ae
782 1647 932 1679 omnibus

190 1704 222 1732 et
246 1699 383 1741 singulis
409 1696 584 1731 Ordinibus
619 1699 873 1732 mendicantibus
901 1700 931 1731 in

190 1752 364 1792 communi,
383 1758 417 1784 ut
442 1753 667 1796 praemittitur,
687 1763 852 1793 concessa,
871 1754 931 1787 eis-

191 1805 264 1839 dem
290 1805 444 1838 sratribus
468 1806 655 1845 Minoribus,
683 1806 746 1839 sive
774 1807 932 1849 regularis

190 1858 256 1892 sive
281 1859 456 1892 strictioris
478 1859 701 1892 observantiae
727 1861 931 1903 nuncupatis,

191 1911 233 1945 ita
254 1913 340 1955 quod
367 1912 428 1955 ipsi
455 1912 486 1945 in
512 1917 681 1955 posterum
717 1913 754 1946 de
784 1913 931 1946 omnibus

190 1970 222 1999 et
246 1965 396 2008 singulis,
414 1976 494 2009 quae
513 1967 658 1999 absolute
678 1977 790 2000 eorum
812 1967 929 2001 victum

190 2024 222 2052 et
243 2019 393 2052 vestitum
414 2030 450 2052 ac
479 2019 666 2061 religiosum
687 2030 779 2052 usum
799 2026 830 2052 et
847 2031 931 2053 com-

191 2072 345 2105 mercium
375 2078 588 2111 concernunt,
621 2073 795 2116 quidquam
829 2074 931 2106 datio-

190 2135 272 2165 rum,
298 2124 496 2167 gabellarum
516 2128 545 2158 ct
563 2125 776 2167 vectigalium,
799 2126 931 2169 quibus—

191 2188 329 2221 cumque
363 2183 395 2210 et
430 2178 736 2221 quomodocumque
768 2188 829 2221 per.
856 2178 930 2212 illos

191 2230 272 2264 solvi
286 2230 403 2272 debe-re
419 2230 720 2273 praetendentibus
737 2232 863 2264 solvere
878 2232 932 2264 mi-

190 2284 276 2316 nime
292 2283 441 2322 debeant,
458 2283 623 2326 speciatim
640 2289 669 2316 et
688 2294 837 2326 expresse
858 2294 932 2327 apo-

189 2336 303 2370 stolica
321 2335 513 2368 auctoritate
533 2341 691 2378 perpetuo
708 2336 930 2369 concedimus.

234 2390 249 2433 ᾗ
273 2388 305 2422 4.
333 2389 376 2421 Ac
401 2388 535 2432 insuper
571 2389 700 2421 eosdem
739 2389 852 2421 fratres
878 2389 932 2422 Mi-

189 2453 288 2476 nores
312 2442 433 2486 ubique
467 2448 637 2482 terrarum,
672 2447 703 2474 et
737 2443 929 2485 praesertim

189 2497 221 2529 in
241 2495 363 2529 ditione
381 2497 491 2529 nostra
509 2496 690 2538 temporali,
717 2495 755 2528 ab
781 2496 929 2528 omnibus

189 2549 295 2590 datiis,
314 2548 535 2591 vectigalibus,
554 2548 727 2591 praecipue
747 2559 847 2592 super
866 2549 931 2580 sru-

187 2602 286 2636 menti
313 2601 550 2642 cumulatione,
576 2602 667 2641 vino,
695 2602 784 2642 olco,
812 2612 929 2643 carne,

976 270 1171 304 animalibus
1189 271 1285 304 etiam
1304 271 1389 309 vivis,
1407 276 1468 302 tam
1488 270 1603 312 emptis
1618 280 1712 314 quain

976 323 1047 356 aliis
1079 334 1159 366 quae
1196 323 1315 356 eisdem
1354 323 1507 355 fratribus
1537 323 1714 356 Minoribus

977 386 1036 417 pro
1063 376 1270 418 eleemosyna
1295 375 1484 416 offex-untur,
1511 381 1540 409 et
1565 386 1716 419 quocum-

977 437 1040 470 que
1078 428 1141 459 alio
1175 428 1383 468 comestibili‚
1411 428 1492 461 lanis
1526 429 1565 460 ad
1603 438 1716 461 corum

975 479 1167 512 vestimenta
1194 480 1397 521 necessariis,
1418 486 1513 524 portu
1535 481 1630 513 etiam
1654 487 1717 514 tarn

977 531 1075 563 maris
1101 542 1194 574 quam
1213 532 1391 571 fluminum,
1414 533 1550 575 gabellis
1578 534 1611 566 in
1630 533 1717 566 exitu

977 589 1008 616 et
1034 584 1178 626 ingressu
1207 590 1379 625 terrarum,
1410 586 1556 618 locorum
1587 592 1619 618 et
1643 586 1717 618 civi-

977 643 1098 675 tatum,
1120 643 1173 669 aut
1191 638 1326 669 transitu
1346 638 1492 681 pontium
1519 645 1548 671 et
1574 639 1715 680 viarum,

977 700 1030 722 seu
1054 689 1148 722 etiam
1177 690 1208 722 in
1244 691 1378 732 doganis
1410 691 1716 734 quomodocumque

976 754 1062 776 nunc
1089 743 1260 786 impositis,
1281 749 1310 776 et
1330 744 1361 776 in
1379 751 1545 787 posterum
1565 755 1623 787 pro
1643 750 1719 777 tem-

976 806 1056 839 pore
1082 795 1325 839 quomodolibet
1357 796 1585 839 imponendis,
1621 797 1717 829 etiam

977 850 1072 892 plene
1098 855 1129 881 et
1154 860 1307 892 expresse
1342 849 1424 882 dieta
1458 850 1638 892 apostolica
1663 861 1718 882 au-

976 902 1125 935 ctoritate
1144 902 1291 935 similiter
1309 902 1338 934 in
1365 908 1524 946 perpetuo
1550 902 1717 936 eximimus

977 960 1009 987 et
1022 955 1207 994 liberamus,
1223 965 1342 998 eosque
1362 955 1392 987 in
1412 955 1599 998 praemissis
1614 955 1719 988 omni-

952 1035 954 1043 Α
976 1008 1035 1041 bus
1050 1014 1081 1041 et
1095 1008 1229 1051 singulis
1241 1008 1309 1041 aliis
1324 1008 1429 1047 datiis,
1444 1008 1582 1050 gabellis
1597 1014 1629 1041 et
1643 1019 1718 1042 one—

977 1061 1081 1102 ribus,
1099 1062 1224 1094 etiamsi
1250 1061 1348 1094 ceteri
1375 1061 1597 1094 Mendicantes
1620 1062 1657 1095 ad
1681 1073 1717 1095 ea

977 1114 1080 1147 teneri
1101 1115 1341 1157 dignoscantur,
1361 1125 1420 1147 nec
1440 1115 1479 1147 ab
1498 1115 1544 1147 eis
1562 1125 1718 1148 censean-

978 1174 1029 1200 tur
1048 1177 1116 1200 esse
1136 1167 1291 1210 exempti,
1312 1173 1472 1210 perpetuo
1498 1168 1659 1200 immunes
1686 1174 1718 1201 et

978 1226 1145 1264 exemptos
1170 1231 1241 1252 esse
1267 1221 1412 1253 volumus
1440 1226 1471 1254 et
1494 1221 1714 1254 'declaramus-

1020 1274 1034 1316 ἓ
1060 1273 1090 1306 5.
1119 1275 1162 1306 Ac
1192 1279 1378 1316 praeterea,
1405 1274 1552 1307 ulteriori
1586 1285 1734 1334 eorum·¹
1753 1286 1822 1332 ¹wicun
1845 1293 1857 1306 a
1877 1293 1911 1307 8¹·-

1737 1320 1808 1334 lllvll*⁵

976 1327 1049 1359 dem
1082 1327 1215 1359 fratrum
1249 1327 1408 1360 Minorum
1441 1328 1479 1360 de
1504 1327 1852 1361 observantiainuam...

976 1380 1180 1413 indemnitati
1218 1382 1389 1414 consulere
1424 1383 1589 1421 volentes,
1625 1386 1715 1414 motu

976 1433 1083 1473 simili,
1112 1444 1168 1466 eos
1194 1438 1225 1466 et
1250 1444 1359 1466 eorum
1391 1434 1568 1478 quemlibet
1593 1445 1610 1467 a
1631 1435 1718 1468 solu-

977 1486 1062 1519 tione
1082 1492 1194 1529 portus
1216 1487 1359 1519 omnium
1379 1493 1410 1520 et
1428 1488 1630 1529 singularum
1648 1488 1718 1520 sim·

976 1539 1109 1582 plicium
1139 1539 1351 1582 epistolarum
1382 1540 1414 1573 in
1445 1540 1605 1573 semisolio
1636 1541 1717 1573 scri-

976 1597 1101 1635 ptarum
1131 1592 1169 1624 ad
1189 1602 1300 1625 eorum
1319 1593 1501 1636 quemlibet
1524 1604 1541 1626 a
1567 1604 1719 1636 quacum-

976 1656 1037 1689 que
1063 1645 1198 1688 regione
1218 1656 1275 1689 pro
1296 1651 1441 1689 tempore
1461 1647 1716 1687 advenientium,

976 1709 1103 1731 necnon
1119 1699 1214 1731 etiam
1229 1699 1367 1731 aliarum
1385 1699 1563 1742 duplicium
1583 1704 1614 1732 et
1628 1699 1660 1732 in
1676 1699 1718 1732 so-

977 1751 1019 1784 lio
1037 1751 1248 1794 scriptarum,
1264 1751 1456 1795 earumque⁴
1475 1748 1716 1785 involucrorum

976 1816 993 1837 a
1018 1804 1196 1838 tabellariis
1219 1805 1338 1838 deferri
1358 1806 1540 1846 solitorum,
1559 1817 1640 1849 quae
1658 1816 1717 1850 per

975 1858 1106 1891 Ordinis
1132 1858 1318 1902 superiores
1345 1869 1457 1892 eorum
1476 1859 1612 1892 subditis
1638 1859 1717 1903 ipsis

975 1911 1198 1954 superioribus
1223 1922 1294 1944 cum
1320 1922 1434 1944 eorum
1470 1912 1592 1955 publici
1618 1913 1716 1955 sigilli

975 1963 1151 1996 munimine
1180 1964 1258 2007 (non
1287 1971 1393 1997 autem
1420 1975 1500 2008 quae
1524 1965 1593 1998 sine
1612 1966 1716 1999 muni-

975 2017 1061 2049 mine
1081 2017 1263 2050 huiusmodi
1291 2017 1384 2050 alicui
1411 2028 1446 2050 ex
1474 2018 1520 2051 eis
1541 2018 1717 2062 particula-

976 2070 1055 2103 riter
1076 2070 1273 2112 diriguntur,
1298 2080 1355 2113 pro
1373 2071 1490 2114 quibus
1518 2071 1639 2106 scilicet
1659 2072 1716 2104 du-

975 2123 1116 2166 plicibus
1142 2123 1211 2155 sine
1243 2123 1421 2156 munimine
1456 2123 1645 2157 huiusmodi
1671 2125 1716 2158 sic

976 2176 1106 2208 directis
1131 2176 1263 2220 aliquod
1290 2187 1404 2209 munus
1423 2182 1476 2209 aut
1494 2177 1636 2210 debitum
1654 2178 1715 2212 sibi

975 2230 1228 2262 emolumentum
1248 2230 1286 2262 ab
1306 2230 1496 2263 eorumdem
1515 2231 1648 2264 fratrum
1663 2231 1716 2265 Mi-

974 2291 1092 2313 norum
1122 2281 1161 2314 de
1187 2281 1399 2314 Observantia
1424 2283 1633 2317 conventibus
1658 2295 1713 2318 seu

976 2334 1126 2367 domibus
1152 2336 1384 2378 praetendere,
1406 2347 1463 2369 seu
1489 2348 1526 2370 ea
1551 2337 1673 2379 libere,
1689 2338 1715 2372 si

976 2387 1135 2420 tabellarii
1162 2387 1221 2431 ipsi
1248 2388 1362 2429 velint,
1389 2390 1533 2423 relaxare
1554 2391 1712 2435 possint),

975 2440 1088 2473 eadem
1115 2442 1294 2484 apostolica
1319 2443 1511 2476 auctoritate
1545 2444 1715 2477 eximimus

975 2499 1006 2525 et
1032 2494 1219 2526 liberamus.

1019 2547 1033 2589 ,ξ
1053 2547 1082 2579 6.
1103 2548 1317 2581 Decernentes
1336 2559 1476 2592 quoque,
1495 2550 1909 2602 praeinsertascufflyguherv

1012 2612 1021 2636 1
1046 2608 1115 2635 Edit.
1138 2609 1215 2636 Main.
1238 2609 1304 2644 legit
1323 2618 1482 2646 eorumque
1503 2612 1540 2648 (n.
1555 2613 1605 2648 τ.).

1615 212 1678 245 905
1726 221 1774 246 Aa.
1792 221 1819 247 c.
1844 222 1910 249 1725

1840 1317 1912 1340 [ΙΟΙΊΙΙΒ
