2170 3147
16 165 68 195 An.
87 167 117 194 C.
138 165 207 194 1726

39 1228 70 1250 Do
89 1229 198 1250 consessa·

11 1255 50 1276 riis
80 1255 198 1276 extraordi-

13 1281 80 1302 nariis
115 1283 196 1303 monia-

13 1307 72 1330 lium.

49 2075 80 2097 De
95 2075 196 2097 oratoriis

15 2103 103 2129 privatis
113 2105 134 2123 et
144 2104 197 2123 'atta-

15 2129 74 2150 rlbus
94 2129 197 2156 poi-tauti-

209 218 339 258 ptarum
357 240 365 255 ‚
398 215 479 254 nisi,
506 216 592 248 ultra
623 215 789 248 licentiam
815 225 946 248 suorum

210 267 418 310 superiorum
444 268 661 309 regularium,
688 267 859 300 examinati
887 268 948 300 suc-

210 319 289 359 rint,
309 324 341 351 et
364 329 422 362 pro
449 319 592 361 ipsorum
612 320 800 352 monIalium
824 320 948 352 conses-

208 371 355 404 sionibus
379 370 549 403 audiendis
576 371 762 413 specialiter
787 371 947 414 approba-

209 422 249 456 ti¹
270 424 309 456 ab
328 424 484 467 episcopo
507 423 720 464 dioecesano·‚
741 429 785 463 et,
808 423 833 455 si
855 434 946 456 secus

209 476 328 508 sactum
353 476 475 516 suerit,
507 481 580 508 tunc
610 486 740 518 quoque
774 475 948 508 confessio-

208 539 267 561 nes
294 528 409 568 irritas,
429 533 461 561 et
478 527 691 562 confessarios
708 528 778 571 ipso
793 527 862 560 iure
881 538 951 560 sus-

208 591 328 624 pensos
354 581 421 614 sore
446 581 556 614 itidem
582 582 797 614 declaramus.
821 581 868 613 Ab
894 581 947 613 hu-

209 634 350 667 iusmodi
377 639 485 667 tamen
511 635 582 676 lege
609 639 639 666 et
663 634 881 673 ordinatione,
908 634 947 666 ad

209 687 483 730 supplicationem
510 687 619 720 dilecti
645 687 703 720 lilii
728 686 830 720 nostri
848 687 948 719 Ludo-

207 738 266 771 vici
292 739 323 772 S.
344 739 378 772 R.
398 739 432 772 Ε.
460 739 633 773 cardinalis
657 740 792 781 Belluga
817 744 848 771 et
865 739 949 771 Mon-

209 792 288 825 cada
302 793 490 835 nuncupati,
507 793 674 826 eximimus
691 792 877 835 superiores
895 803 948 834 ge-

208 846 337 878 nerales
364 856 399 878 ac
424 846 521 879 etiam
558 846 774 890 provinciales
810 845 946 878 cuiusvis

206 897 335 930 Ordinis
373 899 553 941 regularis,
582 899 722 941 quibus,
755 903 790 930 ut
821 898 947 931 conses-

206 950 317 983 siones
354 952 568 992 monialium,
606 952 667 984 sibi
702 957 806 983 tamen
840 951 949 984 subie-

207 1009 328 1036 ctarum
343 1004 516 1044 dumtaxat,
535 1005 657 1047 absque
675 1004 857 1037 istiusmodi
876 1014 948 1046 spe-

208 1056 281 1089 ciali
313 1058 548 1100 approbatione
574 1057 719 1100 episcopi
747 1056 945 1096 dioecesani,

207 1109 319 1143 audire
345 1110 433 1143 licite
459 1115 490 1142 et
513 1110 618 1142 valide
642 1110 768 1153 possint
788 1136 795 1150 ‚
822 1109 947 1153 permit-

208 1161 306 1195 timus
330 1167 361 1196 et
385 1163 601 1206 indulgemus.

251 1215 266 1258 §
291 1215 322 1249 9.
349 1216 407 1255 Et,
434 1216 507 1260 quia
537 1215 653 1248 mentis
685 1226 720 1248 ac
753 1216 945 1248 intentionis

207 1274 337 1302 nostrae
364 1274 430 1308 est,
458 1274 508 1309 ut,
533 1271 657 1301 remota
683 1269 793 1311 quavis
820 1268 946 1301 diversa
968 1281 969 1298 t

207 1320 423 1364 intelligentia
449 1328 480 1354 et
498 1322 781 1364 interpretatione,
803 1322 946 1363 praecise

207 1380 379 1407 serventur
405 1385 440 1407 ea
467 1385 549 1417 quac
576 1375 607 1406 in
635 1374 745 1407 eadem
767 1374 945 1406 Innocentii

207 1428 472 1473 praedecessoris
498 1428 731 1460 constitutione
758 1438 854 1470 snper
873 1428 946 1459 assi-

207 1478 361 1522 gnatione
380 1489 435 1510 seu
455 1479 668 1521 deputatione
687 1478 876 1510 confessarii
897 1490 946 1510 ex-

206 1531 412 1565 traordinarii
433 1531 627 1564 monialibus
646 1532 704 1563 sub
723 1534 945 1574 praelatorum

206 1585 410 1628 regularium
436 1585 595 1627 gubernio
621 1586 803 1618 viventibus
838 1587 969 1630 t‘lis1r0-]

206 1639 269 1672 sita
302 1638 449 1678 suerunt,
477 1639 648 1671 statuimus
679 1650 808 1682 qnoque
843 1647 876 1672 ut
901 1634 969 1672 su·11

206 1692 365 1736 perioreS,
385 1691 439 1735 qui
453 1692 622 1725 decretum
641 1692 720 1725 illud
739 1704 944 1736 quocumque
967 1686 968 1719 i

207 1745 300 1778 titulo
324 1746 373 1777 vel
394 1751 563 1788 praetextu
581 1756 644 1778 non
664 1747 875 1785 servaverint,
896 1748 945 1780 vel

207 1798 276 1832 eius
302 1798 484 1832 executioni
511 1798 642 1842 aliquod
675 1799 945 1842 impedimentum
967 1792 969 1835 s

207 1851 331 1885 directe
356 1857 411 1884 aut
435 1851 592 1885 indirecte
618 1852 846 1895 praebuerint,
875 1854 945 1896 ipso
967 1884 968 1893 ,

207 1905 290 1939 sacto
324 1906 574 1949 suspensionem
609 1907 647 1938 ab
685 1917 796 1939 eorum
835 1899 969 1941 officiis?¹

206 1969 336 1993 necnon
361 1959 572 2002 privationem
606 1959 690 1992 vocis
727 1965 789 1993 tam
826 1962 968 2011 activae¹

207 2023 303 2057 quam
327 2013 475 2056 passivae
501 2012 675 2046 incurrant.

251 2067 266 2109 ᾗ
289 2065 343 2099 10.
370 2065 567 2109 Eisdemque
595 2066 709 2109 poenis
736 2077 773 2099 eo
810 2067 881 2111 ipso
916 2060 968 2100 et³

207 2120 331 2162 absque
374 2119 434 2152 alia
479 2119 699 2153 declaratione
741 2121 946 2153 incurrendis

208 2173 397 2206 subiicimus
423 2172 519 2205 etiarn
546 2174 723 2215 regulares,
741 2173 795 2216 qui
817 2174 947 2207 sancitis

209 2231 242 2259 et
266 2226 423 2259 ordinatis
457 2231 522 2258 tum
554 2237 571 2259 a
604 2227 799 2259 recolendae
825 2237 948 2260 memo-

208 2278 276 2312 riae
301 2278 474 2312 Clementis
501 2278 560 2311 PP.
588 2279 627 2310 XI
654 2284 718 2311 tum
744 2280 783 2311 ab
809 2279 881 2322 ipso
899 2280 947 2312 In-

208 2333 361 2367 nocentio
391 2333 702 2375 praedecessoribus
728 2333 833 2375 quoad
867 2334 948 2366 cele-

208 2386 393 2420 brationem
418 2385 531 2418 missae
561 2385 592 2417 in
620 2385 771 2418 oratoriis
795 2386 945 2429 privatis,

209 2439 277 2473 sive
302 2438 490 2472 eorumdem
515 2438 712 2480 regularium
738 2438 847 2479 cellis,
877 2449 949 2472 nec-

209 2503 277 2528 non
302 2503 393 2526 usum
421 2491 528 2524 altaris
555 2492 720 2534 gestatorii
757 2502 811 2524 seu
841 2498 948 2536 porta-

245 2556 258 2582 1
279 2553 346 2582 Male
366 2553 409 2581 ed.
430 2553 514 2580 Main.
536 2552 601 2587 tegit
620 2554 777 2588 approbato
798 2556 834 2589 (n.
855 2558 904 2585 T.>.

315 2609 396 2638 Bult.
412 2609 494 2639 Rom.
512 2623 547 2629 —
566 2609 627 2636 Vol.
644 2609 736 2637 XXII.
883 2609 917 2636 44

788 168 982 191 BENEDICTUS
1009 168 1063 191 xttl
1089 168 1136 191 ΓΡ.

992 215 1069 254 tilis,
1084 215 1365 258 qualitercumque
1383 214 1658 254 contravenerint,
1676 224 1730 246 seu

991 267 1124 301 minime
1150 268 1463 311 obtemperaverint.
1587 265 1591 267 ’

1035 323 1049 364 ἓ
1085 321 1138 362 M.
1178 322 1395 354 Decerncntes
1428 321 1574 364 paritor,
1601 321 1730 353 casdem

991 378 1180 416 praesentes
1204 374 1329 406 litteras
1355 384 1487 416 semper
1512 374 1627 413 sirmas,
1655 373 1732 406 vali-

993 425 1047 457 das
1067 430 1098 458 et
1116 426 1263 458 efficaces
1283 426 1419 459 existere
1440 432 1470 459 et
1489 427 1569 467 sore,
1588 436 1731 470 suosque

991 478 1158 520 plenarios
1182 483 1213 510 et
1234 478 1380 521 integros
1406 479 1540 512 effectus
1566 479 1675 512 sortiri
1702 484 1732 512 et

992 530 1162 569 obtinere,
1193 541 1228 563 ac
1252 530 1339 570 illis,
1373 532 1411 563 ad
1438 542 1517 575 quos
1544 537 1670 575 spectat
1702 537 1734 564 ct

993 592 1051 624 pro
1078 587 1223 624 tempore
1249 583 1519 626 quandocumque
1546 584 1732 627 spectabit,

992 634 1025 666 in
1059 634 1209 667 omnibus
1248 640 1279 667 et
1315 646 1371 677 per
1403 636 1511 668 omnia
1544 636 1732 678 plenissime

993 684 1171 728 suffragari,
1199 691 1231 719 ct
1255 688 1294 719 ab
1321 688 1366 720 eis
1393 688 1571 731 respective
1597 688 1733 721 inviola-

992 738 1104 771 biliter
1136 744 1167 771 et
1191 739 1380 772 inconcusse
1406 740 1571 773 observari
1594 741 1732 779 debere,

993 793 1104 835 sicque
1135 797 1167 825 ct
1188 803 1253 825 non
1278 793 1372 825 aliter
1397 793 1429 825 in
1460 793 1647 836 praemissis
1675 802 1734 835 per

993 855 1217 888 quoscumque
1243 845 1368 878 iudices
1394 846 1576 879 ordinarios
1596 851 1627 878 et
1644 846 1733 878 dele-

993 903 1105 940 gatos,
1129 898 1226 931 etiam
1252 909 1423 931 causarum
1456 898 1568 941 palatii
1605 903 1734 941 aposto-

993 950 1046 982 lici
1076 950 1268 991 auditores,
1306 963 1341 984 ac
1377 951 1525 984 eiusdem
1559 951 1589 983 S.
1618 951 1655 983 R.
1695 950 1730 983 E.

993 1003 1189 1044 cardinales,
1217 1003 1312 1036 etiam
1347 1004 1385 1036 de
1411 1005 1510 1036 latere
1537 1005 1664 1045 legatos
1696 1013 1732 1035 ac

991 1055 1081 1087 Sedis
1107 1056 1270 1098 praefatae
1297 1056 1456 1095 nuncios,
1483 1057 1606 1089 aliosve
1634 1066 1732 1099 quos-

993 1108 1070 1141 libet
1096 1119 1297 1152 quacumque
1323 1109 1583 1151 praeeminentia
1613 1114 1645 1141 et
1675 1119 1733 1151 po-

993 1166 1106 1194 testate
1139 1161 1312 1203 fungentes
1337 1167 1367 1194 et
1393 1162 1574 1201 suncturos,
1607 1161 1733 1194 sublata

991 1214 1037 1246 eis
1063 1219 1094 1246 et
1119 1224 1229 1246 eorum
1255 1214 1389 1247 cuilibet
1414 1215 1524 1257 quavis
1550 1215 1643 1246 aliter
1680 1214 1730 1245 iu-

991 1267 1119 1299 dicandi
1146 1273 1177 1298 et
1194 1267 1433 1310 interpretandi
1450 1268 1602 1300 facultate
1629 1272 1660 1299 et
1675 1278 1730 1298 au-

991 1320 1140 1352 ctoritate
1161 1348 1168 1360 ,
1206 1321 1327 1363 ubique
1366 1321 1502 1353 iudicari
1537 1326 1568 1352 et
1599 1320 1731 1352 deliniri

968 1381 969 1392 ¹
992 1373 1129 1413 debere,
1159 1384 1195 1405 ac
1220 1373 1346 1405 irritum
1373 1379 1403 1405 et
1423 1374 1520 1405 inane
1547 1373 1571 1405 si
1592 1383 1686 1405 secus
1705 1373 1731 1404 si

968 1426 969 1444 i
991 1438 1082 1459 secus
1104 1437 1203 1470 super
1221 1427 1270 1458 his
1297 1438 1313 1458 a
1339 1437 1512 1470 quoquam,
1540 1427 1649 1468 quavis
1676 1436 1730 1457 an-

991 1481 1151 1519 ctoritate,
1175 1481 1318 1512 scienter
1349 1481 1398 1512 vel
1424 1480 1627 1521 ignoranter,
1656 1490 1731 1512 eon-

992 1534 1102 1575 tigerit
1127 1534 1290 1565 attentari.

1035 1587 1048 1629 ἐ
1069 1586 1121 1619 ΗΣ.
1142 1586 1210 1618 Non
1237 1587 1443 1619 obstantibus
1462 1585 1662 1628 praemissis,
1681 1597 1726 1625 ac,
1741 1627 1790 1639 w*

992 1647 1150 1683 qnatenus
1170 1651 1248 1682 opus
1267 1640 1316 1676 sit,
1336 1643 1444 1672 nostra
1462 1647 1493 1672 et
1511 1637 1743 1672 Cant-ellariae

992 1693 1201 1736 Apostolicac
1222 1694 1333 1735 regula
1351 1693 1389 1725 tle
1408 1693 1477 1725 iure
1500 1694 1645 1735 quaesito
1665 1704 1728 1725 non

992 1746 1162 1786 tollendo,
1198 1746 1336 1788 aliisque
1375 1746 1662 1778 constitutionibus
1700 1752 1730 1778 et

990 1800 1248 1834 ordinationibus
1275 1800 1473 1843 apostolicis,
1505 1810 1632 1832 necnon
1652 1811 1731 1841 quo-

992 1864 1204 1896 rumcumque
1230 1853 1398 1889 Ordinum,
1423 1852 1729 1894 Congregationtu'n,

992 1907 1212 1939 institutorum
1238 1911 1269 1938 ct
1294 1905 1503 1945 societatum,
1533 1905 1629 1937 ctiam
1649 1905 1729 1945 Iesu,

992 1966 1023 1992 ct
1047 1960 1237 2003 quorumvis
1266 1959 1559 1998 monasteriorum,
1592 1969 1731 1991 conven-

992 2019 1101 2053 tuum,
1127 2012 1338 2045 ecclesiarum
1356 2039 1363 2052 ‚
1399 2013 1545 2045 locorum
1575 2012 1704 2054 piorum
1719 2039 1726 2051 ,

991 2066 1101 2099 aliisve
1124 2066 1301 2109 quibusvis,
1317 2066 1410 2097 etiam
1433 2064 1627 2104 iuramento,
1654 2075 1730 2097 con-

991 2120 1171 2151 firmatione
1197 2117 1392 2161 apostolica,
1422 2119 1469 2150 vel
1497 2118 1606 2161 quavis
1630 2117 1730 2150 firmi-

993 2178 1056 2206 tate
1082 2173 1144 2205 atia
1164 2172 1336 2211 roboratis,
1362 2171 1488 2204 statutis
1515 2176 1730 2204 etconsuetu-

993 2226 1133 2266 dinibus,
1159 2236 1194 2258 ac
1219 2224 1535 2268 praescriptionibus
1560 2230 1730 2267 quantum-

992 2289 1131 2322 cumque
1143 2277 1343 2321 longissimis
1355 2282 1387 2310 et
1401 2277 1730 2318 immemorabibbus,

991 2331 1172 2374 privilegiis
1198 2341 1355 2373 quoque,
1383 2330 1515 2363 indultis
1549 2335 1581 2363 et
1611 2330 1729 2363 litteris

992 2383 1191 2427 apostolicis,
1206 2383 1391 2423 Ordinibus,
1405 2383 1730 2426 (longi-cgationibus,

992 2437 1148 2470 institutis
1175 2442 1207 2469 et
1232 2437 1444 2470 societatibus
1470 2436 1566 2469 etiam
1591 2436 1673 2476 Iesu,
1694 2447 1731 2469 ac

992 2489 1199 2524 monasteriis
1217 2516 1224 2530 ,
1250 2490 1463 2522 conventibus
1483 2516 1491 2530 ,
1518 2489 1665 2522 ecclesiis
1699 2493 1731 2521 et

992 2543 1073 2578 locis
1097 2543 1159 2587 piis
1184 2543 1372 2586 praedictis,
1400 2543 1595 2587 illorumque
1620 2552 1731 2586 respe-

1625 155 1691 189 345
1738 165 1790 192 An.
1808 165 1836 192 c.
1861 165 1928 193 1726

1770 333 1889 356 (il-insulae.

1795 1622 1798 1624 v
1812 1594 1924 1620 Dei-agatii]

1817 1627 1826 1638 ,,
