2170 3147
207 231 394 259 An.c.17⁶2t

231 667 365 687 Pio-*omium

264 1514 390 1534 Constituttst

206 1542 315 1567 psamista
333 1541 373 1561 tnu=
385 1551 391 1556 ·

207 1571 270 1588 centn
287 1568 337 1587 Mil.

249 2046 298 2067 Eius
319 2046 392 2067 confir-

208 2077 282 2094 matio.

443 222 506 255 too

714 279 822 313 XXXI.

401 351 619 393 Confirnmlur
643 352 830 384 constitutio
848 351 1036 384 Innocenlc'i
1055 351 1146 384 XIII

441 416 538 447 snper
553 405 765 438 ecclesiastica
785 404 962 448 disciplina
981 405 1016 437 in
1034 405 1143 448 reynis

442 458 687 501 Hispmziarum
713 457 733 491 ¹.

574 539 758 566 Benedictus
779 540 858 573 Papa
878 539 963 572 xm,

513 584 549 611 ad
570 587 748 617 perpetuam
769 584 816 611 rei
836 583 1023 610 memoriam.

443 654 478 686 ln
504 665 657 697 supremo
684 654 853 687 militantis
875 654 1041 687 Ecclesiae
1060 654 1142 687 solio

400 718 459 749 per
480 707 679 740 inell'abilem
700 707 828 740 divinae
847 708 1026 750 sapientiae
1045 713 1141 750 atquc

399 760 554 793 bonitatis
580 760 824 800 abundantiam,
852 761 944 793 nullo
976 761 1052 793 licet
1076 771 1142 793 mc-

400 813 535 846 ritorum
561 819 750 846 nostrorum
769 813 933 856 sull'ragio,
955 813 1140 852 constituti,

399 876 461 905 ea,
488 877 570 909 quae
597 877 614 899 a
640 866 790 899 Romanis
817 865 1027 899 Pontificibus
1054 876 1144 908 prac-

400 920 629 952 decessoribus
660 920 781 952 nosti-is
814 920 853 952 ad
890 919 1142 952 ecclesiasticam

400 973 608 1015 disciplinali]
635 979 752 1006 sartam
772 979 956 1017 tectamque
979 974 1142 1011 tuendam,

400 1031 442 1066 et,
461 1027 515 1058 ubi
535 1028 680 1069 collapsa
698 1032 756 1066 est,
784 1027 1042 1066 instaurandam,
1068 1037 1145 1069 pro-

401 1079 473 1112 vide
500 1079 658 1122 disposita
676 1089 745 1112 esse
764 1085 954 1119 noscuntur,
974 1080 1143 1122 apostolici

399 1132 591 1164 muniminis
631 1132 735 1165 nostri
780 1132 963 1175 patrocinio
1005 1133 1146 1165 libenter

401 1185 668 1225 constabilirnUS,
696 1186 855 1229 novisque
881 1186 1053 1228 praesidiis
1072 1212 1079 1224 ‚
1113 1192 1145 1219 ut

401 1240 544 1272 exactius
572 1244 756 1279 serventur,
784 1239 1146 1279 eorroboramus,sim1t

401 1294 440 1326 ad
458 1293 694 1336 omnipotentis
719 1293 776 1325 Dei
802 1293 957 1336 gloriam,
983 1293 1144 1326 Ecclesiae

401 1346 509 1385 decus,
536 1347 781 1390 specialemque
803 1346 1066 1379 christifidelium
1093 1357 1145 1378 ae-

402 1398 621 1432 dificationem
648 1399 803 1443 expedire
834 1399 866 1432 in
892 1399 1028 1433 Domino
1060 1399 1144 1432 arbi-

403 1458 536 1485 tramur.

447 1506 461 1547 ἓ
488 1506 518 1537 1.
549 1507 634 1539 Alias
652 1506 816 1549 siquidem
836 1511 1033 1539 emanarunt
1058 1517 1075 1538 a
1101 1507 1146 1539 se-

403 1559 473 1591 licis
500 1560 739 1592 recordationis
766 1560 850 1602 Papa
872 1560 1061 1593 Innocentio
1079 1560 1145 1593 Xlll

402 1613 658 1654 praedecessore
677 1620 790 1646 nostro
806 1614 935 1646 litterae
951 1614 1076 1647 tenoris
1091 1615 1144 1658 qni

404 1666 563 1708 sequitur,
591 1667 767 1699 videlicet:

447 1719 661 1751 Innocentius
675 1720 771 1762 Papa
782 1719 883 1759 XIII,
898 1719 941 1752 acl
951 1724 1144 1763 perpetuam

402 1772 451 1804 rei
490 1773 691 1805 memoriam.
736 1774 916 1816 Apostolici
950 1774 1144 1815 ministerii,

403 1826 488 1866 qnod
516 1826 625 1866 nobis,
654 1825 730 1858 licet
755 1826 1020 1867 immerentibus,
1047 1826 1120 1860 etc³.

439 1887 534 1914 Datum
559 1888 681 1921 Romae,
706 1887 780 1922 apud
808 1889 836 1915 S.
858 1889 972 1915 Mariam
997 1888 1145 1925 Maiorem,

403 1933 453 1959 sub
474 1933 572 1959 annulo
596 1934 759 1967 piscatoris,
781 1934 824 1961 die
844 1940 889 1960 xttt
909 1933 971 1960 maii
991 1941 1144 1969 Moccxxtu,

404 1977 578 2011 pontificatus
599 1978 685 2004 nostri
705 1986 776 2004 anno
797 1984 826 2005 11.

448 2039 462 2082 ξ
488 2039 518 2072 2.
547 2040 625 2072 Cum
659 2046 789 2081 autem,
822 2041 906 2073 sicut
937 2041 1143 2084 accepimus,

406 2093 533 2125 tametsi
561 2094 737 2135 praemissa
754 2104 770 2125 a
788 2099 967 2127 memorato
986 2095 1145 2128 Innocen-

405 2148 449 2180 tio
475 2148 731 2190 praedecessore
757 2154 884 2181 maturo
910 2159 947 2181 ac
971 2149 1147 2182 saluberri-

393 2211 456 2232 mo
482 2201 602 2233 suerint
626 2201 801 2233 constituta
835 2207 866 2233 et
897 2201 1048 2234 ordinata
1074 2212 1146 2235 con-

404 2253 497 2292 silio,
523 2254 579 2285 illa
604 2254 819 2286 nibilominus
856 2255 996 2288 necdum
1033 2256 1146 2297 plena-

443 2367 449 2392 l
475 2367 553 2393 Dicta
573 2368 730 2394 constitutIO
757 2368 829 2395 edita
856 2368 922 2401 fuit,
951 2367 994 2395 die
1023 2368 1055 2395 13
1083 2368 1144 2395 maii

405 2418 537 2438 Moccxxin
551 2433 557 2443 ,
590 2412 686 2446 pontis.
717 2410 746 2438 1'1.
777 2413 867 2440 Innoc.
903 2413 949 2439 ΧΠ
980 2417 1068 2439 const.
1099 2414 1144 2440 ed.

404 2462 540 2489 uncxcxu,
563 2457 606 2482 die
628 2458 642 2482 Ιι
659 2457 778 2491 augusti,
797 2457 890 2492 pontif.
909 2465 966 2491 vin,
984 2458 1147 2485 confirmata

403 2501 452 2527 suit
472 2502 649 2535 congregatio
670 2510 753 2536 super
770 2502 913 2537 disciplina
928 2503 1060 2537 regulari.

442 2548 450 2572 1
477 2546 588 2581 lteliqua
609 2546 773 2578 omittimus,
795 2547 857 2582 quia
882 2548 987 2582 integra
1012 2547 1145 2575 Innocen-

404 2591 433 2617 tii
444 2591 504 2617 xttl
522 2591 678 2618 constitutio
691 2591 789 2626 legitur
805 2591 830 2617 in
847 2596 911 2619 tom.
925 2601 978 2626 xxi,
993 2601 1051 2627 pag.
1065 2592 1111 2619 931
1128 2602 1145 2619 α

405 2639 430 2661 et.
450 2644 508 2669 seq.
526 2643 561 2663 (u.
580 2642 626 2666 T).

984 229 1166 255 BULLARIUM
1191 229 1346 255 ROMANUM

1187 280 1255 314 riae
1281 281 1474 322 executioni,
1494 286 1530 314 ut
1547 292 1605 326 par
1630 286 1707 322 erat,
1735 279 1931 315 demandata

1188 336 1321 375 suerint,
1349 346 1455 379 neque
1480 336 1620 379 proinde
1646 341 1774 379 optatos
1808 335 1928 367 fructus

1188 400 1420 433 usquequaque
1452 389 1601 433 proferre
1637 389 1825 423 valuerint:
1853 388 1930 420 hinc

1187 447 1236 475 est
1257 443 1343 485 quod
1362 453 1433 482 nos,
1454 444 1556 485 probe
1576 443 1821 476 considerantes
1846 440 1930 474 nihil

1188 495 1289 538 magis
1314 495 1394 529 alios
1431 495 1470 528 ad
1502 506 1612 528 veram
1637 495 1791 537 pietatem
1817 499 1850 527 et
1874 493 1931 526 Dei

1187 550 1308 582 cultum
1341 548 1472 582 assidue
1509 548 1673 581 instruere
1711 552 1744 580 et
1779 547 1932 594 excitare,

1188 612 1284 645 quam
1320 612 1433 634 corum
1472 601 1569 634 vitam
1594 606 1625 633 et
1651 601 1846 644 exemplum,
1874 599 1931 643 qui

1187 666 1220 688 se
1247 655 1357 688 divino
1382 654 1564 687 ministerio
1591 654 1795 693 dedicarunt,
1823 652 1934 685 facile-

1189 719 1252 752 que
1285 708 1353 741 lieri
1388 719 1486 751 posse
1512 713 1548 740 ut
1573 708 1712 750 populus
1738 707 1769 739 in
1796 706 1847 738 via
1872 706 1934 739 Do-

1188 761 1265 793 mini
1293 771 1448 804 prospere
1475 766 1506 793 et
1532 761 1673 793 feliciter
1691 760 1931 803 progrediatur,

1188 815 1213 847 si
1239 816 1346 848 clerus
1371 815 1417 848 illi
1444 815 1645 857 praeluceat,
1674 825 1711 846 ac
1743 824 1874 847 suavem
1898 813 1932 846 in

1189 879 1227 901 eo
1264 868 1433 901 sanctioris
1471 868 1667 911 disciplinae
1703 869 1933 910 bonorumque

1188 931 1324 964 operum
1343 921 1480 953 odorem
1500 920 1683 961 diffilndat3
1704 931 1740 953 ae
1757 924 1934 963 propterea

1189 974 1380 1007 eorumdem
1405 974 1661 1016 praemissorum
1688 974 1727 1006 ad
1754 974 1840 1006 hunc
1868 978 1933 1006 tam

1188 1027 1277 1071 pium
1310 1034 1341 1060 et
1373 1028 1549 1060 salutarem
1582 1026 1679 1059 linem
1713 1024 1934 1060 tradentium¹

1189 1081 1419 1114 subsistentiae
1436 1092 1472 1114 ac
1490 1086 1623 1123 paratae
1645 1080 1842 1120 executioni,
1863 1079 1934 1112 sub-

1190 1133 1261 1166 latis
1288 1133 1458 1176 quibusvis
1495 1133 1751 1176 impedimentis,
1777 1138 1934 1176 quantum

1190 1197 1262 1219 cum
1281 1186 1417 1219 Domino
1444 1197 1628 1229 possumus,
1648 1185 1801 1229 pastorali
1823 1187 1936 1219 nostra

1189 1241 1265 1271 cura
1290 1244 1322 1271 et
1347 1239 1570 1272 sollicitudine
1600 1240 1772 1272 consulere
1797 1239 1935 1282 cupien-

1191 1297 1245 1331 tes,
1281 1291 1502 1334 praeinsertas
1536 1292 1718 1324 Innocentii
1744 1292 1936 1335 praedeces-

1189 1345 1271 1377 soris
1291 1345 1425 1383 litteras,
1446 1350 1477 1377 et
1495 1355 1718 1388 quaecumque
1737 1346 1770 1378 in
1788 1345 1835 1378 eis
1856 1355 1935 1378 con-

1189 1398 1311 1438 stituta,
1353 1398 1516 1437 ordinata,
1553 1398 1695 1438 sancita,
1734 1398 1866 1432 decreta
1905 1404 1937 1431 et

1190 1452 1365 1491 declarata,
1394 1463 1429 1485 ac
1462 1452 1542 1484 alias
1577 1452 1825 1495 quomodolibet
1849 1462 1934 1485 eon-

1191 1511 1277 1538 tenta
1295 1511 1326 1538 et
1344 1515 1510 1548 expressa,
1531 1505 1726 1538 auctoritate
1745 1505 1935 1549 apostolica,

1190 1565 1302 1592 tenore
1323 1559 1559 1603 praesentium,
1579 1564 1740 1603 perpetuo
1765 1551 1932 1603 approba--

1189 1623 1261 1646 mus
1287 1618 1319 1646 et
1343 1612 1583 1653 confirmamus,
1602 1623 1650 1654 ac,
1667 1618 1827 1657 quatenus
1853 1623 1936 1657 opus

1189 1667 1239 1708 sit,
1266 1667 1459 1700 innovamus
1485 1672 1516 1699 et
1534 1667 1573 1701 de
1592 1677 1677 1700 novo
1695 1666 1934 1706 constituimus,

1190 1720 1396 1761 ordinamus,
1414 1720 1589 1761 sancimus,
1609 1720 1814 1753 decernimus
1834 1723 1867 1752 et
1884 1719 1936 1753 de-

1190 1774 1362 1813 clai-amus,
1373 1773 1505 1817 illisque
1520 1773 1718 1806 inviolabilis
1734 1772 1935 1816 apostolicae

1190 1827 1350 1860 firmitatis
1374 1827 1474 1860 robur
1499 1826 1681 1866 adiicimus‚
1715 1836 1845 1860 necnon
1870 1830 1936 1858 tam

1191 1881 1311 1914 dilecto
1335 1879 1402 1913 filio
1436 1885 1550 1913 nostro
1583 1886 1614 1912 et
1645 1879 1738 1913 Sedis
1772 1879 1936 1923 praefatae

1191 1934 1224 1966 in
1248 1934 1358 1976 regnis
1383 1933 1613 1977 Hispaniarum
1639 1933 1762 1966 nuncio
1792 1943 1878 1966 nunc
1903 1937 1938 1966 et.

1192 1998 1249 2030 pro
1273 1993 1423 2030 tempore
1451 1987 1612 2026 existenti,
1639 1987 1748 2030 quoad
1781 1997 1819 2019 ea
1852 1996 1936 2030 quae

1191 2040 1230 2073 ad
1268 2040 1374 2083 ipsum
1412 2040 1548 2083 eiusque
1586 2039 1727 2072 tribunal
1759 2040 1935 2083 pertinent,

1191 2104 1288 2137 quam
1313 2094 1556 2126 venerabilibus
1589 2094 1743 2126 fratribus
1769 2092 1936 2136 archiepi-

1191 2147 1311 2190 scopis,
1347 2146 1530 2190 episcopis,
1569 2146 1753 2190 ceterisque
1789 2147 1937 2180 locorum

1190 2199 1369 2232 Ordinariis
1395 2206 1426 2232 et
1451 2199 1691 2243 superioribus,
1711 2210 1747 2232 ac
1773 2199 1867 2232 etiam
1894 2199 1937 2232 di·

1190 2253 1283 2286 lectis
1311 2253 1385 2286 filiis
1419 2253 1548 2295 utrique
1587 2254 1675 2285 clero
1708 2252 1867 2286 saeculari
1905 2257 1937 2285 et

1189 2307 1331 2348 regulari
1359 2306 1549 2339 eorumdem
1574 2316 1762 2348 regnorum,
1791 2305 1936 2339 districte

1190 2371 1226 2393 ao
1246 2360 1305 2392 sub
1324 2359 1593 2393 interminatione
1620 2359 1719 2392 divini
1745 2358 1856 2392 iudicii
1882 2369 1936 2392 au-

1189 2414 1338 2447 ctoritate
1364 2414 1509 2456 praefata
1544 2413 1659 2445 harum
1690 2412 1775 2445 serie
1808 2412 1935 2455 praeci-

1189 2467 1295 2509 pimus
1326 2472 1358 2499 et
1386 2467 1584 2506 mandamus,
1610 2471 1645 2498 ut
1676 2465 1732 2499 itta
1765 2465 1875 2498 omnia
1902 2469 1935 2498 et.

1190 2521 1330 2562 singula,
1348 2520 1435 2553 omni
1458 2522 1561 2560 mora,
1581 2519 1737 2552 dilatione
1757 2524 1788 2552 et
1805 2523 1935 2552 cuncta-

1190 2574 1276 2606 tione
1293 2573 1431 2613 sublata,
1449 2574 1557 2606 debita
1570 2573 1757 2606 obedientia
1771 2583 1936 2617 exequan-

1226 2637 1233 2660 1
1260 2636 1353 2662 Potius
1377 2635 1435 2672 loge
1457 2635 1635 2663 tendentium
1656 2637 1697 2668 (n.
1714 2634 1762 2671 T.).

1937 230 1989 258 An.
2010 230 2038 259 c.
2056 223 2142 261 rm>
