<?xml version="1.0" encoding="UTF-8"?>
<!DOCTYPE html PUBLIC "-//W3C//DTD XHTML 1.0 Transitional//EN"
    "http://www.w3.org/TR/xhtml1/DTD/xhtml1-transitional.dtd">
<html xmlns="http://www.w3.org/1999/xhtml" xml:lang="en" lang="en">
 <head>
  <title>
</title>
<meta http-equiv="Content-Type" content="text/html;charset=utf-8" />
  <meta name='ocr-system' content='tesseract 3.04.00' />
  <meta name='ocr-capabilities' content='ocr_page ocr_carea ocr_par ocr_line ocrx_word'/>
</head>
<body>
  <div class='ocr_page' id='page_1' title='image "./bullarumdiplomat22cath_0915.png"; bbox 0 0 2139 3142; ppageno 0'>
   <div class='ocr_carea' id='block_1_1' title="bbox 833 226 1660 260">
    <p class='ocr_par' dir='ltr' id='par_1_1' title="bbox 833 226 1660 260">
     <span class='ocr_line' id='line_1_1' title="bbox 833 226 1660 260; baseline -0.001 0"><span class='ocrx_word' id='word_1_1' title='bbox 833 237 925 260; x_wconf 63' lang='lat' dir='ltr'>mum</span> <span class='ocrx_word' id='word_1_2' title='bbox 953 237 1055 259; x_wconf 66' lang='lat' dir='ltr'>uentu</span> <span class='ocrx_word' id='word_1_3' title='bbox 1596 226 1660 259; x_wconf 63' lang='lat'>875</span> 
     </span>
    </p>
   </div>
   <div class='ocr_carea' id='block_1_2' title="bbox 170 288 1712 2175">
    <p class='ocr_par' dir='ltr' id='par_1_2' title="bbox 174 288 1705 491">
     <span class='ocr_line' id='line_1_2' title="bbox 174 288 1705 333; baseline -0.003 -7"><span class='ocrx_word' id='word_1_4' title='bbox 174 291 510 326; x_wconf 81' lang='lat' dir='ltr'>Archiconfraternitas</span> <span class='ocrx_word' id='word_1_5' title='bbox 533 290 754 333; x_wconf 87' lang='lat' dir='ltr'>Conceptionis</span> <span class='ocrx_word' id='word_1_6' title='bbox 779 290 890 322; x_wconf 87' lang='lat' dir='ltr'>Beatae</span> <span class='ocrx_word' id='word_1_7' title='bbox 915 289 1028 321; x_wconf 85' lang='lat' dir='ltr'>Mariae</span> <span class='ocrx_word' id='word_1_8' title='bbox 1048 288 1194 330; x_wconf 79' lang='lat' dir='ltr'>Virginis.</span> <span class='ocrx_word' id='word_1_9' title='bbox 1211 307 1256 314; x_wconf 89' lang='lat'>—-</span> <span class='ocrx_word' id='word_1_10' title='bbox 1271 288 1607 322; x_wconf 82' lang='lat' dir='ltr'>Archiconsraternitas</span> <span class='ocrx_word' id='word_1_11' title='bbox 1627 289 1705 322; x_wconf 89' lang='lat' dir='ltr'>Con-</span> 
     </span>
     <span class='ocr_line' id='line_1_3' title="bbox 260 341 1704 387; baseline -0.003 -10"><span class='ocrx_word' id='word_1_12' title='bbox 260 343 411 387; x_wconf 83' lang='lat' dir='ltr'>ceptionis</span> <span class='ocrx_word' id='word_1_13' title='bbox 447 344 480 376; x_wconf 78' lang='grc' dir='ltr'>Β,</span> <span class='ocrx_word' id='word_1_14' title='bbox 508 343 544 375; x_wconf 80' lang='grc' dir='ltr'>Μ.</span> <span class='ocrx_word' id='word_1_15' title='bbox 572 343 602 374; x_wconf 91' lang='lat' dir='ltr'>V.</span> <span class='ocrx_word' id='word_1_16' title='bbox 629 343 659 374; x_wconf 96' lang='lat' dir='ltr'>in</span> <span class='ocrx_word' id='word_1_17' title='bbox 684 342 816 374; x_wconf 73' lang='lat' dir='ltr'>ecclesia</span> <span class='ocrx_word' id='word_1_18' title='bbox 840 342 879 374; x_wconf 90' lang='lat' dir='ltr'>de</span> <span class='ocrx_word' id='word_1_19' title='bbox 909 341 1049 373; x_wconf 71' lang='lat' dir='ltr'>Aracaeli</span> <span class='ocrx_word' id='word_1_20' title='bbox 1076 341 1229 374; x_wconf 87' lang='lat' dir='ltr'>Minorum</span> <span class='ocrx_word' id='word_1_21' title='bbox 1255 341 1293 374; x_wconf 89' lang='lat' dir='ltr'>de</span> <span class='ocrx_word' id='word_1_22' title='bbox 1317 341 1521 374; x_wconf 74' lang='lat' dir='ltr'>Observantia</span> <span class='ocrx_word' id='word_1_23' title='bbox 1552 342 1704 383; x_wconf 85' lang='lat' dir='ltr'>erigitur,</span> 
     </span>
     <span class='ocr_line' id='line_1_4' title="bbox 260 393 1703 439; baseline -0.002 -10"><span class='ocrx_word' id='word_1_24' title='bbox 260 397 324 429; x_wconf 85' lang='lat'>510</span> <span class='ocrx_word' id='word_1_25' title='bbox 348 407 385 435; x_wconf 81' lang='grc' dir='ltr'>α.;</span> <span class='ocrx_word' id='word_1_26' title='bbox 411 395 570 439; x_wconf 87' lang='lat' dir='ltr'>praedicta</span> <span class='ocrx_word' id='word_1_27' title='bbox 606 395 635 427; x_wconf 93' lang='lat' dir='ltr'>in</span> <span class='ocrx_word' id='word_1_28' title='bbox 670 395 773 428; x_wconf 89' lang='lat' dir='ltr'>locum</span> <span class='ocrx_word' id='word_1_29' title='bbox 802 393 931 426; x_wconf 86' lang='lat' dir='ltr'>alterius</span> <span class='ocrx_word' id='word_1_30' title='bbox 966 393 998 425; x_wconf 88' lang='lat' dir='ltr'>in</span> <span class='ocrx_word' id='word_1_31' title='bbox 1033 394 1164 427; x_wconf 78' lang='lat' dir='ltr'>ccclesia</span> <span class='ocrx_word' id='word_1_32' title='bbox 1194 394 1223 426; x_wconf 98' lang='lat' dir='ltr'>S.</span> <span class='ocrx_word' id='word_1_33' title='bbox 1252 394 1412 426; x_wconf 85' lang='lat' dir='ltr'>Laurentii</span> <span class='ocrx_word' id='word_1_34' title='bbox 1437 394 1468 426; x_wconf 95' lang='lat' dir='ltr'>in</span> <span class='ocrx_word' id='word_1_35' title='bbox 1494 394 1626 426; x_wconf 81' lang='lat' dir='ltr'>Damaso</span> <span class='ocrx_word' id='word_1_36' title='bbox 1651 404 1703 426; x_wconf 80' lang='lat' dir='ltr'>ex-</span> 
     </span>
     <span class='ocr_line' id='line_1_5' title="bbox 260 446 1673 491; baseline -0.001 -10"><span class='ocrx_word' id='word_1_37' title='bbox 260 450 372 483; x_wconf 84' lang='lat' dir='ltr'>tinctae</span> <span class='ocrx_word' id='word_1_38' title='bbox 397 449 609 491; x_wconf 83' lang='lat' dir='ltr'>subrogatur,</span> <span class='ocrx_word' id='word_1_39' title='bbox 634 447 698 480; x_wconf 85' lang='lat'>510</span> <span class='ocrx_word' id='word_1_40' title='bbox 722 449 756 487; x_wconf 82' lang='lat' dir='ltr'>b;</span> <span class='ocrx_word' id='word_1_41' title='bbox 782 447 882 480; x_wconf 88' lang='lat' dir='ltr'>eidem</span> <span class='ocrx_word' id='word_1_42' title='bbox 908 447 1076 480; x_wconf 77' lang='lat' dir='ltr'>nonnullae</span> <span class='ocrx_word' id='word_1_43' title='bbox 1101 446 1314 489; x_wconf 79' lang='lat' dir='ltr'>indulgentiae</span> <span class='ocrx_word' id='word_1_44' title='bbox 1338 457 1528 488; x_wconf 74' lang='lat' dir='ltr'>concessae,</span> <span class='ocrx_word' id='word_1_45' title='bbox 1554 447 1613 480; x_wconf 82' lang='lat'>511</span> <span class='ocrx_word' id='word_1_46' title='bbox 1643 459 1673 480; x_wconf 79' lang='grc' dir='ltr'>α.</span> 
     </span>
    </p>

    <p class='ocr_par' dir='ltr' id='par_1_3' title="bbox 172 499 1175 545">
     <span class='ocr_line' id='line_1_6' title="bbox 172 499 1175 545; baseline -0.001 -12"><span class='ocrx_word' id='word_1_47' title='bbox 172 501 465 545; x_wconf 79' lang='lat' dir='ltr'>Archigymnasium</span> <span class='ocrx_word' id='word_1_48' title='bbox 491 501 685 544; x_wconf 73' lang='lat' dir='ltr'>Sapientiae,</span> <span class='ocrx_word' id='word_1_49' title='bbox 705 501 776 533; x_wconf 75' lang='lat' dir='ltr'>vide</span> <span class='ocrx_word' id='word_1_50' title='bbox 800 499 965 533; x_wconf 80' lang='lat' dir='ltr'>Academia</span> <span class='ocrx_word' id='word_1_51' title='bbox 990 499 1175 542; x_wconf 81' lang='lat' dir='ltr'>theologica.</span> 
     </span>
    </p>

    <p class='ocr_par' dir='ltr' id='par_1_4' title="bbox 172 552 1706 702">
     <span class='ocr_line' id='line_1_7' title="bbox 172 552 1704 595; baseline 0 -9"><span class='ocrx_word' id='word_1_52' title='bbox 172 554 365 587; x_wconf 87' lang='lat' dir='ltr'>Archivium.</span> <span class='ocrx_word' id='word_1_53' title='bbox 392 573 435 578; x_wconf 89' lang='lat'>--</span> <span class='ocrx_word' id='word_1_54' title='bbox 458 554 502 586; x_wconf 88' lang='lat' dir='ltr'>De</span> <span class='ocrx_word' id='word_1_55' title='bbox 525 554 660 586; x_wconf 77' lang='lat' dir='ltr'>archivis</span> <span class='ocrx_word' id='word_1_56' title='bbox 684 554 716 585; x_wconf 91' lang='lat' dir='ltr'>in</span> <span class='ocrx_word' id='word_1_57' title='bbox 740 553 826 585; x_wconf 74' lang='lat' dir='ltr'>Italia</span> <span class='ocrx_word' id='word_1_58' title='bbox 851 552 972 585; x_wconf 87' lang='lat' dir='ltr'>sedium</span> <span class='ocrx_word' id='word_1_59' title='bbox 997 552 1235 595; x_wconf 83' lang='lat' dir='ltr'>episcopalium,</span> <span class='ocrx_word' id='word_1_60' title='bbox 1259 552 1457 595; x_wconf 86' lang='lat' dir='ltr'>aliorumque</span> <span class='ocrx_word' id='word_1_61' title='bbox 1482 553 1704 595; x_wconf 80' lang='lat' dir='ltr'>religiosorum</span> 
     </span>
     <span class='ocr_line' id='line_1_8' title="bbox 260 605 1706 650; baseline -0.001 -11"><span class='ocrx_word' id='word_1_62' title='bbox 260 608 402 640; x_wconf 89' lang='lat' dir='ltr'>locorum</span> <span class='ocrx_word' id='word_1_63' title='bbox 428 607 586 650; x_wconf 75' lang='lat' dir='ltr'>erigendis</span> <span class='ocrx_word' id='word_1_64' title='bbox 610 617 667 649; x_wconf 87' lang='lat' dir='ltr'>pro</span> <span class='ocrx_word' id='word_1_65' title='bbox 692 606 833 638; x_wconf 76' lang='lat' dir='ltr'>custodia</span> <span class='ocrx_word' id='word_1_66' title='bbox 867 606 984 638; x_wconf 91' lang='lat' dir='ltr'>iurium</span> <span class='ocrx_word' id='word_1_67' title='bbox 1021 611 1051 637; x_wconf 87' lang='lat' dir='ltr'>et</span> <span class='ocrx_word' id='word_1_68' title='bbox 1075 605 1303 648; x_wconf 84' lang='lat' dir='ltr'>scripturarum</span> <span class='ocrx_word' id='word_1_69' title='bbox 1328 605 1365 637; x_wconf 88' lang='lat' dir='ltr'>ad</span> <span class='ocrx_word' id='word_1_70' title='bbox 1391 616 1426 638; x_wconf 89' lang='lat' dir='ltr'>ea</span> <span class='ocrx_word' id='word_1_71' title='bbox 1458 606 1681 648; x_wconf 86' lang='lat' dir='ltr'>pernitentium</span> <span class='ocrx_word' id='word_1_72' title='bbox 1699 633 1706 645; x_wconf 88' lang='lat'>,</span> 
     </span>
     <span class='ocr_line' id='line_1_9' title="bbox 260 657 1072 702; baseline -0.002 -11"><span class='ocrx_word' id='word_1_73' title='bbox 260 660 352 702; x_wconf 84' lang='lat' dir='ltr'>plura</span> <span class='ocrx_word' id='word_1_74' title='bbox 376 660 481 692; x_wconf 75' lang='lat' dir='ltr'>statuit</span> <span class='ocrx_word' id='word_1_75' title='bbox 505 659 690 692; x_wconf 74' lang='lat' dir='ltr'>Benedictus</span> <span class='ocrx_word' id='word_1_76' title='bbox 715 659 797 698; x_wconf 83' lang='lat' dir='ltr'>XIII,</span> <span class='ocrx_word' id='word_1_77' title='bbox 823 657 886 691; x_wconf 80' lang='lat'>560</span> <span class='ocrx_word' id='word_1_78' title='bbox 911 670 930 690; x_wconf 79' lang='lat' dir='ltr'>a</span> <span class='ocrx_word' id='word_1_79' title='bbox 956 663 986 690; x_wconf 88' lang='lat' dir='ltr'>et</span> <span class='ocrx_word' id='word_1_80' title='bbox 1009 668 1072 701; x_wconf 84' lang='lat' dir='ltr'>seq.</span> 
     </span>
    </p>

    <p class='ocr_par' dir='ltr' id='par_1_5' title="bbox 170 709 1707 807">
     <span class='ocr_line' id='line_1_10' title="bbox 170 709 1707 744; baseline 0.001 -1"><span class='ocrx_word' id='word_1_81' title='bbox 170 711 330 744; x_wconf 80' lang='lat' dir='ltr'>Asculum.</span> <span class='ocrx_word' id='word_1_82' title='bbox 348 730 393 734; x_wconf 93' lang='lat'>-—</span> <span class='ocrx_word' id='word_1_83' title='bbox 412 711 583 743; x_wconf 87' lang='lat' dir='ltr'>Asculanae</span> <span class='ocrx_word' id='word_1_84' title='bbox 607 711 723 743; x_wconf 88' lang='lat' dir='ltr'>civitati</span> <span class='ocrx_word' id='word_1_85' title='bbox 748 714 778 743; x_wconf 88' lang='lat' dir='ltr'>et</span> <span class='ocrx_word' id='word_1_86' title='bbox 802 709 938 742; x_wconf 88' lang='lat' dir='ltr'>dioecesi</span> <span class='ocrx_word' id='word_1_87' title='bbox 963 709 1043 742; x_wconf 87' lang='lat' dir='ltr'>sacta</span> <span class='ocrx_word' id='word_1_88' title='bbox 1066 710 1195 743; x_wconf 79' lang='lat' dir='ltr'>facultas</span> <span class='ocrx_word' id='word_1_89' title='bbox 1220 710 1372 744; x_wconf 90' lang='lat' dir='ltr'>recitandi</span> <span class='ocrx_word' id='word_1_90' title='bbox 1397 711 1536 744; x_wconf 88' lang='lat' dir='ltr'>ossicium</span> <span class='ocrx_word' id='word_1_91' title='bbox 1560 711 1619 744; x_wconf 88' lang='lat' dir='ltr'>sub</span> <span class='ocrx_word' id='word_1_92' title='bbox 1645 712 1707 744; x_wconf 87' lang='lat' dir='ltr'>ritu</span> 
     </span>
     <span class='ocr_line' id='line_1_11' title="bbox 258 761 1530 807; baseline -0.001 -11"><span class='ocrx_word' id='word_1_93' title='bbox 258 764 377 807; x_wconf 88' lang='lat' dir='ltr'>duplici</span> <span class='ocrx_word' id='word_1_94' title='bbox 402 770 432 796; x_wconf 88' lang='lat' dir='ltr'>et</span> <span class='ocrx_word' id='word_1_95' title='bbox 455 763 635 796; x_wconf 87' lang='lat' dir='ltr'>celebrandi</span> <span class='ocrx_word' id='word_1_96' title='bbox 661 763 788 796; x_wconf 89' lang='lat' dir='ltr'>missam</span> <span class='ocrx_word' id='word_1_97' title='bbox 813 763 897 795; x_wconf 87' lang='lat' dir='ltr'>Beati</span> <span class='ocrx_word' id='word_1_98' title='bbox 923 761 1087 805; x_wconf 85' lang='lat' dir='ltr'>Seraphini</span> <span class='ocrx_word' id='word_1_99' title='bbox 1113 763 1151 796; x_wconf 88' lang='lat' dir='ltr'>de</span> <span class='ocrx_word' id='word_1_100' title='bbox 1177 763 1308 803; x_wconf 87' lang='lat' dir='ltr'>Asculo,</span> <span class='ocrx_word' id='word_1_101' title='bbox 1334 762 1398 796; x_wconf 77' lang='lat'>835</span> <span class='ocrx_word' id='word_1_102' title='bbox 1416 774 1436 796; x_wconf 76' lang='lat' dir='ltr'>cc</span> <span class='ocrx_word' id='word_1_103' title='bbox 1455 769 1486 795; x_wconf 88' lang='lat' dir='ltr'>ct</span> <span class='ocrx_word' id='word_1_104' title='bbox 1503 764 1530 796; x_wconf 80' lang='lat' dir='ltr'>b.</span> 
     </span>
    </p>

    <p class='ocr_par' dir='ltr' id='par_1_6' title="bbox 171 814 1711 1276">
     <span class='ocr_line' id='line_1_12' title="bbox 171 814 1708 849; baseline 0 -1"><span class='ocrx_word' id='word_1_105' title='bbox 171 815 375 849; x_wconf 82' lang='lat' dir='ltr'>Auditoratus</span> <span class='ocrx_word' id='word_1_106' title='bbox 407 816 570 849; x_wconf 86' lang='lat' dir='ltr'>Gamerae.</span> <span class='ocrx_word' id='word_1_107' title='bbox 597 834 641 839; x_wconf 92' lang='lat'>—</span> <span class='ocrx_word' id='word_1_108' title='bbox 664 815 867 848; x_wconf 76' lang='lat' dir='ltr'>Auditoratus</span> <span class='ocrx_word' id='word_1_109' title='bbox 897 814 1045 848; x_wconf 80' lang='lat' dir='ltr'>Gamerae</span> <span class='ocrx_word' id='word_1_110' title='bbox 1078 815 1182 847; x_wconf 86' lang='lat' dir='ltr'>officio</span> <span class='ocrx_word' id='word_1_111' title='bbox 1217 815 1301 847; x_wconf 83' lang='lat' dir='ltr'>aliud</span> <span class='ocrx_word' id='word_1_112' title='bbox 1337 815 1475 848; x_wconf 84' lang='lat' dir='ltr'>officium</span> <span class='ocrx_word' id='word_1_113' title='bbox 1512 815 1708 848; x_wconf 75' lang='lat' dir='ltr'>auditoratas</span> 
     </span>
     <span class='ocr_line' id='line_1_13' title="bbox 261 867 1709 910; baseline -0.001 -9"><span class='ocrx_word' id='word_1_114' title='bbox 261 869 416 910; x_wconf 79' lang='lat' dir='ltr'>generalis</span> <span class='ocrx_word' id='word_1_115' title='bbox 440 879 605 901; x_wconf 88' lang='lat' dir='ltr'>causarum</span> <span class='ocrx_word' id='word_1_116' title='bbox 631 867 912 906; x_wconf 76' lang='lat' dir='ltr'>confidentialium,</span> <span class='ocrx_word' id='word_1_117' title='bbox 939 878 1009 899; x_wconf 88' lang='lat' dir='ltr'>cum</span> <span class='ocrx_word' id='word_1_118' title='bbox 1036 867 1167 909; x_wconf 84' lang='lat' dir='ltr'>singulis</span> <span class='ocrx_word' id='word_1_119' title='bbox 1202 868 1376 910; x_wconf 68' lang='lat' dir='ltr'>privilegiis</span> <span class='ocrx_word' id='word_1_120' title='bbox 1400 874 1430 900; x_wconf 89' lang='lat' dir='ltr'>et</span> <span class='ocrx_word' id='word_1_121' title='bbox 1455 868 1594 908; x_wconf 88' lang='lat' dir='ltr'>indultis,</span> <span class='ocrx_word' id='word_1_122' title='bbox 1619 869 1709 901; x_wconf 91' lang='lat' dir='ltr'>iuris-</span> 
     </span>
     <span class='ocr_line' id='line_1_14' title="bbox 262 920 1709 962; baseline 0.001 -9"><span class='ocrx_word' id='word_1_123' title='bbox 262 922 397 953; x_wconf 84' lang='lat' dir='ltr'>dictione</span> <span class='ocrx_word' id='word_1_124' title='bbox 421 927 451 953; x_wconf 81' lang='lat' dir='ltr'>et</span> <span class='ocrx_word' id='word_1_125' title='bbox 475 921 715 959; x_wconf 80' lang='lat' dir='ltr'>emolumentis,</span> <span class='ocrx_word' id='word_1_126' title='bbox 742 920 865 952; x_wconf 77' lang='lat' dir='ltr'>sublata</span> <span class='ocrx_word' id='word_1_127' title='bbox 888 925 991 951; x_wconf 89' lang='lat' dir='ltr'>tamen</span> <span class='ocrx_word' id='word_1_128' title='bbox 1017 920 1161 952; x_wconf 82' lang='lat' dir='ltr'>facultate</span> <span class='ocrx_word' id='word_1_129' title='bbox 1197 920 1386 962; x_wconf 87' lang='lat' dir='ltr'>disponendi</span> <span class='ocrx_word' id='word_1_130' title='bbox 1417 921 1454 952; x_wconf 88' lang='lat' dir='ltr'>de</span> <span class='ocrx_word' id='word_1_131' title='bbox 1486 921 1589 954; x_wconf 83' lang='lat' dir='ltr'>officio</span> <span class='ocrx_word' id='word_1_132' title='bbox 1614 926 1709 954; x_wconf 82' lang='lat' dir='ltr'>nota-</span> 
     </span>
     <span class='ocr_line' id='line_1_15' title="bbox 262 971 1709 1016; baseline 0.001 -11"><span class='ocrx_word' id='word_1_133' title='bbox 262 973 378 1012; x_wconf 88' lang='lat' dir='ltr'>riatus,</span> <span class='ocrx_word' id='word_1_134' title='bbox 414 973 540 1005; x_wconf 79' lang='lat' dir='ltr'>annexit</span> <span class='ocrx_word' id='word_1_135' title='bbox 563 978 593 1005; x_wconf 86' lang='lat' dir='ltr'>et</span> <span class='ocrx_word' id='word_1_136' title='bbox 618 973 735 1012; x_wconf 70' lang='lat' dir='ltr'>univit,</span> <span class='ocrx_word' id='word_1_137' title='bbox 761 971 823 1004; x_wconf 63' lang='lat' dir='ltr'>73ss</span> <span class='ocrx_word' id='word_1_138' title='bbox 848 973 864 1003; x_wconf 81' lang='lat' dir='ltr'>b</span> <span class='ocrx_word' id='word_1_139' title='bbox 889 978 919 1004; x_wconf 89' lang='lat' dir='ltr'>et</span> <span class='ocrx_word' id='word_1_140' title='bbox 943 983 1024 1016; x_wconf 79' lang='lat' dir='ltr'>seq.;</span> <span class='ocrx_word' id='word_1_141' title='bbox 1061 972 1197 1005; x_wconf 76' lang='lat' dir='ltr'>auditori</span> <span class='ocrx_word' id='word_1_142' title='bbox 1226 973 1366 1014; x_wconf 85' lang='lat' dir='ltr'>generali</span> <span class='ocrx_word' id='word_1_143' title='bbox 1402 983 1567 1006; x_wconf 89' lang='lat' dir='ltr'>causarum</span> <span class='ocrx_word' id='word_1_144' title='bbox 1603 974 1709 1007; x_wconf 86' lang='lat' dir='ltr'>curiae</span> 
     </span>
     <span class='ocr_line' id='line_1_16' title="bbox 263 1024 1709 1069; baseline 0.001 -11"><span class='ocrx_word' id='word_1_145' title='bbox 263 1027 413 1059; x_wconf 82' lang='lat' dir='ltr'>Gamerae</span> <span class='ocrx_word' id='word_1_146' title='bbox 437 1026 632 1069; x_wconf 86' lang='lat' dir='ltr'>Apostolicae</span> <span class='ocrx_word' id='word_1_147' title='bbox 657 1025 828 1068; x_wconf 83' lang='lat' dir='ltr'>praedicto,</span> <span class='ocrx_word' id='word_1_148' title='bbox 846 1030 879 1057; x_wconf 94' lang='lat' dir='ltr'>ut</span> <span class='ocrx_word' id='word_1_149' title='bbox 904 1025 934 1057; x_wconf 91' lang='lat' dir='ltr'>in</span> <span class='ocrx_word' id='word_1_150' title='bbox 960 1024 1124 1066; x_wconf 87' lang='lat' dir='ltr'>mandatis,</span> <span class='ocrx_word' id='word_1_151' title='bbox 1142 1030 1268 1068; x_wconf 86' lang='lat' dir='ltr'>praeter</span> <span class='ocrx_word' id='word_1_152' title='bbox 1284 1025 1362 1058; x_wconf 87' lang='lat' dir='ltr'>alios</span> <span class='ocrx_word' id='word_1_153' title='bbox 1387 1026 1504 1066; x_wconf 87' lang='lat' dir='ltr'>titulos,</span> <span class='ocrx_word' id='word_1_154' title='bbox 1522 1027 1709 1069; x_wconf 84' lang='lat' dir='ltr'>adiungeret</span> 
     </span>
     <span class='ocr_line' id='line_1_17' title="bbox 259 1077 1711 1119; baseline 0.001 -10"><span class='ocrx_word' id='word_1_155' title='bbox 259 1078 336 1111; x_wconf 91' lang='lat' dir='ltr'>illud</span> <span class='ocrx_word' id='word_1_156' title='bbox 353 1078 547 1110; x_wconf 87' lang='lat' dir='ltr'>auditoratus</span> <span class='ocrx_word' id='word_1_157' title='bbox 571 1087 737 1110; x_wconf 87' lang='lat' dir='ltr'>causarum</span> <span class='ocrx_word' id='word_1_158' title='bbox 763 1077 1046 1119; x_wconf 74' lang='lat' dir='ltr'>confidentialium,</span> <span class='ocrx_word' id='word_1_159' title='bbox 1073 1078 1242 1119; x_wconf 78' lang='lat' dir='ltr'>concessit,</span> <span class='ocrx_word' id='word_1_160' title='bbox 1270 1078 1333 1111; x_wconf 70' lang='lat'>739</span> <span class='ocrx_word' id='word_1_161' title='bbox 1357 1078 1387 1117; x_wconf 78' lang='lat' dir='ltr'>b;</span> <span class='ocrx_word' id='word_1_162' title='bbox 1414 1079 1531 1118; x_wconf 88' lang='lat' dir='ltr'>eidem,</span> <span class='ocrx_word' id='word_1_163' title='bbox 1552 1085 1586 1112; x_wconf 88' lang='lat' dir='ltr'>ut</span> <span class='ocrx_word' id='word_1_164' title='bbox 1612 1090 1711 1112; x_wconf 87' lang='lat' dir='ltr'>unum</span> 
     </span>
     <span class='ocr_line' id='line_1_18' title="bbox 260 1129 1709 1175; baseline 0.003 -13"><span class='ocrx_word' id='word_1_165' title='bbox 260 1131 421 1162; x_wconf 80' lang='lat' dir='ltr'>dumtaxat</span> <span class='ocrx_word' id='word_1_166' title='bbox 441 1131 691 1163; x_wconf 80' lang='lat' dir='ltr'>commissarium</span> <span class='ocrx_word' id='word_1_167' title='bbox 718 1130 774 1161; x_wconf 85' lang='lat' dir='ltr'>sibi</span> <span class='ocrx_word' id='word_1_168' title='bbox 800 1141 859 1173; x_wconf 87' lang='lat' dir='ltr'>pro</span> <span class='ocrx_word' id='word_1_169' title='bbox 884 1129 1023 1172; x_wconf 82' lang='lat' dir='ltr'>qualibet</span> <span class='ocrx_word' id='word_1_170' title='bbox 1047 1130 1181 1163; x_wconf 88' lang='lat' dir='ltr'>dioecesi</span> <span class='ocrx_word' id='word_1_171' title='bbox 1199 1130 1437 1163; x_wconf 88' lang='lat' dir='ltr'>Ordinariorum</span> <span class='ocrx_word' id='word_1_172' title='bbox 1459 1132 1575 1174; x_wconf 75' lang='lat' dir='ltr'>eligere</span> <span class='ocrx_word' id='word_1_173' title='bbox 1594 1137 1709 1175; x_wconf 84' lang='lat' dir='ltr'>posset,</span> 
     </span>
     <span class='ocr_line' id='line_1_19' title="bbox 260 1182 1711 1227; baseline 0.001 -12"><span class='ocrx_word' id='word_1_174' title='bbox 260 1183 473 1226; x_wconf 80' lang='lat' dir='ltr'>praescripsit,</span> <span class='ocrx_word' id='word_1_175' title='bbox 498 1182 562 1215; x_wconf 71' lang='lat'>740</span> <span class='ocrx_word' id='word_1_176' title='bbox 587 1194 622 1221; x_wconf 83' lang='grc' dir='ltr'>α;</span> <span class='ocrx_word' id='word_1_177' title='bbox 648 1183 788 1215; x_wconf 85' lang='lat' dir='ltr'>eiusdem</span> <span class='ocrx_word' id='word_1_178' title='bbox 814 1183 1023 1216; x_wconf 86' lang='lat' dir='ltr'>iurisdictioni</span> <span class='ocrx_word' id='word_1_179' title='bbox 1049 1183 1285 1216; x_wconf 82' lang='lat' dir='ltr'>commissarios</span> <span class='ocrx_word' id='word_1_180' title='bbox 1310 1185 1466 1226; x_wconf 81' lang='lat' dir='ltr'>praefatos</span> <span class='ocrx_word' id='word_1_181' title='bbox 1491 1185 1631 1227; x_wconf 76' lang='lat' dir='ltr'>aliosque</span> <span class='ocrx_word' id='word_1_182' title='bbox 1656 1185 1711 1217; x_wconf 91' lang='lat' dir='ltr'>mi-</span> 
     </span>
     <span class='ocr_line' id='line_1_20' title="bbox 260 1236 644 1276; baseline 0.003 -9"><span class='ocrx_word' id='word_1_183' title='bbox 260 1236 376 1268; x_wconf 86' lang='lat' dir='ltr'>nistros</span> <span class='ocrx_word' id='word_1_184' title='bbox 400 1236 543 1276; x_wconf 84' lang='lat' dir='ltr'>subiecit,</span> <span class='ocrx_word' id='word_1_185' title='bbox 569 1236 644 1268; x_wconf 73' lang='lat' dir='ltr'>ibid.</span> 
     </span>
    </p>

    <p class='ocr_par' dir='ltr' id='par_1_7' title="bbox 172 1288 1711 1702">
     <span class='ocr_line' id='line_1_21' title="bbox 172 1288 1710 1324; baseline 0.003 -5"><span class='ocrx_word' id='word_1_186' title='bbox 172 1288 374 1320; x_wconf 85' lang='lat' dir='ltr'>Auditoratus</span> <span class='ocrx_word' id='word_1_187' title='bbox 398 1299 565 1321; x_wconf 89' lang='lat' dir='ltr'>causarum</span> <span class='ocrx_word' id='word_1_188' title='bbox 591 1288 870 1321; x_wconf 87' lang='lat' dir='ltr'>conlidentialium.</span> <span class='ocrx_word' id='word_1_189' title='bbox 898 1308 941 1311; x_wconf 85' lang='lat'>—</span> <span class='ocrx_word' id='word_1_190' title='bbox 979 1289 1054 1321; x_wconf 68' lang='lat' dir='ltr'>Vide</span> <span class='ocrx_word' id='word_1_191' title='bbox 1078 1289 1194 1322; x_wconf 81' lang='lat' dir='ltr'>Causae</span> <span class='ocrx_word' id='word_1_192' title='bbox 1224 1290 1472 1323; x_wconf 80' lang='lat' dir='ltr'>conlidentiales.</span> <span class='ocrx_word' id='word_1_193' title='bbox 1506 1291 1710 1324; x_wconf 84' lang='lat' dir='ltr'>Auditoratus</span> 
     </span>
     <span class='ocr_line' id='line_1_22' title="bbox 262 1341 1709 1385; baseline 0.002 -13"><span class='ocrx_word' id='word_1_194' title='bbox 262 1352 426 1374; x_wconf 85' lang='lat' dir='ltr'>causarum</span> <span class='ocrx_word' id='word_1_195' title='bbox 450 1341 716 1373; x_wconf 76' lang='lat' dir='ltr'>confidentialium</span> <span class='ocrx_word' id='word_1_196' title='bbox 742 1342 879 1373; x_wconf 82' lang='lat' dir='ltr'>officium</span> <span class='ocrx_word' id='word_1_197' title='bbox 906 1352 923 1373; x_wconf 86' lang='lat' dir='ltr'>a</span> <span class='ocrx_word' id='word_1_198' title='bbox 939 1342 1023 1374; x_wconf 79' lang='lat' dir='ltr'>Sixto</span> <span class='ocrx_word' id='word_1_199' title='bbox 1051 1342 1071 1373; x_wconf 93' lang='lat' dir='ltr'>V</span> <span class='ocrx_word' id='word_1_200' title='bbox 1097 1347 1237 1374; x_wconf 80' lang='lat' dir='ltr'>erectum</span> <span class='ocrx_word' id='word_1_201' title='bbox 1264 1342 1375 1381; x_wconf 83' lang='lat' dir='ltr'>fuisse,</span> <span class='ocrx_word' id='word_1_202' title='bbox 1401 1342 1491 1385; x_wconf 85' lang='lat' dir='ltr'>eique</span> <span class='ocrx_word' id='word_1_203' title='bbox 1516 1343 1709 1385; x_wconf 86' lang='lat' dir='ltr'>peculiarem</span> 
     </span>
     <span class='ocr_line' id='line_1_23' title="bbox 260 1394 1711 1437; baseline 0.001 -11"><span class='ocrx_word' id='word_1_204' title='bbox 260 1394 366 1426; x_wconf 89' lang='lat' dir='ltr'>dotem</span> <span class='ocrx_word' id='word_1_205' title='bbox 392 1394 591 1436; x_wconf 77' lang='lat' dir='ltr'>assignatam,</span> <span class='ocrx_word' id='word_1_206' title='bbox 631 1394 742 1433; x_wconf 87' lang='lat' dir='ltr'>rcsert,</span> <span class='ocrx_word' id='word_1_207' title='bbox 768 1394 830 1427; x_wconf 72' lang='lat'>735</span> <span class='ocrx_word' id='word_1_208' title='bbox 855 1406 874 1427; x_wconf 82' lang='lat' dir='ltr'>a</span> <span class='ocrx_word' id='word_1_209' title='bbox 899 1400 928 1427; x_wconf 85' lang='lat' dir='ltr'>et</span> <span class='ocrx_word' id='word_1_210' title='bbox 954 1395 988 1433; x_wconf 77' lang='lat' dir='ltr'>b;</span> <span class='ocrx_word' id='word_1_211' title='bbox 1014 1395 1188 1427; x_wconf 88' lang='lat' dir='ltr'>auditorem</span> <span class='ocrx_word' id='word_1_212' title='bbox 1215 1395 1411 1437; x_wconf 85' lang='lat' dir='ltr'>praedictum</span> <span class='ocrx_word' id='word_1_213' title='bbox 1438 1406 1603 1428; x_wconf 85' lang='lat' dir='ltr'>causarum</span> <span class='ocrx_word' id='word_1_214' title='bbox 1635 1406 1711 1428; x_wconf 87' lang='lat' dir='ltr'>con-</span> 
     </span>
     <span class='ocr_line' id='line_1_24' title="bbox 259 1446 1710 1490; baseline 0.001 -11"><span class='ocrx_word' id='word_1_215' title='bbox 259 1447 480 1487; x_wconf 82' lang='lat' dir='ltr'>fidentialium,</span> <span class='ocrx_word' id='word_1_216' title='bbox 506 1447 665 1479; x_wconf 85' lang='lat' dir='ltr'>nonnullis</span> <span class='ocrx_word' id='word_1_217' title='bbox 691 1447 717 1479; x_wconf 86' lang='lat' dir='ltr'>ei</span> <span class='ocrx_word' id='word_1_218' title='bbox 744 1447 900 1480; x_wconf 83' lang='lat' dir='ltr'>concessis</span> <span class='ocrx_word' id='word_1_219' title='bbox 924 1446 1114 1490; x_wconf 68' lang='lat' dir='ltr'>privilegiis,</span> <span class='ocrx_word' id='word_1_220' title='bbox 1140 1448 1335 1490; x_wconf 75' lang='lat' dir='ltr'>amplissima</span> <span class='ocrx_word' id='word_1_221' title='bbox 1360 1448 1506 1481; x_wconf 81' lang='lat' dir='ltr'>facultate</span> <span class='ocrx_word' id='word_1_222' title='bbox 1531 1454 1562 1480; x_wconf 83' lang='lat' dir='ltr'>et</span> <span class='ocrx_word' id='word_1_223' title='bbox 1586 1448 1710 1481; x_wconf 89' lang='lat' dir='ltr'>iurisdit</span> 
     </span>
     <span class='ocr_line' id='line_1_25' title="bbox 259 1498 1710 1542; baseline 0.002 -11"><span class='ocrx_word' id='word_1_224' title='bbox 259 1499 361 1531; x_wconf 89' lang='lat' dir='ltr'>ctione</span> <span class='ocrx_word' id='word_1_225' title='bbox 385 1498 415 1531; x_wconf 93' lang='lat' dir='ltr'>in</span> <span class='ocrx_word' id='word_1_226' title='bbox 440 1499 608 1542; x_wconf 87' lang='lat' dir='ltr'>praedictis</span> <span class='ocrx_word' id='word_1_227' title='bbox 639 1498 741 1531; x_wconf 88' lang='lat' dir='ltr'>causis</span> <span class='ocrx_word' id='word_1_228' title='bbox 772 1498 902 1542; x_wconf 87' lang='lat' dir='ltr'>aliisque</span> <span class='ocrx_word' id='word_1_229' title='bbox 927 1499 1055 1531; x_wconf 84' lang='lat' dir='ltr'>annexis</span> <span class='ocrx_word' id='word_1_230' title='bbox 1087 1500 1236 1532; x_wconf 86' lang='lat' dir='ltr'>donatum</span> <span class='ocrx_word' id='word_1_231' title='bbox 1266 1500 1360 1533; x_wconf 75' lang='lat' dir='ltr'>fuisse</span> <span class='ocrx_word' id='word_1_232' title='bbox 1394 1505 1521 1541; x_wconf 90' lang='lat' dir='ltr'>narrat,</span> <span class='ocrx_word' id='word_1_233' title='bbox 1548 1501 1610 1533; x_wconf 70' lang='lat'>7:35</span> <span class='ocrx_word' id='word_1_234' title='bbox 1636 1502 1653 1534; x_wconf 82' lang='lat' dir='ltr'><strong><em>b</em></strong></span> <span class='ocrx_word' id='word_1_235' title='bbox 1677 1512 1710 1534; x_wconf 89' lang='lat' dir='ltr'>e-</span> 
     </span>
     <span class='ocr_line' id='line_1_26' title="bbox 259 1551 1711 1597; baseline 0.001 -13"><span class='ocrx_word' id='word_1_236' title='bbox 259 1563 339 1596; x_wconf 79' lang='lat' dir='ltr'>seq.;</span> <span class='ocrx_word' id='word_1_237' title='bbox 365 1552 465 1585; x_wconf 89' lang='lat' dir='ltr'>eidem</span> <span class='ocrx_word' id='word_1_238' title='bbox 480 1580 487 1593; x_wconf 88' lang='lat'>,</span> <span class='ocrx_word' id='word_1_239' title='bbox 512 1558 546 1584; x_wconf 86' lang='lat' dir='ltr'>ut</span> <span class='ocrx_word' id='word_1_240' title='bbox 569 1551 707 1585; x_wconf 85' lang='lat' dir='ltr'>officium</span> <span class='ocrx_word' id='word_1_241' title='bbox 732 1552 905 1585; x_wconf 87' lang='lat' dir='ltr'>notariatus</span> <span class='ocrx_word' id='word_1_242' title='bbox 930 1553 1113 1585; x_wconf 84' lang='lat' dir='ltr'>earumdem</span> <span class='ocrx_word' id='word_1_243' title='bbox 1138 1563 1303 1586; x_wconf 89' lang='lat' dir='ltr'>causarum</span> <span class='ocrx_word' id='word_1_244' title='bbox 1328 1553 1366 1585; x_wconf 87' lang='lat' dir='ltr'>ad</span> <span class='ocrx_word' id='word_1_245' title='bbox 1391 1553 1523 1586; x_wconf 87' lang='lat' dir='ltr'>liberam</span> <span class='ocrx_word' id='word_1_246' title='bbox 1548 1564 1606 1597; x_wconf 90' lang='lat' dir='ltr'>pro</span> <span class='ocrx_word' id='word_1_247' title='bbox 1630 1559 1711 1586; x_wconf 88' lang='lat' dir='ltr'>tem-</span> 
     </span>
     <span class='ocr_line' id='line_1_27' title="bbox 259 1605 1710 1649; baseline 0.001 -12"><span class='ocrx_word' id='word_1_248' title='bbox 259 1615 337 1648; x_wconf 88' lang='lat' dir='ltr'>pore</span> <span class='ocrx_word' id='word_1_249' title='bbox 361 1605 520 1638; x_wconf 80' lang='lat' dir='ltr'>existentis</span> <span class='ocrx_word' id='word_1_250' title='bbox 545 1605 696 1637; x_wconf 88' lang='lat' dir='ltr'>auditoris</span> <span class='ocrx_word' id='word_1_251' title='bbox 725 1605 877 1648; x_wconf 85' lang='lat' dir='ltr'>praedicti</span> <span class='ocrx_word' id='word_1_252' title='bbox 913 1605 1150 1649; x_wconf 87' lang='lat' dir='ltr'>dispositionem</span> <span class='ocrx_word' id='word_1_253' title='bbox 1182 1610 1356 1649; x_wconf 86' lang='lat' dir='ltr'>spectaret,</span> <span class='ocrx_word' id='word_1_254' title='bbox 1389 1606 1564 1647; x_wconf 84' lang='lat' dir='ltr'>concessit,</span> <span class='ocrx_word' id='word_1_255' title='bbox 1590 1606 1652 1639; x_wconf 75' lang='lat'><strong>7:37</strong></span> <span class='ocrx_word' id='word_1_256' title='bbox 1677 1607 1710 1646; x_wconf 51' lang='grc' dir='ltr'>ἐκ</span> 
     </span>
     <span class='ocr_line' id='line_1_28' title="bbox 258 1657 954 1702; baseline 0 -12"><span class='ocrx_word' id='word_1_257' title='bbox 258 1657 329 1690; x_wconf 81' lang='lat' dir='ltr'>vide</span> <span class='ocrx_word' id='word_1_258' title='bbox 347 1658 445 1702; x_wconf 80' lang='lat' dir='ltr'>paulo</span> <span class='ocrx_word' id='word_1_259' title='bbox 470 1663 546 1690; x_wconf 78' lang='lat' dir='ltr'>ante</span> <span class='ocrx_word' id='word_1_260' title='bbox 570 1657 772 1690; x_wconf 86' lang='lat' dir='ltr'>Auditoratus</span> <span class='ocrx_word' id='word_1_261' title='bbox 797 1658 954 1691; x_wconf 87' lang='lat' dir='ltr'>Gamerae.</span> 
     </span>
    </p>

    <p class='ocr_par' dir='ltr' id='par_1_8' title="bbox 171 1711 1712 2066">
     <span class='ocr_line' id='line_1_29' title="bbox 171 1711 1711 1755; baseline 0.001 -12"><span class='ocrx_word' id='word_1_262' title='bbox 171 1711 362 1754; x_wconf 74' lang='lat' dir='ltr'>Augustinus</span> <span class='ocrx_word' id='word_1_263' title='bbox 386 1712 459 1755; x_wconf 73' lang='lat' dir='ltr'>(S).</span> <span class='ocrx_word' id='word_1_264' title='bbox 485 1731 529 1735; x_wconf 89' lang='lat'>—</span> <span class='ocrx_word' id='word_1_265' title='bbox 552 1712 580 1743; x_wconf 80' lang='lat' dir='ltr'>S.</span> <span class='ocrx_word' id='word_1_266' title='bbox 607 1711 772 1753; x_wconf 73' lang='lat' dir='ltr'>Augustini</span> <span class='ocrx_word' id='word_1_267' title='bbox 793 1712 935 1744; x_wconf 88' lang='lat' dir='ltr'>doctrina</span> <span class='ocrx_word' id='word_1_268' title='bbox 961 1723 977 1744; x_wconf 87' lang='lat' dir='ltr'>a</span> <span class='ocrx_word' id='word_1_269' title='bbox 1002 1712 1166 1744; x_wconf 85' lang='lat' dir='ltr'>calumniis</span> <span class='ocrx_word' id='word_1_270' title='bbox 1193 1711 1367 1744; x_wconf 71' lang='lat' dir='ltr'>vindicatur</span> <span class='ocrx_word' id='word_1_271' title='bbox 1391 1718 1484 1755; x_wconf 87' lang='lat' dir='ltr'>atquc</span> <span class='ocrx_word' id='word_1_272' title='bbox 1502 1712 1590 1744; x_wconf 87' lang='lat' dir='ltr'>miris</span> <span class='ocrx_word' id='word_1_273' title='bbox 1608 1712 1711 1744; x_wconf 88' lang='lat' dir='ltr'>laudi-</span> 
     </span>
     <span class='ocr_line' id='line_1_30' title="bbox 259 1764 1711 1808; baseline 0 -12"><span class='ocrx_word' id='word_1_274' title='bbox 259 1765 317 1797; x_wconf 89' lang='lat' dir='ltr'>bus</span> <span class='ocrx_word' id='word_1_275' title='bbox 342 1764 472 1797; x_wconf 80' lang='lat' dir='ltr'>effertur</span> <span class='ocrx_word' id='word_1_276' title='bbox 496 1775 512 1796; x_wconf 87' lang='lat' dir='ltr'>a</span> <span class='ocrx_word' id='word_1_277' title='bbox 538 1764 705 1796; x_wconf 78' lang='lat' dir='ltr'>Benedicto</span> <span class='ocrx_word' id='word_1_278' title='bbox 730 1764 809 1805; x_wconf 81' lang='lat' dir='ltr'>XIII,</span> <span class='ocrx_word' id='word_1_279' title='bbox 835 1764 898 1797; x_wconf 67' lang='lat'>10⁴.)</span> <span class='ocrx_word' id='word_1_280' title='bbox 924 1765 940 1796; x_wconf 76' lang='grc' dir='ltr'>[ι</span> <span class='ocrx_word' id='word_1_281' title='bbox 964 1771 993 1797; x_wconf 77' lang='lat' dir='ltr'>et.</span> <span class='ocrx_word' id='word_1_282' title='bbox 1017 1776 1093 1808; x_wconf 76' lang='lat' dir='ltr'>seq.;</span> <span class='ocrx_word' id='word_1_283' title='bbox 1121 1765 1152 1797; x_wconf 89' lang='lat' dir='ltr'>S.</span> <span class='ocrx_word' id='word_1_284' title='bbox 1180 1764 1342 1807; x_wconf 74' lang='lat' dir='ltr'>Augustini</span> <span class='ocrx_word' id='word_1_285' title='bbox 1369 1775 1483 1807; x_wconf 84' lang='lat' dir='ltr'>corpus</span> <span class='ocrx_word' id='word_1_286' title='bbox 1507 1765 1653 1808; x_wconf 83' lang='lat' dir='ltr'>Hippone</span> <span class='ocrx_word' id='word_1_287' title='bbox 1680 1765 1711 1796; x_wconf 92' lang='lat' dir='ltr'>in</span> 
     </span>
     <span class='ocr_line' id='line_1_31' title="bbox 261 1817 1712 1860; baseline -0.001 -10"><span class='ocrx_word' id='word_1_288' title='bbox 261 1818 455 1857; x_wconf 86' lang='lat' dir='ltr'>Sardiniam,</span> <span class='ocrx_word' id='word_1_289' title='bbox 480 1823 572 1860; x_wconf 83' lang='lat' dir='ltr'>atque</span> <span class='ocrx_word' id='word_1_290' title='bbox 597 1817 670 1849; x_wconf 86' lang='lat' dir='ltr'>hinc</span> <span class='ocrx_word' id='word_1_291' title='bbox 694 1817 834 1849; x_wconf 88' lang='lat' dir='ltr'>Ticinum</span> <span class='ocrx_word' id='word_1_292' title='bbox 861 1818 1062 1857; x_wconf 86' lang='lat' dir='ltr'>translatum,</span> <span class='ocrx_word' id='word_1_293' title='bbox 1088 1818 1203 1850; x_wconf 88' lang='lat' dir='ltr'>multos</span> <span class='ocrx_word' id='word_1_294' title='bbox 1227 1823 1297 1860; x_wconf 88' lang='lat' dir='ltr'>post</span> <span class='ocrx_word' id='word_1_295' title='bbox 1328 1827 1425 1850; x_wconf 85' lang='lat' dir='ltr'>annos</span> <span class='ocrx_word' id='word_1_296' title='bbox 1449 1823 1610 1860; x_wconf 83' lang='lat' dir='ltr'>repertum</span> <span class='ocrx_word' id='word_1_297' title='bbox 1643 1828 1712 1849; x_wconf 87' lang='lat' dir='ltr'>esse</span> 
     </span>
     <span class='ocr_line' id='line_1_32' title="bbox 262 1868 1712 1914; baseline 0.001 -12"><span class='ocrx_word' id='word_1_298' title='bbox 262 1871 366 1911; x_wconf 78' lang='lat' dir='ltr'>refert,</span> <span class='ocrx_word' id='word_1_299' title='bbox 393 1869 456 1902; x_wconf 87' lang='lat'>710</span> <span class='ocrx_word' id='word_1_300' title='bbox 480 1881 500 1901; x_wconf 79' lang='lat' dir='ltr'>a</span> <span class='ocrx_word' id='word_1_301' title='bbox 524 1875 554 1902; x_wconf 85' lang='lat' dir='ltr'>et</span> <span class='ocrx_word' id='word_1_302' title='bbox 577 1869 616 1909; x_wconf 80' lang='lat' dir='ltr'>b,-</span> <span class='ocrx_word' id='word_1_303' title='bbox 640 1868 678 1901; x_wconf 87' lang='lat' dir='ltr'>de</span> <span class='ocrx_word' id='word_1_304' title='bbox 703 1869 734 1902; x_wconf 88' lang='lat' dir='ltr'>S.</span> <span class='ocrx_word' id='word_1_305' title='bbox 751 1870 916 1912; x_wconf 77' lang='lat' dir='ltr'>Augustini</span> <span class='ocrx_word' id='word_1_306' title='bbox 935 1881 1069 1913; x_wconf 83' lang='lat' dir='ltr'>corpore</span> <span class='ocrx_word' id='word_1_307' title='bbox 1095 1871 1245 1903; x_wconf 88' lang='lat' dir='ltr'>iudicium</span> <span class='ocrx_word' id='word_1_308' title='bbox 1267 1871 1446 1914; x_wconf 86' lang='lat' dir='ltr'>episcopale</span> <span class='ocrx_word' id='word_1_309' title='bbox 1472 1870 1581 1913; x_wconf 83' lang='lat' dir='ltr'>peragi</span> <span class='ocrx_word' id='word_1_310' title='bbox 1607 1871 1712 1910; x_wconf 81' lang='lat' dir='ltr'>iussit,</span> 
     </span>
     <span class='ocr_line' id='line_1_33' title="bbox 261 1922 1712 1966; baseline 0.001 -11"><span class='ocrx_word' id='word_1_311' title='bbox 261 1923 325 1955; x_wconf 86' lang='lat'>710</span> <span class='ocrx_word' id='word_1_312' title='bbox 349 1922 384 1961; x_wconf 78' lang='lat' dir='ltr'>b;</span> <span class='ocrx_word' id='word_1_313' title='bbox 409 1922 446 1954; x_wconf 92' lang='lat' dir='ltr'>de</span> <span class='ocrx_word' id='word_1_314' title='bbox 470 1922 631 1965; x_wconf 87' lang='lat' dir='ltr'>praedicto</span> <span class='ocrx_word' id='word_1_315' title='bbox 656 1932 806 1965; x_wconf 76' lang='lat' dir='ltr'>corpore,</span> <span class='ocrx_word' id='word_1_316' title='bbox 832 1923 869 1954; x_wconf 91' lang='lat' dir='ltr'>ad</span> <span class='ocrx_word' id='word_1_317' title='bbox 895 1924 1060 1956; x_wconf 85' lang='lat' dir='ltr'>canonicas</span> <span class='ocrx_word' id='word_1_318' title='bbox 1088 1924 1212 1965; x_wconf 80' lang='lat' dir='ltr'>regulas</span> <span class='ocrx_word' id='word_1_319' title='bbox 1238 1923 1406 1963; x_wconf 82' lang='lat' dir='ltr'>Ecclesiae,</span> <span class='ocrx_word' id='word_1_320' title='bbox 1424 1923 1575 1956; x_wconf 89' lang='lat' dir='ltr'>iudicium</span> <span class='ocrx_word' id='word_1_321' title='bbox 1595 1924 1712 1966; x_wconf 87' lang='lat' dir='ltr'>episco-</span> 
     </span>
     <span class='ocr_line' id='line_1_34' title="bbox 261 1974 1711 2020; baseline 0.003 -14"><span class='ocrx_word' id='word_1_322' title='bbox 261 1974 332 2017; x_wconf 87' lang='lat' dir='ltr'>pale</span> <span class='ocrx_word' id='word_1_323' title='bbox 355 1975 528 2017; x_wconf 85' lang='lat' dir='ltr'>peragitur,</span> <span class='ocrx_word' id='word_1_324' title='bbox 554 1974 611 2006; x_wconf 83' lang='lat'>711</span> <span class='ocrx_word' id='word_1_325' title='bbox 642 1986 662 2007; x_wconf 85' lang='grc' dir='ltr'><em>α</em></span> <span class='ocrx_word' id='word_1_326' title='bbox 683 1980 712 2006; x_wconf 87' lang='lat' dir='ltr'>et</span> <span class='ocrx_word' id='word_1_327' title='bbox 736 1986 811 2017; x_wconf 63' lang='lat' dir='ltr'>:5qu</span> <span class='ocrx_word' id='word_1_328' title='bbox 839 1975 999 2007; x_wconf 68' lang='lat' dir='ltr'>doci-etum</span> <span class='ocrx_word' id='word_1_329' title='bbox 1025 1977 1164 2020; x_wconf 88' lang='lat' dir='ltr'>episcopi</span> <span class='ocrx_word' id='word_1_330' title='bbox 1190 1978 1363 2010; x_wconf 82' lang='lat' dir='ltr'>Ticinensis</span> <span class='ocrx_word' id='word_1_331' title='bbox 1387 1977 1424 2009; x_wconf 85' lang='lat' dir='ltr'>de</span> <span class='ocrx_word' id='word_1_332' title='bbox 1449 1977 1558 2010; x_wconf 86' lang='lat' dir='ltr'>eodem</span> <span class='ocrx_word' id='word_1_333' title='bbox 1577 1988 1711 2020; x_wconf 80' lang='lat' dir='ltr'>corpore</span> 
     </span>
     <span class='ocr_line' id='line_1_35' title="bbox 263 2027 1098 2066; baseline 0.002 -7"><span class='ocrx_word' id='word_1_334' title='bbox 263 2028 409 2066; x_wconf 79' lang='lat' dir='ltr'>refertur,</span> <span class='ocrx_word' id='word_1_335' title='bbox 437 2027 499 2059; x_wconf 74' lang='lat'>7102</span> <span class='ocrx_word' id='word_1_336' title='bbox 524 2038 560 2066; x_wconf 73' lang='lat' dir='ltr'>a,</span> <span class='ocrx_word' id='word_1_337' title='bbox 587 2033 616 2059; x_wconf 90' lang='lat' dir='ltr'>et</span> <span class='ocrx_word' id='word_1_338' title='bbox 642 2028 858 2065; x_wconf 71' lang='lat' dir='ltr'>confirmatur,</span> <span class='ocrx_word' id='word_1_339' title='bbox 885 2027 947 2059; x_wconf 76' lang='lat'>713</span> <span class='ocrx_word' id='word_1_340' title='bbox 973 2040 990 2060; x_wconf 76' lang='grc' dir='ltr'>ιι</span> <span class='ocrx_word' id='word_1_341' title='bbox 1018 2035 1047 2060; x_wconf 87' lang='lat' dir='ltr'>et</span> <span class='ocrx_word' id='word_1_342' title='bbox 1073 2029 1098 2061; x_wconf 78' lang='lat' dir='ltr'>b.</span> 
     </span>
    </p>

    <p class='ocr_par' dir='ltr' id='par_1_9' title="bbox 174 2080 943 2123">
     <span class='ocr_line' id='line_1_36' title="bbox 174 2080 943 2123; baseline -0.003 -10"><span class='ocrx_word' id='word_1_343' title='bbox 174 2080 412 2123; x_wconf 78' lang='lat' dir='ltr'>Augustiniani‚</span> <span class='ocrx_word' id='word_1_344' title='bbox 436 2080 509 2112; x_wconf 70' lang='lat' dir='ltr'>vide</span> <span class='ocrx_word' id='word_1_345' title='bbox 533 2080 689 2112; x_wconf 86' lang='lat' dir='ltr'>Eremitae</span> <span class='ocrx_word' id='word_1_346' title='bbox 713 2080 742 2112; x_wconf 89' lang='lat' dir='ltr'>S.</span> <span class='ocrx_word' id='word_1_347' title='bbox 768 2080 943 2122; x_wconf 75' lang='lat' dir='ltr'>Augustini.</span> 
     </span>
    </p>

    <p class='ocr_par' dir='ltr' id='par_1_10' title="bbox 175 2133 655 2175">
     <span class='ocr_line' id='line_1_37' title="bbox 175 2133 655 2175; baseline -0.004 -10"><span class='ocrx_word' id='word_1_348' title='bbox 175 2133 359 2174; x_wconf 72' lang='lat' dir='ltr'>Auximum,</span> <span class='ocrx_word' id='word_1_349' title='bbox 386 2133 455 2165; x_wconf 75' lang='lat' dir='ltr'>vide</span> <span class='ocrx_word' id='word_1_350' title='bbox 479 2133 655 2175; x_wconf 77' lang='lat' dir='ltr'>Cingulum.</span> 
     </span>
    </p>
   </div>
   <div class='ocr_carea' id='block_1_3' title="bbox 934 2238 957 2269">
    <p class='ocr_par' dir='ltr' id='par_1_11' title="bbox 934 2238 957 2269">
     <span class='ocr_line' id='line_1_38' title="bbox 934 2238 957 2269; baseline 0 0"><span class='ocrx_word' id='word_1_351' title='bbox 934 2238 957 2269; x_wconf 90' lang='lat' dir='ltr'><strong>B</strong></span> 
     </span>
    </p>
   </div>
   <div class='ocr_carea' id='block_1_4' title="bbox 175 2342 1728 2648">
    <p class='ocr_par' dir='ltr' id='par_1_12' title="bbox 175 2342 1145 2381">
     <span class='ocr_line' id='line_1_39' title="bbox 175 2342 1145 2381; baseline -0.002 -4"><span class='ocrx_word' id='word_1_352' title='bbox 175 2344 413 2378; x_wconf 83' lang='lat' dir='ltr'>Barbueliiellus</span> <span class='ocrx_word' id='word_1_353' title='bbox 438 2343 657 2381; x_wconf 72' lang='lat' dir='ltr'>Sebastianus,</span> <span class='ocrx_word' id='word_1_354' title='bbox 681 2343 751 2375; x_wconf 69' lang='lat' dir='ltr'>ride</span> <span class='ocrx_word' id='word_1_355' title='bbox 776 2342 911 2376; x_wconf 88' lang='lat' dir='ltr'>Thomas</span> <span class='ocrx_word' id='word_1_356' title='bbox 936 2343 1145 2376; x_wconf 85' lang='lat' dir='ltr'>Sebastianus.</span> 
     </span>
    </p>

    <p class='ocr_par' dir='ltr' id='par_1_13' title="bbox 177 2395 945 2435">
     <span class='ocr_line' id='line_1_40' title="bbox 177 2395 945 2435; baseline -0.003 -6"><span class='ocrx_word' id='word_1_357' title='bbox 177 2397 340 2435; x_wconf 81' lang='lat' dir='ltr'>Basiliani,</span> <span class='ocrx_word' id='word_1_358' title='bbox 363 2396 436 2428; x_wconf 69' lang='lat' dir='ltr'>vide</span> <span class='ocrx_word' id='word_1_359' title='bbox 460 2396 600 2428; x_wconf 80' lang='lat' dir='ltr'>Monaclii</span> <span class='ocrx_word' id='word_1_360' title='bbox 626 2395 750 2428; x_wconf 87' lang='lat' dir='ltr'>Ordinis</span> <span class='ocrx_word' id='word_1_361' title='bbox 775 2395 804 2428; x_wconf 87' lang='lat' dir='ltr'>S.</span> <span class='ocrx_word' id='word_1_362' title='bbox 830 2395 945 2427; x_wconf 82' lang='lat' dir='ltr'>Basilii.</span> 
     </span>
    </p>

    <p class='ocr_par' dir='ltr' id='par_1_14' title="bbox 176 2448 1728 2491">
     <span class='ocr_line' id='line_1_41' title="bbox 176 2448 1728 2491; baseline -0.003 -9"><span class='ocrx_word' id='word_1_363' title='bbox 176 2450 306 2483; x_wconf 81' lang='lat' dir='ltr'>Basilica</span> <span class='ocrx_word' id='word_1_364' title='bbox 327 2450 356 2481; x_wconf 92' lang='lat' dir='ltr'>S.</span> <span class='ocrx_word' id='word_1_365' title='bbox 383 2449 482 2489; x_wconf 86' lang='lat' dir='ltr'>Petri,</span> <span class='ocrx_word' id='word_1_366' title='bbox 508 2449 578 2481; x_wconf 74' lang='lat' dir='ltr'>vide</span> <span class='ocrx_word' id='word_1_367' title='bbox 601 2449 776 2491; x_wconf 86' lang='lat' dir='ltr'>Capitulum</span> <span class='ocrx_word' id='word_1_368' title='bbox 802 2448 830 2481; x_wconf 86' lang='lat' dir='ltr'>S.</span> <span class='ocrx_word' id='word_1_369' title='bbox 856 2449 950 2481; x_wconf 80' lang='lat' dir='ltr'>Petri.</span> <span class='ocrx_word' id='word_1_370' title='bbox 1724 2486 1728 2490; x_wconf 31' lang='grc' dir='ltr'>ι</span> 
     </span>
    </p>

    <p class='ocr_par' dir='ltr' id='par_1_15' title="bbox 177 2501 1712 2648">
     <span class='ocr_line' id='line_1_42' title="bbox 177 2501 1712 2546; baseline 0.001 -12"><span class='ocrx_word' id='word_1_371' title='bbox 177 2502 368 2535; x_wconf 81' lang='lat' dir='ltr'>Beatiticatio</span> <span class='ocrx_word' id='word_1_372' title='bbox 392 2511 555 2533; x_wconf 85' lang='lat' dir='ltr'>sei-vorum</span> <span class='ocrx_word' id='word_1_373' title='bbox 581 2501 644 2533; x_wconf 84' lang='lat' dir='ltr'>Dei.</span> <span class='ocrx_word' id='word_1_374' title='bbox 669 2520 713 2525; x_wconf 87' lang='lat'>——</span> <span class='ocrx_word' id='word_1_375' title='bbox 736 2501 903 2533; x_wconf 78' lang='lat' dir='ltr'>Beatorum</span> <span class='ocrx_word' id='word_1_376' title='bbox 938 2502 1080 2544; x_wconf 78' lang='lat' dir='ltr'>catalogo</span> <span class='ocrx_word' id='word_1_377' title='bbox 1115 2513 1236 2534; x_wconf 87' lang='lat' dir='ltr'>servam</span> <span class='ocrx_word' id='word_1_378' title='bbox 1272 2503 1325 2535; x_wconf 86' lang='lat' dir='ltr'>Dei</span> <span class='ocrx_word' id='word_1_379' title='bbox 1358 2503 1563 2546; x_wconf 72' lang='lat' dir='ltr'>Hiacyntliam</span> <span class='ocrx_word' id='word_1_380' title='bbox 1590 2503 1628 2535; x_wconf 87' lang='lat' dir='ltr'>de</span> <span class='ocrx_word' id='word_1_381' title='bbox 1652 2504 1712 2536; x_wconf 84' lang='lat' dir='ltr'>Ma-</span> 
     </span>
     <span class='ocr_line' id='line_1_43' title="bbox 265 2553 1711 2599; baseline 0.001 -13"><span class='ocrx_word' id='word_1_382' title='bbox 265 2554 411 2595; x_wconf 81' lang='lat' dir='ltr'>riscottis,</span> <span class='ocrx_word' id='word_1_383' title='bbox 437 2554 603 2586; x_wconf 84' lang='lat' dir='ltr'>monialem</span> <span class='ocrx_word' id='word_1_384' title='bbox 630 2554 711 2585; x_wconf 76' lang='lat' dir='ltr'>tertii</span> <span class='ocrx_word' id='word_1_385' title='bbox 729 2553 853 2586; x_wconf 85' lang='lat' dir='ltr'>Ordinis</span> <span class='ocrx_word' id='word_1_386' title='bbox 879 2556 907 2586; x_wconf 83' lang='lat' dir='ltr'>S.</span> <span class='ocrx_word' id='word_1_387' title='bbox 926 2554 1095 2594; x_wconf 85' lang='lat' dir='ltr'>Francisci,</span> <span class='ocrx_word' id='word_1_388' title='bbox 1120 2555 1295 2598; x_wconf 86' lang='lat' dir='ltr'>adscripsit,</span> <span class='ocrx_word' id='word_1_389' title='bbox 1312 2555 1375 2589; x_wconf 77' lang='lat'>389</span> <span class='ocrx_word' id='word_1_390' title='bbox 1397 2556 1413 2587; x_wconf 78' lang='lat' dir='ltr'><em>b</em></span> <span class='ocrx_word' id='word_1_391' title='bbox 1435 2562 1465 2588; x_wconf 88' lang='lat' dir='ltr'>et</span> <span class='ocrx_word' id='word_1_392' title='bbox 1480 2566 1557 2599; x_wconf 60' lang='lat' dir='ltr'>seq:</span> <span class='ocrx_word' id='word_1_393' title='bbox 1584 2561 1626 2595; x_wconf 91' lang='lat' dir='ltr'>ut,</span> <span class='ocrx_word' id='word_1_394' title='bbox 1653 2566 1711 2598; x_wconf 89' lang='lat' dir='ltr'>pro</span> 
     </span>
     <span class='ocr_line' id='line_1_44' title="bbox 262 2605 1712 2648; baseline 0 -9"><span class='ocrx_word' id='word_1_395' title='bbox 262 2606 490 2639; x_wconf 85' lang='lat' dir='ltr'>beatificatione</span> <span class='ocrx_word' id='word_1_396' title='bbox 515 2605 634 2648; x_wconf 76' lang='lat' dir='ltr'>agenda</span> <span class='ocrx_word' id='word_1_397' title='bbox 659 2615 768 2637; x_wconf 88' lang='lat' dir='ltr'>eorum</span> <span class='ocrx_word' id='word_1_398' title='bbox 794 2606 846 2648; x_wconf 90' lang='lat' dir='ltr'>qui</span> <span class='ocrx_word' id='word_1_399' title='bbox 873 2605 901 2637; x_wconf 91' lang='lat' dir='ltr'>in</span> <span class='ocrx_word' id='word_1_400' title='bbox 927 2605 1042 2639; x_wconf 89' lang='lat' dir='ltr'>Ordine</span> <span class='ocrx_word' id='word_1_401' title='bbox 1066 2606 1234 2640; x_wconf 86' lang='lat' dir='ltr'>Servorum</span> <span class='ocrx_word' id='word_1_402' title='bbox 1262 2607 1292 2639; x_wconf 88' lang='lat' dir='ltr'>B.</span> <span class='ocrx_word' id='word_1_403' title='bbox 1319 2608 1355 2640; x_wconf 89' lang='lat' dir='ltr'>M.</span> <span class='ocrx_word' id='word_1_404' title='bbox 1383 2608 1413 2640; x_wconf 86' lang='lat' dir='ltr'>V.</span> <span class='ocrx_word' id='word_1_405' title='bbox 1441 2618 1510 2640; x_wconf 90' lang='lat' dir='ltr'>cum</span> <span class='ocrx_word' id='word_1_406' title='bbox 1537 2608 1712 2641; x_wconf 85' lang='lat' dir='ltr'>sanctitatis</span> 
     </span>
    </p>
   </div>
  </div>
 </body>
</html>
